4060 6150
236 213 343 273 873

1287 215 1379 268 DE
1416 212 1574 270 VITA
1622 213 1677 269 S.
1718 212 2154 271 WALPURGIS.
2196 247 2270 258 —
2306 220 2505 276 LIBER
2542 224 2584 277 Ι.

3535 224 3645 285 874

233 343 360 400 suis
389 341 493 397 illo
537 354 721 411 usque
750 338 992 395 tetendit
1044 341 1214 409 atque
1239 351 1368 395 cum
1420 338 1689 395 omnibus
1746 354 1883 409 pene
1905 339 1965 400 A
1993 340 2103 399 bus
2116 343 3124 420 negotiisErchanboldusepiscopus
3146 351 3640 423 religiososarchi-

231 430 817 504 comprovincialibus
858 429 1152 484 ecclesiam
1191 428 1478 498 repolivit,
1511 443 1680 499 quam
1711 430 1881 485 etiam

229 535 393 578 sacro
414 521 724 577 chrismate
744 518 1048 574 dedicavit.
1074 518 1215 574 Dein
1239 532 1368 574 cum
1398 517 1457 573 in
1488 518 1679 574 orbem
1705 523 1884 574 trans-

230 613 411 668 issent
465 611 614 681 dies,
670 612 1016 664 memoratus
1067 608 1309 663 antistes
1358 607 1883 679 archipresbyteros

224 704 517 759 Witonem
576 703 633 756 et
672 698 1033 769 Adalungum
1067 697 1206 753 illuc
1264 696 1499 753 sedulus
1548 697 1877 767 destinavit,

225 792 557 849 Ommonem
607 802 835 860 quoque
887 801 1016 842 cum
1067 787 1503 843 sanctimoniale
1553 787 1782 843 Liubila
1814 801 1883 843 ex

228 879 578 937 monasterio
607 877 959 933 Mowcnheim
980 886 1011 917 α
1036 890 1165 932 cum
1196 876 1281 932 eis
1318 875 1478 931 abire
1520 876 1789 947 praecepit
1819 880 1883 933 ut

122 1010 123 1013 η
226 984 421 1027 sacros
445 969 667 1025 cineres
696 966 945 1038 virginis
965 980 1095 1021 cum
1127 978 1348 1021 summa
1371 964 1677 1036 diligentia
1707 966 1884 1022 eleva-

223 1066 376 1129 rent,
407 1073 474 1115 ac
498 1072 627 1115 cum
661 1056 892 1128 hymnis
921 1069 986 1111 ac
1018 1054 1366 1125 psalmorum
1406 1055 1781 1112 concentibus
1809 1057 1879 1112 ad

221 1150 619 1206 Eichstatense
668 1144 993 1203 cmnobium
1030 1145 1413 1215 deportarent.
1446 1144 1515 1199 Hi
1558 1159 1690 1201 vero
1719 1147 1882 1215 jussa

224 1237 422 1295 felicia
448 1249 719 1308 prospero
746 1235 955 1290 itinere
985 1234 1351 1306 complentes,
1385 1233 1789 1290 resonantibus
1821 1234 1881 1290 in

221 1329 432 1385 ccelum
447 1339 851 1397 campanarum
868 1324 1135 1380 melodiis
1151 1328 1206 1380 et
1224 1324 1701 1394 concrepantibus
1718 1324 1883 1380 undi-

222 1432 338 1490 que
362 1430 633 1474 canorum
649 1414 1045 1485 spiritualium
1063 1414 1392 1483 euphoniis,
1410 1413 1503 1483 pia
1517 1413 1732 1468 viscera
1750 1427 1880 1468 rure

224 1508 287 1563 in
321 1521 435 1578 quo
467 1506 754 1575 hospitata
780 1503 1006 1560 fuerant
1042 1504 1237 1559 flentes
1259 1517 1372 1573 prie
1412 1503 1622 1574 gaudio
1650 1502 1880 1557 extule—

221 1601 363 1651 runt
397 1599 453 1650 et
479 1593 560 1665 [ad
597 1595 715 1664 jam
753 1593 972 1649 dictum
1017 1591 1426 1648 monasterium
1454 1589 1482 1631 ι)
1509 1591 1872 1647 devexerant.

1994 432 2350 502 presbyteros
2366 448 2495 489 cum
2508 434 2645 490 aliis
2662 434 2796 490 boni
2817 437 3003 493 meriti
3023 452 3178 509 suos,
3202 452 3328 495 ossa
3348 441 3536 497 dicata
3556 455 3651 498 sa-

1991 535 2101 577 crae
2130 523 2376 594 virginis
2390 524 2571 594 jussit
2598 525 2848 596 exquiri,
2881 530 2937 581 et
2968 527 3195 583 inventa
3224 528 3533 601 diligenter
3560 536 3642 587 at-

1991 613 2223 667 trectari
2243 627 2367 668 sum
2380 628 2579 685 maque
2591 628 2719 670 cum
2738 615 3049 671 reverentia
3069 618 3277 687 partita
3292 619 3541 690 recondi,
3560 620 3641 678 ita

1992 704 2056 755 ut
2071 705 2274 770 optatae
2289 703 2393 759 diu
2417 703 2678 775 reliquiae
2692 705 2968 760 darentur
2984 704 3244 777 Liubilze,
3264 712 3319 763 et
3336 707 3642 765 thesaurus

1990 790 2241 858 ejusdem
2268 793 2524 863 corporis
2537 808 2635 864 per
2650 795 2856 850 saacula
2878 809 2995 851 sua;
3025 799 3346 853 servaretur
3364 798 3644 855 ecclesiae.

1990 879 2058 933 Hi
2088 880 2336 952 denique
2356 883 2424 938 ad
2446 897 2588 954 quos
2599 884 2786 953 jussio
2810 885 3065 955 pervenit
3084 884 3367 943 antistitis
3387 888 3639 943 eamdem

1990 967 2156 1024 ocius
2180 969 2316 1026 licet
2335 971 2590 1042 simplici
2614 974 2783 1029 corde
2806 973 3122 1031 titubantes
3151 975 3465 1032 accelerare
3483 988 3643 1033 cura-

1993 1062 2146 1113 runt.
2192 1059 2447 1131 Cumque
2484 1075 2543 1117 se
2575 1066 2724 1118 totos
2746 1063 3060 1119 Dominicae
3090 1064 3447 1122 miserationi
3478 1078 3644 1122 com—

1991 1147 2285 1204 mitterent
2320 1153 2376 1205 et
2428 1150 2489 1206 in
2528 1151 2765 1222 psalmis
2810 1157 2867 1209 et
2899 1153 3126 1224 hymnis
3155 1153 3281 1211 sine
3325 1154 3643 1212 cessatione

1993 1237 2381 1310 persisterent,
2429 1237 2711 1297 fodientes
2764 1242 3107 1299 invenerunt
3152 1244 3373 1300 cineres
3419 1244 3641 1315 ample—

1990 1327 2222 1383 ctendos
2249 1327 2425 1384 beatae
2455 1331 2656 1386 matris
2682 1336 2889 1387 nostra:
2930 1332 3267 1405 Walpurgis
3297 1334 3460 1404 quasi
3489 1333 3643 1404 lym—

1990 1415 2102 1485 pha
2120 1416 2278 1472 tenui
2304 1416 2646 1475 madefactos
2672 1424 2735 1475 ut
2756 1421 2921 1491 quasi
2941 1422 3208 1493 guttatim
3234 1422 3305 1477 ab
3331 1422 3417 1478 eis
3440 1423 3589 1479 roris
3616 1422 3641 1461 δ

1989 1503 2161 1559 stillae
2188 1506 2516 1576 extorqueri
2539 1508 2808 1565 valerent.
2836 1509 2945 1578 Qui
2978 1510 3112 1565 licet
3137 1514 3294 1566 tanta
3320 1517 3507 1568 essent
3537 1513 3636 1569 hu-

1989 1594 2250 1650 miditate
2310 1594 2526 1668 referti,
2582 1613 2685 1655 nec
2746 1599 3074 1669 pulviculus
3137 1604 3322 1656 tamen
3377 1601 3647 1658 manibus

216 1686 384 1755 Quod
418 1683 630 1741 factum
658 1688 746 1739 est
774 1697 833 1738 x1
860 1682 1144 1737 Kalendas
1166 1681 1451 1737 Octobris.
1484 1681 1561 1735 Ea
1591 1694 1723 1736 vero
1747 1693 1877 1736 cum
1908 1669 1957 1729 Β
1988 1685 2465 1741 contrectantium
2498 1701 2728 1758 quoquo
2760 1692 2923 1758 pacto
2952 1688 3136 1745 valuit
3153 1689 3459 1746 adhaerere.
3488 1690 3642 1746 Sub—

217 1774 419 1830 debito
442 1774 654 1830 honore
676 1771 779 1829 illo
806 1770 1248 1839 delatardiebus
1273 1769 1748 1840 interjacentibus
1773 1774 1882 1825 ter-

221 1865 337 1925 nis.
388 1876 601 1934 corpus
628 1866 887 1918 sanctum
916 1859 1257 1916 Wunibaldi
1288 1857 1635 1915 confessoris
1663 1858 1878 1932 egregii

218 1956 292 2012 ad
342 1955 531 2010 locum
580 1966 709 2009 eum
758 1951 908 2008 unde
959 1950 1178 2007 sororis
1207 1949 1418 2006 tulerat
1460 1950 1681 2005 cineres
1729 1949 1879 2005 idem

216 2044 467 2102 antistes
516 2042 792 2113 reportari
841 2039 1130 2112 praecepit,
1187 2039 1244 2095 id
1307 2044 1394 2096 est
1439 2053 1543 2095 vm
1597 2038 1879 2095 Kalendas

216 2132 509 2191 Octobris.

854 2219 1076 2277 CAPUT
1108 2219 1241 2276 VIII.

294 2333 600 2405 Postquam
632 2337 818 2389 autem
840 2332 899 2386 B.
927 2331 1266 2403 Walpurgis
1296 2329 1437 2386 fines
1457 2328 1879 2385 Eichstatenses

219 2440 327 2497 per
370 2424 729 2493 semetipsam
774 2422 956 2478 visere
985 2421 1220 2492 dignata
1258 2424 1362 2489 est,
1404 2423 1462 2476 et
1502 2418 1700 2475 fratris
1742 2431 1878 2474 rura

221 2515 484 2572 revisens
530 2513 600 2569 ab
642 2511 912 2569 omnibus
955 2511 1268 2583 gaudenter
1299 2514 1568 2579 excepta;
1609 2507 1872 2579 contigit,

219 2604 482 2661 volvente
507 2607 824 2672 temporum
856 2600 1107 2671 climate,
1136 2603 1202 2655 ut
1233 2602 1539 2654 memorata
1560 2595 1880 2653 sanctimo—

222 2693 403 2749 nialis
434 2692 710 2749 Liubilaa
743 2689 1086 2761 propinquis
1108 2692 1165 2744 et
1185 2687 1475 2759 afﬁnibus,
1503 2699 1720 2742 necnon
1735 2688 1790 2739 et
1808 2683 1880 2739 ab

218 2783 363 2839 aliis
386 2778 975 2838 circummanentibus
1006 2778 1085 2833 ita
1111 2776 1257 2834 foret
1284 2780 1501 2833 arctata
1527 2779 1590 2832 ut
1620 2774 1792 2830 etiam
1823 2773 1878 2828 vi

220 2873 347 2928 sive
373 2870 606 2941 ingenio
645 2884 677 2925 a
703 2874 954 2925 materna
984 2881 1105 2924 eam
1134 2881 1305 2938 prape
1334 2865 1680 2936 expellerent
1710 2863 1884 2918 haere-

219 2962 426 3017 ditate.
455 2959 660 3016 Verum
692 2957 793 3014 illa
818 2958 958 3014 totis
983 2956 1214 3046 viribus
1234 2955 1569 3046 reluctante,
1594 2951 1875 3046 inciditei
1905 2982 1955 3046 ο

218 3050 514 3108 divinitus
542 3047 772 3105 salubre
799 3046 1008 3103 mentis
1038 3045 1372 3117 consilium,
1404 3049 1469 3100 ut
1496 3057 1529 3099 a
1559 3040 1875 3099 venerabili

219 3138 623 3196 Ercbanboldo
644 3136 911 3208 pontifice
943 3135 1043 3207 qui
1069 3135 1259 3191 adhuc
1278 3132 1694 3190 Eichstatensis
1724 3131 1879 3187 sedis

220 3227 413 3284 infula
425 3230 747 3299 decoratur,
761 3232 989 3283 sanctas
1000 3224 1260 3297 Virginis
1272 3222 1551 3293 reliquias
1564 3220 1882 3276 licetanxia

221 3317 578 3388 postularet:
624 3321 707 3388 ut,
749 3316 799 3373 si
845 3315 1043 3372 divino
1102 3326 1335 3371 munere
1372 3311 1713 3368 concedente
1758 3310 1883 3379 ejus

221 3410 544 3463 mereretur
570 3405 747 3463 ditari
781 3404 1078 3461 cineribus
1130 3402 1366 3472 sanctis,
1410 3399 1630 3471 pr0prii
1677 3397 1885 3454 solatia

213 3497 376 3568 juris
392 3497 506 3552 Deo
535 3500 592 3552 et
619 3495 834 3567 virgini
856 3494 1219 3566 consignaret
1238 3497 1295 3548 et
1320 3492 1379 3547 in
1401 3504 1570 3548 manu
1593 3487 1886 3560 pontificis

218 3585 496 3642 donativa
546 3584 603 3639 in
660 3588 995 3654 perpetuum
1026 3584 1292 3638 traderet.
1337 3579 1495 3649 Quod
1529 3578 1667 3650 quia
1708 3590 1741 3632 a
1770 3578 1883 3632 Deo

219 3675 478 3745 sumpsit
497 3674 732 3730 initium
746 3673 817 3729 ab
837 3673 962 3743 ipso
975 3672 1109 3727 finis
1128 3670 1338 3727 meruit
1350 3668 1607 3725 obtinere
1619 3677 1888 3738 augmen-

222 3770 367 3821 tum.
402 3766 473 3819 Et
496 3764 631 3820 licet
652 3764 815 3835 prius
840 3763 1111 3819 tentando
1131 3759 1540 3817 difﬁcillimum
1572 3756 1881 3825 videretur,

218 3852 365 3910 felix
395 3858 582 3909 tamen
614 3858 672 3909 et
709 3851 1092 3909 desiderabile
1128 3854 1323 3907 votum
1368 3847 1591 3904 felicem
1636 3843 1886 3915 sumpsit

216 3943 506 3999 effectum.
556 3942 800 4013 Accepto
848 3945 1117 4012 praeterea
1158 3939 1309 3995 idem
1361 3938 1667 4008 episcopus
1711 3946 1883 4004 super

230 4033 339 4089 hoc
371 4032 599 4105 negotio
630 4032 784 4105 regis
812 4036 869 4087 et
893 4029 1172 4103 regalium
1194 4028 1451 4085 virorum
1473 4025 1738 4093 consilio,
1772 4025 1887 4080 vir-

222 4123 388 4195 ginis
418 4121 738 4192 patrocinia
762 4133 788 4162 ο
819 4125 1014 4176 sancta
1048 4132 1108 4175 se
1136 4118 1408 4174 daturum
1428 4129 1553 4172 esse
1592 4112 1878 4185 promisit.

214 4212 383 4283 Quod
405 4216 463 4269 et
486 4216 808 4284 opportuno
833 4216 1026 4283 postea
1058 4212 1309 4279 tempore
1330 4206 1484 4263 fecit.

870 4336 1091 4393 CAPUT
1141 4336 1237 4390 IX.

289 4466 462 4523 Anno
491 4465 562 4523 ab
605 4465 1000 4523 Incarnatione
1028 4461 1260 4520 Domini
1282 4462 1466 4518 nostri
1495 4462 1628 4517 Jesu
1662 4457 1882 4517 Christi

217 4556 699 4628 octingentesimo
731 4555 1100 4627 nonagesimo
1130 4553 1321 4624 tertio,
1366 4551 1682 4608 indictione
1713 4550 1883 4607 tertia

221 4652 498 4719 regnante
514 4646 672 4702 felici
690 4647 1069 4717 prosperitate
1088 4642 1329 4699 Arnulfo
1343 4640 1711 4698 serenissi'mo
1730 4655 1878 4715 rege,

216 4741 484 4807 apertum
496 4740 583 4793 est
599 4735 950 4793 mausoleum
962 4735 1021 4788 B.
1036 4732 1375 4804 Walpurgis
1386 4730 1634 4803 virginis
1662 4731 1721 4786 in
1734 4730 1885 4786 basi-

220 4826 358 4894 lica,
375 4825 436 4881 in
450 4839 563 4897 qua
576 4826 757 4883 locata
772 4825 956 4882 fuerat
973 4821 1453 4894 temporeOtkarii
1466 4820 1738 4891 episcOpi.
1756 4820 1883 4877 Mit-

218 4921 350 4974 tens
367 4916 554 4989 igitur
584 4914 1149 4987 prudentissimusac
1176 4908 1659 4983 sagacissimusin
1684 4908 1881 4965 omni-

289 5041 675 5097 aMowenhim
715 5055 817 5097 seu
891 5039 1151 5100 Mouhim,
1203 5037 1369 5093 modo
1418 5031 1719 5090 civitatula
1772 5032 1877 5089 sub

216 5114 447 5192 ditione
499 5113 733 5192 comitis
763 5111 1010 5192 Palatini
1060 5106 1432 5192 Neo'burgici,
1467 5104 1876 5192 nongprocu‘lga

218 5185 548 5254 Wendinga
570 5185 842 5254 Bajoariae
860 5188 918 5239 et
945 5181 1386 5254 Pappenhemio:
1413 5181 1509 5232 cui
1531 5181 1876 5231 monasterio

222 5263 464 5327 praeerat
484 5252 738 5317 Ieubila,
775 5255 1043 5327 Philippo
1086 5252 1339 5310 Ncubila.

288 5326 317 5369 δ
348 5330 408 5385 ln
434 5316 735 5384 ecclesiam
761 5327 815 5381 S.
849 5316 1070 5395 Crucis,
1091 5338 1217 5394 qua:
1243 5327 1430 5393 postea
1459 5321 1513 5375 S.
1539 5316 1877 5389 Walpurgis

219 5400 372 5457 dicta
405 5405 512 5469 est,
550 5399 635 5454 uti
670 5399 728 5453 in
750 5396 1076 5467 Appendice
1102 5395 1443 5469 videbimus.

287 5484 313 5513 ο
340 5472 439 5528 Sic
466 5462 682 5542 passim
712 5462 1039 5526 sanctorum
1069 5466 1350 5537 reliquias
1378 5462 1671 5535 appellant
1690 5464 1881 5516 aucto-

225 5573 311 5617 res
348 5560 555 5617 mediae
596 5558 803 5616 atatis.

588 5675 819 5732 PATROL.
864 5672 1115 5732 CXXIX.

1992 1771 2104 1827 lata
2141 1774 2370 1829 demum
2421 1788 2522 1845 pro
2549 1776 2827 1846 qualitate
2867 1777 3338 1848 incomparabilis
3387 1779 3640 1835 thesauri

1989 1862 2480 1919 desideratissima
2504 1865 2782 1935 portione,
2808 1866 3097 1937 reliquum
3121 1867 3244 1923 loco
3265 1868 3644 1925 restituerunt

1991 1964 2113 2006 suo.
2148 1950 2290 2020 Quis
2319 1965 2450 2007 vero
2474 1966 2699 2024 muaror,
2725 1968 2918 2025 quaeve
2943 1954 3176 2026 angoris
3206 1956 3449 2012 tristitia
3463 1957 3643 2012 Eista-

1990 2043 2181 2096 tenses
2208 2040 2502 2097 invaderet
2526 2042 2697 2113 cives,
2727 2057 2857 2099 cum
2894 2048 3053 2099 tanta
3085 2044 3323 2117 pignora
3350 2045 3646 2115 partiren-

1986 2134 2105 2199 tur,
2139 2131 2465 2200 putantium
2509 2131 2799 2187 dominam
2839 2132 3213 2205 Walpurgam
3257 2133 3371 2190 sibi
3413 2135 3642 2205 penitus

1987 2219 2233 2275 ablatam
2253 2239 2268 2291 ;
2295 2220 2394 2292 qui
2421 2234 2616 2277 verum
2633 2222 2894 2294 agnoscit
2914 2226 2978 2279 ut
2997 2223 3210 2278 veritas
3227 2223 3431 2297 poscit,
3453 2224 3643 2281 veris-

1988 2307 2174 2364 simus
2202 2307 2480 2366 fateaturl
2515 2313 2630 2383 Ego
2675 2316 2865 2367 autem
2897 2311 3020 2367 illis
3046 2313 3147 2383 qui
3182 2313 3469 2385 nesciunt,
3498 2317 3564 2369 ut
3586 2317 3643 2369 et

1990 2397 2293 2469 populares
2318 2399 2506 2470 ignari
2537 2400 2824 2471 videntur,
2862 2400 3031 2457 verba
3073 2401 3487 2458 consolationis
3523 2401 3643 2458 im-

1990 2489 2193 2561 pendo,
2248 2488 2384 2545 dum
2428 2493 2651 2545 tantum
2695 2489 2977 2561 reliquias
3031 2503 3155 2546 esse
3214 2490 3473 2548 sublatas
3509 2506 3641 2548 vera

1989 2579 2210 2635 ratione
2239 2579 2531 2635 confirmo.
2566 2580 2690 2634 Haec
2746 2578 2827 2634 ita
2867 2583 3022 2651 gesta
3054 2580 3175 2649 ipse
3218 2580 3363 2636 mihi
3395 2580 3645 2637 scribere

1989 2666 2339 2724 desideranti
2368 2667 2624 2723 narravit
2653 2667 2755 2739 qui
2784 2667 3036 2723 terribili
3070 2668 3207 2723 huic
3237 2667 3319 2723 rei
3340 2667 3479 2724 dum
3505 2682 3648 2741 age—

1990 2762 2151 2813 retur
2173 2755 2460 2827 interfuit,
2493 2760 2549 2813 et
2567 2757 2731 2813 datas
2756 2755 3037 2829 reliquias
3073 2769 3175 2827 pro
3205 2755 3408 2814 locello
3439 2770 3647 2815 recon—

1991 2845 2162 2902 didit.

2653 2934 2873 2994 CAPUT
2910 2936 2984 2993 X.

2060 3062 2279 3116 Interea
2309 3061 2446 3117 dum
2477 3063 2635 3117 tanta
2655 3064 2850 3131 Optata
2876 3059 3133 3115 muneris
3163 3061 3487 3130 patrocinia
3514 3076 3646 3120 cum

1994 3164 2194 3222 magna
2210 3150 2624 3207 exsultantium
2642 3149 2827 3223 gloria
2840 3147 3202 3205 deferrentur
3217 3150 3285 3205 ad
3295 3151 3411 3220 jam
3425 3152 3647 3209 dictum

1994 3239 2182 3296 locum
2206 3240 2614 3296 monasterium
2637 3238 2957 3309 puellarum
2987 3239 3360 3302 Mowenhez'm,
3389 3239 3487 3295 ubi
3521 3254 3649 3297 ven-

1994 3335 2115 3386 tum
2173 3334 2259 3387 est
2301 3330 2498 3385 villam
2540 3329 2594 3385 S.
2670 3325 2952 3385 Bonifacii
2998 3341 3124 3398 qua:
3174 3327 3396 3384 dicitur
3433 3330 3651 3385 Mutin-

1994 3421 2152 3482 heim,
2182 3420 2417 3490 quidam
2461 3419 2716 3475 caducus
2755 3430 2896 3487 puer
2946 3420 3180 3473 onerato
3209 3430 3373 3473 sacro
3404 3419 3652 3488 pondere

1996 3508 2202 3565 feretro
2241 3508 2512 3580 obviavit,
2556 3510 2612 3563 et
2646 3505 2754 3563 sub
2784 3505 2980 3562 eodem
3013 3505 3238 3576 positus
3266 3505 3449 3576 ipsam
3479 3520 3650 3577 quam

1996 3598 2301 3670 quaesierat
2329 3597 2638 3653 sanitatem
2670 3594 2904 3665 recepit.
2946 3595 3105 3650 Tunc
3133 3593 3349 3665 subito,
3400 3599 3464 3651 ut
3485 3609 3650 3652 com-

1996 3693 2246 3744 meantes
2274 3687 2561 3757 hodieque
2592 3684 2866 3755 fatentur,
2900 3689 3057 3741 tanta
3088 3684 3178 3741 vis
3207 3685 3268 3741 in
3298 3685 3493 3742 eodem
3524 3686 3650 3744 loco

1994 3777 2271 3852 fragravit
2293 3777 2491 3835 odoris
2520 3781 2765 3833 utnares
2790 3774 3162 3845 portantium,
3198 3775 3579 3844 praeeuntium
3594 3780 3652 3831 et

1994 3868 2358 3939 sequentium
2399 3865 2672 3922 feretrum
2712 3864 2810 3921 vix
2866 3862 3014 3919 ferre
3058 3863 3400 3933 potuissent.
3440 3864 3651 3920 Eodem

1993 3956 2089 4012 die
2121 3957 2456 4028 priusquam
2493 3955 2791 4012 ecclesiam
2839 3954 2908 4009 ad
2941 3965 3110 4024 quam
3143 3951 3473 4010 ferebantur
3502 3953 3652 4010 reli-

1998 4047 2150 4117 quiae
2166 4045 2413 4117 virginis
2435 4043 2804 4114 inferrentur,
2836 4042 3113 4114 parvulus
3133 4041 3392 4113 quidam,
3418 4043 3651 4100 nomine

1999 4134 2305 4207 Rudolfus,
2323 4134 2423 4206 qui
2437 4134 2625 4190 adhuc
2635 4133 2754 4189 vita
2768 4131 3045 4189 incolumi
3062 4132 3328 4188 restituta
3342 4132 3418 4187 tri
3424 4132 3647 4205 pudiat,

1996 4225 2190 4281 eadem
2212 4237 2383 4297 quam
2413 4237 2588 4294 supra
2616 4222 2947 4293 perductus,
2974 4221 3112 4277 dum
3131 4219 3404 4277 feretrum
3428 4221 3645 4293 attigit,

1910 4341 1965 4403 D
1994 4315 2252 4371 omnium
2277 4313 2660 4370 membrorum
2682 4312 2986 4367 sanitatem
3013 4310 3228 4381 recepit
3249 4314 3308 4367 et
3321 4311 3391 4366 ad
3413 4310 3646 4368 domum

1995 4404 2146 4460 unde
2173 4408 2402 4461 venerat
2432 4403 2641 4459 hilaris
2663 4400 2931 4458 recurrit.

2645 4526 2864 4586 CAPUT
2902 4526 2998 4582 XI.

2062 4641 2367 4712 Postquam
2394 4651 2525 4695 vero
2549 4635 2802 4707 ejusdem
2827 4632 3076 4707 virginis
3099 4631 3267 4689 xenia
3283 4637 3645 4692 sacrosancta

1992 4730 2055 4787 in
2085 4730 2326 4787 basilica
2352 4743 2477 4799 qua:
2507 4727 2619 4783 sita
2648 4725 2820 4782 estin
2853 4724 3123 4780 honorem
3151 4722 3377 4793 opificis
3433 4727 3491 4779 et
3510 4724 3644 4781 Sal—

1990 4820 2207 4887 vatoris
2229 4818 2461 4876 Domini
2483 4815 2666 4873 nostri
2687 4816 2820 4871 Jesu
2838 4813 3076 4885 Christi,
3101 4827 3230 4869 cum
3249 4812 3447 4884 populi
3474 4812 3644 4871 laude

1992 4910 2248 4986 plenaria
2287 4911 2423 4966 sunt
2466 4919 2639 4978 super
2676 4902 2856 4960 altare
2882 4911 2905 4939 ο
2944 4903 3151 4974 locata,
3186 4906 3349 4959 nocte
3379 4903 3643 4975 sequenti

2058 5040 2083 5079 ά
2110 5033 2494 5094 Stillicidium
2543 5032 2670 5102 hoc,
2705 5032 2769 5102 ut
2808 5031 3030 5102 vocant,
3062 5040 3187 5102 seu
3210 5026 3399 5084 oleum
3430 5032 3642 5086 sanctae

1984 5109 2323 5180 Walpurgis
2347 5120 2430 5180 ex,
2448 5104 2631 5180 sacris
2658 5097 2850 5180 ipsius
2880 5097 3148 5180 reliquiis
3176 5098 3451 5180 hactenus
3478 5113 3642 5157 ema—

1987 5167 2386 5251 nare'dic'itur,
2420 5176 2570 5234 infra
2602 5167 3023 5251 in__Append_ice
3038 5183 3193 5251 num.
3220 5167 3273 5226 3.

2055 5261 2078 5289 ο
2103 5255 2171 5309 Et
2193 5242 2384 5309 tamen"
2410 5251 2606 5306 sancta
2625 5242 2969 5315 Walpurgis
3009 5242 3081 5298 ob
3110 5255 3232 5297 eam
3262 5255 3490 5299 causam
3516 5242 3641 5315 ali—

1989 5326 2217 5393 quando
2250 5322 2529 5378 miracula
2564 5316 2752 5393 facere
2764 5314 3317 5393 _destiti_t,__testmte
3344 5314 3641 5393 SAI‘U-donne

1989 5382 2192 5452 abbate
2215 5390 2578 5450 Cluniacensi
2616 5390 2673 5444 in
2715 5388 2815 5444 lib.
2860 5401 2919 5442 Il.
2957 5386 3185 5456 Collat.,
3217 5399 3340 5455 cap.
3368 5382 3458 5454 28,
3489 5383 3639 5456 infra

1996 5466 2055 5525 in
2084 5467 2409 5538 Appendice
2436 5477 2591 5521 num.
2613 5460 2668 5517 5.
2702 5462 2844 5532 Lege
2865 5452 3252 5531 praefationem
3278 5452 3416 5512 huic
3431 5452 3641 5509 Saecula

1995 5540 2304 5614 praeﬁxum.

3281 5637 3355 5696 28
