4060 6150
478 236 587 298 875

1414 236 1896 295 WOLFHARDUS
1949 231 2340 291 PRESBYTER
2399 235 2982 297 HASENRIETANUS.
3733 245 3816 309 876

475 369 612 426 dum
658 373 970 424 memorata
1013 365 1475 423 sanctimonialis
1499 364 1729 422 Liubila
1766 377 1892 436 qum
1924 363 1984 418 in
2018 363 2132 418 isto
2163 360 2223 421 A
2242 365 2407 435 jusve
2437 366 2627 422 meriti
2671 368 2821 438 apud
2855 370 3031 425 Deum
3065 367 3185 426 haec
3226 375 3416 427 sancta
3454 372 3526 428 sit
3565 373 3818 446 virgoque

477 458 822 518 monasterio
865 466 1001 514 tunc
1043 461 1166 513 erat
1193 461 1247 512 et
1276 456 1465 512 adhuc
1496 459 1786 526 permanet
1816 451 2128 522 abbatissa,

479 559 611 604 cum
635 543 774 600 aliis
817 543 928 600 Deo
976 543 1218 602 sacratis
1257 542 1490 600 feminis
1517 545 1575 598 in
1610 543 1734 612 ipso
1755 540 1968 612 oppido
1996 552 2138 610 pro—

487 641 612 707 pter
642 632 1012 690 traditionem
1047 646 1215 703 quam
1265 631 1472 688 fecerat
1515 633 1573 686 B.
1621 629 1965 687 Willibaldo
2007 629 2139 698 jure

483 723 849 781 haereditario
878 721 1131 792 ejusdem
1160 721 1521 789 monasterii,
1554 721 1710 777 sicut
1735 720 1825 775 lex
1848 717 2130 776 Sualavel'

481 814 613 871 dica
636 825 668 855 α
695 812 972 883 continet,
1012 817 1300 868 moratura
1327 811 1517 868 tribus
1556 812 1615 867 in
1657 812 1826 867 domo
1872 813 2140 865 extranea

483 903 751 960 noctibus
763 902 954 973 sopori
969 901 1218 957 membra
1229 901 1482 958 dedisset
1492 900 1766 974 gravique
1779 900 1962 955 incom
1973 896 2140 953 modo

483 996 744 1068 podagrae
771 999 1128 1066 quateretur,
1158 991 1348 1048 astitit
1371 992 1421 1046 ei
1443 991 1678 1062 quidam
1700 988 2021 1044 veneranda
2053 999 2140 1042 ca-

481 1085 628 1142 nitie
648 1083 895 1140 clericus
937 1083 1038 1154 qui
1070 1096 1192 1138 eam
1226 1082 1305 1137 ita
1343 1079 1692 1151 compellans
1716 1078 1832 1135 ait:
1885 1075 2135 1147 Liubila,

480 1189 586 1232 cur
615 1173 880 1231 dormis?
909 1173 1094 1242 Quare
1126 1185 1238 1227 non
1277 1184 1518 1243 surgens
1546 1169 1616 1224 ad
1653 1166 1964 1224 Ecclesiam
2001 1179 2138 1236 per-

482 1263 615 1336 gis?
641 1262 748 1318 Cui
777 1261 898 1330 illa,
923 1269 988 1318 ut
1015 1261 1289 1318 hactenus
1321 1259 1549 1330 asserit,
1579 1257 1796 1313 similis
1824 1252 2133 1312 dormienti

483 1351 814 1423 respondit:
849 1350 920 1406 Ut
947 1350 1087 1422 quid
1129 1363 1282 1406 nunc
1309 1350 1378 1405 ad
1417 1347 1714 1404 ecclesiam
1745 1345 1995 1401 eundum
2027 1346 2132 1414 est,

481 1455 613 1499 cum
660 1441 826 1513 signa
873 1438 1237 1496 matutinalia
1282 1437 1521 1494 necdum
1578 1435 1802 1506 pulsata
1831 1432 1994 1489 sint?
2019 1433 2136 1503 Ego

484 1531 698 1603 quippe
731 1543 833 1586 nec
877 1528 1002 1585 illic
1041 1529 1268 1584 incessu
1294 1527 1498 1598 pedum
1540 1537 1770 1596 pergere
1802 1521 1979 1593 valeo,
2017 1519 2135 1576 nisi

2249 453 2579 525 hujusmodi
2618 462 2675 513 et
2707 458 2927 514 similia
2959 458 3263 529 impetrare
3293 467 3527 518 meretur

2868 547 3088 604 CAPUT
3125 549 3268 604 XIII.

2318 636 2432 691 Hoc
2449 634 2633 708 igitur
2652 641 2873 707 patrato
2901 637 3178 694 miraculo
3188 638 3514 697 Adelbertus
3530 641 3818 700 Alamannis

2248 737 2437 780 comes
2476 725 2728 782 illustris
2760 727 2859 783 ille
2885 742 3067 799 usque
3108 729 3344 786 devotus
3371 731 3603 801 advenit,
3641 746 3818 790 cereum

2250 826 2362 868 non
2393 814 2680 871 modicum
2723 816 2955 885 detulit,
2990 823 3046 873 et
3081 817 3289 874 altario
3335 833 3538 890 pronus
3578 820 3814 892 imposuit,

2251 917 2352 972 pro
2399 917 2460 959 se
2507 904 2744 977 suisque
2801 907 3144 978 suppliciter
3189 909 3484 964 Dominum
3520 914 3572 966 et
3597 911 3816 984 virginem

2247 993 2521 1067 exoravit,
2555 995 2754 1066 sicque
2797 995 3192 1054 benedictione
3231 999 3408 1069 potita
3436 1000 3501 1055 ad
3527 1001 3725 1071 propria
3748 1015 3818 1056 re-

2248 1083 2470 1138 meavit.
2497 1084 2830 1155 Suscipiens
2850 1091 3039 1142 autem
3061 1087 3310 1143 eamdem
3331 1089 3605 1145 candelam
3625 1090 3816 1164 Liubila,

2247 1171 2382 1242 quia
2413 1170 2644 1241 praefato
2675 1173 2873 1230 comiti
2910 1173 3368 1232 familiarissima
3395 1182 3548 1234 estet
3572 1192 3702 1251 cara,
3725 1194 3818 1235 eam

2242 1261 2474 1318 delabro
2520 1263 2702 1319 erexit
2751 1267 2808 1320 et
2851 1264 3206 1322 inaccensam
3257 1275 3390 1324 tunc
3431 1265 3566 1324 forte
3615 1268 3817 1340 reliquit.

2244 1349 2458 1420 Quarto
2486 1365 2616 1407 vero
2653 1351 2749 1408 die
2786 1353 3016 1410 caelitus
3060 1355 3251 1411 lumen
3298 1357 3528 1427 accepit,
3581 1357 3821 1429 tribusque

2245 1439 2450 1496 diebus
2477 1444 2535 1496 et
2565 1441 2830 1498 noctibus
2861 1443 2918 1498 in
2955 1458 3020 1499 ea
3051 1443 3270 1501 lumine
3305 1446 3644 1517 perdurante,
3663 1450 3821 1518 quarto

2247 1529 2472 1586 nemine
2493 1536 2832 1603 emungente
2849 1533 3132 1590 exstincta
3150 1541 3254 1591 est.
3287 1536 3429 1592 Hora
3456 1539 3627 1592 autem
3653 1549 3744 1606 qua
3760 1535 3824 1591 di-

485 1619 752 1677 manibus
805 1618 1055 1676 aliorum
1088 1615 1276 1672 delata
1318 1615 1608 1672 exstitero-
1661 1611 1772 1683 Qui
1821 1612 1936 1668 ait:
1982 1608 2136 1665 Vade
2166 1691 2211 1696 _
2245 1620 2466 1677 vinitus
2488 1631 2514 1660 c
2537 1634 2729 1676 comas
2759 1622 3042 1679 radiantis
3072 1623 3227 1696 ignis
3258 1624 3582 1695 ablambuit,
3611 1625 3823 1680 videlicet

481 1707 766 1780 celeriter,
793 1721 864 1764 ne
882 1705 1142 1778 moreris,
1181 1704 1319 1776 quia
1344 1707 1399 1759 Β.
1430 1702 1809 1758 Willibaldus
1837 1699 2135 1756 ecclesiam
2166 1691 2220 1753 B
2247 1722 2414 1782 nona,
2445 1709 2525 1767 ita
2555 1725 2615 1767 se
2639 1717 2839 1782 δροηιε
2855 1713 3004 1768 ostia
3033 1691 3372 1770 ob'stmxere
3400 1691 3633 1770 ecclesia
3654 1719 3705 1769 ιη
3730 1712 3824 1769 nul-

481 1813 613 1856 cum
644 1798 826 1856 multo
849 1796 1077 1869 agmine
1099 1796 1262 1868 petit,
1295 1792 1546 1868 qualiter
1570 1799 1822 1848 sanctam
1855 1803 2016 1847 suam
2050 1803 2136 1845 so-

484 1901 670 1946 rorem
710 1886 1059 1943 reconditam
1115 1883 1340 1953 habeas,
1373 1897 1405 1938 a
1453 1887 1508 1938 te
1548 1880 1776 1938 curiose
1807 1878 2137 1950 perquirere

483 1976 696 2034 volens.
719 1977 854 2047 Quae
871 1975 1088 2044 statim,
1103 1987 1169 2029 ac
1189 1973 1239 2029 si
1264 1972 1413 2028 nihil
1435 1970 1779 2036 incommodi
1805 1967 2136 2040 pertulisset
2181 2015 2188 2020 .

479 2080 794 2140 exsurgens
821 2069 878 2122 et
905 2065 975 2121 de
1001 2064 1125 2120 loco
1165 2063 1234 2120 ad
1269 2063 1455 2118 locum
1495 2060 1791 2130 exsiliens,
1832 2058 2130 2114 basilicam

477 2157 549 2213 ad
607 2169 775 2228 quam
819 2153 1085 2211 tendebat
1148 2151 1454 2208 sanissima
1506 2151 1766 2223 ingressa
1825 2153 1928 2219 est,
2001 2149 2136 2203 Deo-

482 2259 591 2318 que
616 2244 792 2302 simul
818 2251 1004 2317 grates
1032 2247 1089 2298 et
1114 2241 1329 2315 virgini
1357 2255 1460 2312 pro
1489 2239 1692 2310 adepta
1733 2237 2010 2309 sospitate
2053 2249 2135 2292 re-

479 2336 697 2407 pendit.

528 2409 534 2424 '
1109 2420 1328 2478 CAPUT
1367 2421 1488 2476 xu.

545 2513 788 2583 Quidam
811 2525 1045 2583 pauper,
1079 2511 1310 2568 nomine
1335 2507 1645 2579 Leibolt'us,
1679 2521 1748 2563 ex
1782 2510 1948 2562 utero
1977 2505 2133 2576 geni-

477 2603 647 2661 tricis
676 2601 956 2674 parientis
977 2602 1055 2657 ita
1076 2605 1406 2657 contractus
1429 2603 1484 2654 et
1511 2612 1722 2654 curvus
1747 2601 1833 2652 est
1872 2600 2042 2651 natus
2068 2599 2131 2650 ut

477 2691 644 2764 quasi
676 2693 995 2747 monstrum
1038 2688 1274 2758 aliquod
1313 2691 1642 2744 cerneretur
1670 2699 1703 2741 a
1732 2685 1976 2740 cunctis.
2017 2683 2128 2753 Qui

473 2781 614 2837 dum
640 2779 792 2836 inter
813 2778 1007 2849 plures
1057 2775 1156 2848 qui
1187 2776 1256 2832 ad
1293 2774 1613 2846 patrocinia
1635 2772 1888 2846 virginis
1916 2785 2135 2828 convo—

474 2868 690 2932 labant,
719 2869 778 2924 in
803 2867 996 2924 eodem
1017 2864 1362 2922 monasterio
1376 2863 1565 2920 victus
1591 2863 1805 2934 pariter
1823 2866 1879 2918 et
1892 2860 2128 2918 remedii

475 2962 756 3031 quaereret
785 2956 1079 3028 solatium,
1117 2955 1361 3026 quadam
1402 2959 1566 3009 nocte
1596 2952 1731 3009 dum
1776 2949 2130 3008 lectisternia

473 3019 768 3105 dormiens
812 3019 1108 3117 premeret,
1133 3019 1314 3100 beata
1353 3042 1512 3114 virgo
1549 3041 1886 3114 Walpurgis
1927 3041 1980 3096 ei
2031 3055 2130 3111 per
2157 3019 2208 3084 ο

470 3135 658 3193 visum
689 3133 960 3206 apparuit
983 3139 1040 3190 et
1069 3137 1134 3189 ut
1161 3133 1229 3188 ad
1262 3131 1560 3188 ecclesiam
1592 3136 1850 3203 pergeret
1875 3130 2130 3200 impera-

466 3224 570 3282 vit.
604 3223 728 3292 Quo
783 3223 1158 3294 respondente
1188 3234 1311 3278 sese
1339 3220 1557 3292 algoris
1584 3220 1853 3276 canitiem
1884 3219 2129 3290 perhor-

470 3327 690 3371 rescere
713 3319 768 3369 et
800 3311 1086 3386 glaciales
1110 3310 1359 3380 injurias
1389 3309 1717 3380 formidare,
1749 3310 1992 3381 ideoque
2023 3322 2124 3364 nec

463 3417 499 3461 a
529 3403 654 3461 loco
685 3403 902 3474 quietis
931 3401 1142 3458 audere
1167 3401 1367 3456 saltem
1397 3414 1737 3472 exsurgere;
1771 3400 1871 3456 illa
1894 3399 1964 3456 ad
1993 3412 2121 3454 eum

464 3492 698 3550 blandis
726 3490 978 3562 eloquiis
1009 3489 1234 3560 inquit:
1271 3489 1489 3545 Vadens
1515 3489 1672 3558 vade,
1703 3488 1939 3557 miselle,
1968 3487 2124 3543 cele-

466 3583 630 3654 riter,
658 3581 930 3653 quoniam
957 3594 1060 3652 ego
1089 3592 1123 3634 a
1154 3583 1209 3633 te
1249 3577 1352 3634 illo
1394 3591 1508 3648 quo
1536 3591 1688 3634 nunc
1733 3577 2012 3646 premeris
2047 3575 2128 3631 al-

467 3685 602 3746 gore
631 3671 856 3728 deterso
886 3667 1160 3724 fervidam
1197 3665 1580 3722 membrorum
1606 3665 1994 3738 compaginem
2024 3666 2126 3722 mi-

466 3759 746 3829 nistrabo,
796 3763 854 3814 et
908 3756 1084 3826 hujus
1141 3755 1201 3809 in
1247 3753 1771 3824 recompensatione
1821 3753 2118 3825 mercedis,

464 3847 712 3906 scabella
736 3845 766 3888 δ
795 3845 938 3902 mihi
967 3843 1184 3915 quibus
1207 3843 1398 3899 adhuc
1427 3843 1622 3900 curvis
1641 3842 1886 3900 artubus
1917 3843 2118 3915 uteris,

460 3937 676 3995 donare
695 3933 948 3991 debebis.
981 3931 1091 4003 Qui
1121 3931 1258 3988 licet
1283 3931 1478 4004 segnis
1507 3931 1804 3989 ecclesiam
1832 3933 2119 4004 introivit,

463 4030 522 4083 et
557 4023 858 4096 paululum
909 4026 1316 4093 commoratus,
1359 4021 1493 4078 inde
1521 4023 1591 4078 ad
1638 4022 1922 4094 hospitale
1971 4023 2122 4080 unde

463 4121 696 4171 venerat
740 4113 950 4170 anxius
1008 4111 1202 4169 rediit.
1253 4112 1531 4185 Surgente
1573 4127 1706 4170 vero
1761 4118 1953 4184 Optata
1998 4112 2116 4169 diei

461 4217 670 4262 aurora
685 4203 891 4260 iterum
912 4201 1218 4259 basilicum
1241 4201 1407 4271 adiit,
1431 4208 1487 4258 et
1505 4205 1635 4257 ante
1656 4199 1926 4258 feretrum
1948 4201 2122 4274 virgi-

465 4294 562 4353 nis
592 4292 932 4350 beneﬁcium
983 4297 1324 4363 accepturus
1365 4291 1625 4348 accessit.
1675 4290 1840 4346 Circa
1891 4293 2118 4348 tertiam

463 4396 598 4443 vero
629 4384 825 4442 horam
851 4381 1046 4439 subito
1069 4381 1403 4453 palpitando
1432 4394 1494 4436 se
1515 4379 1772 4436 volutare
1787 4379 2032 4450 crepitet
2057 4381 2117 4436 in
2143 4376 2201 4439 D

464 4474 788 4546 pavimento
809 4472 1116 4528 reﬁectere.
1152 4470 1293 4526 Cum
1328 4482 1457 4526 ecce
1482 4467 1745 4539 tripediie
1775 4468 1988 4540 quibus
2014 4484 2118 4527 sua

464 4576 607 4621 usus
645 4563 822 4620 estin
855 4561 998 4630 vita,
1025 4558 1312 4616 divinitus
1353 4571 1383 4613 e
1415 4556 1679 4614 manibus
1719 4558 1839 4616 acsi
1885 4559 2114 4632 evulsas,

461 4657 594 4708 ante
617 4651 796 4706 altare
825 4650 1090 4720 projectae
1126 4651 1280 4703 sunt.
1311 4645 1520 4717 Sicque
1548 4647 1820 4704 membris
1848 4648 2119 4706 omnibus

463 4739 732 4798 solidatis
755 4742 926 4808 atque
954 4736 1162 4793 erectis
1192 4735 1352 4792 stetit
1375 4740 1432 4792 et
1459 4735 1794 4810 ambulavit,
1827 4738 1927 4809 qui
1953 4739 2118 4809 prius

465 4829 700 4887 natibus
743 4826 1155 4884 miserabiliter
1187 4840 1408 4899 repens,
1457 4827 1672 4898 prioris
1713 4829 1845 4884 vitae
1883 4845 2117 4887 cursum

466 4917 819 4976 laboriosum
869 4914 1219 4987 impleverat.
1255 4917 1404 4972 Idem
1438 4929 1682 4988 namque
1711 4931 1888 4974 sanus
1929 4925 1986 4975 et
2013 4934 2120 4976 va-

466 5009 592 5066 lens
640 5007 700 5062 in
750 5005 1074 5062 ministerio
1129 5005 1384 5076 ejusdem
1441 5020 1623 5078 usque
1655 5007 1824 5063 hodie
1869 5009 2120 5068 deservit

466 5095 720 5154 ecclesiae
747 5100 811 5152 ut
835 5094 1062 5150 cunctis
1095 5093 1320 5166 liquido
1351 5094 1777 5151 demonstretur
1799 5096 1988 5166 qualis
2007 5113 2120 5156 cu-

538 5201 938 5260 -Sualaveldia
979 5214 1157 5275 pagus
1200 5215 1299 5258 seu
1338 5205 1576 5275 tractus,
1631 5202 1690 5258 in
1723 5219 1834 5275 quo
1881 5206 2121 5262 Heiden-

469 5276 757 5349 heiinense
789 5273 1214 5342 monasterium,
1249 5274 1414 5330 modo
1445 5275 1514 5330 ad
1560 5273 2116 5349 Wirte’nbergensem

467 5348 801 5406 comitatum
829 5351 1062 5414 spectat.

537 5419 564 5464 b
597 5413 881 5488 Tripedias
924 5421 1089 5488 vocat
1139 5413 1308 5488 infra.
1370 5415 1738 5474 Scabellorum
1792 5420 1965 5477 etiam
2015 5436 2117 5480 seu

466 5487 842 5549 scamellbrum
862 5487 1124 5544 meminit
1168 5487 1522 5546 Adrevaldus
1551 5489 1612 5548 in
1643 5489 1794 5550 libro
1821 5491 1892 5550 de
1914 5493 2110 5552 Mirac.

468 5564 524 5624 Β.
547 5561 776 5635 Bened.,
807 5573 929 5632 cag.
965 5557 1054 5632 36,
1087 5557 1295 5616 saeculo
1319 5572 1382 5615 ll.

2245 1797 2337 1853 lus
2368 1797 2517 1854 infra
2561 1799 2806 1856 duarum
2840 1798 2957 1857 fere
3010 1801 3282 1859 horarum
3315 1802 3483 1873 spatii
3512 1802 3820 1872 quantitatem

2245 1887 2439 1958 patula
2490 1888 2692 1944 habere
2733 1896 3051 1946 moreretur
3079 1897 3134 1947 et
3183 1891 3396 1962 pervia.
3442 1890 3636 1946 Deinde
3681 1890 3722 1945 is
3745 1887 3818 1960 qui

2243 1975 2535 2032 obstruxit
2561 1977 2827 2034 Christus
2857 1979 3128 2050 apparuit
3154 1985 3212 2036 et
3267 1981 3510 2052 patentia
3539 1979 3722 2035 intrare
3743 1991 3823 2034 vo—

2246 2063 2500 2122 lentibus
2523 2063 2675 2122 fecit.

2866 2155 3086 2214 CAPUT
3122 2155 3275 2214 XIV.

2314 2263 2450 2319 Duae
2498 2268 2765 2335 praeterea
2808 2265 3054 2337 virginis
3098 2266 3373 2337 praesidia
3420 2264 3734 2338 requirentes
3763 2261 3822 2318 il-

2242 2351 2338 2409 luc
2397 2353 2668 2408 devenere
2734 2353 3024 2424 mulieres,
3091 2361 3278 2412 mater
3344 2370 3468 2412 cum
3531 2355 3652 2423 ﬁlia,
3710 2356 3823 2408 utra-

2242 2456 2354 2514 que
2406 2457 2676 2500 manuum
2754 2445 3062 2500 curvedine
3112 2445 3435 2518 inhonesta,
3491 2446 3557 2502 de
3595 2443 3701 2500 vico
3746 2440 3816 2512 qui

2240 2532 2462 2590 dicitur
2511 2533 2884 2604 Wemedinga
2925 2533 2966 2588 ἀ.
3016 2535 3110 2590 Hae
3152 2534 3298 2590 dum
3336 2537 3532 2593 erectis
3575 2535 3626 2590 in
3663 2531 3818 2588 celum

2241 2625 2428 2680 oculis
2473 2627 2666 2682 cordis
2695 2627 2980 2684 auxilium
3009 2625 3080 2682 ab
3112 2626 3238 2697 ipso
3287 2627 3386 2698 qui
3416 2625 3545 2682 fecit
3576 2623 3748 2681 ctelum
3781 2625 3821 2675 et

2241 2719 2449 2770 terram
2477 2715 2726 2786 supplici
2753 2716 3053 2774 devotione
3081 2717 3471 2788 deposcerent,
3502 2721 3555 2771 et
3579 2715 3818 2769 missarum

2239 2803 2540 2859 solemniis
2581 2803 2939 2876 interessent,
2998 2805 3196 2861 divina
3243 2805 3468 2862 meritis
3508 2801 3720 2876 virginis
3758 2797 3822 2853 eis

2239 2889 2430 2946 adfuit
2450 2891 2654 2963 virtus,
2688 2896 2744 2948 et
2786 2892 2846 2948 iu
2872 2893 3108 2950 exordio
3138 2891 3338 2949 festivi
3375 2893 3552 2948 missae
3575 2892 3821 2947 concentus

2241 2983 2420 3035 mater
2464 2980 2665 3050 adepta
2701 2987 2786 3037 est
2831 2981 3160 3052 sospitatem
3210 2981 3457 3039 laudans
3483 2983 3640 3036 Deum
3678 2983 3724 3032 et
3742 2974 3822 3030 vir-

2239 3069 2449 3140 ginem.
2483 3071 2624 3126 Tum
2677 3079 2808 3127 nata
2863 3073 3116 3143 parentis
3149 3072 3370 3130 dubios
3400 3073 3455 3128 in
3496 3067 3708 3127 tremulo
3746 3077 3823 3134 pe—

2237 3163 2392 3215 ctore
2417 3160 2640 3217 animos
2667 3167 2894 3234 gestans
2927 3167 2986 3218 et
3013 3163 3243 3219 ﬁuctiva
3257 3177 3326 3236 ga
3358 3167 3532 3218 mente
3565 3157 3820 3216 consistens

2237 3247 2524 3305 ineﬁ'abile
2567 3251 2620 3306 ei
2664 3253 2734 3307 de
2764 3253 2965 3308 matris
3009 3253 3232 3309 reddita
3291 3252 3524 3309 sanitate
3563 3245 3820 3318 tripudium

2238 3336 2458 3411 intulit,
2509 3339 2579 3395 de
2619 3355 2721 3398 sua
2769 3355 2898 3398 vero
2952 3343 3164 3399 nodosa
3195 3343 3579 3398 contractione
3597 3333 3814 3411 gemebat.

2240 3427 2473 3484 Videbat
2506 3429 2621 3499 jam
2659 3445 2820 3487 suam
2850 3445 3017 3503 quam
3044 3438 3252 3488 natura
3285 3433 3510 3490 dederat
3549 3425 3819 3502 genitricem

2233 3515 2506 3588 obpansis
2529 3519 2794 3576 manibus
2805 3521 2935 3576 (ιωιί
2949 3521 3658 3585 benedicereConditorem,
3671 3522 3817 3569 verum

2233 3605 2423 3662 adhuc
2455 3607 2512 3662 in
2539 3621 2599 3664 se
2632 3609 2912 3664 misellam
2944 3609 3210 3665 cernebat
3237 3623 3477 3684 regnare
3499 3602 3814 3665 curvediuem.

2233 3694 2358 3750 Haec
2377 3696 2513 3752 dum
2541 3697 2756 3768 szepius
2781 3698 3116 3755 nutabunda
3148 3706 3341 3756 mente
3373 3700 3644 3756 reflectens
3667 3688 3820 3748 consi-

2231 3789 2424 3856 steret,
2452 3784 2616 3841 ﬁnito
2657 3787 2912 3856 ejusdem
2946 3787 3134 3844 missa:
3159 3801 3393 3861 canore,
3421 3787 3490 3844 ab
3535 3787 3648 3856 ipso
3673 3779 3752 3852 qui
3774 3788 3818 3832 se

2233 3873 2466 3930 initium
2498 3880 2554 3930 et
2585 3875 2751 3931 ﬁnem
2780 3875 2965 3933 voluit
2997 3877 3301 3948 propalare
3338 3884 3394 3934 et
3422 3878 3538 3950 ipsa
3576 3872 3816 3930 sanitatem

2233 3964 2443 4020 meruit
2506 3963 2780 4022 obtinere.
2849 3967 3006 4022 Tunc
3074 3967 3272 4024 eadem
3330 3975 3500 4024 mater
3545 3976 3662 4021 cum
3708 3956 3813 4022 ﬁliai

2231 4054 2508 4110 moniales
2528 4069 2656 4110 cum
2685 4060 2862 4111 matre
2883 4055 3132 4127 Liubila,
3162 4071 3382 4114 necnon
3404 4063 3463 4114 et
3480 4063 3656 4112 astans
3671 4045 3815 4106 omnis

2228 4145 2551 4201 communis
2578 4159 2749 4202 sexus
2779 4144 3030 4210 familia,
3060 4147 3488 4204 exsultantibus
3515 4142 3700 4201 animis
3718 4146 3813 4192 cum

2231 4230 2458 4302 hymnis
2505 4239 2560 4290 et
2603 4234 2850 4291 canticis
2887 4234 3264 4292 reddiderunt
3308 4237 3542 4293 Domino
3581 4229 3747 4287 laudes
3774 4223 3814 4276 in

2227 4321 2410 4393 caelis,
2433 4322 2534 4394 qui
2561 4323 2906 4380 solutionem
2936 4323 3146 4381 tribuit
3193 4325 3534 4397 compeditis
3553 4326 3604 4378 et
3620 4313 3816 4375 erectio,

2229 4425 2355 4469 nem
2401 4411 2650 4486 largitur
2693 4413 2904 4471 allisis.

2874 4540 3096 4598 CAPUT
3117 4541 3238 4601 XV.

2297 4647 2492 4704 Delata
2504 4651 2591 4704 est
2601 4648 2669 4704 ad
2685 4647 2833 4705 idem
2848 4649 3256 4706 monasterium
3272 4649 3484 4706 mulier
3494 4643 3735 4720 quaedam,
3748 4647 3818 4691 110'

2229 4737 2382 4794 mine
2393 4738 2754 4811 Reginswind
2764 4739 2836 4812 is,
2857 4739 3186 4810 quieipsius
3197 4744 3286 4797 est
3299 4740 3487 4796 vicina
3499 4731 3737 4796 ecclesiae,
3750 4725 3815 4780 ita

2229 4827 2500 4884 membris
2519 4827 2788 4884 omnibus
2813 4828 3089 4884 destituta
3111 4834 3176 4886 ut
3200 4829 3320 4884 nisi
3343 4825 3615 4894 vehiculo,
3639 4815 3817 4878 duobus

2228 4917 2498 4974 videlicet
2520 4917 2926 4989 deferentibus,
2956 4917 3188 4974 lacertis
3213 4918 3452 4974 insertis
3464 4911 3817 4972 etaltriusecus

2227 5007 2481 5063 oneratis
2515 5017 2747 5078 quoquo
2785 5013 2948 5078 pacto
3003 5006 3106 5064 illo
3146 5007 3378 5078 pervehi
3418 5004 3693 5077 potuisset.
3713 4995 3817 5063 Ουε

2227 5097 2359 5153 ante
2383 5097 2563 5153 altare
2585 5095 2856 5154 feretrum
2883 5097 3072 5154 adhuc
3092 5098 3342 5170 virginis
3359 5095 3662 5154 continens,
3683 5079 3815 5142 asuiS

2299 5219 2324 5248 ο
2351 5206 2516 5262 Forte
2563 5208 2853 5260 Diuinitas.
2900 5205 2994 5261 Sic
3031 5206 3184 5262 enim
3215 5205 3516 5275 Philippus
3537 5201 3708 5275 illam
3731 5205 3816 5275 ἔνι’

2228 5284 2332 5405 te?
2361 5295 2470 5404 qtua
2497 5278 2685 5332 divina
2716 5279 2892 5332 virtus
2921 5293 3098 5332 comas
3133 5268 3616 5347 radiantis-lignis)
3641 5268 3815 5322 abster-

2228 5367 2274 5405 si
2307 5394 2319 5405 .
2351 5364 2381 5405 e
2409 5365 2456 5405 c.

2227 5364 2319 5412 επ.
2351 5364 2456 5406 CIC.

2297 5405 2322 5496 ᾇ
2363 5405 2722 5496 Ψβηάίηρθη,
2758 5435 2889 5496 _nou
2952 5421 3240 5496 inelegans
3281 5421 3489 5478 civitas
3536 5417 3592 5473 in
3645 5405 3812 5468 ﬁnibus

2227 5493 2521 5566 Bajoarite,
2571 5498 2712 5549 teste
2751 5492 3054 5551 Stevartio.
