4058 6154
229 245 342 306 877

1278 253 1368 309 DE
1411 255 1565 310 νιΤΑ
1603 257 1654 310 S.
1700 257 2126 314 WALPUHGIS.
2169 290 2240 300 —
2288 263 2487 317 LIBER
2531 262 2592 316 II.

3538 269 3647 330 878

231 373 550 471 diligenter
571 374 829 471 exposita
849 377 1882 453 gratam,Wa|purgainterveniente,
1915 383 2298 456 Alacrymosi
2340 387 2392 442 ei
2437 392 2704 457 praestare
2759 389 2943 445 voluit
2984 391 3221 449 doloris.
3273 396 3417 452 Dum
3465 399 3646 471 igitur

229 476 266 518 a
308 463 552 519 Domino
605 465 801 519 statim
845 466 1048 535 adepta
1091 471 1176 521 est
1220 468 1543 539 sanitatem,
1595 474 1649 524 et
1693 483 1888 526 omnes

231 553 335 622 qui
373 552 687 609 interfuere
713 550 1026 610 audierunt
1057 555 1320 628 largitori
1366 559 1574 615 salutis
1603 574 1720 615 eam
1750 575 1888 632 gra—

231 641 349 698 tias
376 642 730 699 referentem.

863 734 1083 790 CAPUT
1123 738 1261 793 XVI.

304 839 437 897 Fuit
462 841 696 912 quidam
729 841 819 896 vir
844 841 914 896 de
941 842 1066 899 vico
1109 845 1402 900 voeamine
1453 847 1813 913 Megenshaim
1840 861 1882 919 ι,

231 933 466 990 nomine
496 930 846 1003 Wolfgerus,
872 931 974 1002 qui
1020 932 1213 1002 pedem
1236 948 1412 990 unum
1444 949 1616 1006 super
1639 937 1884 994 alterum

229 1024 311 1080 ita
337 1036 660 1079 connexum
695 1021 991 1094 habuerat,
1023 1028 1086 1079 ut
1132 1023 1282 1079 infra
1335 1031 1549 1096 septem
1599 1039 1883 1084 annorum

227 1113 614 1183 laerymosum
637 1111 726 1166 illi
755 1112 1038 1168 circulum
1057 1113 1258 1170 sedens
1293 1128 1585 1186 nunquam
1611 1116 1727 1172 cibi
1754 1119 1888 1174 edu-

227 1202 379 1258 lium
410 1215 638 1259 sumere
660 1203 960 1272 potuisset.
1001 1203 1211 1260 Mirum
1241 1205 1398 1260 enim
1430 1206 1486 1261 in
1523 1207 1753 1263 modum
1786 1222 1884 1278 pes

225 1291 426 1347 vicino
445 1296 504 1347 et
519 1289 716 1348 comiti
743 1292 870 1362 pedi
899 1292 1225 1366 inhaeserat,
1247 1300 1303 1350 et
1320 1295 1608 1352 residendi
1633 1297 1882 1366 quietem

225 1381 469 1438 morbus
509 1381 804 1437 insaniens
846 1381 1195 1439 claudicanti
1221 1390 1537 1456 negaverat.
1583 1387 1635 1441 ls
1673 1387 1740 1440 ad
1765 1388 1882 1455 jam

222 1471 450 1527 dictum
479 1485 652 1528 sacra:
668 1471 915 1544 virginis
943 1473 1308 1528 arcisterium
1337 1480 1660 1545 opportuno
1676 1482 1883 1546 tempo-

223 1560 310 1616 ris
336 1561 571 1616 climate
608 1561 864 1632 veniens,
910 1567 968 1616 et
994 1575 1103 1618 non
1161 1563 1388 1619 incessu
1436 1565 1641 1634 pedum
1671 1565 1882 1620 ambu—

220 1650 422 1722 lando,
449 1652 543 1707 sed
562 1651 727 1721 quasi
742 1665 869 1706 cum
883 1650 1088 1707 baculo
1107 1651 1312 1708 misere
1329 1652 1605 1724 saliendo,
1627 1654 1880 1724 spatiosa

1999 473 2269 546 lucifugae
2298 476 2480 532 noctis
2510 477 2865 533 teterrimum
2898 479 3072 535 chaos
3103 482 3220 538 diei
3245 486 3485 555 gratiam
3518 504 3646 547 mo—

1997 562 2277 635 lestasset,
2310 571 2365 622 et
2397 567 2644 621 membra
2677 567 3006 639 languentia
3053 571 3244 626 eadem
3293 581 3478 630 stratu
3517 578 3647 632 sin-

1997 653 2264 723 gultuoso
2281 662 2661 726 componeret,
2686 671 2751 712 ac
2782 657 3069 728 palpebris
3087 661 3418 718 tremulosis
3435 665 3650 734 quietis

1997 744 2196 800 saltem
2224 746 2466 816 gratiam
2493 747 2870 819 degustasset,
2921 749 3111 804 astitit
3139 749 3190 804 ei
3221 750 3453 808 domina
3478 755 3649 811 Wal-

1998 835 2200 906 purgis
2233 850 2357 906 qua:
2385 836 2552 892 nobis
2581 851 2612 892 a
2660 838 2902 893 Domino
2927 839 3243 895 eondonata
3275 844 3362 896 est
3382 843 3642 909 venialis,

1995 923 2216 979 veniam
2250 925 2518 982 muniﬁca
2546 928 2968 998 repromittens,
3013 929 3062 983 si
3100 929 3393 986 dubietate
3431 938 3647 990 semota

1997 1011 2162 1068 fidem
2211 1015 2480 1084 panderet
2529 1017 2739 1073 cordis.
2794 1018 2961 1088 Vade,
3025 1017 3236 1090 inquit,
3285 1021 3645 1094 muliercula,

1997 1103 2196 1173 gratia:
2223 1104 2419 1176 ignara
2446 1105 2677 1176 salutis,
2706 1111 2763 1161 et
2795 1107 3150 1163 arehiatrum
3181 1113 3290 1165 tuae
3321 1112 3488 1167 stude
3528 1126 3647 1183 per-

2000 1193 2229 1263 quirere
2249 1195 2549 1250 seetionis:
2575 1195 2780 1251 etdum
2805 1210 2932 1251 eum
2954 1196 3022 1251 ad
3044 1197 3375 1268 hujusmodi
3398 1199 3643 1258 ofﬁcium

1995 1281 2289 1337 liberalem
2319 1284 2625 1354 inveneris,
2648 1283 2718 1339 de
2757 1291 2944 1340 secata
2965 1285 3110 1341 tibia
3150 1287 3308 1344 intus
3337 1288 3644 1347 abstractis

1993 1371 2267 1426 ossiculis
2287 1372 2495 1428 salutis
2510 1386 2542 1427 a
2563 1372 2792 1428 Christo
2820 1374 3180 1443 postmodum
3205 1377 3446 1448 gratiam
3471 1379 3644 1449 impe-

1995 1460 2206 1516 trabis:
2241 1462 2380 1516 Tum
2415 1461 2534 1533 illa,
2563 1469 2624 1518 ut
2653 1463 2877 1519 audivit
2903 1479 3020 1520 sum
3051 1467 3363 1524 remedium
3387 1470 3644 1540 sospita-

1992 1549 2090 1617 tis,
2139 1550 2276 1605 totis
2326 1550 2555 1607 nisibus
2608 1552 3023 1623 Omnipotienti
3071 1560 3258 1628 grates
3307 1559 3642 1629 rependens,

1993 1638 2334 1710 suffragium
2382 1641 2706 1697 aeeelerans
2781 1643 2930 1697 adiit
2983 1644 3281 1700 archiatri.
3344 1647 3644 1717 Complens

223 1740 632 1810 interjacentia
669 1754 803 1796 rura
842 1741 1218 1811 perlustrans,
1257 1747 1438 1797 totum
1480 1757 1538 1798 se
1578 1743 1742 1798 illius
1774 1744 1878 1813 pia:

1993 1727 2239 1798 denique
2265 1729 2694 1799 visionisjussa
2736 1731 3009 1803 salubris,
3043 1737 3098 1788 et
3141 1734 3371 1792 ossibus
3402 1737 3646 1793 minutis

221 1829 590 1885 miserationi
609 1829 930 1886 contribuit
953 1830 1263 1901 statimque
1282 1831 1522 1888 salutem
1545 1831 1876 1888 ambulandi

221 1919 466 1989 recepit.

847 2008 1068 2064 CAPUT
1122 2010 1291 2065 XVII.

288 2117 399 2174 Est
432 2118 595 2174 vicus
629 2118 686 2173 in
738 2117 976 2173 Francia
1009 2113 1386 2192 [Franconia]
1419 2118 1519 2188 qui
1556 2118 1628 2174 ab
1674 2119 1882 2174 incolis

178 2196 187 2206 ’
216 2207 550 2279 appellatus
583 2213 668 2264 est
707 2208 948 2278 Bergila,
994 2207 1093 2262 ubi
1132 2209 1388 2278 quaedam
1414 2208 1640 2263 exstitit
1671 2207 1881 2264 femina

218 2313 356 2368 qua:
378 2297 792 2369 Engilswindis
823 2301 908 2353 est
957 2303 1304 2367 nuncupata.
1340 2298 1466 2353 Haec
1507 2298 1643 2352 dum
1676 2312 1708 2352 a
1757 2297 1881 2354 loco
1951 2336 1962 2346 .

219 2389 289 2444 ad
330 2387 523 2444 locum
573 2387 840 2458 equitans
885 2401 984 2456 pro
1007 2386 1437 2456 opportunitate
1473 2387 1685 2457 negotii
1714 2389 1882 2457 adja-

217 2478 412 2534 centis
462 2476 735 2533 festinare
764 2476 1060 2546 voluisset,
1089 2491 1235 2546 equo
1268 2491 1380 2546 quo
1418 2476 1534 2545 jam
1567 2490 1769 2533 casura
1819 2479 1879 2534 in

219 2569 490 2640 proximo
518 2567 822 2640 residebat,
864 2567 1028 2637 lapsu
1059 2567 1200 2636 agili
1223 2571 1278 2622 et
1311 2566 1592 2622 horrendo
1621 2568 1878 2638 perlapsa

216 2665 322 2715 est.
362 2660 542 2714 Crure
578 2671 822 2727 namque
853 2656 1045 2726 pavidi
1082 2656 1342 2726 corporis
1371 2656 1702 2725 hujusmodi
1729 2672 1881 2726 pra:—

215 2748 432 2818 eipitio
478 2747 662 2804 ruina:
700 2744 1010 2815 eonfraeto,
1057 2749 1366 2801 etartuum
1394 2745 1652 2802 omnium
1683 2746 1876 2817 bajulo

219 2839 414 2895 eidem
438 2838 643 2894 misere
667 2837 948 2891 minutato
967 2831 985 2908 [
1003 2836 1102 2903 aL,
1137 2834 1439 2891 immutato
1458 2835 1498 2905 ],
1525 2850 1650 2906 qua:
1668 2837 1878 2893 alienis

216 2934 430 2985 conata
448 2932 537 2983 est
562 2925 884 2981 incessibus
912 2925 1020 2995 uti,
1044 2925 1293 2980 duorum
1315 2939 1597 2982 annorum
1617 2933 1879 2998 vergente

217 3020 440 3076 reﬂexa
465 3016 718 3087 propriis
738 3015 885 3072 haud
904 3015 1113 3070 meruit
1131 3013 1266 3070 frui.
1288 3014 1556 3086 Tandem,
1579 3015 1879 3071 miserator

217 3114 273 3165 et
297 3106 634 3163 misericors
655 3104 931 3160 Dominus
954 3103 1192 3173 injuriis
1215 3103 1436 3158 miserae
1466 3103 1636 3160 solita
1662 3105 1874 3174 pietate

214 3197 596 3268 compatiens,
627 3195 873 3267 virginis
898 3193 1350 3266 suifragantibus
1381 3194 1629 3262 meritis,
1666 3200 1869 3252 metam

1990 1817 2227 1886 evulsis,
2259 1817 2517 1886 pristina:
2561 1819 2802 1890 gratiam
2844 1820 3076 1892 indepta
3127 1828 3212 1878 est
3243 1825 3527 1882 sanitatis.
3575 1827 3648 1882 At

1991 1907 2092 1962 ubi
2116 1907 2266 1962 vidit
2285 1908 2494 1962 divinae
2515 1909 2566 1963 ei
2601 1909 2991 1966 miserationis
3007 1911 3336 1969 subsidium
3358 1915 3635 1986 adfuisse,

1993 1995 2313 2052 ltetabunda
2339 2002 2393 2052 et
2415 1997 2655 2052 laudans
2679 1999 2905 2055 incessu
2935 2000 3140 2070 pedum
3176 2002 3424 2074 virginis
3456 2018 3643 2060 mona-

1992 2085 2231 2140 sterium
2263 2086 2430 2154 adiit,
2466 2086 2547 2140 rei
2581 2091 2748 2157 gesta:
2773 2088 2978 2143 seriem
3014 2091 3204 2158 patule
3253 2093 3558 2164 peroravit,
3587 2099 3642 2149 et

1992 2174 2386 2230 oblationibus
2403 2190 2546 2244 quas
2561 2175 2771 2230 detulit
2791 2177 2962 2232 altari
2987 2177 3299 2250 impositis,
3321 2182 3491 2236 etiam
3519 2196 3641 2250 par-

1993 2267 2102 2318 tem
2117 2261 2393 2318 eonfraeti
2417 2265 2684 2320 crurisad
2714 2265 2996 2322 indicium
3021 2268 3639 2328 veridieaeassertionis

1992 2353 2262 2420 ostendit,
2312 2351 2508 2424 ibique
2539 2355 2628 2410 sui
2676 2356 2936 2425 corporis
2974 2357 3385 2414 vehiculariam
3423 2366 3636 2430 partem

1992 2443 2343 2512 relinquens,
2379 2448 2590 2512 partem
2617 2445 2899 2500 revocavit
2922 2446 2991 2502 ad
3023 2447 3284 2516 patriam.
3317 2449 3495 2518 Quam
3527 2464 3639 2506 an—

1988 2533 2124 2588 eilla
2156 2532 2369 2587 Christi
2401 2533 2626 2589 Liubila
2658 2539 2871 2605 partem
2925 2550 3244 2605 assumens,
3280 2545 3518 2610 argento
3543 2538 3635 2596 fa—

1989 2622 2212 2677 brieare
2251 2623 2518 2692 praecepit
2546 2629 2602 2678 et
2643 2623 2701 2679 in
2727 2625 2919 2680 eadem
2952 2625 3191 2681 basilica
3223 2629 3544 2700 suspendit,
3576 2635 3641 2686 ut

1989 2711 2038 2767 si
2063 2712 2196 2782 quis
2238 2713 2342 2767 hoc
2366 2712 2608 2768 audiens
2640 2713 2930 2769 incredula
2960 2721 3141 2771 mente
3175 2717 3510 2788 perstiterit,
3533 2718 3637 2777 illo

1989 2801 2223 2856 veniens
2243 2801 2441 2857 oculos
2457 2817 2575 2857 sua:
2599 2802 2876 2858 caaeitatis
2904 2805 3157 2873 aperiat:
3185 2810 3240 2860 et
3259 2805 3395 2862 dum
3427 2807 3640 2864 viderit

1990 2896 2205 2960 partem
2230 2890 2460 2947 feminei
2483 2893 2742 2961 corporis
2763 2906 2926 2948 muro
2946 2893 3262 2964 dependere
3279 2894 3632 2970 fabricatam,

1988 2979 2185 3034 saltem
2219 2978 2494 3035 confusus
2529 2980 2813 3052 abscedat,
2859 2985 2914 3036 et
2945 2996 3048 3039 sua
3094 2983 3164 3040 de
3193 2985 3512 3043 stoliditate
3538 3001 3639 3043 ve-

1907 3060 1954 3120 C
1987 3068 2141 3124 niam
2171 3067 2479 3140 deprecans
2508 3068 2822 3124 erubescat.

2582 3176 2784 3232 Caetera
2817 3177 3031 3234 omissa.

286 3313 502 3370 aAliis
548 3311 1067 3380 Magericchesheim.
1127 3310 1445 3367 Stevartius
1503 3309 1744 3380 conjicit
1783 3310 2082 3384 legendum
2129 3311 2431 3368 Merashem
2476 3309 2666 3367 vicum
2728 3325 2902 3382 pr0pe
2966 3313 3239 3369 Monheim
3285 3314 3347 3373 in
3394 3314 3630 3378 dioecesi

215 3384 555 3444 Eistetensi.

1499 3657 1782 3728 LIBER
1866 3654 2375 3726 SECUNDUS

349 3801 810 3889 Complectens
851 3805 1118 3890 aliquot
1153 3806 1497 3873 miracula
1539 3825 1719 3873 anno
1774 3808 1896 3870 894
1939 3809 2236 3888 patrata
2287 3803 2367 3869 in
2409 3803 2834 3887 ρανιῖιθηωιθ
2885 3804 3501 3874 Mowenlieimensi.

1727 3965 2134 3978 ’ᾐ-

287 4069 491 4139 Opera:
517 4067 762 4138 pretium
783 4066 944 4139 duxi,
971 4067 1242 4138 quoniam
1267 4066 1412 4122 mira
1434 4080 1559 4138 quis
1586 4081 1684 4136 per
1713 4080 1874 4121 suam
1905 4066 1956 4126 D
1989 4064 2191 4121 lentim
2223 4062 2400 4134 lepidi
2425 4063 2573 4120 viam
2600 4070 2796 4136 carpat
2833 4070 2887 4122 et
2908 4067 3077 4138 empti
3125 4067 3375 4142 itineris,
3407 4074 3488 4140 ut,
3523 4085 3636 4142 quo

217 4157 669 4214 famosissimam
691 4157 956 4213 Christus
975 4157 1236 4228 quotidie
1257 4160 1526 4226 operatur
1541 4159 1876 4226 etoperatus

214 4253 307 4304 est
354 4247 658 4319 virginem,
692 4247 1028 4316 jamdudum
1073 4247 1231 4302 tenui
1283 4245 1547 4302 chartula
1605 4245 1876 4324 colligere

213 4337 393 4406 capi,
430 4341 575 4392 utea
608 4351 732 4406 quae
758 4342 892 4392 sunt
937 4335 1257 4407 indaganda
1297 4335 1604 4406 requiram,
1644 4339 1699 4389 et
1727 4333 1877 4389 dili-

213 4425 653 4499 gentiapposita
666 4425 986 4497 vigilantia,
1009 4430 1176 4495 prout
1204 4424 1354 4479 vires
1367 4429 1701 4493 suppetunt,
1721 4423 1878 4477 inda-

213 4521 352 4588 gata
393 4515 793 4586 perstringam.
828 4516 949 4570 Non
979 4529 1092 4584 quo
1124 4514 1453 4584 quisquam,
1481 4518 1540 4568 ut
1566 4526 1715 4583 reor,
1736 4511 1875 4566 talia

211 4620 282 4662 ac
313 4610 468 4660 tanta
501 4619 626 4676 qua:
661 4604 934 4660 hactenus
965 4609 1182 4675 patrata
1225 4608 1361 4659 sunt
1392 4603 1450 4658 in
1483 4601 1714 4674 praefato
1748 4617 1877 4657 mo—

216 4695 476 4751 nasterio
516 4694 766 4766 virginis
812 4693 1264 4765 suifragantibus
1309 4693 1535 4748 meritis
1571 4707 1636 4748 ac
1668 4691 1876 4747 diebus

215 4796 364 4852 pene
394 4782 646 4853 singulis
675 4787 974 4852 patrantur
1003 4781 1287 4854 prodigia,
1315 4795 1382 4835 ex
1411 4794 1536 4836 asse
1567 4780 1751 4835 valeat
1769 4793 1875 4834 ex—

217 4874 439 4946 plicare
462 4890 474 4927 :
507 4872 720 4942 quippe
740 4885 868 4926 cum
892 4876 1047 4927 tanta
1069 4871 1190 4927 sint
1215 4871 1440 4927 numeri
1466 4869 1788 4940 quantitate
1809 4873 1872 4924 ut

212 4965 312 5020 vix
331 4961 559 5018 valeant
585 4961 767 5031 promi
791 4961 1021 5032 eloquio
1060 4960 1307 5033 linguae;
1336 4973 1529 5015 verum
1555 4963 1618 5014 ut
1638 4957 1872 5029 sponsio

216 5050 468 5110 humilis
496 5049 684 5106 Patris
715 5055 991 5121 praecepto
1019 5053 1212 5120 pareat
1234 5048 1591 5119 imperantis,
1615 5051 1670 5104 et
1716 5048 1876 5118 pede-

1987 4153 2743 4223 tendit,Trinitatisopiticze
2763 4155 3053 4227 dirigatur
3068 4157 3302 4214 auxilis.
3331 4159 3635 4216 Curiosum

1986 4247 2252 4299 caeterum
2281 4243 2546 4298 lectorem
2573 4243 2886 4299 secundum
2918 4244 3203 4315 incipiens
3243 4247 3502 4305 libellum
3546 4251 3641 4306 ad-

1988 4346 2205 4401 moneo,
2231 4337 2293 4388 ut
2317 4331 2801 4388 barbarismorum
2826 4331 3029 4389 foedam
3070 4337 3390 4408 congeriem
3427 4339 3484 4394 in
3528 4339 3635 4394 hoc

1985 4421 2264 4491 opusculo
2298 4421 2694 4492 floccipendat,
2724 4427 2779 4477 et
2803 4422 3031 4477 veritati
3063 4423 3120 4478 in
3153 4424 3375 4496 vulgari
3403 4426 3635 4497 eloquio

1989 4511 2120 4566 fidei
2151 4523 2345 4566 aurem
2377 4514 2644 4580 apponat,
2669 4515 2725 4565 et
2750 4511 2898 4580 quod
2926 4511 3020 4566 hic
3056 4511 3636 4584 invenitsimpliciter

1987 4599 2256 4670 perlegat,
2274 4603 2330 4653 et
2341 4613 2405 4653 ac
2421 4599 2469 4653 si
2489 4599 2546 4653 in
2566 4599 2938 4679 sterquilinio
2957 4601 3321 4672 margaritam
3334 4603 3629 4674 exquirat:

1983 4689 2184 4758 sicque
2224 4688 2287 4742 fit
2314 4692 2378 4744 ut
2395 4692 2452 4742 et
2480 4701 2585 4743 sua
2620 4688 2867 4744 fideliter
2892 4689 3054 4745 tollat
3079 4695 3134 4746 et
3161 4697 3356 4748 nostra
3384 4694 3636 4752 inconta-

1987 4777 2240 4833 minatus
2262 4776 2506 4832 omittat.
2529 4775 2794 4832 Ceriferae
2821 4791 3065 4850 namque
3085 4781 3299 4850 saepius
3324 4795 3478 4856 apes,
3499 4784 3638 4841 licet

1982 4866 2268 4923 obstrusis
2296 4865 2546 4922 vasculis
2590 4865 2805 4937 hyblaaa
2853 4867 3019 4923 mella
3046 4869 3392 4945 diffundant,
3421 4873 3636 4935 cloacis

1982 4963 2170 5014 tamen
2196 4955 2598 5028 squalentibus
2637 4955 2888 5012 insidere
2919 4969 3030 5014 non
3062 4964 3345 5017 recusant.

1713 5201 2107 5212 _—___—

1570 5301 1913 5358 INCIPIUNT
1952 5299 2289 5357 CAPITULA
2315 5315 2355 5356 ι.

292 5434 330 5488 Ι.
408 5436 486 5489 De
505 5434 731 5488 muliere
761 5448 881 5502 quae
899 5435 1064 5488 rasile
1086 5432 1368 5504 perditum
1391 5431 1616 5486 invenit.

294 5524 354 5578 II.
403 5526 482 5578 De
501 5523 906 5578 illuminatione
925 5525 1220 5592 ccecigenae.

299 5630 599 5702 'Capitula
643 5630 942 5688 asteriseis
987 5634 1298 5702 praenotata
1336 5629 1548 5688 desunt
1597 5627 1657 5684 in
1689 5630 1867 5683 textu.

2052 5432 2142 5485 ΙΙΙ.
2222 5435 2298 5486 De
2322 5446 2379 5484 eo
2420 5430 2513 5485 ubi
2550 5432 2798 5487 sacculus
2828 5450 2949 5489 cum
2980 5437 3208 5506 eulogiis
3235 5438 3484 5492 inventus
3525 5440 3621 5491 est.

2051 5521 2138 5577 IV.
2216 5523 2293 5576 De
2323 5536 2380 5576 eo
2425 5521 2521 5576 ubi
2571 5523 2769 5593 spatha
2782 5524 3007 5594 perdita
3030 5527 3252 5580 inventa
3279 5529 3374 5579 est.
