4058 6154
395 241 504 300 879

471 363 533 417 V.
611 363 630 383 '
653 363 729 414 De
767 359 1045 412 curatione
1084 355 1297 408 caduci.

471 450 558 504 VI.
600 451 620 471 ‘
655 448 758 501 Ubi
777 447 1100 516 peregrinus
1129 444 1331 496 occisus
1366 446 1463 506 est,
1492 444 1541 494 et
1567 442 1810 493 mortuus
1833 436 2047 506 proba—

704 542 790 590 tus
816 540 895 588 est

469 629 581 684 VII.
615 629 635 650 '
663 626 764 680 Ubi
785 625 976 694 puella
995 624 1255 677 visionem
1285 621 1508 688 accepit.

468 718 603 772 VIII.
655 719 732 769 De
755 715 1157 768 illuminatione
1183 712 1325 765 caeci.

947 801 1168 858 CAPUT
1206 797 1496 854 PRIMUM.

465 897 627 952 Auno
647 895 718 950 ab
744 892 1139 950 Inearnatione
1179 889 1410 945 Domini
1441 887 1625 942 nostri
1663 887 1796 941 Jesu
1826 881 2045 937 Christi

401 984 872 1058 octingentesimo
903 980 1271 1051 nonagesimo
1302 981 1527 1047 quarto,
1572 974 1888 1030 indictione
1925 977 2050 1026 ter—

403 1076 523 1132 tiaa
554 1073 743 1146 ,regni
787 1065 1194 1142 quadrimodib
1224 1063 1467 1121 Aruulfo
1523 1064 1804 1118 retinente
1852 1060 2050 1116 domi—

404 1168 584 1237 nium,
611 1177 760 1220 anno
788 1167 984 1218 octavo
1010 1173 1123 1230 quo
1147 1156 1406 1213 obtinuit
1431 1150 2051 1226 priueipatum,Eiste—

401 1263 613 1312 tensem
631 1257 972 1324 procurante
985 1243 1604 1305 Erehanboldofamoso
1617 1243 1884 1312 episeopo
1900 1253 2052 1310 pra:—

403 1345 676 1411 sulatum,
703 1342 958 1413 quaedam
989 1339 1176 1395 votiva
1201 1335 1491 1404 complens
1512 1331 1802 1387 desideria
1841 1330 2052 1385 mulier

402 1449 531 1490 cum
545 1448 610 1489 eo
633 1446 798 1503 quem
823 1429 1102 1499 nuptialis
1123 1427 1327 1496 copula
1352 1423 1654 1479 eidederat
1675 1421 1820 1490 viro,
1845 1419 2054 1474 Domi—-

405 1538 540 1579 num
555 1523 654 1593 qui
672 1534 843 1591 prOpe
855 1518 1123 1575 omnibus
1136 1530 1194 1571 se
1209 1519 1294 1570 est
1308 1512 1712 1568 invocantibus
1735 1511 1793 1565 in
1815 1509 2053 1565 veritate

405 1613 796 1681 deprecatura,
821 1609 936 1678 jam
969 1605 1193 1662 eunetis
1217 1617 1355 1674 pene
1377 1601 1671 1674 cognitum
1699 1599 1848 1655 adiit
1867 1612 2054 1653 mona-

1322 231 1800 290 iVOLFHARDUS
1844 227 2237 284 PRESBYTER
2275 228 2857 286 IIASENRIETANUS.

2074 346 2135 406 A
2227 349 2323 402 IX.
2367 351 2384 371 ‘
2413 352 2489 402 De
2514 364 2685 418 puero
2710 348 2810 416 qui
2831 360 3001 400 caecus
3026 349 3192 400 natus
3233 346 3414 399 visum
3441 347 3663 413 recepit.

3701 225 3810 283 880

2228 439 2298 492 Χ.
2377 441 2397 460 "
2418 442 2492 492 De
2535 439 2758 492 muliere
2781 452 2921 490 eaea

2228 529 2325 583 XI.
2403 530 2480 582 Dc
2500 527 2712 580 duobus
2731 544 2756 580 c
2770 528 2958 581 iballis
2971 529 3202 595 furatis,
3227 530 3275 580 et
3287 524 3715 580 matutinalibus
3729 525 3819 580 ho-

2478 619 2557 670 ris
2579 618 2825 686 repertis.

2229 706 2353 761 XII.
2378 708 2400 728 "
2424 706 2526 760 Ubi
2549 706 2780 760 claudus
2797 722 2936 777 puer
2955 710 3183 760 sanatus
3217 710 3312 760 est.

2159 865 2329 922 quam
2360 855 2614 905 erexerat
2654 862 2823 905 manu
2871 849 3060 919 oculo,
3117 849 3372 919 perulam
3425 847 3811 919 caliginosam

2159 955 2284 1011 quae
2308 940 2367 994 in
2385 953 2505 995 eam
2536 939 2824 995 divinitus
2853 939 3084 1010 cecidit,
3117 937 3667 994 sanetimonialibus
3684 951 3816 1008 qua

2160 1030 2348 1085 missae
2369 1043 2573 1085 canore
2613 1029 2928 1086 intererant
2951 1029 3206 1099 gaudens
3231 1029 3298 1084 ad
3336 1028 3680 1084 intuendum
3708 1027 3821 1082 de—

2159 1121 2331 1191 vexit,
2361 1125 2415 1176 et
2456 1119 2516 1175 in
2549 1134 2663 1176 uno
2693 1119 2859 1175 oculo
2890 1119 3078 1174 visum
3101 1117 3315 1188 recepit
3343 1117 3676 1187 ibidemque
3715 1130 3816 1186 pro

2159 1209 2366 1266 collato
2405 1223 2636 1266 munere
2665 1209 2921 1265 debitum
2949 1207 3286 1264 famulatum
3321 1205 3669 1277 impenditd.

2792 1335 3012 1390 CAPUT
3050 1336 3188 1389 VIII.

2232 1426 2451 1497 Pauper
2473 1426 2706 1498 quidam
2733 1424 2932 1481 famosi
2965 1424 3200 1480 comitis
3228 1423 3547 1494 Adalberti,
3575 1423 3811 1479 nomine

2162 1515 2527 1588 Frideradus,
2575 1531 2740 1588 quem
2807 1516 2994 1572 oculis
3059 1514 3457 1584 corporalibus
3523 1513 3818 1569 videntem

2163 1607 2358 1678 aspexi
2380 1608 2524 1662 etde
2557 1607 2811 1662 mensula
2835 1603 3188 1676 paupertatis
3220 1619 3352 1659 mere
3396 1603 3562 1674 panis
3591 1604 3823 1674 portio—

407 1672 648 1756 sterium
695 1672 901 1753 nostrae
931 1701 986 1751 et
1036 1672 1344 1749 multorum
1382 1672 1638 1746 fidelium
1681 1688 1901 1744 matris.
1942 1687 2051 1741 Ubi
2084 1672 2136 1732 Β
2165 1672 2292 1752 ηεξήι
2320 1697 2569 1768 porrexi,
2614 1697 2684 1752 ab
2731 1672 2855 1767 ipso
2900 1672 3216 1765 primordio
3249 1708 3361 1765 quo
3381 1672 3512 1750 eum
3562 1672 3821 1766 genitrix

405 1789 542 1845 dum
571 1801 672 1858 pro
702 1785 1078 1842 commissisa
1109 1783 1375 1853 primaeva
1409 1779 1666 1835 viredine
1696 1776 2054 1833 facinoribus

407 1877 697 1936 universis
745 1890 839 1932 rea
879 1874 1144 1930 tunderet
1188 1877 1412 1942 pectora
1453 1869 1682 1940 pugnis,
1729 1881 1793 1923 ae
1842 1866 2055 1936 saepius

404 1967 730 2038 saepiusque
762 1962 1205 2020 interventiones
1228 1960 1335 2029 piae
1362 1963 1641 2031 quaereret
1670 1956 1937 2028 virginis,
1967 1954 2057 2010 be-

406 2057 733 2114 nedictione
757 2055 928 2110 solita
965 2054 1262 2109 munerata
1290 2047 1644 2105 vehicularia
1688 2045 1857 2116 petiit
1881 2045 2058 2114 adju—

407 2151 612 2204 menta.
638 2147 799 2202 Viam
821 2158 954 2216 ergo
976 2156 1088 2214 qua
1107 2145 1370 2197 venerata
1397 2138 1698 2194 laetissima
1718 2149 1975 2205 carpens,
1999 2139 2057 2190 et

404 2238 475 2294 de
518 2237 613 2292 his
652 2234 921 2293 omnibus
973 2245 1098 2303 quae
1127 2229 1390 2286 audierat
1431 2233 1487 2283 et
1533 2225 1754 2282 viderat
1806 2224 2055 2295 plurima

406 2333 592 2383 mente
618 2325 929 2392 revolvens,
963 2321 1021 2376 in
1051 2321 1233 2390 prima
1262 2317 1608 2374 reversionis
1640 2314 1934 2370 mansione
1965 2313 2056 2368 ri—

403 2417 513 2472 sile
541 2429 566 2458 c
597 2429 708 2485 quo
731 2426 902 2481 super
917 2423 1111 2465 aurem
1133 2408 1287 2463 orale
1307 2406 1619 2462 confixerat
1639 2418 1776 2458 casu
1801 2400 2056 2471 perdidit

400 2504 711 2573 accidente,
728 2502 852 2571 ipsa
869 2498 1119 2570 qualiter
1133 2495 1477 2567 perdidisset
1490 2493 1721 2562 penitus
1743 2490 2046 2546 nesciente.

365 2607 372 2614 ·
401 2593 528 2647 Ilaec
551 2592 688 2646 dum
715 2589 840 2644 viro
873 2602 978 2642 suo
1011 2585 1224 2641 factum
1252 2582 1511 2638 clancule
1532 2580 1808 2636 fateretur
1827 2579 2054 2647 dispen-

401 2682 584 2751 dium,
616 2678 716 2734 ille
744 2675 1205 2746 concorporalem
1227 2673 1340 2728 sibi
1363 2677 1420 2727 et
1448 2670 1834 2743 gratissimam
1856 2667 2054 2736 conju-

400 2784 524 2843 gem
545 2783 674 2824 mox
697 2766 1016 2837 improvida
1034 2763 1254 2819 notavit
1273 2761 1498 2816 incuria
1516 2765 1569 2814 et
1596 2759 1711 2814 leni
1742 2757 2047 2813 modulatae

399 2859 558 2916 vocis
588 2857 911 2927 increpavit
951 2852 1202 2924 eloquio,
1258 2865 1363 2906 cur
1419 2863 1573 2904 more
1623 2846 2046 2903 lascivientium

401 2961 708 3020 puerorum
742 2945 884 3001 illud
915 2942 1065 3014 quod
1099 2955 1290 2998 secum
1321 2939 1533 2995 tulerat
1573 2937 1920 3008 perdidisset
1946 2935 2048 2990 iu—

397 3043 582 3095 eauta.
625 3036 766 3091 Tum
800 3033 901 3088 illa
943 3032 1013 3088 ad
1048 3029 1380 3101 praesidium
1415 3026 1643 3082 rediens
1672 3025 1822 3096 quod
1884 3025 2047 3094 prius

399 3125 745 3197 requisierat
778 3121 999 3192 matris,
1050 3120 1067 3174 i
1114 3119 1280 3189 quit:
1333 3117 1392 3173 Si
1438 3121 1571 3188 tua},
1617 3113 1849 3171 domina
1876 3112 2049 3168 Wal—

398 3215 620 3287 purgis,
655 3210 914 3268 misereri
963 3208 1226 3280 dignaris
1254 3205 1481 3262 ancillae
1527 3210 1583 3260 et
1612 3217 1801 3260 vocem
1843 3202 2048 3258 audire

396 3303 662 3374 disponis
689 3301 960 3372 indignae,
987 3298 1258 3353 damnum
1292 3295 1436 3350 mihi
1478 3293 1560 3349 rei
1607 3296 1868 3363 reparato
1896 3304 2049 3361 prae—

398 3393 582 3450 sentis
609 3393 902 3462 ademptae.
947 3390 1073 3443 Haec
1123 3387 1260 3442 dum
1291 3383 1461 3440 verba
1488 3387 1827 3454 perorasset,
1852 3382 2049 3451 jacens

397 3487 528 3539 ante
557 3481 733 3537 simul
775 3477 1203 3535 discumbentes
1227 3489 1324 3530 eos
1355 3472 1570 3543 pariter
1597 3477 1910 3542 patensque
1939 3484 2050 3539 ap-

395 3571 588 3641 paruit
635 3569 818 3638 risile,
873 3566 1055 3634 aliud,
1117 3577 1230 3619 non
1291 3566 1594 3630 mutatum,
1650 3572 1848 3614 verum
1897 3557 2046 3613 idem

395 3660 544 3731 quod
567 3659 620 3714 ei
654 3657 818 3728 prius
841 3654 1132 3710 auxilium
1174 3650 1420 3721 praebuit
1446 3648 1713 3720 capitale,
1761 3652 1865 3702 etc.

1045 3755 1266 3811 CAPUT
1304 3756 1370 3809 Il.

464 3851 610 3920 Quia
637 3850 824 3921 igitur
853 3860 1026 3916 supra
1045 3842 1346 3914 portitoris
1371 3841 1535 3912 prius
1559 3841 1690 3895 caeci
1717 3839 2048 3897 memoriam

402 3943 646 4014 egimus,
664 3939 903 4008 dignum
927 3942 1012 3991 est
1040 3939 1103 3990 ut
1125 3932 1375 4004 qualiter
1391 3931 1634 4002 gratiam
1660 3931 1907 3987 visionis
1926 3944 2051 3986 me—

396 4030 580 4090 ruerit
608 4041 958 4084 enarremus.
1002 4027 1144 4080 Dum
1175 4036 1309 4094 ergo
1355 4021 1504 4076 idem
1550 4020 1672 4090 ipse
1715 4018 2046 4091 (Ratfridus

391 4132 632 4190 namque
653 4117 841 4172 adhuc
879 4115 1076 4170 vivens
1109 4112 1401 4169 vocamine
1427 4113 1796 4180 nuncupatur
1825 4109 1841 4182 )
1879 4109 2044 4180 prius

393 4223 540 4267 caeca
567 4206 816 4278 caligine
850 4207 1221 4274 premeretur,
1256 4207 1312 4257 et
1343 4201 1588 4273 geminis
1614 4199 1855 4254 orbibus
1897 4199 2045 4254 mala

393 4296 760 4370 albuginaria
791 4308 915 4366 quae
932 4292 1100 4363 vulgo
1123 4290 1351 4360 perulas
1375 4303 1776 4358 nuncupamus
1796 4287 2044 4344 obnoxia

395 4395 702 4462 pateretur,
767 4383 1107 4452 nullumque
1155 4377 1504 4436 omnimodis
1545 4377 1798 4432 intuitus
1852 4377 2043 4432 lumen

391 4483 636 4551 gestaret
667 4475 726 4530 in
762 4473 952 4542 capite
985 4483 1097 4540 quo
1137 4469 1223 4525 vel
1271 4467 1493 4536 exiguae
1544 4465 1694 4521 lucis
1723 4466 2043 4537 igniculum

390 4568 582 4622 videre
609 4563 909 4634 potuisset,
943 4561 1089 4614 duas
1117 4558 1185 4612 ad
1221 4554 1630 4610 monasterium
1664 4555 1896 4612 veniens
1920 4556 2046 4610 illic

395 4652 774 4709 hebdomadas
804 4645 1229 4719 pereomplevit.
1257 4643 1513 4715 Contigit
1562 4643 1780 4699 interea
1810 4651 1874 4700 ut
1895 4659 2046 4714 qua—

392 4744 522 4797 dam
548 4741 644 4796 die
664 4753 765 4809 pro
794 4752 854 4793 se
877 4735 1102 4791 misello
1120 4734 1426 4789 Dominum
1449 4738 1506 4788 et
1525 4732 1809 4806 virginem
1835 4748 2049 4803 preca-

397 4838 566 4886 turus
584 4827 881 4885 ecclesiam
903 4824 1218 4880 introisset.
1243 4825 1498 4895 Cumque
1524 4823 1830 4880 missarum
1853 4837 2043 4879 sacro-

397 4925 592 4976 sancta
613 4916 890 4974 solemnia
917 4929 1100 4986 usque
1117 4914 1185 4968 ad
1209 4913 1501 4986 Evangelii
1521 4914 1809 4970 Dominici
1835 4915 2045 4984 eupho-

399 5009 553 5065 niam
581 5007 962 5077 traherentur,
992 5001 1264 5075 praefatus
1301 5017 1485 5058 caecus
1527 5004 1787 5073 apposita
1812 5005 2044 5062 dextero

469 5127 500 5157 α
529 5114 846 5186 Legendum
888 5115 1066 5186 tertia
1115 5113 1340 5179 decima,
1396 5110 1814 5186 qutzucﬂindictio
1864 5126 1896 5167 a
1949 5113 2045 5168 die

399 5183 469 5246 24
498 5178 846 5256 Septembris
884 5183 1131 5256 incmpta
1166 5189 1253 5256 est
1290 5178 1440 5236 anno
1463 5178 1587 5256 $94,

469 5257 498 5300 δ
525 5253 758 5314 Scilicet
787 5255 1057 5322 Bajoariae
1081 5266 1208 5306 eum
1237 5253 1546 5320 Pannonia,
1581 5253 1827 5322 Boemia,
1852 5255 2044 5309 Mora-

399 5331 513 5400 via,
570 5328 720 5398 quod
775 5325 962 5400 fuerat
1004 5323 1407 5400 Carolomanni
1452 5324 1740 5400 parentis;
1800 5327 2045 5400 Fr'auciae

403 5393 696 5458 Orientalis
723 5412 851 5453 eum
881 5394 1180 5465 'l‘uringia,
1204 5393 1468 5462 Saxouia,
1495 5394 1698 5464 Frisia,
1733 5397 1882 5464 quod
1913 5395 2044 5452 fue—

399 5479 490 5529 rat
509 5470 780 5528 Ludovici
818 5467 1036 5538 patrui;
1067 5466 1436 5538 Alaniangiize,
1467 5466 1615 5534 quod
1647 5465 1831 5538 fuerat
1853 5469 2040 5524 Caroli

397 5544 589 5600 Crassi
634 5535 832 5598 itidem
859 5539 1046 5611 patrui
1072 5555 1086 5606 ;
1118 5541 1178 5611 et
1203 5535 1588 5611 Lethaeingiw,
1616 5536 1830 5611 quibus
1851 5541 2044 5611 regnis

402 5615 704 5686 praefectus
732 5618 820 5668 est
841 5606 1116 5667 Arnolfus
1142 5606 1343 5664 Carolo
1370 5607 1572 5665 Crasso
1597 5606 1859 5666 abdicato
1889 5606 2038 5668 anno

2167 1786 2299 1841 sinu
2321 1787 2589 1856 exposuit
2609 1785 2847 1858 genitali
2873 1783 3152 1839 caecitatis
3186 1783 3530 1838 obscuratus
3550 1787 3639 1837 est
3659 1780 3768 1837 fmd
3783 1782 3824 1836 i-

2164 1880 2295 1930 tate.
2343 1876 2453 1945 Qui
2502 1889 2630 1931 eum
2671 1875 2787 1944 jam
2829 1874 2887 1928 in
2934 1878 3156 1928 matura
3197 1876 3360 1928 aetate
3389 1876 3536 1927 tetra
3565 1870 3824 1942 caligine

2166 1979 2396 2034 pressus
2428 1965 2646 2035 priores
2693 1962 2952 2020 tenebras
2985 1961 3156 2018 ferret
3179 1960 3246 2016 ad
3299 1960 3549 2030 senium,
3578 1960 3818 2030 propria

2163 2054 2433 2110 ducatum
2455 2053 2506 2108 ei
2533 2052 2815 2123 praebente
2845 2065 3058 2120 sorore,
3088 2051 3291 2106 limina
3312 2049 3656 2120 Walpurgis
3670 2048 3820 2104 adiit

2164 2143 2496 2200 benedictae.
2524 2144 2646 2213 Quo
2675 2143 2811 2199 dum
2837 2141 3112 2213 fatigatus
3139 2142 3254 2210 jam
3281 2141 3491 2196 itinere
3515 2138 3824 2210 pervenis-

2165 2238 2269 2304 set,
2304 2234 2472 2304 petiit
2503 2239 2566 2288 ut
2595 2237 2724 2288 ante
2749 2231 2928 2287 altare
2955 2231 3205 2302 virginis
3241 2230 3570 2296 duceretur,
3607 2234 3822 2300 quate-

2166 2337 2275 2380 nus
2305 2329 2624 2394 opportuna
2655 2337 2780 2393 quae
2803 2335 2992 2377 secum
3027 2321 3238 2376 tulerat
3270 2319 3619 2376 munuscula
3643 2334 3820 2390 super

2166 2413 2310 2468 illud
2336 2413 2652 2483 imponens,
2681 2412 2902 2467 veniam
2932 2411 3002 2466 de
3035 2409 3282 2480 peccatis
3301 2409 3578 2479 consequi
3625 2424 3814 2464 mere-

2165 2509 2340 2559 retur.
2360 2503 2651 2558 Deductus
2669 2515 2802 2574 ergo
2818 2501 2886 2557 ad
2909 2514 3086 2570 aram,
3122 2499 3220 2555 ubi
3256 2499 3545 2555 mausoleo
3563 2498 3816 2571 virginis

2164 2592 2467 2662 propiavit,
2503 2591 2943 2647 lassessentibus
2989 2588 3260 2645 omnibus
3311 2588 3592 2644 continuo
3648 2602 3816 2643 men—

2161 2681 2303 2750 bris,
2330 2680 2552 2752 rogavit
2579 2685 2642 2736 ut
2669 2680 2878 2750 potuit,
2911 2694 2970 2735 se
3000 2679 3166 2735 ocius
3189 2678 3260 2734 ab
3285 2678 3457 2733 altari
3487 2677 3684 2732 reduci
3725 2691 3821 2748 ap-

2159 2775 2398 2840 tumque
2444 2769 2558 2824 sibi
2591 2768 2771 2824 sedile
2797 2768 3036 2840 requiri.
3072 2768 3230 2837 Quod
3258 2768 3394 2823 dum
3427 2766 3701 2836 protinus
3730 2765 3821 2820 tie-

2161 2864 2265 2928 ret,
2303 2859 2603 2929 paululum
2635 2858 3007 2914 tremebundo
3033 2871 3270 2928 corpore
3311 2856 3616 2926 requievit.
3671 2857 3815 2912 Tum

2158 2948 2352 3004 subito
2395 2949 2656 3018 dilapsus
2713 2947 2773 3004 in
2813 2953 3022 3004 terram
3072 2947 3247 3016 ccepit
3291 2945 3506 3016 pallida
3556 2945 3812 3002 membra

2158 3051 2361 3093 saxosa
2380 3037 2637 3094 volutare
2658 3037 2882 3109 tellure,
2911 3043 2967 3093 et
2993 3035 3156 3108 quasi
3185 3035 3457 3091 ultimum
3488 3035 3802 3092 clausurus

2156 3128 2306 3185 diem
2334 3143 2458 3185 sese
2478 3127 2820 3184 creberrime
2838 3127 2897 3182 in
2917 3127 3238 3197 pavimento
3264 3126 3567 3181 reflectere.
3590 3125 3809 3182 Deinde

2156 3233 2285 3274 eum
2317 3219 2511 3290 potius
2539 3218 2610 3273 ab
2639 3217 2964 3273 astantibus
2992 3217 3061 3273 de
3087 3215 3287 3272 funere
3311 3216 3438 3285 ejus
3458 3220 3810 3271 tractaretur

2159 3323 2327 3380 quam
2353 3309 2422 3365 de
2454 3307 2698 3364 luminis
2723 3321 2892 3378 quam
2925 3307 3232 3378 quaesierat
3259 3305 3562 3377 dignitate,
3593 3305 3678 3361 nil
3713 3319 3811 3362 un-

2159 3413 2327 3469 quam
2367 3398 2625 3454 videntes
2671 3397 2860 3467 ocelli,
2908 3396 3213 3468 sanguinis
3245 3393 3545 3451 madefacti
3577 3409 3808 3466 cruore,

2157 3487 2423 3559 guttaiim
2453 3488 2512 3542 in
2564 3492 2772 3542 terram
2812 3486 3034 3542 stillare
3058 3499 3279 3556 coepere
3326 3500 3392 3540 ac
3420 3486 3805 3556 pavimentum

2158 3576 2446 3632 uberrime
2501 3581 2818 3632 cruentare.
2850 3576 3104 3646 Cumque
3133 3576 3326 3631 eadem
3376 3590 3502 3645 quae
3542 3580 3682 3632 tune
3711 3577 3808 3631 in-

2157 3671 2280 3722 erat
2305 3665 2443 3722 hora
2468 3666 2791 3736 transisset,
2831 3665 2935 3721 diu
2972 3670 3237 3736 negatum
3279 3664 3489 3720 meruit
3509 3665 3723 3736 visum,
3757 3672 3810 3721 et

2158 3760 2270 3809 tam
2304 3753 2425 3822 ipse
2455 3768 2624 3825 quam
2655 3767 2852 3810 omnes
2881 3753 2982 3824 qui
3003 3752 3240 3808 aderant
3270 3752 3573 3810 Altissimo
3591 3754 3808 3826 gratias

2160 3841 2481 3898 retulerunt
2497 3851 2539 3898 ο.

2799 3932 3018 3988 CAPUT
3066 3932 3164 3988 XI.

2228 4021 2466 4093 Vulgata
2511 4021 2695 4094 igitur
2738 4023 3011 4093 Opinione
3057 4021 3442 4078 celeberrima:
3481 4021 3733 4094 virginis
3759 4029 3811 4080 et

2156 4124 2296 4180 pene
2335 4125 2432 4180 per
2461 4110 2653 4167 orbem
2698 4112 3030 4169 universum
3087 4111 3254 4183 longe
3305 4111 3534 4182 lateque
3573 4110 3807 4178 diffusa,

2155 4198 2872 4274 Reginensis(Ratisbone)
2891 4214 3118 4272 quoque
3133 4201 3270 4256 urbs
3289 4201 3577 4272 quondam
3603 4202 3810 4275 regalis

2156 4295 2211 4343 et
2235 4289 2446 4361 inclyta
2479 4305 2615 4346 suos
2645 4291 2712 4345 ad
2741 4291 2889 4346 idem
2919 4291 3328 4347 monasterium
3359 4291 3693 4347 transmisit
3721 4292 3808 4347 ei-

2155 4393 2270 4449 ves,
2298 4395 2398 4449 pro
2441 4381 2670 4436 modulo
2698 4380 2934 4436 affectus
2966 4381 3129 4450 prius
3158 4380 3460 4436 deliberati
3484 4387 3542 4436 et
3567 4383 3808 4438 consciae

2156 4466 2451 4524 facultatis
2495 4469 2810 4540 placituras
2839 4469 3139 4524 Altissimo
3165 4469 3426 4540 eulogias
3467 4470 3802 4527 deferentes.

2153 4555 2261 4624 Qui
2289 4564 2418 4613 voto
2442 4559 2609 4627 potiti
2659 4559 2901 4629 optabili
2927 4574 3056 4614 eum
3083 4573 3283 4630 magno
3306 4557 3609 4614 basilicam
3639 4561 3806 4617 intra-

2154 4662 2281 4702 vere
2311 4647 2588 4717 tripudio.
2649 4649 2755 4703 Ubi
2787 4649 2924 4704 dum
2981 4649 3197 4719 apertis
3243 4648 3482 4704 scriniis
3531 4650 3729 4705 cordis
3757 4657 3807 4704 et

2155 4737 2693 4807 corporisquzedam
2714 4737 2924 4793 altario
2953 4737 3076 4792 illis
3114 4744 3170 4792 et
3201 4738 3639 4794 introeuntibus
3661 4753 3806 4795 cun—

2155 4826 2266 4882 ctis
2295 4826 2577 4897 exposito,
2611 4827 2870 4897 quaedam
2903 4826 3073 4882 etiam
3097 4827 3265 4881 xenia
3295 4827 3366 4882 ab
3393 4841 3491 4882 ara
3526 4827 3808 4897 liquidis-

2155 4915 2288 4970 simi
2319 4916 2565 4985 pectoris
2601 4917 2892 4971 mitterent
2921 4916 3069 4986 polo,
3102 4921 3334 4986 experta
3360 4916 3688 4972 luminibus
3715 4931 3809 4973 au-

2155 5004 2431 5074 ribusque
2460 5019 2557 5073 pro
2580 5019 2691 5075 qua
2713 5012 2989 5061 venerunt
3008 5005 3247 5076 ratione,
3271 5013 3619 5076 acceptaque
3639 5017 3804 5076 quam

2151 5108 2276 5182 897,
2332 5111 2416 5167 uti
2465 5113 2858 5168 Henschenius
2887 5113 3226 5169 observavit.

2225 5183 2578 5259 C_Risi_le,_an
2630 5184 2826 5253 rasile,
2877 5184 3105 5241 videtur
3151 5198 3274 5259 esse
3303 5197 3441 5259 acus
3481 5184 3803 5259 oblongior;

2154 5255 2378 5325 qualem
2405 5254 2574 5326 hedie
2595 5269 2776 5326 usque
2815 5262 3038 5326 gestant
3071 5256 3340 5310 mulieres
3365 5254 3713 5314 Rhemensés
3734 5259 3799 5312 ad

2153 5331 2326 5395 caput
2363 5325 2732 5394 scalpendum
2764 5325 3038 5381 et’crines
3076 5327 3607 5396 discriminandos;
3642 5330 3799 5390 orali,

2153 5396 2209 5452 id
2241 5402 2327 5468 est
2347 5397 2556 5466 capitis
2589 5403 2915 5468 tegumento
2940 5397 3101 5468 infigi
3137 5398 3329 5453 solita.

2222 5467 2380 5549 ἐρᾷς,
2401 5467 2666 5549 quinque
2684 5468 2961 5549 miracula
2992 5467 3224 5525 omissa.

2219 5547 2242 5575 °
2266 5539 2336 5595 Et
2367 5538 2462 5594 hic
2490 5539 2606 5596 duo
2637 5540 3042 5610 prwtermissa.
