4060 6150
258 283 359 343 884

1274 290 1367 347 DE
1406 289 1565 349 VITA
1603 292 1657 348 S.
1701 292 2134 353 WALPURGIS.
2176 320 2251 339 -ι-
2297 300 2496 355 LIBER
2533 302 2626 356 Ill.

3568 304 3677 364 882

258 411 1044 507 quaesierant‘bepedictione,
1073 416 1211 488 quia
1234 416 1322 473 eis
1343 416 1734 507 tardiorbora
1763 419 2007 507 incu-‘A
2033 424 2171 479 tiam
2200 425 2365 482 vanis
2396 439 2701 483 exercuere
2726 427 2950 500 vigiliis
2974 430 3302 500 crassisque
3332 432 3393 485 in
3419 432 3677 488 tenebris

258 500 408 591 buit,
463 501 534 591 in_
566 500 760 558 vicino
826 505 1161 561 monasterii
1202 506 1589 562 castrametati
1636 513 1773 564 sunt
1822 500 1943 565 die‘
2030 516 2184 571 circa
2228 516 2638 573 monasterium
2680 518 2793 574 Deo
2823 518 3087 588 amabile,
3121 520 3277 574 omni
3320 518 3453 575 nisu
3501 526 3673 591 atque

254 589 438 645 altero
467 588 536 645 ad
598 590 829 660 propria
874 595 1180 650 reversuri.
1238 596 1444 651 Verum
1496 610 1684 667 opacae
1733 599 1919 654 noctis
2027 607 2327 662 conamine
2366 620 2501 662 rura
2532 612 2763 677 paterna
2803 607 3022 663 calcare
3054 608 3250 677 procul
3285 608 3464 664 dubio
3508 588 3677 664 aes—ti—

256 678 496 735 silentio
539 678 823 751 veniente,
871 695 1185 754 somnoque
1209 684 1418 754 januas
1447 684 1733 742 luminum
1759 688 1917 757 jam—
2029 700 2265 766 mantes,
2306 695 2443 752 dum
2486 697 2687 753 domos
2730 696 2992 767 praprias
3037 696 3163 751 lazta
3206 696 3552 753 altrinsecus
3581 696 3675 753 fa-

249 768 486 838 jamque
514 766 935 839 quiescentium
966 770 1307 829 clementius
1334 774 1599 846 adeunte,
1634 773 1791 831 fures
1812 776 1914 847 qui

251 868 287 911 a
316 854 508 927 furvo,
540 857 596 913 id
623 861 711 913 est
741 858 928 931 nigro,
962 864 1185 917 traxere
1208 862 1609 934 etymologiam
1641 864 1909 933 priscam.

251 945 557 1014 cujusdam
605 945 931 1015 Alamanni,
964 949 1257 1005 vocamine
1286 950 1569 1023 Ratharii,
1615 957 1911 1008 cernentes

250 1031 495 1106 fatigata
524 1048 592 1090 ex
616 1034 825 1091 itinere
852 1036 1263 1109 Reginensium
1296 1039 1547 1096 membra
1576 1054 1779 1111 sopore
1810 1041 1911 1097 ni-

250 1123 371 1181 mio
430 1131 798 1197 prmgravata,
863 1126 1139 1197 nulloque
1188 1128 1465 1201 vigilante
1526 1131 1763 1187 custode
1811 1144 1910 1202 per

246 1212 492 1269 distenti
523 1212 890 1271 latitudinem
921 1216 1105 1286 campi
1150 1218 1410 1287 jumenta
1440 1217 1562 1276 fore
1593 1220 1757 1291 [esse]
1779 1221 1913 1276 dis—

247 1316 437 1374 persa,
486 1304 603 1361 duo
642 1318 889 1375 quorum
937 1319 1084 1362 caaca
1131 1307 1434 1366 obscurior
1482 1314 1647 1367 nocte
1696 1312 1910 1381 cupido

244 1406 349 1449 cor
371 1394 489 1463 jam
509 1397 720 1450 tetrum
753 1394 1064 1452 intraverat
1101 1398 1532 1468 possidendum,
1562 1414 1713 1456 unus
1742 1401 1909 1457 clan-

244 1482 381 1539 cule
420 1482 775 1553 apprehenso
813 1484 1086 1557 capistro,
1118 1485 1265 1543 alter
1291 1493 1518 1559 arrepto
1544 1503 1744 1545 renum
1774 1491 1910 1546 ciu-

241 1572 386 1646 gulo
415 1586 633 1629 cassam
681 1573 932 1630 duorum
958 1588 1236 1644 equorum
1266 1577 1565 1648 diripuere
1584 1584 1900 1650 capturam.

238 1662 427 1732 Rapta
452 1662 820 1735 igituriidem
846 1662 1119 1720 ineﬂicaci
1140 1665 1455 1723 latrunculi
1484 1669 1692 1739 praeda,
1716 1682 1909 1725 ascen-

2024 785 2321 842 bulatione
2352 787 2515 843 adire
2538 787 2703 858 quasi
2736 788 2918 859 agiles
2960 786 3301 857 voluissent,
3336 786 3482 843 facta
3508 801 3669 844 rosea

2024 875 2385 931 matutinalis
2402 877 2676 946 temporis
2693 876 2820 933 luce
2842 876 2901 932 in
2920 877 3178 947 proximo
3198 876 3472 933 culturali
3496 890 3670 934 sacrae

2019 963 2319 1036 virginisa
2350 966 2674 1035 semetipsis
2713 966 2929 1022 inventi
2960 970 3099 1022 sunt
3125 979 3279 1022 arvo.
3307 966 3451 1036 Quis
3478 971 3667 1024 autem

2020 1066 2117 1109 eos
2164 1058 2348 1110 terror
2378 1055 2687 1127 invaderet,
2739 1069 2980 1126 quaeque
3008 1056 3354 1112 verecundia
3382 1059 3531 1112 totos
3570 1069 3669 1126 per

2020 1143 2212 1198 omnia
2244 1144 2582 1215 possideret,
2612 1143 2847 1200 difﬁcile
2875 1150 2962 1200 est
2991 1148 3175 1200 mente
3192 1148 3457 1216 tractare,
3475 1144 3667 1201 verbis

2019 1232 2337 1301 exprimere
2383 1246 2449 1288 ac
2490 1234 2695 1305 pagina
2749 1232 3046 1289 festinanti
3085 1234 3156 1289 ad
3209 1233 3326 1289 alia
3368 1234 3659 1290 adnotare.

2018 1321 2262 1375 Tandem
2295 1322 2495 1391 cupidi
2528 1336 2762 1393 quoquo
2783 1327 2945 1392 pacto
2973 1323 3044 1378 ad
3087 1336 3147 1378 se
3173 1322 3381 1378 reversi
3425 1323 3672 1379 miracu-

2019 1408 2139 1464 lum
2185 1422 2284 1480 per
2331 1415 2541 1466 sanctae
2592 1410 3057 1467 intercessionem
3104 1411 3351 1483 virginis
3388 1425 3666 1484 agnovere

2018 1503 2336 1567 patratum:
2370 1504 2427 1554 et
2457 1499 2664 1554 rubore
2689 1503 3046 1570 tremoreque
3078 1498 3447 1555 inefi'abiliter
3478 1500 3665 1557 casti-

2017 1585 2155 1657 gati,
2192 1586 2290 1658 qui
2336 1587 2502 1657 prius
2532 1588 2742 1644 alienis
2784 1588 2975 1644 conati
3007 1594 3142 1644 sunt
3168 1587 3515 1660 furtivisque
3546 1588 3661 1645 frui

2014 1675 2299 1732 vehiculis
2323 1678 2393 1733 ad
2427 1677 2658 1747 propria
2689 1677 3034 1747 repedarunt
3063 1676 3358 1748 gressibus
3383 1678 3658 1749 propriis,

239 1751 445 1822 sisque
492 1766 618 1822 qua:
650 1757 916 1823 ceperant
960 1754 1184 1824 procaci
1236 1756 1555 1812 temeritate
1597 1758 1899 1830 jumentis,
1934 1758 1988 1818 Β
2016 1765 2237 1821 relictis
2286 1765 2345 1821 in
2394 1766 2609 1836 quibus
2641 1772 2805 1823 antea
2855 1767 3037 1839 gavisi
3070 1765 3299 1823 fuerant
3321 1768 3506 1837 equis.
3538 1768 3662 1838 Quo

240 1840 358 1896 iter
383 1841 454 1896 ad
498 1841 742 1912 patriam
776 1844 1064 1900 remeandi
1103 1845 1401 1917 arripuere
1430 1848 1761 1919 gaudentes.
1793 1849 1898 1906 Sed

240 1930 298 1986 is
319 1931 422 2002 qui
453 1944 514 1987 se
544 1930 604 1986 in
626 1932 842 1988 sanctis
867 1934 994 1989 suis
1013 1933 1329 2007 gloriosum
1354 1940 1527 2008 atque
1552 1937 1899 1996 laudabilem

236 2020 474 2077 cunctis
503 2021 774 2094 ostendit,
817 2023 1091 2095 gaudium
1131 2027 1682 2096 praesumptionariaa
1705 2029 1903 2085 avidi—

237 2110 384 2166 tatis
410 2110 469 2166 in
502 2110 767 2167 ruborem
792 2126 1199 2185 maeroremque
1226 2116 1529 2187 convertit,
1554 2121 1619 2173 ut
1639 2119 1897 2174 mundia-

236 2199 322 2255 lis
357 2201 747 2257 controversia
798 2202 1140 2259 stoliditatis
1180 2204 1364 2275 palam
1394 2211 1725 2278 agnosceret
1757 2208 1897 2278 quid

230 2287 461 2346 Christi
504 2289 562 2345 in
607 2290 771 2346 caelis
812 2295 870 2347 et
908 2292 968 2347 in
1003 2293 1176 2349 terris
1218 2295 1634 2365 omnipotentia
1664 2296 1892 2354 valeret.

232 2379 381 2434 Nam
415 2391 646 2450 rapaces
673 2380 864 2437 alieno
890 2382 1100 2452 portati
1132 2383 1396 2442 vehiculo
1411 2385 1711 2458 equitandi
1736 2388 1899 2459 peri-

307 2494 332 2522 ³
357 2487 468 2543 Hic
499 2487 714 2543 omissa
741 2487 936 2545 claudi
970 2490 1214 2547 curatio.

1397 2679 1728 2688 ῃ...-

2010 1854 2325 1910 Βοωὶηἱοω
2346 1855 2751 1910 ostentationis
2768 1855 2934 1927 signo
2945 1869 3141 1911 omnes
3160 1856 3262 1926 qui
3291 1856 3559 1914 viderunt
3574 1856 3659 1913 vel

2010 1944 2323 1999 audierunt
2353 1943 2547 1999 mirati
2578 1947 2741 2000 sunt:
2777 1944 2873 2000 sed
2894 1943 3146 2013 amplius
3170 1944 3228 1998 bi
3262 1944 3362 2014 qui
3384 1945 3554 2013 jussu
3577 1945 3662 2001 di-

2011 2031 2144 2088 vino
2169 2033 2427 2102 jumenta
2463 2032 2684 2101 perdita
2716 2031 2969 2102 recipere
3012 2036 3361 2087 meruerunt.
3413 2033 3658 2107 Agentes

2009 2135 2145 2179 sane
2171 2121 2357 2178 unicae
2371 2120 2643 2177 Trinitati
2657 2121 3018 2193 gratissimas
3043 2120 3243 2178 laudes
3266 2121 3659 2191 Ratisponen—

2009 2226 2101 2269 ses
2139 2212 2199 2267 hi
2241 2212 2340 2283 qui
2369 2215 2640 2267 venerant
2668 2211 2839 2275 cives,
2875 2215 2991 2267 tam
3032 2225 3133 2281 pro
3164 2210 3452 2283 acquisita
3477 2225 3647 2283 quam

2008 2301 2357 2372 quaesieram
2401 2300 2655 2357 ecclesiaa
2702 2299 3119 2370 benedictione,
3152 2313 3322 2371 quam
3355 2314 3457 2370 pro
3499 2300 3651 2373 signi

2006 2388 2372 2446 admirabilis
2397 2403 2651 2459 munere,
2677 2389 2973 2445 redierunt
2994 2390 3065 2445 ad
3099 2388 3331 2460 propria
3354 2394 3652 2446 narrantes

2006 2479 2333 2537 ﬁdeliterde
2361 2479 2456 2535 his
2474 2478 2743 2536 omnibus
2762 2493 2889 2550 quaa
2914 2483 3071 2550 gesta
3094 2485 3257 2534 erant
3279 2479 3342 2536 in
3369 2478 3462 2535 via
3492 2489 3524 2520 ιι
3556 2519 3570 2533 .

1583 2844 1834 2913 LIBER
1889 2872 1897 2879 ·
1925 2845 2289 2915 TERTIUS

988 3000 1449 3084 Complectens
1486 3003 1831 3070 miracula
1876 3003 2124 3069 ibidem
2169 3021 2351 3070 anno
2402 3006 2521 3069 895
2565 3008 2896 3088 patrata.

304 3213 577 3272 Volvente
604 3218 922 3289 temporum
949 3218 1292 3277 instantium
1309 3219 1514 3276 adhuc
1530 3220 1890 3292 lacrymabili
1922 3223 1971 3287 C
1998 3222 2145 3278 duos
2159 3223 2277 3292 jam
2304 3221 2524 3293 pridem
2562 3221 2977 3277 miraculorum
3011 3234 3233 3292 semper
3262 3224 3448 3278 mente
3474 3182 3533 3279 et
3553 3234 3653 3280 ore

227 3304 404 3375 serie,
432 3307 731 3364 variantur
758 3308 927 3364 etiam
961 3309 1178 3379 pariter
1206 3311 1483 3367 mentium
1510 3311 1889 3368 humanarum

229 3394 593 3452 multimoda:
626 3397 955 3469 qualitates.
983 3399 1108 3469 Quo
1134 3404 1362 3457 constat
1392 3414 1502 3457 non
1531 3414 1753 3471 semper
1778 3401 1891 3458 ho-

226 3484 449 3540 minem
481 3498 646 3557 agere
699 3487 884 3543 valere
927 3489 1075 3560 quod
1108 3488 1161 3544 ei
1200 3490 1425 3560 adjacet
1464 3489 1642 3546 velle:
1692 3504 1887 3547 verum

227 3586 366 3630 cum
392 3573 612 3631 labitur
638 3576 891 3633 exterior
920 3578 1193 3649 mundus,
1215 3578 1535 3635 inclinatur
1562 3583 1618 3635 et
1644 3580 1889 3636 interior

226 3662 466 3719 animus
491 3663 673 3719 variis
702 3664 917 3722 ictibus
944 3667 1283 3738 terebratus,
1317 3672 1382 3723 ut
1409 3667 1480 3723 ab
1526 3667 1730 3725 affectu
1760 3682 1889 3725 con-

226 3756 395 3821 cepto
419 3752 536 3821 jam
566 3752 731 3822 prius
751 3751 1115 3826 frequentius
1143 3756 1409 3812 concidat
1440 3757 1500 3813 in
1527 3771 1640 3828 quo
1668 3757 1886 3813 dudum

230 3839 347 3896 fixo
381 3842 565 3913 gradu
616 3843 822 3899 stabat.
855 3843 1066 3915 Sicque
1096 3844 1161 3900 fit
1190 3849 1255 3901 ut
1304 3859 1533 3917 corpus,
1559 3846 1697 3901 dum
1735 3848 1886 3917 quod

228 3942 345 3984 non
375 3930 595 4000 appetit
615 3932 880 4002 percipit,
912 3932 1170 3989 obtineat
1188 3934 1595 3990 detrimentum
1628 3938 1685 3990 et
1705 3935 1887 3993 animi

225 4016 471 4074 allectus
502 4024 803 4090 promptus
834 4020 1039 4077 habeat
1066 4022 1386 4093 praemium.

299 4106 578 4179 Exigente
606 4121 854 4180 namque
886 4115 1017 4166 tuaa.
1052 4110 1308 4181 pontifex
1332 4113 1668 4186 venerande,
1692 4112 1849 4168 domi
1866 4140 1890 4152 ο

224 4194 493 4253 nationis
522 4196 787 4271 imperio,
824 4213 928 4270 pro
958 4200 1290 4257 tenuissimi
1319 4200 1636 4272 capacitate
1665 4199 1885 4273 ingenii

2001 3311 2315 3368 retinenda:
2358 3311 2562 3367 matris
2584 3310 2923 3383 Walpurgis
2948 3309 3183 3367 libellos
3221 3311 3516 3368 succincto
3542 3325 3654 3383 po-

1999 3399 2242 3472 pulariaa
2270 3399 2554 3456 oratiobis
2585 3399 2893 3470 perstrinxi
2911 3402 3248 3456 commento.
3273 3401 3480 3457 Verum
3511 3400 3654 3458 mul-

1998 3488 2286 3559 tipartitis
2336 3485 2699 3544 anfractuum
2744 3486 3108 3543 saecularium
3170 3487 3650 3558 occupationibus

1997 3564 2261 3649 pressus,
2285 3590 2425 3647 pene
2452 3576 2701 3632 duorum
2734 3576 2998 3632 decursis
3048 3576 3499 3634 hebdomadibus
3541 3577 3654 3633 cir-

1995 3666 2445 3723 cumrotantium
2489 3670 2828 3737 temporum,
2860 3666 2928 3721 ad
2981 3665 3217 3722 initium
3257 3667 3416 3723 tertii
3449 3680 3651 3738 perve-

1998 3756 2124 3811 nire
2154 3769 2254 3812 nec
2303 3755 2485 3827 quivi,
2532 3768 2634 3810 nec
2666 3755 2867 3811 merui.
2902 3757 3066 3811 Nunc
3097 3761 3286 3812 autem
3327 3756 3466 3827 quia
3500 3762 3645 3814 meta

1998 3845 2235 3901 secundi
2244 3845 2477 3914 jamjam
2492 3844 2727 3899 initium
2751 3843 3002 3913 postulat
3017 3844 3197 3913 tertii,
3217 3844 3405 3914 ipsum
3424 3844 3645 3901 utinam

2001 3933 2208 3989 habere
2233 3946 2448 3989 merear
2475 3933 2678 3990 ducem
2699 3932 3008 4003 cordisque
3044 3931 3241 4004 exigui
3286 3933 3652 4005 benignissi—

1999 4034 2153 4076 mum
2174 4022 2535 4093 directorem,
2569 4022 2670 4092 qui
2701 4034 2805 4077 sua
2836 4020 3119 4091 sapientia
3148 4035 3212 4077 os
3241 4022 3469 4091 aperuit
3499 4022 3641 4079 muti

1996 4113 2054 4166 et
2082 4109 2314 4184 linguas
2343 4108 2656 4168 infantium
2687 4109 2827 4165 facit
2852 4123 2976 4165 esse
3001 4109 3286 4166 disertasl

1732 4328 2137 4344 ----

1548 4423 1898 4483 INCIPIUNT
1932 4421 2271 4481 CAPITULA
2286 4433 2318 4466 α

1720 4558 2135 4572 *-

397 4635 477 4691 De
510 4652 571 4692 eo
596 4637 695 4692 ubi
726 4638 926 4693 mulier
952 4651 1091 4693 eaea
1106 4634 1423 4691 illuminata
1462 4635 1559 4688 est.

513 4782 770 4835 inventus
786 4785 882 4836 est.

215 4634 245 4689 Ι

218 4705 293 4766 ΙΙ.

357 4855 381 4929 ξ
407 4852 486 4929 1_)_e_
505 4852 740 4929 puluillo
759 4852 908 4929 domi
928 4852 1153 4929 perditor
1167 4855 1217 4907 et
1235 4853 1296 4907 in
1313 4846 1669 4929 uiajnvento.

219 4924 311 4979 1V.
353 4927 376 4946 θ
419 4920 528 4977 Ι]ὸῖ
558 4924 712 4978 homo
749 4920 975 4993 quidam
1007 4928 1213 4979 wantos
1225 4920 1489 4994 perdidit.

216 4996 287 5048 Υ.
411 4995 514 5048 Ubi
541 5009 638 5048 vas
686 4998 746 5049 in
785 4998 980 5050 itinere
1010 4998 1290 5051 inventum
1309 4999 1413 5051 est.

218 5066 309 5121 Vl.
412 5066 516 5121 Ubi
534 5067 595 5148 in
630 5081 745 5192 unc;
773 5068 1063 5137 eademque
1090 5069 1298 5136 femina
1322 5070 1564 5142 quinque
1579 5070 1732 5136 facta
1759 5070 1889 5120 sunt

510 5153 721 5191 miracu
744 5155 800 5192 a.

510 5153 800 5192 miracula.

767 5262 986 5319 CAPUT
1053 5266 1342 5322 PRIMUM.

293 5390 680 5447 Memoranda:
707 5390 1020 5447 Dominicaa
1048 5391 1471 5448 Incarnationis
1508 5405 1659 5447 anno
1694 5393 1889 5447 octin—

228 5480 546 5551 gentesimo
600 5480 970 5551 nonagesimo
1038 5480 1262 5551 quinto,
1306 5480 1562 5550 quaedam
1597 5494 1628 5535 e
1667 5479 1891 5535 familia

296 5614 328 5646 ι
352 5603 624 5675 Capitula
651 5603 948 5661 asteriscis
968 5608 1284 5675 praenotata
1312 5604 1522 5659 desunt
1549 5602 1607 5658 in
1638 5606 1814 5659 textu.

397 4635 477 4691 De
510 4652 571 4692 eo
596 4637 695 4692 ubi
726 4638 926 4693 mulier
952 4651 1091 4693 eaea
1106 4634 1423 4691 illuminata
1462 4635 1559 4688 est.
1910 4640 1966 4702 ί)
1990 4632 2104 4686 VII.

348 4706 373 4729 '
403 4708 480 4761 De
507 4724 660 4780 pane
685 4710 951 4772 mulieris,
981 4710 1079 4779 qui
1111 4725 1147 4764 a
1174 4710 1305 4763 sinu
1318 4703 1574 4774 perditus
1616 4709 1668 4760 et
1688 4711 1883 4776 postea
1989 4703 2127 4780 ΧῌΙ.

2184 4631 2206 4654 '
2242 4629 2322 4683 De
2337 4630 2549 4696 femina
2584 4628 2785 4683 clauda
2805 4631 2856 4683 et
2877 4630 3094 4682 sanata.

2238 4702 2317 4753 De
2343 4700 2519 4755 tribus
2549 4701 2699 4756 caecis
2740 4700 3087 4753 illuminatis.

1992 4774 2087 4830 IX.
2234 4774 2311 4828 De
2330 4776 2481 4845 pisce
2518 4775 2579 4827 in
2614 4774 2706 4826 via
2732 4770 3058 4824 mirabiliter
3078 4770 3316 4825 invento.

1990 4845 2066 4900 X.
2247 4846 2350 4901 Ubi
2393 4845 2590 4899 mulier
2623 4846 2779 4897 muta
2815 4846 3009 4896 curata
3045 4847 3142 4896 est.

1992 4882 2092 4972 ΞΠ.
2187 4918 2211 4940 ⁴’
2245 4882 2350 4972 EZ'
2363 4917 2535 4971 bubus
2565 4918 2799 4984 quatuor
2834 4914 2896 4967 in
2931 4914 3024 4967 uia
3063 4915 3317 4969 inventis.

1995 4989 2115 5042 ΧΠ.
2194 4991 2213 5011 '
2249 4990 2351 5043 Ubi
2378 5001 2578 5057 porcus
2607 5002 2643 5039 a
2689 4986 2813 5054 lupo
2839 4985 3083 5056 direptus
3113 4990 3211 5039 est.

1996 5302 2290 5358 beatorum
2331 5306 2643 5373 martyrum
2678 5298 2958 5356 Gordiani
2998 5303 3055 5355 et
3099 5299 3415 5371 Epimachi,
3469 5296 3645 5352 Cam-

2000 5390 2344 5461 pidunensis
2381 5391 2606 5446 scilicet
2656 5389 2994 5446 monasterii
3038 5388 3244 5458 puella.
3285 5400 3317 5441 a
3343 5385 3642 5440 nativitate

1999 5492 2167 5550 caeca,
2211 5480 2441 5535 nomine
2474 5478 2790 5549 Guntrada,
2833 5480 2970 5534 dum
3017 5476 3260 5547 gratiam
3296 5475 3356 5529 in
3404 5474 3529 5528 loco
3558 5484 3643 5525 ce-
