4058 6154
485 256 592 314 883

1409 248 1888 307 VVOLFHARDUS
1935 245 2322 302 PRESBYTER
2363 243 2948 302 IIASENRIETANUS.
3747 251 3832 310 884

489 387 639 446 lebri
667 386 895 442 Domini
941 383 1172 440 audiret
1200 379 1491 448 famosam,
1520 378 1693 447 capit
1717 376 1888 431 etiam
1934 378 1989 427 et
2021 371 2221 442 ipsaA
2245 369 2532 428 abstulere
2561 372 2800 444 oblatas,
2827 386 2942 428 rem
2971 385 3072 442 pro
3099 385 3211 442 qua
3227 385 3372 429 caeca
3393 378 3610 430 venerat
3629 376 3833 434 sollicite

486 483 625 541 totis
682 476 950 534 anhelare
995 470 1328 545 pracordiis
1381 477 1444 525 ut
1476 469 1542 523 ad
1578 465 1892 522 sacrarium
1942 462 2135 517 venire

488 577 798 630 mereretur
827 565 1171 624 beatissima
1201 559 1466 632 virginis.
1509 558 1686 626 Cujus
1705 556 1840 611 dum
1885 551 2135 608 membra

485 678 741 736 soporem
776 657 1125 716 felicissima
1155 651 1372 722 quietis
1398 648 1682 704 modicum
1714 646 2133 716 degustassent,

485 735 672 816 adfuit
744 755 801 809 in
861 752 987 821 ipso
1019 744 1390 803 dormitionis
1437 741 1684 797 articulo
1720 739 1819 810 qui
1882 751 2002 792 eam
2055 735 2134 789 ita

486 851 834 923 compellans
859 847 978 903 ait:
1022 845 1157 909 Cur,
1189 845 1418 908 misera,
1444 834 1689 910 geminis
1718 829 1918 923 orbata
1952 825 2135 882 lumi—

487 919 681 1014 nibus,
708 939 893 996 furvis
922 939 1001 994 ita
1031 935 1219 1005 sopita
1250 928 1502 1003 quiescis
1535 927 1592 982 in
1620 919 1975 1014 tenebris,_et
2021 928 2132 970 non

490 1010 676 1108 magis
702 1031 922 1088 blanda
948 1022 1374 1084 lucubrationis
1401 1017 1717 1108 domestica
1747 1014 1817 1068 de
1841 1010 2030 1108 salute
2045 1011 2134 1108 te:

2248 460 2622 530 requirentes.
2651 461 2874 530 Quibus
2916 462 3039 532 ipsa
3069 461 3322 530 ejusdem
3356 463 3592 518 rationis
3618 465 3830 521 ordinem

2248 550 2567 605 retexuitet
2585 551 2652 605 ad
2681 551 2891 607 calcem
2920 566 3102 622 usque
3131 552 3418 621 perduxit.
3448 553 3626 607 Finito
3645 554 3831 624 eloquio

2246 638 2477 709 lingua,
2510 638 2700 695 adfuit
2729 641 2979 700 solamen
3007 641 3202 697 statim
3229 655 3294 696 ex
3325 641 3566 713 virgine.
3590 643 3711 697 Nam
3737 643 3834 698 0m-

2246 727 2508 796 nipotens
2537 729 2607 784 de
2661 729 2802 785 calo
2842 723 3061 800 semper
3112 730 3469 799 prospiciens
3509 745 3667 800 super
3713 732 3832 787 ﬁlios

2246 818 2563 889 hominum,
2599 825 2662 876 ut
2687 821 2875 875 videat
2912 821 2960 876 si
2994 825 3077 874 est
3111 820 3440 891 intelligens
3463 825 3558 875 aut
3587 821 3832 891 requirens

2242 910 2440 980 Deum,
2475 910 2668 964 statim
2714 924 2887 980 super
2913 909 3203 966 credulam
3239 911 3309 965 de
3348 910 3490 966 calo
3528 911 3763 980 respexit,
3791 918 3832 966 et

2241 1000 2498 1056 vacuatis
2550 999 2675 1055 luce
2713 1000 3036 1057 luminibus
3074 999 3217 1056 solis
3268 1000 3462 1055 radios
3510 999 3830 1055 ministravit.

489 1088 986 1180 cumiruminando
1007 1113 1309 1187 conquiris
1333 1104 1765 1180 pernecessaria
1795 1095 2138 1171 sospitatis?
2242 1089 2630 1187 Expav-e-scens
2671 1091 2921 1187 ergonde
2964 1090 3202 1187 lumine,
3238 1088 3828 1187 quiaMce-rnebat‘quod

489 1215 625 1268 Nam
649 1212 784 1267 licet
805 1215 858 1265 te
882 1210 1154 1264 consueto
1182 1215 1337 1259 more
1358 1194 1722 1256 matutinalis
1741 1196 1911 1263 atque
1925 1188 2136 1244 diurna

492 1303 588 1360 lux
619 1306 908 1375 gratanter
924 1296 1194 1367 excipiat,
1215 1305 1415 1349 cacam
1445 1295 1630 1345 tamen
1657 1283 1856 1340 haurit
1885 1275 2091 1375 [Con-is.
2116 1293 2132 1328 :

489 1367 649 1461 forte
662 1389 906 1459 haustis]
931 1402 964 1443 a
982 1384 1252 1452 tenebris,
1281 1381 1477 1437 orbam
1499 1375 1744 1433 remittit
1759 1372 1826 1427 ad
1851 1367 2133 1461 tenebras.

495 1486 698 1539 Verum
757 1481 807 1535 si
844 1483 1051 1534 tetrum
1101 1489 1131 1530 a
1182 1478 1236 1528 te
1284 1469 1554 1540 repellere
1603 1463 1808 1520 niteris
1849 1460 2040 1525 chaos,
2083 1461 2141 1510 et

491 1573 777 1629 distensas
822 1567 951 1624 cali
993 1565 1160 1635 cupis
1207 1573 1436 1617 cernere
1473 1556 1672 1624 nubes,
1707 1565 1922 1610 necnon
1954 1554 2009 1605 et
2043 1548 2141 1602 vi-

494 1664 681 1716 rentes
710 1654 1084 1725 contemplari
1126 1651 1384 1720 tellures,
1427 1643 1744 1718 importuni
1798 1639 2023 1710 soporis
2042 1651 2142 1692 se-

497 1703 681 1716 .......,..
711 1703 1084 1725 w..--.--,,-___
1513 1703 1528 1718 ,
1868 1703 1881 1710 _

474 1750 731 1823 .gnitiem
779 1747 957 1815 mitte,
1012 1743 1198 1800 solita
1229 1739 1447 1812 quietis
1476 1749 1694 1793 cassam
1729 1730 2013 1807 ignaviam
2045 1741 2142 1823 re-
2165 1703 2219 1765 Β

498 1817 678 1912 prime
707 1842 762 1893 et
799 1837 866 1892 ad
919 1831 1329 1890 monasterium
1376 1827 1647 1883 Monheim
1674 1823 1888 1878 ducatu
1917 1817 2143 1875 concito

498 1908 684 2004 perge.
716 1929 942 1984 Etcum
975 1922 1131 1978 felici
1171 1920 1314 1976 illuc
1353 1932 1550 1990 gressu
1603 1911 1945 1984 perveneris,
1980 1908 2144 2004 prius

495 1996 650 2075 actas
681 2025 735 2074 et
773 2016 956 2072 nitide
995 2016 1186 2069 coctas
1209 2015 1380 2080 atque
1425 2008 1484 2062 in
1511 2003 1727 2061 buxula
1757 2003 2024 2058 obtrusas
2052 1996 2145 2051 al-

501 2109 648 2166 tario
700 2109 920 2164 oblatas
962 2104 1269 2177 aimpone,
1343 2099 1542 2169 sicque
1591 2099 1766 2151 totam
1835 2097 1889 2147 te
1955 2103 2144 2145 rerum

499 2201 693 2270 opiﬁci
731 2203 788 2254 et
847 2194 1062 2268 virgini
1108 2191 1288 2247 trade.
1331 2191 1468 2244 Cum
1525 2193 1715 2244 autem
1761 2183 1986 2240 easdem
2033 2194 2146 2235 ara

501 2289 779 2348 locaveris
826 2284 1272 2349 oblatiunculas,
1317 2282 1466 2337 bina
1521 2293 1551 2335 e
1605 2278 1797 2332 vicino
1857 2273 2148 2328 venientes

501 2379 730 2451 gallina
768 2379 922 2447 ipsas
953 2374 1144 2431 voraci
1177 2371 1473 2428 comedent
1500 2369 1686 2436 dente,
1717 2365 1935 2434 talique
1957 2361 2149 2417 edulie

502 2473 676 2538 pasta
727 2467 930 2522 altaris
977 2462 1246 2519 excubiis
1291 2458 1674 2516 desudabunt.
1708 2455 1806 2509 His
1839 2454 1919 2508 ita
1949 2451 2146 2520 dictis,

501 2557 806 2626 verbisque
821 2567 950 2609 cum
965 2550 1262 2607 salutifera
1279 2549 1499 2605 visione
1511 2543 1833 2608 subductis,
1854 2541 2150 2597 residuum

508 2646 659 2717 quod
703 2647 999 2714 supererat
1041 2641 1228 2696 noctis
1259 2637 1514 2709 puellula
1545 2632 1864 2691 latabunda
1899 2628 2139 2717 peregit.

505 2716 703 2790 Noctis
744 2747 874 2788 vero
915 2732 1156 2787 horrore
1201 2728 1385 2796 ﬁnito,
1419 2739 1548 2781 cum
1587 2725 1703 2794 jam
1727 2721 1870 2777 vasti
1903 2716 2153 2788 aquoris

505 2824 714 2883 Oceani
775 2821 1017 2894 lympha
1078 2819 1266 2874 lautas
1312 2815 1535 2871 Titanis
1581 2813 1735 2869 arvis
1797 2810 2156 2866 remitterent

509 2925 780 2983 comas,a
828 2911 972 2967 lecto
1022 2909 1080 2964 in
1133 2921 1245 2977 quo
1291 2904 1539 2960 membra
1585 2901 1783 2972 sopori
1839 2898 2157 2956 tradiderat

511 3001 684 3058 hilari
715 3005 898 3056 mente
917 2997 1244 3070 prosiliens,
1269 2999 1535 3065 sumptus
1564 2991 1794 3048 itineris
1819 2987 2151 3059 acquisivit,

509 3092 778 3160 comitem
825 3104 891 3146 ac
940 3088 1205 3160 praviam
1252 3084 1497 3156 puellam
1538 3082 1858 3152 assumpsit
1898 3087 1954 3136 et
1987 3078 2154 3134 callis

508 3187 708 3255 ignara
732 3159 923 3236 felicis
943 3159 1064 3235 iter
1093 3176 1364 3246 arripuit.
1397 3175 1604 3244 Sicque
1653 3186 1752 3243 per
1781 3171 1946 3227 devia
1975 3176 2156 3226 trans-

511 3277 636 3332 iens
688 3286 842 3340 rura,
887 3267 1234 3325 monasterio
1277 3265 1427 3336 quod
1485 3262 1820 3320 nutabunda
1870 3259 2156 3333 quarebat

512 3363 726 3420 meruit
751 3360 1153 3432 propinquare.
1182 3355 1285 3412 Sed
1320 3355 1656 3426 priusquam
1689 3352 1853 3408 illius
1881 3351 2156 3407 terminos

509 3454 772 3523 adiisset,
809 3448 1184 3506 reminiscens
1214 3460 1332 3500 sua
1361 3443 1753 3500 saluberrima
1779 3441 2023 3497 visionis
2053 3454 2158 3495 ca-

513 3546 657 3601 litus
685 3541 988 3608 nuntiata,
1015 3537 1237 3593 oblatas
1265 3534 1530 3589 decenter
1557 3531 1805 3600 excoxit,
1850 3531 1909 3584 in
1942 3528 2158 3584 buxula

514 3631 791 3703 reposuit,
838 3629 1103 3696 viamque
1131 3636 1364 3693 carpere
1405 3622 1598 3691 capit.
1630 3619 1736 3676 Ubi
1767 3633 1898 3675 vero
1927 3626 2157 3674 ventum

511 3730 598 3779 est
621 3723 690 3778 ad
716 3720 821 3774 diu
843 3720 1100 3787 optatum
1127 3711 1384 3767 basilica
1403 3710 1650 3780 aditum,
1677 3709 1772 3766 die
1790 3708 2159 3764 celeberrima

514 3812 836 3867 Palmarum
872 3806 942 3860 ad
971 3815 1258 3873 vesperam
1302 3799 1534 3855 ﬂniente
1573 3812 1704 3854 cum
1737 3799 1941 3854 intimo
1967 3798 2159 3854 cordis

513 3899 730 3974 gemitu
761 3893 1079 3953 oratorium
1121 3889 1406 3960 introivit,
1439 3901 1674 3958 seseque
1711 3888 1770 3943 in
1803 3893 2009 3944 terram
2037 3902 2160 3958 pro-

511 3996 771 4046 sternens
825 3989 997 4054 atque
1038 3994 1070 4037 a
1131 3979 1298 4035 tetris
1351 3977 1635 4034 luminum
1684 3977 1942 4033 cavernis
2008 3977 2157 4034 salsa

514 4079 891 4148 lacrymarum
923 4072 1161 4129 ﬂumina
1192 4069 1454 4140 fundens,
1495 4073 1559 4126 ut
1592 4069 1780 4138 jussio
1809 4068 2055 4124 visionis
2079 4072 2160 4122 at-

513 4167 731 4223 tentius
785 4165 1112 4233 imperarat,
1154 4175 1221 4216 ex
1245 4175 1371 4217 asse
1403 4159 1502 4216 uni
1536 4172 1595 4214 se
1644 4159 1884 4213 Domino
1911 4161 1967 4212 et
1992 4157 2158 4211 salu—

511 4255 693 4312 tifera
749 4252 963 4324 virgini
1017 4249 1448 4308 commendavit.
1501 4249 1756 4318 Cumque
1817 4247 1921 4302 diu
1987 4246 2157 4318 longa

512 4345 869 4419 protraheret
927 4344 986 4398 in
1035 4341 1293 4397 oratione
1336 4338 1611 4407 suspiria,
1655 4337 1879 4392 tandem
1907 4351 1938 4391 a
1989 4336 2154 4406 pavi-

2247 1192 2356 1234 non
2389 1179 2608 1235 viderat
2632 1184 2782 1248 ante,
2809 1178 3192 1234 illuminatori
3224 1192 3331 1234 suo
3358 1177 3582 1235 Christo
3610 1184 3662 1234 et
3687 1179 3833 1234 inter-

2245 1269 2487 1326 ventrici
2521 1269 2733 1341 virgini
2756 1283 2886 1326 cum
2911 1270 3135 1326 cateris
3163 1268 3493 1326 astantibus
3514 1270 3710 1342 gratias
3728 1269 3833 1341 egit.

2246 1364 2302 1414 et
2330 1373 2466 1415 sana
2496 1359 2766 1416 discessit
2794 1358 2822 1400 ι)
2853 1402 2866 1415 .

2906 1467 3124 1524 CAPUT
3166 1470 3231 1524 V.

2318 1577 2445 1633 Pari
2477 1577 2647 1633 etiam
2689 1577 2876 1648 modo,
2897 1577 3032 1632 dum
3054 1576 3242 1632 Gisila
3271 1579 3528 1631 matrona
3555 1575 3837 1646 pernobilis,

2251 1667 3170 1736 uxorBurchardi,Walachonis°
3197 1665 3435 1721 comitis
3450 1664 3573 1731 filii,
3593 1672 3838 1736 quaantea

2251 1755 2616 1811 matrimonio
2655 1755 2854 1824 juncta
2911 1753 3097 1810 fuerat
3147 1754 3409 1809 comitiis
3464 1752 3840 1824 Megingaudid,

2249 1844 2530 1900 orationis
2559 1857 2752 1914 causa,
2789 1849 2849 1898 ut
2879 1844 3050 1899 solita
3074 1849 3178 1913 est,
3199 1843 3409 1898 cellam
3440 1843 3668 1915 virginis
3689 1841 3838 1897 adiis-

2253 1938 2357 2004 set,
2395 1934 2451 1988 in
2487 1933 2693 2004 primis
2719 1948 2819 2004 pro
2851 1948 2910 1988 se
2940 1934 3178 2004 suisque
3209 1932 3484 1988 omnibus
3510 1932 3724 1987 Domino
3744 1947 3843 2001 sup-

2255 2022 2522 2094 plicavit:
2557 2023 2690 2079 dein
2712 2023 2937 2094 erigens
2960 2037 3018 2078 se
3047 2028 3102 2078 et
3119 2023 3288 2094 signo
3318 2021 3608 2077 Dominico
3633 2021 3842 2076 muniens

2253 2126 2348 2168 eas
2375 2126 2517 2182 quas
2546 2127 2736 2170 secum
2769 2112 3057 2168 detulerat
3086 2111 3308 2167 obtulit
3337 2111 3603 2183 euIOgias.
3636 2109 3724 2164 Ubi
3751 2122 3842 2164 ven-

2255 2208 2376 2257 tum
2407 2207 2492 2257 est
2520 2201 2586 2256 ad
2619 2216 2929 2272 pauperum
2958 2201 3174 2256 Christi
3206 2200 3611 2271 eleemosynam
3639 2199 3842 2270 partien-

2255 2291 2406 2360 dam,
2433 2290 2586 2346 datis
2628 2291 2743 2346 cibi
2796 2289 3108 2361 stipendiis
3149 2289 3544 2362 congruentis,
3571 2289 3691 2343 dum
3713 2287 3842 2342 etiam

2259 2380 2461 2450 pocula
2487 2380 2684 2437 sedula
2715 2381 3091 2440 ministraret.
3125 2393 3226 2435 vas
3258 2380 3412 2450 quod
3470 2379 3697 2448 hannipa
3722 2387 3740 2413 ο
3765 2391 3845 2433 no-

2259 2471 2513 2525 minatur
2557 2484 2669 2540 quo
2719 2470 2914 2525 mistio
2958 2469 3259 2541 agebatur,
3290 2469 3444 2524 inter
3476 2483 3665 2525 manus
3688 2467 3844 2538 propi-

2261 2559 2521 2614 nantium
2567 2558 2645 2614 ita
2693 2559 3050 2613 exinanitum
3101 2563 3186 2614 est
3216 2564 3395 2629 atque
3433 2557 3762 2624 subductum,
3801 2561 3845 2610 ut

2263 2647 2460 2704 nullus
2490 2647 2886 2703 assistentium
2928 2647 3047 2703 ullo
3075 2648 3242 2703 modo
3275 2648 3426 2703 scire
3456 2647 3712 2718 potuisset
3735 2659 3846 2716 qua-

2262 2752 2391 2793 nam
2431 2738 2653 2794 ratione
2697 2739 2986 2807 perditum
3035 2751 3158 2793 esse
3187 2737 3503 2794 videretur.
3530 2735 3724 2792 Sciebat
3748 2747 3846 2790 sane

2262 2827 2616 2883 conscientia
2655 2827 2885 2897 propria
2932 2830 3075 2883 teste
3116 2827 3503 2898 propinatrix,
3537 2839 3630 2881 nec
3656 2823 3845 2895 quodam

2264 2915 2481 2972 casuali
2517 2930 2670 2972 more
2713 2914 2835 2972 fore
2859 2916 3172 2986 dilapsum,
3203 2930 3312 2972 nec
3337 2930 3369 2971 a
3411 2929 3576 2971 manu
3602 2914 3849 2983 dispensa-

2267 3005 2398 3060 trici
2428 3018 2550 3059 esse
2570 3005 2878 3076 direptum,
2906 3018 3087 3076 neque
3108 3004 3310 3074 aliqua
3326 3004 3522 3060 fraude
3543 3003 3845 3059 subductum.

2264 3095 2468 3150 Verum
2507 3093 2698 3149 animo
2741 3093 3020 3150 astuabat
3058 3093 3324 3165 obliquo,
3373 3093 3630 3165 quoniam
3659 3090 3730 3146 nil
3768 3087 3849 3144 tale

2261 3183 2502 3252 viderat,
2549 3183 2631 3238 nil
2679 3182 2871 3238 simile
2918 3182 3124 3239 auditu
3168 3187 3521 3252 perceperat.
3573 3178 3846 3242 Mirabatur,

2264 3273 2401 3344 quia
2432 3272 2705 3328 oculatim
2739 3272 2890 3342 quod
2925 3271 3088 3341 prius
3119 3271 3395 3327 manibus
3437 3268 3734 3337 vectitabat,
3764 3267 3845 3335 jam

2265 3362 2426 3418 nullo
2460 3359 2687 3417 iurante
2713 3360 2797 3416 vel
2826 3361 3081 3430 rapiente
3109 3360 3364 3416 carebat.
3394 3360 3539 3430 Quid
3568 3355 3751 3429 plura?
3773 3352 3846 3408 Ubi

2269 3452 2420 3507 hora
2458 3450 2575 3505 diei
2619 3455 2884 3520 protensa
2931 3454 3018 3505 est
3055 3449 3293 3521 dilatio,
3338 3464 3466 3519 spes
3506 3460 3710 3520 quoque
3735 3442 3850 3498 reci-

2271 3539 2462 3610 piendi
2507 3539 2725 3594 vasculi
2762 3539 2904 3594 mire
2948 3539 3218 3595 subducti
3280 3539 3494 3610 pariter
3537 3535 3738 3593 sublata
3769 3535 3844 3586 est.

2267 3629 2452 3699 Igitur
2485 3629 2784 3699 completis
2816 3641 2917 3698 pro
2948 3628 3160 3699 quibus
3198 3632 3440 3688 venerat
3465 3627 3664 3695 causis,
3691 3623 3745 3678 ad
3775 3631 3848 3675 sua

2266 3717 2550 3787 disposito
2608 3718 2813 3774 itinere
2867 3717 3053 3773 redire
3095 3719 3293 3774 conati
3344 3722 3497 3775 sunt.
3544 3718 3767 3784 Dumque
3800 3707 3849 3762 de

2269 3806 2555 3878 pluribus,
2603 3814 2668 3862 ut
2710 3821 2830 3862 mos
2862 3807 3195 3862 iterantium
3229 3813 3342 3878 est,
3371 3807 3519 3862 inter
3548 3819 3603 3860 se
3630 3797 3850 3858 sermoci-

2267 3901 2542 3952 narentur
2565 3903 2622 3952 et
2648 3902 2986 3967 quarerent,
3020 3896 3174 3952 vasis
3196 3910 3431 3968 quoque
3458 3892 3655 3966 perditi
3683 3886 3846 3946 mentio

2265 3984 2453 4041 adfuit
2481 3986 2730 4055 copiosa.
2763 3987 2903 4042 Tum
2930 3985 3122 4040 subito
3153 3986 3388 4042 eminus
3419 3983 3638 4056 quidam
3669 3979 3846 4035 illorum

2265 4074 2552 4144 aspiciens
2591 4075 2740 4131 vidit
2783 4075 3033 4144 idipsum
3082 4074 3139 4130 in
3175 4075 3370 4131 medio
3414 4074 3518 4130 via
3565 4072 3746 4128 itinere
3779 4076 3848 4118 vas

2261 4168 2448 4237 jacere
2477 4165 2799 4236 expositum
2834 4165 3218 4221 immutatum.
3253 4164 3415 4234 Quod
3449 4163 3694 4220 tollentes
3716 4163 3762 4212 et
3782 4153 3849 4208 d0-

2268 4255 2434 4311 mina
2461 4256 2575 4324 jam
2606 4254 2775 4309 dicta
2815 4268 2946 4309 cum
2979 4253 3156 4309 nimia
3181 4254 3564 4310 admiratione
3590 4248 3845 4310 afferentes,

2265 4359 2377 4402 una
2429 4359 2557 4400 cum
2601 4343 2793 4398 eadem
2841 4343 3056 4414 gratias
3087 4341 3337 4398 retulere
3367 4342 3674 4415 gaudentes.
3703 4336 3741 4389 Α
3764 4341 3847 4402 quo

511 4398 700 4493 mento
728 4435 788 4490 in
815 4447 928 4505 quo
949 4433 1208 4501 jacuerat
1238 4427 1480 4484 humilis
1509 4428 1854 4496 exsurrexit,
1893 4427 1961 4482 ad
1994 4440 2147 4481 aram

2265 4435 2457 4490 statim
2491 4434 2613 4489 loco
2655 4433 2724 4488 ad
2756 4433 3078 4489 coenobium
3113 4398 3482 4502 remiserunt,
3509 4436 3568 4486 ut
3609 4427 3681 4483 ibi
3710 4423 3849 4479 mira—

509 4526 770 4595 accessit,
816 4522 1037 4577 oblatas
1081 4533 1224 4590 quas
1251 4516 1536 4573 detulerat
1579 4516 1842 4571 tremulis
1884 4515 2157 4586 digitulis

511 4611 951 4684 superingessit,
978 4616 1034 4665 et
1073 4609 1224 4664 haud
1261 4607 1425 4676 longe
1457 4606 1743 4663 modicum
1772 4605 1844 4661 ab
1865 4607 2062 4662 eadem
2096 4619 2155 4661 se

512 4708 822 4775 pausatura
848 4699 1088 4756 semovit
1113 4716 1125 4752 :
1170 4711 1298 4754 cum
1337 4711 1464 4752 ecce
1493 4697 1620 4753 dua
1647 4711 1791 4768 quas
1815 4702 2068 4754 creverat
2095 4696 2155 4751 in

507 4793 734 4848 visione
763 4791 1009 4863 gallina,
1054 4789 1111 4844 id
1138 4794 1225 4845 est
1262 4787 1804 4844 sanctimonialibus
1831 4789 1896 4859 [Γ.
1931 4787 2158 4845 sancti-

510 4880 809 4952 moniales]
846 4880 1105 4952 gemina,
1150 4883 1372 4934 stantes
1401 4877 1566 4947 juxto
1609 4877 1812 4941 altare,
1855 4878 2156 4950 impositas

577 5040 608 5072 ει
634 5025 905 5097 EtiamS.
956 5025 1322 5097 Radegundis
1355 5030 1494 5082 teste
1524 5027 1836 5082 Fortunato
1866 5025 1923 5081 in
1965 5025 2154 5097 ipsius

505 5099 634 5156 Vita
678 5096 887 5152 saculo
935 5112 976 5166 ι,
1040 5093 1172 5152 num
1232 5093 1332 5151 46:
1385 5098 1690 5152 Oblationes
1736 5101 1851 5152 suis
1898 5093 2153 5154 manibus

501 5172 735 5241 faciens,
785 5169 912 5241 iocis
959 5169 1374 5241 uenerabilibus
1416 5170 1750 5241 incessanter
1789 5169 2149 5237 dispensavit.

503 5237 645 5315 Lege
656 5237 1046 5315 prafationem
1071 5239 1256 5310 primo
1282 5238 1454 5308 hujus
1468 5239 1830 5296 saculitomo
1846 5241 2150 5315 praﬁxam,

507 5310 606 5370 ubi
637 5311 707 5366 de
750 5310 978 5367 oblatis.

575 5383 602 5425 b
629 5382 732 5437 ilic
780 5381 891 5436 tria
923 5381 1153 5437 omissa.

573 5469 599 5498 c
628 5454 771 5508 Hinc
822 5454 1066 5525 corrigit
1114 5453 1504 5509 Henschenius
1551 5467 1892 5525 anonymum
1949 5454 2150 5512 Erfor-

497 5527 732 5610 densem
762 5525 834 5610 de
876 5526 1235 5610 Lantgraviis
1265 5525 1498 5610 Hassia,
1528 5526 1627 5608 qui
1668 5539 1987 5610 anonymus
2019 5529 2152 5610 Bur-

499 5598 698 5653 chardi
734 5601 948 5669 patrem
979 5596 1126 5654 dicit
1147 5596 1326 5654 fuisse
1351 5597 1720 5669 Ludovicum,
1755 5596 1993 5655 etavum
2016 5599 2153 5655 alte-

501 5681 630 5721 rum
653 5668 1020 5742 Ludovicum,
1054 5683 1221 5743 quem
1258 5669 1438 5727 tradit
1465 5682 1496 5726 a
1537 5668 1740 5728 Carolo
1767 5670 1968 5728 Crasso
1997 5684 2150 5728 anno

2265 4524 2462 4580 biliter
2489 4528 2812 4578 servaretur
2845 4522 2944 4578 ubi
2983 4521 3251 4577 Christus
3292 4536 3392 4592 per
3421 4520 3682 4592 virginem
3708 4512 3848 4569 mira-

2265 4613 2408 4670 bilia
2439 4617 2727 4684 operatur.

2907 4753 3126 4809 CAPUT
3178 4756 3268 4809 VI.

2335 4864 2508 4920 Vicus
2538 4863 2772 4934 quidam
2806 4863 2865 4918 in
2901 4862 3157 4934 Bajoaria
3189 4863 3442 4934 regione,
3473 4871 3605 4930 pago
3633 4850 3847 4914 Chclesgo'

2260 5027 2368 5084 885
2396 5027 2775 5086 constitutum
2826 5025 3225 5096 Lantgravium
3273 5022 3590 5096 Turingia:
3628 5014 3710 5096 cui
3749 5015 3843 5096 tutu

2303 5079 2578 5156 iérh'i’s'éé'
2592 5079 2672 5153 ’1⁵6
2684 5079 3127 5166 ﬁdhemﬁ’ebai
3149 5079 3539 5151 llenscllenﬁis
3562 5105 3623 5166 e_x
3647 5079 3845 5166 Annal}:

2411 5148 2818 5296 FHiJeﬁdsglsh'é,‘
2831 5148 3134 5239 'iiegidaﬁé
3149 5148 3164 5150 θ
3177 5148 3439 5222 eia—liis.
3473 5167 3548 5218 De
3576 5148 3844 5216 Burchardo

2279 5258 2321 5296 n
2354 5257 2412 5296 ra
2452 5256 2574 5296 can.
2684 5283 2696 5296 .
3816 5287 3826 5296 .

2264 5243 2412 5298 infra
2452 5256 2574 5298 can.
2613 5243 2696 5296 40.

2329 5257 2345 5297 ι
2381 5280 2396 5298 .
2452 5257 2514 5296 ca
2565 5283 2574 5294 .
2613 5257 2696 5296 w.

2329 5257 2806 5384 dr‘Tl'legipngaudus
2858 5326 3067 5385 comes,
3135 5309 3353 5365 Odonis
3393 5287 3841 5385 regishneposjnfg

2257 5357 2981 5455 Albe‘r‘ivcto.u‘squu‘evsociis
2989 5357 3070 5438 “iri
3101 5357 3452 5455 monasterio
3462 5357 3681 5455 §.:§i_xti
3697 5357 3838 5455 "1de

2258 5463 2496 5512 vocatur
2538 5440 2744 5523 R'otila,
2778 5456 2910 5511 dolo
2952 5453 3286 5509 interfectus
3327 5456 3412 5505 est
3443 5440 3728 5523 v__Kalend.
3762 5440 3843 5487 ὅθ’

2261 5527 2630 5600 ριεωὺεεξηηὶ
2651 5520 2777 5596 892,
2796 5541 2864 5582 ex
2887 5525 3206 5600 Annalibus
3224 5520 3610 5600 Mettensibus.
3669 5595 3708 5600 Α
3724 5578 3759 5600 Α

2327 5574 2864 5654 ξ’ᾇῖιίιῗῆὸξίτῖιὶὲξ
3521 5603 3612 5644 vas
3651 5574 3841 5667 pocilla-

2259 5671 2473 5728 torium
2504 5683 2643 5726 ansa
2674 5670 3044 5740 instructum,
3067 5663 3411 5724 Germanice
3439 5663 3678 5727 hennapi.
