4060 6150
257 278 363 338 885

1257 276 1349 332 DE
1386 277 1547 340 VITA
1582 283 1637 339 S.
1680 279 2112 338 WALPURGIS.
2158 310 2223 321 —-
2263 282 2462 337 LIBER
2501 283 2596 338 III.

3567 282 3677 342 886

259 423 356 478 we,
401 404 809 461 Adaloltestoch
852 404 1281 476 nuncupamine
1322 407 1632 469 vocitatus.
1677 406 1901 478 multis,
1939 399 1999 461 A
2023 405 2301 476 crymosis
2330 405 2693 478 singultuum
2714 405 2953 463 vocibus
2977 406 3349 478 postulantes.
3373 406 3526 478 Quos
3545 423 3674 467 cum

262 496 402 554 mihi
436 508 665 567 quoque
697 494 807 551 ista
838 494 1083 550 ﬁdeliter
1116 497 1392 554 scribenti
1442 498 1776 568 plenissime
1806 511 1912 553 co-

262 588 477 660 gnitus,
511 585 567 640 in
598 599 711 655 quo
743 584 1000 654 quadam
1044 586 1235 641 adhuc
1266 587 1325 643 in
1359 574 1489 644 vita
1507 593 1797 660 superstes
1824 590 1912 642 est

263 673 622 744 muliercula,
645 674 875 729 nomine
890 673 1089 742 Asnia,
1114 676 1173 731 in
1192 690 1305 746 qua
1323 692 1572 748 superna
1594 677 1906 746 miseratio,

262 763 711 835 suifragantibus
743 764 943 819 matris
973 771 1183 820 nostra
1216 767 1461 837 meritis,
1497 768 1755 839 quinque
1784 765 1913 821 evi—

260 853 599 910 dentissima
631 854 859 922 operari
891 853 1126 924 dignata
1156 860 1243 909 est
1274 856 1456 927 signa.
1492 859 1629 911 Nam
1665 855 1828 911 labili
1856 858 1913 909 et

261 942 505 999 tremulo
553 956 787 1012 corpore
838 946 959 997 tota
1012 943 1247 1014 caduca,
1308 944 1545 1014 insuper
1598 944 1912 1000 obsistente

259 1032 422 1089 obice
451 1030 789 1087 inﬂexibilis
809 1031 1022 1102 lingua
1050 1032 1457 1088 miserabiliter
1488 1038 1663 1102 muta,
1688 1033 1756 1088 ad
1779 1046 1915 1088 cun-

258 1122 371 1177 ctis
396 1125 593 1176 notum
622 1121 1032 1177 monasterium
1060 1126 1144 1176 est
1174 1122 1441 1193 adducta,
1475 1128 1539 1177 ut
1566 1122 1648 1177 ibi
1682 1122 1915 1177 inveni—

260 1215 348 1266 ret
372 1210 708 1271 remedium,
744 1211 842 1266 ubi
877 1210 1043 1267 multi
1076 1212 1383 1282 quasitum
1412 1213 1677 1268 invenere
1707 1211 1917 1282 prasi-

258 1300 441 1355 dium.
471 1300 725 1370 Cumque
744 1299 891 1355 inibi
917 1300 1262 1372 lacrymosas
1283 1303 1351 1358 ad
1372 1303 1678 1357 Dominum
1703 1300 1917 1357 funde—

262 1394 345 1445 ret
368 1402 582 1460 preces,
611 1402 718 1444 vox
743 1389 801 1443 in
823 1388 1065 1445 sublimi
1098 1390 1297 1446 audita
1319 1395 1405 1447 est
1425 1388 1830 1461 supplicantis,
1860 1392 1917 1444 et

259 1477 476 1534 sociata
500 1476 767 1548 lacrymis
788 1477 1033 1534 sanitate
1054 1492 1348 1549 corporea,
1369 1478 1681 1535 incolumis
1704 1477 1917 1533 mulier

258 1566 621 1624 remeavitad
653 1568 903 1638 propria.
933 1567 1045 1623 Sed
1081 1567 1347 1640 insipida
1376 1568 1687 1625 multorum
1723 1566 1914 1623 rusti-

256 1671 532 1713 canorum
560 1670 623 1712 ac
648 1657 1013 1713 sacularium
1033 1662 1266 1726 mentes,
1290 1659 1426 1714 dum
1445 1658 1593 1714 dona
1615 1671 1647 1713 a
1668 1656 1910 1713 Domino

255 1751 311 1802 et
338 1746 573 1816 pramia
594 1752 1029 1817 consequuntur
1058 1748 1335 1817 indebita,
1363 1761 1473 1803 non
1494 1748 1563 1802 ad
1591 1747 1789 1803 laudes
1810 1759 1912 1801 nec
1944 1737 1996 1799 B

256 1836 323 1892 ad
366 1835 582 1907 dignas
621 1836 937 1907 gratiarum
983 1851 1043 1892 se
1074 1841 1394 1908 praparant
1434 1837 1730 1893 actiones:
1767 1836 1911 1907 quin

258 1927 444 1998 magis
473 1940 573 1995 pro
602 1925 798 1997 dignis
829 1940 1040 1982 munus
1068 1941 1127 1983 se
1156 1928 1383 1983 caleste
1414 1928 1735 1998 percepisse
1763 1926 1917 1983 asti-

259 2024 420 2071 mant
436 2015 678 2085 meritis,
694 2020 795 2071 aut
815 2021 966 2071 certe
985 2016 1168 2071 nullis
1190 2016 1645 2086 pracedentibus
1668 2017 1912 2090 meritis,

257 2106 354 2161 sed
394 2105 581 2161 solum
611 2105 821 2161 divina
854 2105 1077 2160 auxilio
1121 2105 1528 2161 miserationis.
1568 2108 1647 2162 tta
1683 2107 1740 2162 in
1768 2106 1915 2162 bono

255 2194 538 2251 deficiunt
552 2208 721 2266 opera
744 2199 807 2250 ut
829 2208 1185 2265 nequaquam
1203 2193 1441 2251 stabiles
1462 2196 1832 2251 inveniantur
1854 2195 1914 2250 in

256 2285 390 2339 ﬁde.
414 2284 572 2354 Quod
602 2285 778 2354 hujus
804 2285 1160 2340 muliercula
1200 2284 1479 2341 fortuitus
1513 2284 1713 2355 probat
1742 2300 1918 2341 even—

256 2381 373 2444 tus,
409 2375 544 2430 dum
579 2374 660 2429 rei
692 2379 861 2445 gesta
894 2381 1165 2430 narratur
1193 2374 1451 2430 auditus.
1492 2375 1733 2430 Veniens
1765 2388 1917 2430 nam-

256 2476 368 2529 que
400 2464 631 2518 domum
665 2469 781 2519 tota
807 2464 1074 2519 restituta
1111 2463 1308 2534 saluti,
1341 2462 1491 2518 infra
1519 2463 1707 2518 decem
1741 2462 1915 2519 ferme

254 2550 745 2607 hebdomadarum
775 2551 1063 2607 circulum
1100 2551 1311 2622 nullas,
1347 2557 1410 2607 ut
1434 2552 1659 2622 Opinor,
1682 2552 1913 2607 debitas

253 2640 558 2697 Α]ῐὶδεὶωο
579 2641 778 2699 retulit
798 2649 1002 2715 grates.
1029 2642 1178 2711 Quin
1209 2642 1403 2712 potius
1425 2641 1686 2713 segnitia
1708 2649 1914 2711 tempo-

262 2730 410 2786 ralis
457 2731 681 2786 incuria
725 2746 939 2802 pressa,
992 2737 1230 2787 mentem
1275 2731 1554 2787 lubricam
1588 2732 1657 2786 ad
1698 2731 1911 2787 caduca

257 2821 486 2876 reﬂexit
506 2828 558 2876 et
582 2821 732 2877 haud
756 2820 1159 2877 obliviscenda
1182 2821 1429 2892 pr0pria
1454 2820 1633 2876 oblita
1654 2825 1741 2875 est
1763 2820 1912 2875 sani-

252 2910 418 2965 tatis.
444 2909 601 2966 Unde
620 2917 744 2979 post
760 2910 1101 2980 explicatam
1130 2910 1414 2981 pralibati
1441 2910 1717 2979 temporis
1735 2923 1911 2980 quan-

254 2999 505 3067 titatem,
537 2998 810 3071 dignatus
836 3001 988 3055 Deus
1009 2999 1373 3069 omnipotens
1404 2998 1625 3054 salubri
1657 2998 1912 3069 castiga-

256 3088 421 3143 tione
451 3068 629 3143 suamv
655 3101 1013 3144 commonere
1053 3068 1347 3160 ancillam,
1377 3102 1447 3143 ne
1480 3088 1625 3143 tanti
1656 3068 1911 3143 muneris
1939 3068 1988 3130 C-

253 3175 604 3233 felicissimo
645 3178 796 3234 dono
851 3178 1075 3251 ingrata
1124 3176 1244 3233 fore
1289 3178 1630 3246 videretur;
1666 3177 1907 3248 quadam

251 3271 423 3321 nocte
453 3266 790 3334 hujusmodi
830 3266 1077 3321 visionis
1118 3280 1239 3322 eam
1270 3280 1574 3338 aggressus
1612 3273 1698 3322 est
1735 3280 1903 3322 voce:

248 3356 385 3425 Cur,
424 3355 636 3426 inquit,
665 3356 1024 3425 muliercula,
1051 3357 1168 3426 jam
1190 3356 1344 3411 enim
1371 3356 1612 3412 Domino
1637 3362 1817 3428 grata,
1839 3356 1909 3411 de

250 3445 540 3514 perceptis
583 3445 759 3500 tantis
802 3445 1097 3501 beneficiis
1139 3445 1355 3501 calesti
1398 3446 1595 3517 gratia
1636 3446 1909 3502 hactenus

247 3533 500 3589 existere
539 3533 777 3589 voluisti
826 3535 1046 3605 ingrata
1081 3533 1109 3588 ‘2
1144 3534 1281 3589 Redi
1328 3534 1511 3606 igitur
1547 3535 1615 3589 ad
1664 3540 1907 3590 mentem

250 3625 410 3677 tuam
435 3622 589 3678 omni
616 3623 978 3679 dubitatione
1002 3624 1287 3694 submota,
1312 3623 1523 3695 etquid
1550 3623 1607 3678 in
1633 3629 1686 3679 te
1704 3623 1907 3679 deiﬁca

246 3713 441 3768 virtus
476 3713 553 3768 sit
591 3719 841 3785 operata,
884 3713 1086 3770 nubilo
1128 3714 1322 3770 cordis
1356 3715 1581 3769 deterso
1617 3713 1903 3785 recogita;

248 3803 521 3872 undeque
543 3802 650 3857 tibi
672 3803 830 3858 salus
852 3803 1103 3875 indigna
1135 3804 1480 3874 provenerit,
1505 3803 1908 3859 curiosissima

244 3889 437 3946 animi
481 3892 832 3946 scrutatione
872 3896 1172 3960 pertracta.
1224 3893 1293 3945 Et
1330 3904 1457 3947 cum
1510 3892 1909 3947 incunctanter

245 3983 359 4034 tua
394 3980 663 4034 tenebras
688 3980 1027 4051 ignorantia
1054 3980 1324 4051 diligenti
1352 3980 1774 4035 examinatione
1792 3979 1907 4034 dis-

243 4069 528 4138 cusseris,
575 4083 817 4141 surgens
854 4070 1080 4125 concito
1111 4070 1314 4141 gradu,
1346 4070 1416 4125 ad
1448 4070 1746 4123 Moenheim
1779 4083 1909 4125 mo—

244 4158 570 4214 nasterium
601 4172 766 4230 perge
790 4159 986 4229 ibique
1009 4160 1350 4229 competenti
1381 4159 1659 4228 completa
1683 4160 1906 4214 oratio—

244 4260 334 4315 ne,
358 4262 392 4302 a
422 4247 717 4303 Deithilda
746 4249 995 4304 custrice
1018 4248 1274 4303 ecclesia
1297 4248 1367 4304 ad
1390 4249 1738 4318 operandum
1767 4261 1908 4317 pro-

246 4337 400 4405 priis
457 4337 721 4391 manibus
767 4337 990 4407 aliquid
1040 4338 1232 4407 operis
1272 4337 1486 4408 accipe,
1535 4342 1599 4393 ut
1645 4337 1796 4392 scias
1836 4337 1906 4392 de

244 4426 484 4496 reliquo
510 4431 620 4480 tua
643 4414 890 4481 domina
918 4426 1176 4482 debitum
1211 4426 1535 4496 impendere
1567 4424 1902 4482 famulatum

243 4527 277 4568 a
299 4528 418 4584 qua
448 4514 746 4583 insperata
767 4515 974 4570 salutis
1001 4515 1262 4571 meruisti
1293 4516 1717 4571 commercium.
1743 4516 1903 4585 Quod

242 4604 296 4659 si
325 4617 448 4660 non
490 4601 713 4675 feceris,
746 4605 897 4660 scias
924 4610 977 4659 te
1009 4604 1391 4675 proculdubio
1430 4605 1683 4675 aliquam
1718 4605 1776 4661 in
1807 4610 1905 4662 tuo

241 4705 493 4762 corpore
524 4692 779 4748 invenire
812 4693 1149 4764 molestiam,
1183 4699 1247 4749 ut
1271 4694 1395 4763 ipsa
1422 4694 1646 4748 vexatio
1674 4693 1910 4749 intelle—

240 4786 406 4837 ctum
435 4781 666 4838 auditui
697 4781 952 4839 conferat
979 4796 1145 4854 quem
1168 4782 1315 4838 lenis
1334 4781 1651 4839 admonitio
1673 4796 1786 4838 non
1813 4796 1910 4838 re—

239 4869 447 4943 gebat,
482 4875 589 4925 etc.
619 4881 651 4911 ι
680 4911 693 4926 .

884 4980 1105 5036 CAPUT
1138 4981 1275 5037 VIII.

311 5093 548 5146 Interea
575 5089 713 5145 dum
745 5089 864 5145 hac
892 5095 1217 5161 agerentur,
1249 5089 1484 5160 quidam
1515 5090 1699 5162 ignoti
1729 5096 1846 5149 tres
1875 5109 1908 5151 a

242 5178 561 5235 nativitate
590 5179 865 5235 advenere
903 5179 1036 5234 caci
1076 5182 1133 5234 et
1164 5179 1436 5249 pauperie
1475 5184 1712 5251 urgente
1744 5197 1909 5239 men-

240 5268 391 5335 dici,
428 5269 692 5337 corporis
716 5274 769 5324 et
791 5268 1033 5325 luminis
1059 5269 1328 5325 solatium
1361 5269 1720 5341 requirentes
1741 5278 1796 5327 et
1816 5273 1909 5329 la—

314 5425 347 5455 a
374 5412 453 5466 Et
484 5410 580 5466 hic
613 5426 786 5468 unum
821 5413 1117 5468 omissum.

317 5483 348 5562 ξ)
379 5483 582 5562 Scipio
599 5498 699 5539 seu
724 5484 965 5562 baculus
978 5485 1395 5562 §._Walpurgis
1417 5487 1600 5562 serico
1622 5486 1904 5562 inclusus,

243 5554 508 5611 Colonia
532 5555 590 5610 in
621 5562 807 5627 monte
832 5557 886 5609 S.
923 5554 1275 5627 Walpurg’is,
1306 5554 1430 5627 qua
1460 5559 1683 5615 Patrum
1709 5554 1910 5617 Socie—l

247 5627 395 5681 tatis
423 5627 560 5682 Jesu
586 5626 828 5682 ecclesia
857 5632 964 5691 est,
995 5626 1276 5684 asservari
1300 5626 1538 5684 dicitur.

2023 492 2458 550 materfamilias
2502 494 2729 551 Liubila
2773 508 2901 551 cum
2943 496 3165 552 devotis
3193 497 3306 551 Deo
3347 494 3673 554 famulabus

2023 584 2352 640 humaniter
2391 585 2737 655 suscepisset
2765 590 2822 641 et
2858 585 3046 641 victus
3075 585 3405 641 alimoniam
3440 587 3675 645 miseri-

2022 673 2272 728 corditer
2303 673 2705 731 ministrasset.
2738 674 2922 729 visum
2948 678 3034 729 est
3054 673 3140 729 eis
3168 681 3228 730 ut
3253 673 3526 746 suffragia
3551 676 3678 731 vir-

2023 761 2179 832 ginis
2208 762 2486 818 attentius
2525 762 2916 833 implorarent,
2963 770 3244 834 quatenus
3272 764 3459 818 visum
3490 776 3523 818 a
3549 763 3677 833 pri—

2026 863 2195 905 mava
2240 850 2465 922 origine
2510 851 2870 921 inexpertum
2909 852 3035 920 ejus
3077 850 3297 906 meritis
3327 857 3382 906 et
3412 851 3678 921 precibus

2022 939 2269 1008 adipisci
2304 946 2673 995 mererentur.
2702 941 2951 996 Motibus
2979 941 3160 1012 igitur
3182 940 3399 1012 quibus
3420 946 3678 1010 poterant

2026 1028 2085 1083 in
2117 1028 2416 1085 ecclesiam
2450 1030 2749 1100 intravere,
2784 1034 2839 1085 et
2869 1029 3016 1086 facta
3042 1030 3309 1093 oratione.
3328 1030 3515 1095 votiva
3542 1034 3679 1086 tan—

2024 1116 2081 1188 gi
2109 1117 2223 1173 sibi
2251 1132 2397 1175 caca
2423 1119 2645 1175 lumina
2671 1119 2967 1176 oculorum
2994 1119 3064 1174 de
3084 1118 3348 1175 cambuta
3372 1119 3401 1162 b
3430 1118 3678 1191 virginis

2026 1207 2257 1277 petiere.
2290 1208 2447 1277 Quod
2480 1210 2616 1265 dum
2644 1208 2857 1265 factum
2888 1214 3055 1279 esset,
3083 1209 3295 1265 sensim
3325 1209 3486 1265 visus
3511 1208 3682 1265 inco-

2025 1296 2224 1367 gnitus
2255 1299 2510 1367 pervenit
2538 1300 2607 1355 ad
2645 1298 2830 1370 orbes,
2862 1304 2919 1355 et
2952 1298 3212 1355 irradiati
3246 1298 3428 1354 radiis
3452 1297 3681 1368 jubaris

2027 1382 2212 1440 lucem
2257 1400 2482 1442 crevere
2524 1388 2856 1460 gaudentes.
2903 1388 2962 1443 Id
3007 1401 3202 1443 omnes
3247 1387 3345 1458 qui
3389 1387 3582 1443 videre
3623 1391 3679 1442 et

2024 1472 2261 1530 audiere
2286 1475 2664 1548 miratisunt,
2692 1482 2749 1532 et
2770 1476 2824 1532 ei
2853 1476 2951 1547 qui
2976 1476 3136 1532 solus
3158 1475 3457 1545 mirabilia
3476 1488 3676 1549 magna

2028 1559 2165 1619 fecit
2193 1564 2410 1635 gratias
2440 1579 2553 1622 non
2586 1565 2839 1621 modicas
2870 1564 3212 1621 retulerunt.

2674 1689 2896 1745 CAPUT
2929 1690 3025 1745 IX.

2096 1796 2349 1865 Quadam
2389 1796 2485 1853 die
2514 1796 2650 1852 dum
2683 1811 2787 1869 ego
2824 1798 2895 1853 ad
2928 1797 3078 1854 idem
3110 1797 3521 1854 monasterium
3559 1795 3681 1852 ali-

2027 1887 2167 1957 quid
2187 1886 2316 1943 novi
2334 1900 2399 1942 ac
2418 1886 2800 1943 desiderabile
2819 1887 3022 1943 audire
3041 1888 3282 1958 cupiens
3300 1888 3676 1958 advenissem,

2026 1980 2082 2029 et
2105 1975 2256 2030 fideli
2279 1976 2473 2032 animo
2494 1976 2542 2031 si
2567 1976 2706 2047 quid
2733 1976 2937 2032 auditu
2968 1976 3207 2048 dignum
3233 1977 3505 2033 existeret
3527 1977 3674 2047 quod

2026 2064 2095 2119 ad
2128 2064 2394 2120 notitiam
2443 2066 2763 2134 perveniret
2801 2065 3174 2136 requirerem,
3218 2064 3526 2121 adfuerunt
3552 2065 3680 2121 dua

2027 2165 2093 2206 ex
2128 2152 2377 2225 virginis
2407 2152 2733 2209 famulabus
2760 2153 3073 2209 Diethildis
3109 2159 3165 2209 et
3193 2153 3527 2210 Ruathildis
3554 2166 3679 2224 qua

2029 2254 2164 2296 mea
2194 2240 2591 2297 satisfacerent
2619 2242 2925 2313 voluntati,
2964 2242 3224 2312 mihique
3257 2256 3387 2298 cum
3413 2241 3681 2298 cautione

2026 2334 2083 2385 et
2101 2330 2363 2386 chartula
2390 2331 2663 2386 residenti
2700 2331 2849 2386 inter
2868 2330 2983 2386 alia
3008 2331 3403 2400 hujuscemodi
3432 2331 3678 2388 retulere

2028 2420 2390 2475 miraculum.
2440 2420 2667 2476 Accidit
2722 2434 2984 2491 namque,
3031 2421 3218 2489 aiunt,
3262 2426 3327 2476 ut
3365 2420 3675 2477 multorum

2026 2509 2205 2565 moris
2228 2514 2314 2563 est
2335 2509 2712 2579 quarentium
2736 2510 3041 2565 Dominum
3064 2514 3120 2565 et
3139 2524 3375 2565 suorum
3400 2510 3681 2566 interven-

2024 2599 2212 2654 tiones
2241 2604 2589 2669 sanctorum,
2625 2603 2689 2653 ut
2728 2599 2964 2669 quidam
3004 2598 3287 2654 orationis
3316 2612 3487 2654 causa
3531 2598 3678 2654 idem

2024 2690 2339 2743 oratorium
2383 2688 2683 2744 adiissent.
2739 2689 3022 2743 lntrantes
3071 2699 3201 2743 vero
3245 2688 3305 2743 in
3355 2688 3676 2762 ecclesiam,

2022 2776 2159 2832 dum
2190 2778 2573 2833 adoraverunt
2601 2777 2881 2832 viventem
2915 2777 2973 2832 in
3009 2777 3238 2849 sacula,
3271 2777 3443 2834 etiam
3474 2777 3683 2835 beatis-

2022 2866 2184 2922 sima
2204 2867 2541 2939 Walpurgis
2568 2866 2766 2938 pronis
2791 2866 3053 2923 vultibus
3077 2866 3356 2938 quasiere
3381 2865 3671 2941 suﬁ’ragia.

2020 2955 2424 3026 Completoque
2451 2970 2552 3026 pro
2575 2970 2688 3027 quo
2714 2963 2983 3012 venerant
3009 2961 3158 3027 voto,
3194 2956 3430 3027 insuper
3448 2963 3677 3029 accepta

2022 3044 2419 3101 benedictione
2453 3060 2579 3116 qua
2616 3059 2805 3101 comes
2846 3046 2905 3100 in
2936 3047 3124 3102 eundo
3149 3047 3420 3103 existeret
3445 3047 3672 3119 anima,

2020 3134 2219 3189 viatici
2252 3148 2479 3205 quoque
2506 3134 2824 3204 corporalis
2857 3135 3144 3207 eulogiam
3176 3148 3210 3190 a
3236 3135 3672 3192 matrefamilias

2019 3235 2301 3291 accepere.
2331 3225 2463 3278 Erat
2495 3223 2653 3278 enim
2698 3228 2921 3293 tempus
2958 3223 3282 3279 abstinendi
3314 3236 3347 3277 a
3377 3237 3581 3279 carne:
3615 3230 3673 3280 et

2020 3310 2240 3366 idcirco
2288 3323 2351 3365 ea
2390 3325 2515 3381 qua
2564 3324 2765 3366 manus
2806 3311 3106 3382 largientis
3152 3311 3443 3367 invenerat
3476 3325 3666 3368 secum

2018 3400 2210 3455 animo
2236 3400 2438 3454 devoto
2468 3399 2670 3468 tulere,
2704 3400 2947 3469 scilicet,
2985 3413 3204 3468 panem,
3240 3412 3465 3456 caseum
3497 3405 3668 3470 atque

2018 3487 2340 3544 cervisiam.
2392 3490 2535 3543 Dum
2566 3501 2700 3559 ergo
2747 3487 2817 3542 ab
2859 3488 2946 3543 eis
2992 3487 3169 3558 piscis
3214 3494 3581 3558 quareretur,
3614 3494 3671 3544 et

2020 3582 2258 3648 negante
2295 3576 2622 3647 qualitativi
2663 3576 2940 3646 temporis
2992 3576 3113 3632 vice
3155 3576 3389 3632 minime
3421 3577 3666 3647 adipisci

2020 3666 2320 3737 potuisset,
2349 3666 2566 3721 onerati
2596 3665 2822 3720 sarcina
2853 3665 3121 3734 superius
3149 3670 3378 3721 exarata
3410 3665 3519 3721 iter
3547 3680 3669 3722 ca-

2021 3769 2150 3825 pere
2172 3755 2445 3810 redeundi
2468 3753 2537 3809 ad
2567 3754 2816 3824 propria.
2840 3754 3095 3823 Cumque
3122 3752 3371 3823 plurima
3395 3752 3671 3809 fabulan-

2020 3850 2104 3899 tes
2154 3844 2515 3900 comitatium
2581 3856 2735 3899 more
2784 3844 3129 3913 incederent,
3188 3848 3416 3899 ventum
3472 3847 3559 3899 est
3594 3844 3662 3901 ad

2020 3933 2207 3989 locum
2251 3934 2350 3989 ubi
2383 3938 2547 4005 grata
2584 3938 2640 3989 et
2676 3933 2923 3989 virentia
2956 3932 3235 4002 jumeutis
3276 3933 3532 4003 gramina
3566 3947 3667 4003 pro

2018 4029 2126 4078 tem
2138 4023 2294 4093 poris
2313 4024 2688 4095 congruentia
2714 4023 3129 4078 invenirentur.
3151 4024 3209 4079 In
3228 4036 3341 4093 quo
3361 4027 3667 4080 exonerato

2016 4113 2343 4169 eorumdem
2394 4112 2640 4182 pondere
2681 4113 3093 4181 jumentorum,
3139 4112 3209 4167 de
3246 4112 3347 4167 Dei
3392 4111 3563 4168 donis
3599 4125 3666 4168 ac

2016 4203 2169 4258 datis
2194 4208 2249 4258 et
2278 4200 2783 4257 benedictionibus
2823 4200 3072 4271 virginis
3108 4201 3429 4270 percepturi
3461 4215 3583 4257 sese
3606 4202 3665 4257 in

2018 4292 2208 4349 fenum
2239 4292 2424 4347 viride
2459 4296 2906 4363 prostraverunt.
2929 4292 3069 4345 Tum
3104 4290 3154 4345 is
3178 4290 3279 4361 qui
3311 4303 3506 4346 eorum
3535 4304 3669 4347 sar-

1929 4397 1984 4457 D
2016 4382 2168 4437 cinis
2221 4396 2448 4439 manum
2502 4380 2812 4436 immittere
2869 4378 3220 4434 familiarius
3271 4383 3662 4450 consueverat,

2017 4471 2314 4527 sistarcias
2346 4483 2370 4513 ο
2401 4471 2693 4527 evidenter
2735 4468 3018 4538 aperiens,
3173 4467 3321 4523 miro
3360 4467 3664 4523 admodum

2018 4560 2186 4616 modo
2214 4561 2465 4615 invisum
2495 4564 2661 4615 antea
2694 4564 2751 4613 et
2778 4558 3054 4613 intactum
3094 4555 3319 4627 aspexit
3341 4562 3398 4612 et
3426 4555 3669 4613 sustulit

2019 4649 2252 4720 piscem,
2292 4653 2399 4704 etc.

2677 4779 2900 4836 CAPUT
2930 4781 3001 4837 Χ.

2088 4913 2212 4968 Duo
2228 4924 2261 4965 a
2277 4910 2507 4982 regione
2525 4906 2804 4977 Turingia
2824 4906 3141 4962 Burchardi
3163 4905 3399 4963 comitis
3420 4905 3663 4979 milites,

2016 5001 2350 5058 Deitharius
2379 5002 2550 5069 atque
2578 4995 2737 5065 Heio,
2763 5009 2937 5051 sacra
2962 4994 3211 5068 virginis
3234 4995 3512 5066 quasiere
3534 5010 3671 5068 pra-

2019 5092 2190 5161 sidia,
2210 5089 2557 5146 adducentes
2576 5098 2768 5142 secum
2793 5082 3060 5139 feminam
3080 5085 3382 5155 quamdam
3408 5086 3669 5142 humana

2025 5180 2274 5239 modulis
2305 5176 2544 5250 loquela
2570 5179 2876 5244 carentem,
2908 5178 2972 5229 ut
2994 5172 3075 5229 ibi
3096 5174 3339 5231 Domino
3364 5175 3669 5230 miserante

2022 5275 2338 5327 mereretur
2375 5267 2632 5338 accipere
2671 5265 2913 5337 gratiam
2955 5263 3054 5321 ubi
3088 5264 3257 5321 multi
3291 5263 3668 5334 multiplicem

2092 5427 2117 5457 ο
2158 5412 2373 5471 Gracis
2391 5398 2634 5487 σιταρκίοξ
2656 5414 3004 5464 commeatum
3043 5421 3439 5487 annonamque
3469 5404 3664 5475 signi-

2021 5489 2182 5545 ficat:
2206 5484 2427 5540 Latinis
2444 5480 2689 5543 sitiu'cia,
2714 5488 2980 5551 corrupte
2999 5480 3249 5551 sistarcin
3268 5480 3520 5551 sumitur
3542 5487 3665 5543 pro-

2019 5562 2167 5616 cista
2196 5562 2297 5612 aut
2323 5555 2575 5610 canistro
2604 5553 2689 5608 vel
2725 5547 2989 5620 mantica,
3023 5563 3134 5620 qua
3171 5547 3365 5603 edulia
3394 5558 3664 5613 compor—

2021 5636 2238 5701 tantur,
2269 5630 2295 5684 Ι
2322 5628 2557 5697 Regum,
2588 5638 2712 5694 cap.
2747 5637 2828 5693 1x,
2859 5635 2912 5675 v.
2944 5628 2996 5675 7.
