4058 6154
327 279 434 340 887

1259 279 1740 338 WOLFIIARDUS
1777 281 2165 338 PRESBYTER
2203 274 2790 338 HASENBIETANUS.

3640 267 3756 324 888

332 407 624 466 consecuti
665 412 801 464 sunt
841 407 1084 464 veniam.
1127 407 1250 476 Quo
1279 407 1414 462 dum
1447 419 1716 477 prospero
1753 407 1982 464 itineris
2005 408 2067 469 A
2090 411 2356 478 pausaret
2380 408 2440 463 in
2467 403 2700 474 lectulo,
2733 397 2923 456 adfuit
2945 396 2999 452 ei
3027 395 3286 468 quaadam
3314 392 3602 466 elegantis
3627 407 3761 464 spo-

331 497 477 553 calle
503 496 680 553 alacri
717 497 886 553 corde
920 495 1228 564 venissent;
1255 495 1544 552 desiderio
1591 495 1757 565 potiti
1791 496 1982 566 priore

332 585 458 642 suis
480 599 581 656 pro
602 585 850 656 piaculis
872 583 1289 656 indulgentiam
1317 583 1465 640 fusis
1481 597 1514 640 a
1534 582 1712 640 fundo
1733 585 1982 655 pectoris

333 673 600 746 precibus
645 673 952 745 petierunt.
999 673 1141 728 Dein
1179 671 1353 729 allata
1393 673 1736 730 munuscula
1771 673 1980 730 altario

335 763 710 835 imponentes,
750 761 1047 820 mulierem
1079 761 1254 818 etiam
1281 765 1496 818 mutam
1528 775 1701 833 quam
1731 776 1922 819 secum
1947 777 1981 819 a

333 853 521 924 patria
565 853 949 919 adduxerunt,
993 851 1186 908 animo
1222 851 1424 908 devoto
1454 856 1511 907 et
1547 852 1780 908 credulo
1814 853 1984 908 corde

331 939 759 1011 Omnipotentis
785 939 1066 1012 largiﬂuze
1099 939 1458 996 miserationi
1487 944 1542 996 et
1566 939 1816 1012 virginis
1839 954 1988 997 com-

335 1029 745 1086 mendaverunt
763 1028 1048 1085 muniﬁca!
1064 1028 1286 1099 pietati.
1309 1027 1409 1084 Illa
1421 1028 1616 1096 etiam,
1630 1029 1766 1100 quia
1786 1029 1985 1101 lingua

336 1131 448 1174 non
479 1117 687 1188 potuit,
722 1117 1016 1174 humiliati
1040 1117 1286 1188 spiritus
1309 1117 1657 1174 contritione
1690 1117 1988 1190 indulgen-

333 1205 474 1262 tiam
498 1206 826 1276 postulavit.
851 1206 1102 1263 Peractis
1124 1220 1225 1277 pro
1247 1205 1462 1277 quibus
1481 1211 1751 1272 venerant
1769 1207 1982 1280 causis,

333 1294 404 1351 ad
446 1309 549 1352 sua
588 1293 777 1350 redire
819 1294 1008 1352 conati
1055 1300 1192 1351 sunt
1233 1294 1485 1351 eamdem
1530 1309 1722 1351 secum
1767 1300 1981 1352 mutam

335 1382 735 1440 mulierculam
785 1383 855 1440 ad
912 1384 1154 1454 patriam
1216 1383 1560 1440 revehentes.
1615 1385 1870 1456 Cumque
1911 1385 1983 1441 de

331 1471 458 1542 ejus
486 1472 777 1544 exquisita
810 1476 868 1528 et
901 1486 1012 1528 non
1047 1471 1275 1529 inventa
1311 1473 1494 1530 salute
1522 1473 1718 1530 tristes
1750 1474 1819 1530 ad
1861 1489 1984 1546 pro-

336 1561 463 1631 pria
511 1561 866 1633 repedarent,
921 1562 1165 1633 quadam
1207 1565 1371 1618 nocte
1417 1576 1546 1618 cum
1594 1562 1744 1619 lassa
1787 1577 1983 1622 omnes

329 1649 516 1722 quieti
529 1649 871 1720 corpuscula
882 1651 1005 1708 trad
1016 1649 1277 1723 idissent,
1295 1651 1418 1722 ipsa
1432 1665 1660 1724 quoque
1673 1651 1984 1710 somnifero

403 1766 428 1796 ι
465 1758 601 1814 Item
639 1757 756 1814 duo
795 1757 893 1814 hic
930 1761 1198 1816 resecuta.

2088 496 2200 553 cici
2233 497 2504 567 mirasque
2534 488 2854 550 venustatis
2899 485 3087 558 puella
3119 497 3246 556 qua;
3281 483 3335 539 ei
3375 483 3519 539 ﬂatu
3560 481 3759 553 placi-

2088 585 2330 642 dissimo
2358 582 2672 640 insuﬁlavit
2699 580 2758 636 in
2780 590 2967 634 aures.
2997 572 3134 644 Quae
3157 573 3357 630 statim
3382 571 3671 644 evigilans
3699 576 3762 626 et

2090 676 2160 731 de
2183 675 2377 730 eadem
2407 672 2564 728 felici
2591 669 2814 727 visione
2850 665 3082 722 curiosa
3111 661 3486 719 meditatione
3523 665 3766 732 pertra—

2092 769 2274 826 ctans,
2303 763 2493 834 ligata:
2511 761 2564 816 ei
2588 759 2842 816 solutum
2870 758 2960 811 est
2985 752 3283 809 vinculum
3315 750 3533 822 linguze
3551 753 3609 806 et
3638 762 3766 804 mo-

2091 851 2262 908 dulos
2287 855 2558 922 prompta
2587 847 2764 918 cmpit
2781 857 3043 902 exercere
3072 840 3336 912 loquelae,
3363 837 3620 896 referens
3642 839 3765 894 de-

2094 940 2246 997 bitas
2275 951 2576 996 munerum
2607 933 2872 1008 largitori
2895 932 3095 988 laudes
3115 929 3217 1001 qui
3241 928 3449 986 locatis
3469 941 3662 984 secum
3691 928 3762 983 in

2095 1029 2322 1100 superis
2359 1027 2574 1085 sanctis
2619 1024 2870 1096 plurima
2929 1020 3116 1077 valere
3171 1018 3410 1075 donavit
3449 1017 3511 1073 in
3558 1017 3757 1073 terris.

2093 1120 2252 1176 Unde
2272 1118 2510 1174 comites
2533 1120 2590 1172 et
2605 1112 2860 1172 universi
2882 1111 2984 1182 qui
3007 1109 3241 1166 audiere
3261 1107 3458 1163 mirati
3489 1107 3764 1179 laetisque

2097 1207 2380 1265 meatibus
2426 1205 2690 1276 proprias
2733 1201 2983 1258 revisere
3025 1197 3280 1255 tellures.
3327 1196 3435 1252 Sed
3480 1195 3760 1266 prudenti

2093 1299 2288 1355 animo
2307 1295 2624 1368 cegitantes
2648 1306 2761 1350 non
2780 1292 2980 1348 decere
3006 1293 3119 1344 tam
3143 1287 3379 1342 evidens
3402 1285 3762 1342 miraculum

2093 1386 2347 1456 reticeri,
2388 1389 2586 1441 notum
2620 1397 2720 1454 per
2752 1394 2889 1438 suos
2919 1377 3267 1435 monasterio
3297 1387 3477 1432 sacra:
3502 1375 3766 1446 virginis

2091 1475 2276 1532 facere
2300 1473 2669 1542 studuerunt,
2699 1475 2762 1526 ut
2780 1469 2882 1524 Dei
2907 1466 3015 1524 fam
3025 1465 3231 1523 ulabus
3250 1468 3308 1520 et
3327 1463 3604 1520 omnibus
3624 1463 3768 1520 ﬁde-

2092 1565 2228 1621 liter
2242 1561 2617 1620 audientibus
2634 1559 2794 1616 ﬁeret
2808 1556 3103 1630 cognitum
3126 1553 3276 1626 quod
3299 1554 3358 1610 in
3377 1551 3578 1610 eadem
3596 1551 3768 1608 femi'

2093 1668 2168 1712 na
2198 1653 2486 1710 divinitus
2519 1654 2608 1707 est
2639 1653 2952 1707 ostensum.
2979 1657 3012 1689 α

1681 2007 1934 2077 LIBER
2009 2007 2401 2096 QUARTUS

1193 2193 1653 2277 Complectens
1702 2194 1853 2260 alia
1905 2194 2249 2284 miracula
2312 2193 2557 2258 ibidem
2595 2196 2910 2278 patrata.

399 2456 701 2514 Volueram
719 2455 895 2528 hujus
908 2457 1175 2530 opusculi
1193 2457 1552 2532 breviloquio
1570 2464 1774 2518 metam
1793 2461 1988 2532 impo—
2009 2459 2064 2522 B
2095 2461 2252 2518 tione
2282 2466 2580 2534 percurrat
2597 2465 2654 2520 et
2670 2462 2977 2519 Dominum
2999 2460 3185 2518 solum
3213 2459 3510 2516 mirabilia
3530 2458 3767 2516 facien-

331 2560 464 2605 nere
482 2547 824 2605 dissolutam
845 2567 858 2604 :
878 2563 1074 2606 verum
1096 2551 1562 2608 concurrentium
1578 2552 1798 2624 jugiter
1819 2551 1986 2610 mira-

330 2635 540 2693 bilium
565 2650 756 2693 rerum
781 2641 954 2709 atque
987 2639 1286 2711 signorum
1316 2640 1724 2698 desiderabilis
1759 2642 1985 2699 novitas

333 2727 540 2783 iterum
567 2725 892 2798 iterumque
910 2727 979 2784 ad
1004 2728 1370 2787 scribendum
1398 2729 1646 2800 impellit
1667 2734 1840 2802 atque
1860 2743 1986 2802 pro-

329 2820 514 2886 vocat,
537 2819 678 2871 etut
703 2813 950 2885 perfecto
973 2830 1142 2887 opere
1165 2817 1233 2874 ad
1266 2817 1433 2875 ﬁnem
1465 2833 1647 2890 usque
1679 2819 1982 2890 perducam

331 2903 659 2976 frequenter
684 2904 910 2962 invitat.
931 2907 1056 2963 Non
1080 2907 1232 2963 enim
1261 2909 1320 2964 in
1349 2909 1522 2966 initio
1542 2909 1750 2982 galeati
1775 2909 1984 2967 militis

329 2992 650 3067 praeliantis
677 2993 864 3050 virtus
890 2994 1263 3069 adscribitur,
1290 3010 1486 3054 verum
1513 2998 1573 3054 in
1601 2998 1711 3054 ﬁne
1738 2996 1984 3054 efﬁcacis

329 3081 586 3140 victoriae
627 3081 816 3139 virtus
843 3097 972 3140 cum
1012 3083 1202 3142 favore
1229 3099 1262 3142 a
1292 3085 1674 3144 referentibus
1712 3087 1986 3158 propala—

330 3176 444 3228 tur.
476 3172 726 3243 Dignum
755 3176 842 3228 est
869 3173 1022 3229 enim
1050 3177 1114 3230 ut
1143 3175 1270 3231 laus
1301 3176 1644 3246 praedicetur
1673 3177 1734 3233 in
1767 3177 1896 3248 ﬁne,
1927 3182 1985 3235 et

331 3259 466 3316 ﬁnis
494 3260 794 3317 decoretur
820 3261 878 3317 in
901 3261 1090 3334 laude,
1117 3263 1360 3320 Domino
1387 3265 1614 3322 dicente
1636 3283 1650 3320 :
1671 3266 1777 3332 Qui
1787 3281 1988 3336 perse—

328 3350 597 3405 uernae-rit
623 3365 796 3420 usque
822 3351 883 3405 in
903 3354 1084 3422 finem,
1111 3352 1198 3407 hic
1227 3353 1411 3409 salvus
1435 3356 1538 3410 erit
1565 3354 1782 3424 (Matth.
1819 3369 1980 3426 xxrv,

331 3435 440 3509 43).
463 3437 818 3510 Quapropter
839 3438 1024 3496 libelli
1047 3442 1262 3513 quarti,
1292 3442 1522 3500 Christo
1547 3442 1788 3515 favente,
1811 3458 1986 3502 exor—

329 3526 493 3583 dium
521 3527 764 3598 capiam,
797 3532 866 3584 ut
893 3532 950 3584 et
979 3530 1334 3586 transcursis
1372 3531 1520 3602 stylo
1557 3537 1822 3588 currente
1852 3533 1986 3604 glo-

333 3615 508 3674 riosis
535 3630 710 3674 sacrm
733 3617 978 3689 virginis
1004 3617 1304 3676 miraculis
1332 3620 1401 3676 ad
1430 3621 1775 3690 promissum
1804 3621 1986 3678 dialo-

332 3718 465 3775 gum
481 3705 726 3776 veniam,
743 3704 876 3760 etin
892 3719 958 3761 eo
975 3719 1076 3775 pro
1095 3706 1372 3778 ingenioli
1393 3709 1715 3778 quantitate
1729 3709 1983 3767 admisso

2093 2554 2207 2607 tem
2235 2554 2523 2622 agnoscat.
2553 2553 2676 2606 Non
2697 2549 2850 2606 enim
2872 2549 3220 2606 membranis
3247 2543 3520 2605 adnotata
3539 2553 3760 2620 essent,

2093 2639 2144 2695 si
2195 2639 2488 2696 mirabilia
2529 2653 2641 2694 non
2691 2637 2956 2696 fuissent.
3004 2636 3269 2710 Legimus
3316 2651 3566 2708 namque
3615 2637 3763 2710 quia

2094 2727 2260 2800 signa
2291 2741 2401 2785 non
2434 2728 2721 2800 ﬁdelibus,
2746 2729 2842 2785 sed
2875 2727 3206 2784 infidelibus
3233 2728 3366 2784 data
3396 2733 3534 2784 sunt
3557 2727 3612 2797 (Ι
3627 2727 3756 2782 Cor.

2093 2831 2213 2884 xxv,
2245 2814 2356 2888 22).
2402 2816 2560 2874 Unde
2588 2817 2878 2874 credimus
2909 2817 2968 2872 in
3007 2816 3344 2872 novissimis
3385 2815 3758 2886 temporibus

2093 2910 2265 2977 atque
2296 2905 2642 2976 periculosis
2677 2906 2855 2962 multa
2895 2905 3158 2962 inaudita
3187 2904 3412 2975 operari
3449 2905 3756 2960 Christum

2095 3008 2196 3065 per
2227 3007 2387 3050 suam
2412 2993 2716 3050 amabilem
2747 2993 3028 3066 virginem
3058 2992 3203 3049 velle
3240 2993 3526 3066 prodigia,
3557 2999 3624 3049 ut
3647 2992 3764 3049 be-

2093 3085 2292 3141 stiales
2329 3085 2643 3140 innumerae
2674 3084 2733 3140 in
2761 3085 2971 3140 saeculo
3011 3084 3309 3140 hominum
3353 3090 3590 3152 mentes,
3627 3099 3761 3156 qua:

2094 3174 2528 3246 praedicantium
2541 3174 2793 3231 converti
2808 3174 3137 3244 despiciunt
3149 3173 3363 3245 verbis,
3377 3173 3576 3230 saltem
3593 3174 3764 3230 inau-

2092 3264 2236 3320 ditis
2269 3261 2624 3320 inclinentur
2660 3277 2730 3318 ex
2759 3262 2964 3334 signis.
2998 3262 3278 3334 Quisquis
3315 3277 3452 3334 ergo
3482 3263 3670 3336 legere
3698 3270 3764 3319 et

2093 3353 2297 3410 audire
2325 3352 2634 3423 desiderat,
2680 3351 2873 3408 cordis
2904 3352 2955 3407 si
2995 3355 3084 3408 est
3125 3351 3452 3424 rubiginem
3483 3352 3672 3422 tollat,
3696 3359 3764 3408 et

2092 3444 2229 3500 dum
2263 3456 2350 3498 me
2378 3454 2508 3498 vera
2539 3440 2790 3498 scribere
2819 3441 3206 3512 experimento
3235 3441 3531 3513 didicerit,
3557 3442 3763 3498 credat

2094 3534 2354 3605 sciatque
2407 3546 2494 3588 me
2546 3547 2659 3590 non
2709 3533 3008 3605 signorum
3055 3546 3179 3591 esse
3223 3533 3497 3602 fictorem,
3553 3546 3756 3589 verum

2093 3622 2498 3680 ﬁdelissimum
2537 3627 2944 3694 excerptorem,
2985 3626 3052 3679 ut
3087 3635 3188 3693 pro
3219 3621 3325 3678 hoc
3355 3621 3552 3678 labore
3592 3621 3758 3678 libe—

2093 3711 2210 3767 rari
2243 3725 2459 3768 merear
2481 3724 2514 3767 a
2546 3711 2813 3784 peccatis,
2843 3710 3112 3782 precibus
3135 3714 3193 3766 et
3227 3710 3760 3768 interventionibus

333 3792 544 3848 sudore
561 3791 862 3848 decertem.
890 3792 951 3848 Si
979 3793 1118 3864 quid
1141 3807 1276 3865 ergo
1299 3795 1358 3851 in
1381 3796 1488 3852 hoc
1517 3798 1796 3868 opusculo
1825 3799 1984 3856 invi-
2008 3793 2057 3853 C
2091 3799 2358 3872 virginis.

333 3891 461 3935 sum
481 3878 882 3936 etinauditum
908 3880 1087 3938 lector
1108 3882 1408 3956 invenerit,
1433 3884 1528 3956 pia
1562 3886 1770 3942 mentis
1805 3887 1984 3944 inten-

1619 4093 1966 4151 INCIPIUNT
2019 4095 2359 4153 CAPITULA
2407 4107 2456 4151 τι.

1831 4227 2244 4243 _u—

403 4289 444 4344 I.
523 4287 546 4313 *
596 4289 674 4344 De
701 4289 937 4360 quodam
973 4291 1170 4346 claudo
1202 4297 1412 4348 curato.

405 4361 472 4416 II.
521 4361 544 4385 ‘
592 4361 726 4417 Item
756 4361 823 4416 de
850 4363 960 4417 alio
983 4363 1180 4418 claudo
1207 4369 1416 4419 curato.

406 4433 498 4488 III.
528 4434 550 4456 ¹
593 4433 697 4488 Ubi
724 4433 956 4489 claudus
989 4435 1134 4489 alius
1164 4440 1243 4490 est
1277 4437 1510 4491 sanitati
1537 4438 1840 4494 restitutus.

405 4505 494 4560 IV.
591 4507 670 4560 De
695 4505 921 4560 muliere
949 4506 1186 4576 pedibus
1215 4509 1486 4562 restituta.

403 4576 473 4648 Y.
600 4577 703 4630 Ubi
732 4578 858 4631 item
885 4577 1031 4648 alius
1059 4577 1254 4648 debilis
1279 4579 1512 4648 pedibus
1539 4585 1786 4637 sanatus.

405 4645 494 4701 VI.
593 4649 670 4701 De
694 4651 844 4701 muto
873 4652 925 4701 et
951 4647 1147 4702 claudo
1175 4645 1404 4704 sanatis.

407 4717 518 4772 VII.
541 4719 563 4741 '
583 4719 662 4772 De
689 4717 1022 4772 dmoniaea
1049 4724 1242 4775 curata

985 4843 1205 4902 CAPUT
1239 4846 1331 4904 IV.

2167 4297 2305 4354 VIII.
2359 4301 2382 4322 θ
2442 4301 2520 4354 De
2548 4313 2707 4362 caeca,
2739 4314 2863 4368 qua
2889 4301 3067 4354 visum
3097 4299 3316 4368 recepit.

2168 4371 2264 4425 IX.
2349 4372 2371 4394 '
2448 4372 2550 4425 Ubi
2573 4386 2741 4424 caseus
2765 4371 2991 4440 quidam
3009 4371 3354 4425 illuminatus
3377 4375 3476 4426 est.

2165 4442 2238 4496 Χ.
2435 4444 2512 4496 De
2545 4443 2652 4495 alio
2686 4457 2819 4496 caeco
2854 4443 3179 4496 illuminato.

2165 4513 2262 4567 XI.
2435 4515 2512 4566 De
2543 4514 2946 4568 iliuminatione
2977 4515 3206 4568 alterius
3237 4515 3376 4568 caeci.

2168 4585 2288 4639 XII.
2352 4586 2372 4608 ‘
2426 4586 2504 4638 De
2546 4585 2773 4638 muliere
2819 4600 2940 4654 quae
2979 4586 3087 4638 cibi
3127 4591 3178 4639 et
3217 4591 3382 4656 potus
3420 4600 3755 4640 communem

2464 4656 2669 4710 victum
2684 4656 2852 4710 multo
2878 4661 3110 4726 tempore
3133 4671 3243 4711 non
3255 4658 3747 4728 potuit

2095 4851 2226 4908 dam
2251 4849 2520 4908 feminam
2553 4851 2964 4910 Manswindam
2989 4853 3058 4910 ad
3092 4856 3334 4910 mentem
3357 4854 3631 4912 reducere
3660 4853 3755 4911 fe—

2094 4941 2396 5014 stinemus,
2421 4946 2486 4998 ut
2512 4941 2635 5012 ipsa
2658 4955 2886 5013 quoque
2915 4942 3164 5014 qualiter
3182 4948 3388 5001 curata
3412 4945 3493 5000 sit
3511 4958 3753 5001 enarre-

405 5020 463 5078 Si
489 5021 560 5078 de
582 5022 850 5080 omnibus
878 5024 980 5095 qui
1009 5024 1135 5082 illic
1156 5026 1386 5084 incessu
1416 5029 1620 5098 pedum
1653 5029 1821 5100 potiti
1846 5034 1984 5088 sunt
2008 5040 2063 5102 D
2095 5046 2240 5089 mus.
2273 5033 2355 5088 Ex
2385 5031 2526 5088 villa
2553 5045 2796 5104 namque
2825 5047 2953 5104 qua:
2979 5033 3202 5090 dicitur
3224 5033 3548 5106 Truthinga
3571 5035 3752 5090 adve-

331 5110 557 5168 claudis
585 5111 816 5169 voluero
847 5117 1034 5170 texere
1073 5115 1409 5184 orationem,
1443 5123 1575 5174 ante
1601 5118 1828 5175 deﬁciet
1855 5120 1982 5176 dies
2090 5121 2277 5191 niens,
2299 5125 2356 5177 et
2380 5120 2654 5176 medelam
2684 5121 2945 5190 corporis
2968 5121 3288 5192 animaeque
3311 5123 3372 5178 in
3401 5123 3752 5180 monasterio

330 5213 500 5271 quam
525 5200 820 5272 signorum
847 5203 1133 5259 evidentia
1155 5204 1556 5276 plurimorum.
1583 5207 1979 5264 Verumtamen
2091 5223 2352 5282 quaerens
2392 5206 2533 5281 (erat
2572 5209 2726 5264 enim
2772 5209 2978 5280 pedum
3027 5209 3329 5267 debilitate
3375 5210 3657 5268 deformis
3693 5217 3754 5268 et

328 5302 392 5344 ea
423 5303 550 5360 quae
572 5289 644 5346 ad
689 5289 1018 5346 memoriam
1057 5293 1297 5350 veniunt
1336 5307 1450 5350 non
1479 5295 1703 5350 aestimo
1743 5296 1979 5354 silentio
2093 5298 2430 5371 inhonesta),
2462 5298 2692 5354 diutius
2718 5298 2787 5353 ad
2819 5299 3026 5355 cmlum
3071 5299 3358 5356 orationis
3387 5314 3555 5356 voces
3579 5315 3612 5357 e
3642 5315 3751 5371 pe-

328 5377 684 5446 conticenda,
717 5378 1009 5451 quoniam,
1034 5385 1099 5436 ut
1118 5379 1380 5453 legimus,
1407 5383 1508 5439 Dei
1538 5385 1820 5440 narranda
1845 5390 1982 5442 sunt
2088 5393 2242 5445 ctore
2295 5388 2529 5462 lugubri
2584 5390 2916 5461 destinavit,
2973 5395 3051 5462 et,
3101 5395 3166 5446 ut
3219 5390 3314 5446 sui
3365 5389 3750 5460 Omnipotens

328 5480 500 5538 opera
525 5468 694 5538 cujus
722 5473 858 5526 sunt
883 5468 1236 5540 inexquisita
1261 5470 1506 5541 judicia.
1538 5472 1783 5545 Ideoque
1805 5489 1974 5546 quam
2089 5475 2349 5534 misereri
2379 5477 2738 5552 dignaretur,
2779 5477 3004 5549 prolixo
3034 5481 3268 5550 precatu
3297 5477 3601 5550 ﬂagitavit.
3633 5477 3746 5534 Cui

397 5602 419 5630 ·
444 5591 711 5664 Capitula
738 5593 1034 5653 asteriscis
1062 5599 1372 5666 praanotata
1394 5597 1603 5655 desunt
1633 5597 1695 5655 in
1722 5602 1900 5657 textu.
