4060 6150
228 303 336 362 889

1269 301 1360 357 DE
1397 299 1558 357 VITA
1595 300 1649 357 S.
1690 300 2121 361 WALPURGIS.
2165 335 2239 347 —
2276 308 2473 364 LIBER
2517 311 2602 365 IV.

3545 312 3651 372 890

231 447 359 489 mox
388 430 587 487 divina
636 429 824 485 virtus
853 433 909 484 et
939 429 1232 486 miseratio
1263 427 1453 486 adfuit
1522 433 1581 484 et
1628 444 1885 503 gressum
1911 442 1967 502 Α
1999 441 2394 508 congruenter.
2431 437 2582 493 Idem
2621 438 2792 493 etiam
2823 452 3010 495 comes
3046 439 3412 512 venerabilis,
3455 446 3519 498 ut
3549 456 3657 499 co—

232 535 403 595 quem
436 519 765 593 perdiderat
795 518 1230 591 iutegerrimum
1263 521 1567 591 reparavit.

890 644 1111 701 CAPUT
1149 648 1211 703 V.

295 740 360 794 In
409 739 536 808 ipsa
566 736 703 793 villa
745 738 805 792 in
851 749 964 808 qua
1006 740 1414 798 monasterium
1458 744 1673 801 celebre
1711 745 1886 801 situm

229 832 337 899 est,
366 842 528 898 puer,
561 825 837 883 vocabulo
880 827 1225 900 Beretgisus,
1258 832 1466 887 eratin
1510 849 1624 904 quo
1665 834 1889 890 viviﬂca

224 917 487 972 Trinitas
518 916 706 986 ipsum
732 914 995 986 idemque
1024 918 1248 986 operari
1270 919 1506 990 dignata
1534 922 1882 995 estsignum.

225 1006 363 1061 Fuit
415 1005 568 1062 enim
629 1018 728 1074 per
779 1009 896 1061 tres
941 1018 1124 1061 annos
1159 1020 1457 1078 gressuum
1502 1012 1889 1069 ambulatione

221 1095 503 1164 privatus,
552 1093 631 1148 ita
661 1095 725 1148 ut
767 1093 836 1147 ad
869 1092 1094 1150 nullius
1119 1092 1402 1153 fructuosi
1432 1099 1625 1169 operis
1658 1101 1887 1157 exerci—

223 1184 376 1242 tium
401 1182 617 1239 babilis
640 1185 765 1237 esse
788 1181 1099 1238 videretur.
1144 1181 1319 1251 Quem
1350 1186 1558 1244 tollens
1584 1189 1764 1245 nimia
1790 1203 1888 1246 re—

221 1275 367 1331 ferta
422 1271 698 1328 maestitia
755 1270 1033 1342 genitrix,
1092 1276 1770 1349 nuncupamiueLRatila,
1814 1280 1883 1335 ad

219 1362 522 1419 basilicam
550 1359 764 1416 detulit
788 1359 1117 1434 salutarem,
1150 1362 1348 1434 ibique
1365 1371 1497 1421 ante
1521 1367 1720 1423 oculos
1741 1368 1889 1423 divi-

220 1466 308 1507 nae
336 1449 656 1520 majestatis
683 1449 951 1518 exposuit
980 1453 1037 1504 et
1068 1451 1195 1519 ejus
1232 1452 1672 1510 inenarrabilem
1706 1456 1887 1512 mise-

222 1541 505 1597 rationem
529 1552 660 1594 cum
687 1538 956 1609 lacrymis
982 1544 1039 1595 et
1064 1541 1280 1612 gemitu
1312 1544 1641 1612 postulavit.
1672 1546 1885 1604 Videns

217 1631 420 1701 itaque
444 1630 514 1684 de
543 1627 765 1684 excelso
794 1628 1069 1684 caelorum
1103 1629 1431 1688 habitaculo
1456 1634 1736 1691 Dominus
1768 1650 1887 1691 mu-

216 1720 388 1776 lieris
427 1718 615 1787 ﬁdem,
661 1718 887 1773 curavit
935 1716 1231 1791 infantem,
1264 1724 1321 1776 et
1362 1723 1563 1779 matris
1613 1725 1883 1794 precibus

2000 525 2196 596 gnovit
2226 541 2394 582 suum
2414 541 2580 598 quem
2608 527 2892 583 detulerat
2913 528 3181 583 claudum
3208 528 3567 585 exsilientem
3597 537 3655 587 et

1998 612 2319 670 laudantem
2348 616 2545 688 Deum,
2574 615 2777 673 laetitia
2803 615 2996 672 cordis
3016 616 3311 674 exsultans
3342 617 3649 675 miriﬁcum

1999 701 2295 759 benedixit
2312 704 2636 760 Dominum.

2068 791 2140 847 Ut
2164 806 2298 864 ergo
2322 794 2654 863 jocunditas
2687 794 3103 866 gratulantium
3150 796 3397 851 duorum
3440 810 3653 853 cumu—

1998 879 2216 937 lantius
2240 887 2565 954 augeretur,
2606 884 2722 940 duo
2746 883 3032 939 evidentia
3073 888 3129 939 et
3149 888 3343 954 aperta
3375 885 3651 941 miracula

1997 969 2232 1024 tertium
2268 970 2575 1027 roboravit.
2609 973 2748 1027 Nam
2777 973 3032 1042 quaedam
3063 972 3361 1042 cujusdam
3394 972 3650 1029 clauduli

1997 1061 2196 1127 mater,
2231 1072 2359 1116 cum
2385 1061 2627 1118 vidisset
2652 1062 2965 1131 prmemtia
2989 1061 3154 1134 signa
3177 1061 3292 1117 duo
3317 1075 3440 1117 esse
3466 1067 3656 1132 paten-

1996 1150 2082 1202 ter
2111 1152 2357 1221 ostensa,
2397 1154 2454 1205 et
2494 1150 2615 1220 ipsa
2648 1164 2816 1206 suum
2844 1164 3010 1220 quem
3050 1157 3392 1219 exposuerat
3420 1151 3648 1207 lamen-

1998 1235 2165 1292 tabili
2195 1238 2357 1294 editu
2383 1244 2579 1295 uatum
2609 1226 2927 1295 subintulit
2945 1239 3014 1294 ad
3034 1238 3371 1295 curandum.
3397 1239 3492 1295 Sic
3519 1254 3655 1309 prm-

1995 1326 2331 1383 cedeutibus
2350 1328 2571 1384 curatis
2595 1328 2842 1399 duobus,
2874 1333 3158 1398 postremo
3178 1328 3502 1384 astantibus
3527 1328 3654 1384 uni-

1995 1415 2178 1470 versis
2208 1421 2444 1473 sanatus
2472 1422 2557 1473 est
2604 1418 2831 1473 tertius.
2864 1417 2965 1473 His
3005 1417 3185 1474 ternis
3214 1418 3329 1474 duo
3368 1417 3653 1488 praecipue

1994 1503 2387 1561 desiderantes
2416 1507 2560 1563 visis
2585 1505 2903 1577 miraculis,
2935 1506 3230 1567 redierunt
3267 1506 3336 1562 ad
3373 1520 3498 1577 sua,
3543 1507 3651 1564 ista

1996 1599 2293 1650 narrantes
2321 1609 2351 1650 e
2392 1594 2664 1666 plurimis
2686 1594 2714 1639 b
2742 1635 2756 1649 .

2651 1702 2874 1758 CAPUT
2910 1703 2982 1758 Χ.

216 1772 383 1865 ius;
412 1772 818 1863 multum.
861 1772 1241 1879 quam;
1272 1772 1883 1885 ’ἀρ’ὧξῌξηῖιξῐιῖέῖιιῑεζ
1915 1772 1967 1832 Β
2064 1789 2316 1885 02mm
2351 1791 2546 1885 itaque
2594 1792 2842 1885 ςιοριίείι
2888 1796 3185 1885 tempore-
3219 1796 3283 1885 αξ
3313 1807 3414 1885 Pw
3448 1793 3654 1885 λίψ*

216 1897 578 1954 infantulum
628 1895 872 1951 tradidit
913 1896 1098 1952 eidem
1142 1898 1397 1954 ecclesia:
1432 1901 1563 1970 jure
1608 1907 1880 1972 perpetuo

218 1985 660 2058 possidendum.
688 1988 753 2041 ut
780 1984 861 2041 ibi
881 1986 1141 2057 quandiu
1165 1987 1472 2064 adviveret,
1506 1990 1730 2046 servitii
1748 1992 1882 2061 jura

215 2078 596 2148 impenderet,
621 2074 721 2132 ubi
753 2074 907 2131 vires
934 2075 1002 2131 ad
1042 2073 1434 2134 famulandum
1475 2080 1726 2150 recipere
1758 2096 1884 2138 me—

215 2167 461 2223 ruisset.

286 2256 577 2313 Similiter
595 2256 884 2311 Romanus
905 2255 1139 2326 quidam
1160 2256 1469 2314 adveniens
1490 2262 1548 2314 et
1569 2259 1626 2315 in
1654 2261 1881 2330 porticu

213 2345 551 2419 aquilonari
575 2358 706 2401 cum
736 2358 974 2401 carruca
1006 2344 1066 2400 in
1106 2359 1221 2416 qua
1248 2346 1473 2403 delatus
1496 2346 1682 2404 fuerat
1702 2350 1884 2406 mise—

214 2435 490 2493 rabiliter
505 2436 719 2505 jacens,
743 2434 1004 2505 sequenti
1035 2434 1132 2491 die
1154 2440 1376 2505 postera
1391 2436 1725 2495 ambulandi
1756 2454 1882 2496 me-

215 2526 340 2583 ruit
362 2524 719 2581 facultatem.

879 2631 1099 2688 CAPUT
1137 2633 1225 2689 VI.

282 2732 521 2790 Accidit
543 2735 812 2802 praeterea
838 2731 1083 2802 quodam
1104 2735 1377 2803 tempore,
1411 2739 1473 2789 ut
1493 2733 1837 2807 Iiildegarda
1861 2745 1884 2773 ι

216 2825 482 2893 domina,
504 2821 729 2892 paciﬁci
749 2819 899 2892 regis
918 2820 1208 2877 Ludowici
1230 2822 1371 2893 tilia,
1390 2824 1675 2880 orationis
1696 2825 1882 2897 gratia

212 2928 347 2971 cum
376 2911 687 2983 Luitpoldo
736 2909 1122 2968 famosissimo
1151 2912 1358 2969 comite
1386 2913 1455 2968 ad
1500 2914 1616 2983 jam
1658 2914 1881 2970 dictum

1996 1878 2199 1934 nendis
2223 1886 2393 1951 atque
2424 1880 2483 1937 in
2510 1881 2609 1936 Dei
2638 1881 2844 1937 timore
2884 1881 3224 1938 roborandis
3252 1882 3352 1937 Dei
3383 1882 3643 1953 ancillis,

1995 1966 2182 2037 ipsum
2213 1969 2640 2041 monasterium,
2669 1970 2833 2039 juxta
2874 1983 3085 2026 morem
3112 1968 3474 2042 frequentius
3507 1983 3653 2026 con-

1992 2060 2240 2127 suetum,
2311 2057 2524 2127 probus
2600 2058 2847 2129 piusque
2905 2057 3161 2129 pontifex
3218 2058 3652 2114 Erchanboldus

1993 2144 2255 2201 visitaret
2300 2155 2355 2203 et
2408 2146 2466 2202 in
2512 2147 2597 2203 eis
2646 2152 2855 2204 sancta:
2905 2148 3333 2217 praedicationis
3372 2147 3647 2205 creditam

1992 2234 2233 2290 mellitis
2277 2235 2450 2291 labiis
2486 2242 2697 2293 sereret
2739 2250 3042 2294 annonam.
3086 2237 3340 2308 Cumque
3367 2237 3556 2293 adhuc
3585 2236 3646 2293 in

1992 2322 2182 2377 eadem
2235 2324 2379 2380 cella
2435 2325 2775 2382 consisteret
2817 2331 2873 2381 et
2925 2340 3029 2397 pro
3078 2326 3377 2382 lucrandis
3419 2325 3649 2382 Christo

1990 2412 2295 2468 animabus
2332 2415 2611 2471 attentius
2653 2415 2981 2486 desudaret,
3031 2415 3265 2486 quidam
3310 2429 3343 2471 a
3384 2414 3648 2485 partibus

1988 2500 2243 2556 Franciae
2263 2516 2393 2558 cum
2406 2503 2634 2575 agmine
2645 2503 2986 2560 clericorum
3006 2509 3061 2560 et
3079 2518 3393 2575 pauperum
3415 2504 3648 2560 ﬂamina

1989 2588 2411 2647 devehentium.
2444 2595 2520 2658 {et
2556 2594 2723 2660 Kyrie
2760 2594 2958 2647 eleison
2991 2607 3126 2649 voce
3176 2606 3386 2649 canora
3425 2606 3643 2649 caueuv-

1991 2677 2160 2748 tium,
2202 2693 2234 2734 a
2266 2680 2564 2736 nativitate
2590 2695 2773 2737 caecus
2804 2695 3018 2751 pauper
3061 2682 3293 2737 advenit
3333 2689 3390 2738 et
3416 2681 3646 2739 nisibus

1995 2766 2208 2836 quibus
2248 2769 2438 2839 potuit
2482 2770 2543 2824 in
2579 2769 2876 2826 basilicam
2909 2784 3039 2827 cum
3084 2771 3516 2827 conviatoribus
3541 2770 3642 2827 in-

1992 2857 2210 2913 troivit.
2239 2857 2313 2914 At
2334 2859 2431 2916 ubi
2462 2859 2594 2916 ﬁxis
2618 2860 2861 2930 genibus
2888 2860 2946 2915 in
2969 2861 3229 2918 oratione
3250 2861 3447 2917 ﬁbram
3472 2861 3644 2917 etiam

1992 2947 2187 3002 cordis
2218 2949 2420 3019 erexit,
2454 2954 2510 3004 et
2538 2950 2671 3019 pius
2708 2949 2990 3006 Dominus
3028 2965 3190 3007 suam
3229 2964 3425 3008 aurem
3458 2951 3647 3022 placi-

215 3001 645 3111 Πξξδηλῗθξξξιξ
663 3001 1641 3111 δξξξξξθξξξωξᾞξξ
1662 3003 1882 3111 Tufa?"
1913 3083 1961 3111 η
1991 3035 2121 3090 dam
2154 3001 2445 3107 propitius
2466 3001 2770 3093 inclinavit
2792 3036 3092 3110 fusamque
3131 3042 3402 3110 pauperis
3428 3001 3645 3111 precem

207 3094 442 3150 ciorum
474 3104 650 3148 sacrm
675 3091 942 3165 virginis,
973 3091 1290 3163 prasertim
1310 3106 1440 3147 cum
1472 3093 1644 3149 sciret
1663 3097 1720 3149 et
1748 3108 1878 3150 cre—
1912 3083 1962 3147 C

206 3183 377 3238 deret
406 3181 589 3237 multa
636 3180 849 3237 ibidem
880 3178 1027 3236 facta
1055 3194 1178 3237 esse
1202 3183 1258 3236 et
1287 3195 1429 3251 pene
1459 3182 1721 3252 quotidie
1753 3183 1876 3239 fieri

209 3270 519 3338 miracula,
552 3268 795 3326 adduxit
823 3270 880 3325 in
906 3269 1184 3325 comitatu
1212 3269 1475 3340 sequenti
1508 3270 1579 3325 ab
1606 3275 1736 3328 ortu
1767 3273 1879 3328 ori-

207 3360 449 3431 ginario
472 3363 713 3431 mutum,
737 3361 818 3427 ut,
845 3360 896 3413 si
926 3356 1313 3428 dispositione
1344 3372 1590 3428 superna
1621 3360 1881 3431 gratissi-

210 3463 375 3504 mum
419 3446 626 3503 directi
667 3445 902 3502 famiuis
928 3447 1159 3503 ‘donum
1202 3450 1516 3503 mereretur
1564 3448 1876 3518 percipere,

206 3536 418 3593 audita
466 3536 724 3606 apertius
777 3536 1051 3601 crederet,
1099 3535 1236 3592 dum
1268 3535 1391 3591 visa
1442 3536 1609 3591 ﬁdem
1658 3537 1879 3594 auditis

206 3627 441 3681 darent.
475 3623 818 3694 Luitpoldus
849 3638 1097 3695 quoque.
1126 3624 1488 3695 utsuspicor,
1515 3639 1628 3681 non
1653 3626 1872 3696 dispari

205 3712 511 3769 desiderio
548 3717 753 3782 tactus,
787 3716 1194 3768 commeantem
1249 3726 1439 3769 secum
1470 3713 1682 3769 detulit
1710 3714 1880 3771 clau-

205 3803 376 3859 dum.
405 3801 516 3856 Ubi
552 3802 691 3857 dum
727 3800 922 3856 eadem
954 3805 1117 3857 nocte
1147 3801 1525 3874 quiescerent,
1546 3804 1875 3860 matutinali

205 3890 483 3947 veniente
522 3890 721 3962 synaxi
757 3903 952 3945 omnes
986 3890 1047 3945 in
1077 3890 1378 3946 ecclesiam
1406 3890 1671 3947 celeriter
1708 3890 1881 3948 festi—

204 3984 453 4037 narunt.
484 3979 738 4050 Cumque
764 3980 867 4035 Dei
899 3977 1128 4035 famulaa
1161 3979 1308 4034 inibi
1343 3980 1653 4036 servientes
1682 3982 1878 4037 domi-

206 4070 383 4126 uicos
434 4069 741 4139 cmpisseut
786 4082 1127 4139 concrepare
1170 4074 1499 4140 concentus,
1552 4070 1878 4127 astantibus

204 4159 392 4214 etiam
452 4157 548 4214 his
586 4159 688 4229 qui
740 4171 933 4214 secum
980 4156 1238 4213 detulere
1281 4158 1586 4228 praedictos
1636 4158 1873 4233 debiles,

205 4252 417 4303 mutus
452 4247 641 4303 soluto
674 4246 907 4303 vinculo
943 4246 1146 4316 plectri
1191 4246 1347 4302 clara
1396 4247 1570 4317 coepit
1617 4246 1879 4319 loquelas

202 4337 483 4391 emittere
533 4349 666 4391 voce
694 4340 751 4391 et
802 4334 1125 4390 mirabilem
1176 4335 1354 4390 Deum
1399 4335 1457 4391 in
1507 4336 1724 4391 sanctis
1755 4336 1880 4392 suis

201 4426 412 4527 00_l'dis
442 4424 633 4495 iubilo
671 4424 1014 4532 collant-idare.
1054 4424 1491 4532 Ιξῐιξὶοιινεριξιω
1520 4425 1646 4532 me:
1681 4439 1875 4527 verm.“
1903 4453 1960 4515 D
1991 4424 2158 4512 stetit
2196 4424 2499 4514 adductus.
2552 4461 2891 4532 Necmora,

200 4516 389 4571 etiam
419 4526 617 4570 omnes
640 4513 740 4584 qui
770 4512 956 4569 ofﬁcio
979 4512 1306 4568 matutinali
1334 4513 1670 4585 intererant,
1697 4514 1878 4569 omni-

203 4608 505 4675 potentem
564 4603 742 4658 Deum
798 4601 1217 4658 collaudabant.
1279 4602 1528 4659 Cerneus
1589 4615 1723 4675 ergo
1779 4602 1880 4659 ille

204 4692 378 4765 quia,
426 4697 494 4747 ut
520 4690 960 4761 desideraverat,
994 4690 1075 4747 ita
1118 4690 1201 4745 rei
1243 4695 1477 4747 eventus
1523 4691 1875 4763 impleverat,

200 4795 423 4855 magno
438 4780 747 4837 exhilarati
777 4780 972 4837 cordis
986 4780 1237 4850 repletus
1250 4779 1530 4850 tripudio,
1562 4780 1877 4852 elevatisliu

201 4872 427 4928 cazlum
477 4869 743 4926 manibus
789 4870 1006 4942 gratias
1051 4868 1427 4939 omnipotenti
1474 4869 1674 4924 retulit
1738 4871 1869 4926 Deo.

199 4958 490 5034 Sequenti
524 4960 774 5029 denique
797 4959 1050 5029 ejusdem
1092 4956 1283 5014 felicis
1314 4958 1465 5014 home
1488 4962 1788 5029 momento,
1822 4962 1877 5015 et

200 5049 512 5122 Luitpoldi
547 5048 837 5118 prastaxati
890 5048 1124 5104 comitis
1153 5046 1383 5103 fustifer
1420 5047 1662 5104 claudus
1703 5048 1878 5119 cmpit

199 5140 452 5198 exsilire
501 5138 832 5210 gaudenter,
873 5151 940 5193 ac
966 5137 1315 5194 Salvatorem
1349 5151 1517 5194 suum
1541 5137 1877 5195 benedicere

275 5276 307 5308 δ
336 5266 470 5320 Haec
500 5279 682 5317 coram
724 5262 967 5331 ΑτοηυίῙο
997 5266 1274 5324 accusata,
1317 5264 1483 5330 regiis
1505 5266 1875 5332 possessioni-

207 5338 309 5391 bus
332 5339 589 5407 pn’vata,
622 5335 779 5389 εωευί
815 5337 875 5388 in
922 5336 1249 5388 monasterio
1274 5332 1579 5389 Chemissen
1620 5336 1783 5407 υἰξινίιε
1812 5338 1872 5390 in

204 5406 453 5477 gratiam
480 5411 718 5477 recepta,
762 5422 865 5461 sua
899 5406 1100 5478 majori
1144 5422 1212 5461 ea:
1237 5410 1395 5477 parte
1423 5407 1642 5475 recepit,
1678 5406 1874 5478 inquit

1991 3124 2236 3191 audivit,
2289 3124 2480 3182 lumen
2544 3128 2694 3197 quod
2750 3132 2954 3184 natura
3026 3132 3326 3198 negaverat
3365 3142 3470 3184 sua
3501 3129 3648 3184 mira

1992 3214 2245 3282 potentia
2296 3214 2658 3271 condonavit.
2709 3217 2830 3287 Quo
2874 3217 3018 3287 viso,
3086 3216 3296 3285 praesul
3342 3222 3399 3272 et
3443 3230 3640 3273 omnes

1990 3302 2091 3373 qui
2120 3301 2353 3358 adfuere
2374 3304 2653 3361 miraculo
2675 3305 2872 3362 laudes
2902 3305 2961 3361 in
2992 3305 3235 3361 excelsis
3272 3304 3644 3361 reddiderunt

1987 3393 2120 3447 Deo.

2626 3483 2846 3539 CAPUT
2900 3483 3001 3539 XI.

2059 3571 2180 3626 Non
2228 3570 2608 3643 incongruum
2644 3572 2892 3642 videtur,
2935 3573 2986 3628 si
3030 3584 3274 3644 sequens
3296 3574 3642 3644 praecedenti

1991 3657 2384 3728 aequiparetur
2414 3659 2712 3726 miraculo,
2738 3675 2866 3716 cum
2899 3675 3081 3717 caacus
3105 3660 3203 3716 ille
3235 3659 3411 3717 fuerit
3435 3663 3558 3734 qui,
3582 3668 3648 3719 ut

1988 3746 2266 3819 diximus,
2300 3752 2557 3818 patenter
2588 3748 2671 3804 ibi
2698 3749 2891 3806 lumen
2919 3749 3141 3820 accepit
3167 3767 3182 3820 ;
3209 3750 3384 3806 orbus
3416 3756 3472 3806 et
3514 3751 3642 3823 iste,

1987 3836 2058 3892 de
2100 3850 2215 3906 quo
2241 3836 2420 3892 series
2446 3837 2683 3909 texitur,
2717 3838 2817 3909 qui
2862 3839 3032 3894 etiam
3064 3838 3123 3893 in
3166 3839 3359 3895 eadem
3405 3839 3646 3897 ecclesia

1987 3924 2139 3980 diem
2165 3924 2357 3980 videre
2403 3927 2738 3995 promeruit.
2772 3927 3123 3983 Trauseunte
3161 3940 3405 3999 namque
3442 3926 3646 3986 festiva

1988 4012 2347 4069 solemnitate
2361 4013 2643 4087 Paschali,
2676 4016 2813 4071 dum
2831 4015 3052 4071 albaria
3070 4029 3318 4087 sequens
3344 4016 3645 4074 adveniret

1990 4099 2361 4171 hebdomada,
2406 4101 2751 4159 Adalbertus
2808 4119 2997 4161 comes
3052 4105 3384 4162 nominatus
3425 4120 3459 4162 a
3511 4120 3647 4163 rure

1987 4188 2333 4246 Francorum
2362 4189 2683 4247 illustrium
2707 4194 3116 4249 monasterium
3149 4194 3334 4265 petiit.
3369 4194 3476 4250 Ubi
3507 4195 3645 4251 dum

1988 4279 2251 4335 divinum
2271 4278 2520 4337 ofﬁcium
2542 4287 2702 4337 stans
2726 4281 2782 4336 in
2809 4281 3051 4339 basilica
3076 4297 3206 4339 cum
3228 4284 3353 4341 suis
3388 4284 3633 4353 audiret,

1991 4366 2323 4439 incognitus
2367 4369 2601 4440 quidam
2646 4367 2836 4425 adfuit
2879 4384 3065 4426 caecus
3115 4376 3171 4426 et
3211 4372 3364 4427 inter
3413 4376 3647 4427 caeteros

2946 4458 3093 4516 facta
3143 4460 3213 4515 ad
3262 4461 3440 4516 Deum
3482 4473 3647 4530 prece

1991 4544 2338 4618 humillima,
2370 4546 2469 4603 lux
2512 4548 2638 4618 ejus
2670 4554 2889 4604 noctem
2925 4546 3145 4621 fugavit
3178 4548 3250 4604 ab
3274 4548 3480 4621 oculis,
3514 4562 3648 4605 cer-

1990 4634 2262 4691 nentibus
2290 4640 2347 4691 et
2377 4637 2726 4694 mirantibus
2745 4638 2847 4709 qui
2873 4639 3111 4694 aderant
3135 4639 3442 4696 universis.
3465 4639 3647 4695 Cum-

1990 4738 2099 4795 que
2150 4723 2319 4779 talem
2373 4724 2434 4780 in
2509 4738 2569 4780 se
2646 4727 2973 4798 agnovisset
3024 4727 3317 4796 virtutem,
3384 4727 3641 4785 Creatori

1990 4812 2420 4884 reparatorique
2473 4829 2577 4871 suo
2626 4816 2829 4871 retulit
2866 4816 3128 4873 laudem:
3165 4817 3506 4889 rediensque
3544 4831 3648 4874 sa-

1992 4918 2101 4960 nus
2152 4908 2209 4959 et
2261 4902 2574 4959 incolumis
2636 4904 2705 4960 ad
2753 4906 2997 4974 patriam
3057 4906 3202 4963 illud
3256 4907 3405 4978 quod
3476 4907 3537 4962 in
3586 4921 3647 4963 se

1986 4993 2185 5048 divina
2228 4992 2448 5064 peregit
2482 4991 2764 5064 dignatio,
2822 4993 3154 5065 ubicunque
3201 4994 3410 5067 potuit,
3443 4995 3644 5053 divul—

2025 5081 2161 5137 avit.

1987 5098 2161 5153 gavu.

2590 5153 2790 5209 Caetera
2810 5155 3026 5210 omissa.

1985 5263 2203 5346 Regiuo
2231 5262 2537 5346 adaunum
2566 5259 2692 5346 894..

2054 5333 2082 5374 ι)
2112 5335 2213 5390 Hic
2243 5335 2357 5390 tria
2394 5334 2794 5404 praetermissa.

1708 5620 2121 5633 ————.———-—
