4058 6154
401 245 500 303 894

883 240 1362 298 WOLFHARDUS
1403 238 1654 296 PRESB:
1699 235 1846 294 HAS.
1881 263 1916 272 —
1967 232 2321 289 APPENDIX
2362 231 2454 288 AD
2492 231 2708 294 VITAM
2745 231 2800 288 S.
2845 230 3275 290 WALPURGIS.

3701 232 3809 292 892

1891 465 2329 534 APPENDIX

501 615 600 676 De
638 612 886 674 sanctae
942 606 1344 691 Walpurgz’s
1402 601 1941 679 canonizatz‘one,
1985 596 2192 680 festis
2238 599 2494 680 diebus,
2543 600 2701 681 oleo,
2759 602 3087 686 reliquiis
3128 607 3192 668 et
3245 601 3414 667 locis
3465 602 3720 668 sacris.

478 834 526 892 4.
581 835 951 892 Canonizatio.
999 865 1068 872 —
1105 831 1585 889 Sanctimoniales
1615 830 1966 886 Eistetenses
1999 827 2057 882 in
2086 829 2147 886 A
2173 826 2328 902 Unde
2360 825 2477 902 hmo
2507 827 2644 884 hora
2673 842 2775 898 pro
2801 829 3552 902 receptioneejusdemolei
3585 829 3831 902 diligen-

402 909 532 964 Vita
556 907 608 963 S.
662 905 1003 978 Walpurgis
1030 906 1198 960 aiunt
1233 905 1420 978 ipsius
1444 902 1934 978 canonizatiopem
1962 913 2060 968 per

401 971 863 1036 Erchanboldum
901 971 1274 1032 Eistetensem
1321 975 1650 1044 episcopum
1698 992 1731 1044 γα
1772 971 2058 1044 οιηθῃιειπι

399 1064 432 1106 a
478 1049 609 1130 sede
638 1048 990 1130 apostolica;
1041 1061 1167 1130 quas
1215 1040 1448 1130 quidem
1505 1040 2059 1130 cationiaatiot‘aeta

401 1113 834 1194 est,tinqu'iunt,
872 1113 996 1188 ipso
1025 1113 1144 1194 die
1157 1113 1552 1194 apostolorum
1583 1114 1846 1194 _Philippi
1878 1117 1935 1168 et
1960 1113 2062 1194 Ja-

405 1183 556 1274 cobi,
674 1204 788 1274 quo
819 1183 1001 1274 usque
1037 1183 1550 1274 hodie'eelebratur
1577 1183 2061 1274 testuriiEatioai-

405 1258 652 1337 zatidnis
667 1258 817 1337 ejus1
830 1258 1010 1337 Cujus
1035 1261 1116 1337 rei
1146 1261 1330 1337 gratia
1353 1259 1551 1337 eodem
1571 1258 1856 1337 di_e,omni
1885 1268 2054 1337 anno,

405 1328 1011 1410 processio'solemnis
1050 1328 1405 1410 abA'ecclesia
1435 1328 1756 1410 cathedrali
1802 1341 1903 1410 per
1927 1328 2062 1410 epi-

405 1397 640 1476 scOpum
683 1409 740 1459 et
782 1404 1100 1476 canonicos
1130 1401 1193 1476 fit
1233 1403 1302 1476 ad
1335 1401 1632 1476 ecclesiam
1675 1397 2054 1469 parochialem

403 1471 848 1552 S.‘Wa_lpurgis,
883 1473 1081 1552 ibique
1111 1471 1359 1552 oﬂiciuin
1385 1473 1644 1552 divinum
1674 1482 1896 1552 summa
1926 1481 2057 1522 cum

404 1542 788 1622 ceiebritate'a
809 1542 1104 1622 eanonicis
1125 1545 1441 1622 perficitur.
1460 1544 1660 1612 eisque
1673 1542 2058 1622 reliquiaeoseu

407 1617 780 1673 stillicidium
810 1614 888 1685 (id
911 1624 996 1671 est
1025 1613 1235 1684 oleum)
1269 1615 1522 1684 ejusdem
1566 1619 1772 1685 sanctae
1812 1613 2058 1682 virginis

405 1689 474 1743 ad
520 1684 828 1758 potandum
876 1687 1317 1758 ministratur.»
1357 1685 1431 1741 At
1460 1684 1774 1758 Bruschius
1801 1689 1858 1738 et
1880 1696 1950 1758 ezt
1991 1695 2056 1737 eo

402 1754 706 1814 Gretserus
777 1758 836 1813 in
885 1757 1155 1829 catalogo
1198 1758 1595 1829 episcoporum
1653 1754 2057 1829 Eistetensium

407 1829 672 1886 scribunt
694 1830 747 1884 S.
768 1825 1138 1898 Walpurgein
1160 1825 1492 1884 ab‘Otka‘rio
1512 1827 1778 1898 episcopo
1801 1825 2057 1882 caelitum

406 1915 644 1957 numero
673 1899 980 1969 ascriptam
1004 1898 1186 1956 fuisse
1217 1906 1362 1956 nutu
1383 1914 1448 1955 ac
1460 1900 1630 1969 jussu
1658 1898 1898 1954 Adriani
1928 1909 2064 1969 pon-

406 1971 600 2027 tificis.
651 1973 720 2051 Et
765 1967 1317 2051 quidem_0tkarius
1359 1967 1582 2051 curavit
1628 1971 1681 2024 S.
1725 1967 2060 2051 Walpurgis

404 2058 613 2114 corpus
639 2057 668 2098 e
691 2049 840 2098 terra
857 2042 1051 2114 levari.
1071 2042 1195 2112 Quo
1216 2043 1334 2098 ritu
1357 2049 1682 2098 sanctorum
1701 2042 2060 2114 cano_ni_za_tio

405 2109 525 2172 tum
550 2114 825 2184 temporis
845 2109 1256 2170 celebrabatur.
1279 2115 1347 2169 Et
1371 2119 1558 2170 tamen
1584 2113 1808 2167 cleoatio
1828 2109 2061 2184 S.rwal-

405 2153 1426 2258 {iii'gi‘éii’é’ié"$12223;sz"6.3565.2“
1451 2153 1566 2240 ἤδη
1796 2182 2060 2258 Kasta.
2093 2153 2143 2214 Β

403 2251 569 2313 Maiis
619 2271 721 2312 seu
748 2259 886 2324 festo
937 2257 1304 2326 apostolorum
1341 2257 1586 2326 Philippi
1628 2260 1680 2309 et
1703 2255 1906 2308 Jacobi.
1936 2251 2060 2326 Quo

405 2328 792 2384 nihilominus
815 2329 911 2383 die
939 2325 1196 2384 «festum
1223 2325 1680 2383 canonizationis
1707 2339 1772 2380 ac
1806 2325 2064 2380 transla-

407 2400 586 2455 tionis
601 2398 727 2468 ejus
742 2400 1124 2454 communiter
1136 2398 1476 2466 celebratur,
1499 2416 1524 2447 υ
1548 2397 1740 2467 inquit
1756 2396 2061 2468 Philippus

404 2467 710 2540 episcopus
766 2471 825 2524 in
884 2469 1083 2540 ipsius
1143 2470 1286 2540 Vitta.
1349 2469 1417 2523 Ut
1464 2473 1544 2538 ut,
1599 2467 2062 2540 ad_elevgtionen_t

402 2537 457 2595 SI
491 2537 830 2610 Walpurgis
844 2537 1172 2595 ab’Otkario
1193 2539 1397 2595 factam
1427 2537 2058 2610 intervenisseBomani

408 2606 701 2681 pontiﬁcis
743 2606 1092 2666 consensum
1143 2624 1251 2665 non
1319 2609 1593 2680 exprimit
1647 2606 2056 2681 Wolfhardus;

407 2678 559 2737 certe
591 2695 702 2736 non
733 2681 972 2736 Adriani
997 2681 1096 2750 qui
1130 2678 1520 2750 postOtkario
1549 2685 1782 2734 mortem
1813 2678 1934 2734 sedi
1959 2680 2063 2734 llo-

409 2767 588 2808 manze
618 2752 926 2821 impositus
954 2749 1040 2806 est
1079 2749 1232 2806 anno
1255 2749 1381 2806 884.

477 2822 531 2880 2.
581 2825 723 2879 Festi
773 2823 906 2877 dies.
939 2851 1012 2862 —
1053 2821 1328 2878 Pluribus
1380 2821 1546 2878 festis
1594 2821 1801 2878 diebus
1847 2821 2061 2877 colitur

407 2895 460 2950 S.
495 2893 834 2964 Walpurgis
878 2893 1131 2950 Natalem
1176 2893 1364 2964 ipsius
1393 2908 1426 2947 v
1451 2894 1668 2948 Kalend
1703 2895 1896 2947 Martii
1915 2905 2063 2948 con-

408 2966 641 3037 signant
693 2965 1004 3037 Philippus
1053 2972 1112 3020 et
1161 2965 1659 3037 sanctimoniales,
1692 2965 2059 3037 Eistetenses,

407 3034 647 3107 ipsoque
669 3036 765 3092 die
794 3034 1042 3107 celebrat
1070 3037 1409 3093 Eistetensis
1450 3035 1720 3092 Ecclesia.
1766 3034 2060 3107 Elevatio-

408 3105 646 3176 n‘em'xr,
687 3107 918 3162 Kalend.
959 3106 1200 3162 Octobris
1238 3107 1442 3164 factam
1472 3112 1658 3162 tamen
1704 3120 1759 3178 tv
1805 3107 1936 3161 Idus
1968 3105 2060 3178 Oc-

405 3180 512 3234 tob.
542 3179 830 3234 celebrant
852 3178 1138 3250 nonnulli,
1155 3179 1328 3234 aliam
1353 3177 1782 3234 translationem
1797 3177 2062 3232 Kalendis

403 3252 588 3305 Maiis.
614 3249 760 3317 Quia
785 3264 916 3306 vero
952 3270 979 3300 α
1007 3250 1270 3321 reliquiae
1298 3251 1353 3306 S.
1383 3249 1720 3320 Walpurgis
1747 3263 1847 3320 per
1874 3253 2060 3304 totum

408 3321 708 3393 mundum,
735 3339 762 3371 ››
795 3327 857 3377 ut
885 3321 1146 3377 scribunt
1194 3321 1662 3378 sanctimoniales
1693 3322 2054 3386 Eistetenses,

409 3391 516 3448 hoc
544 3397 661 3472 est,
681 3391 707 3444 ei
731 3393 800 3448 ad
823 3393 1081 3472 diversas
1107 3398 1421 3472 peritotum
1446 3394 1788 3472 Francorum
1823 3404 2058 3472 regnum

407 3463 754 3533 provincias,
797 3482 824 3514 ››
886 3470 951 3520 ιιι
998 3464 1058 3518 in
1103 3464 1460 3520 Lectionario
1511 3463 1878 3532 Trajectensi,
1930 3462 2062 3533 dis—

409 3532 585 3604 persae
609 3540 765 3602 sunt,
822 3535 884 3590 fit
933 3540 998 3590 ut
1044 3549 1160 3603 quo
1201 3549 1456 3605 quaequa:
1506 3534 1755 3589 Ecclesia
1802 3533 1897 3588 die
1929 3532 2062 3605 illas

407 3602 634 3676 excepit
675 3602 1076 3660 celebritatem
1098 3605 1158 3676 in
1188 3602 1374 3674 ipsius
1413 3602 2056 3676 honoreminstituerit.

478 3674 1019 3746 3.‘Olcum.o-7De
1067 3675 1250 3746 oleoe
1284 3676 1350 3746 oS.
1406 3675 1744 3746 Walpurgis
1793 3674 2064 3746 reliquiis

407 3753 705 3803 emanante
761 3745 1066 3815 Philippus
1115 3745 1237 3816 agit
1282 3745 1395 3816 his
1424 3744 1701 3800 verbisz'a
1753 3746 1858 3800 Pro
1903 3744 2060 3799 ﬂnali

407 3817 778 3886 conclusione
829 3817 1100 3870 adnotare
1164 3815 1538 3871 decrevimus
1595 3817 1744 3886 quod
1803 3821 2062 3871 sanctum

405 3901 618 3969 corpus
637 3885 1252 3969 glorioszewaipurgte
1277 3885 1798 3969 virgiais‘in’altari
1835 3887 2066 3958 publico

405 3955 661 4030 ejusdem
711 3957 1044 4030 monasterii
1099 3955 1326 4030 (de'quo
1372 3955 1541 4030 infra)
1588 3965 1752 4014 caute
1789 3955 1854 4016 ac
1903 3972 2066 4015 reve—

407 4035 598 4103 renter
643 4027 809 4103 longe
836 4027 1126 4103 praefatus
1161 4027 1404 4103 antistes
1431 4027 1705 4103 Erbertus
1727 4030 1868 4103 ,(imo
1895 4030 2069 4086 Otka—

411 4099 549 4172 rius)
581 4099 906 4172 recondidit
927 4099 1074 4172 :Aubi
1107 4101 1383 4156 miracula
1417 4115 1599 4172 usque
1632 4102 1689 4156 in
1726 4099 2064 4158 hodiernum

410 4169 562 4226 diem
589 4171 922 4227 continuata
946 4169 1192 4228 feliciter
1217 4169 1599 4228 crebrescunt.
1636 4175 1772 4227 Nam
1804 4174 1873 4228 de
1897 4186 2061 4227 mem-

413 4241 537 4298 bris
577 4243 704 4312 ejus
761 4241 1060 4315 virgineis,
1123 4244 1367 4299 maxime
1424 4249 1609 4298 tamen
1658 4243 2061 4314 pectoralibus,

411 4327 634 4370 sacrum
667 4314 892 4369 emanat
929 4315 1116 4370 oleum
1153 4316 1303 4385 quod
1354 4314 1539 4385 gratia
1574 4315 1667 4369 Dei
1699 4321 1756 4370 et
1785 4315 2067 4370 interces—

409 4387 572 4459 sione
602 4386 668 4459 B._
689 4386 1014 4459 Walpurgze
1036 4386 1285 4459 virginis
1310 4400 1488 4459 caecos
1513 4385 1828 4459 illuminat,
1853 4388 2063 4442 surdos

409 4458 613 4529 audire
643 4456 800 4526 facit,
834 4463 890 4512 et
919 4456 1175 4529 gressum
1228 4457 1452 4529 claudis
1488 4457 1676 4511 reddit
1723 4459 2064 4529 cunctisque

409 4528 702 4584 debilibus
732 4527 988 4598 optatum
1018 4527 1276 4582 elfectum
1319 4528 1514 4582 devote
1547 4528 1872 4598 petentibus
1905 4527 2067 4584 mise-

413 4599 721 4670 ricorditer
748 4599 1026 4670 indulget.
1061 4599 1238 4667 Quam
1271 4599 1442 4654 etiam
1471 4601 1711 4669 gratiam
1739 4601 2066 4656 curationis

413 4668 528 4743 ipsi
553 4671 772 4743 experti
793 4668 1012 4743 sumus.
1033 4671 1171 4743 Nam
1191 4670 1348 4743 gravi
1373 4668 1707 4726 infirmitate
1726 4679 2064 4743 azgrotantes

412 4739 480 4794 ad
549 4740 840 4796 excidium
892 4741 1024 4796 vitae
1086 4739 1462 4797 devenimus:
1513 4748 1568 4798 et
1626 4739 2064 4799 rememorantes

415 4810 656 4885 gratiam
681 4824 848 4882 quam
878 4812 935 4885 ii.
974 4811 1310 4885 Walpurgis
1333 4813 1460 4869 suis
1488 4814 1869 4870 dilectoribus
1893 4815 2066 4870 inde—
2087 4814 2142 4874 D
2171 4815 2419 4885 virginis
2467 4827 2596 4869 ossa
2644 4823 2797 4874 tenet
2877 4810 3082 4877 Videas

413 4881 668 4936 sinenter
703 4881 956 4938 Ostendit
989 4881 1362 4954 praecepimus
1391 4885 1461 4940 de
1503 4885 1627 4940 oleo
1661 4900 1822 4941 sacro
1853 4891 2062 4942 sanctae

413 4965 531 5027 suae
547 4955 940 5027 emanationis
965 4953 1132 5027 nobis
1151 4956 1447 5024 copiosius
1465 4955 1678 5027 aﬁerri,
1707 4962 1764 5012 et
1779 4957 2064 5013 desidera-

412 5022 523 5096 bili
547 5023 756 5080 haustu
780 5025 1030 5094 phialam
1053 5022 1272 5096 plenam
1299 5027 1587 5083 ebibimus
1607 5022 1834 5084 orantes
1861 5029 1920 5084 in
1945 5029 2062 5086 haec

412 5093 602 5168 verba,
623 5113 650 5168 xi
665 5093 1154 5168 eteieEadem'die
1169 5097 1566 5154 criticavimus
1589 5099 1678 5168 [id
1696 5104 1773 5153 est
1793 5101 2060 5156 sudorem

413 5165 684 5240 sanitatis
719 5165 964 5240 indicem
986 5168 1358 5240 emisimus],
1387 5175 1442 5223 et
1467 5165 1623 5224 brevi
1659 5179 1782 5239 post
1812 5177 2063 5240 tempore

413 5237 648 5312 sanitati
713 5237 1038 5312 omnimode
1088 5237 1339 5312 restituti
1396 5253 1614 5312 sumus.
1660 5237 1788 5296 'Hoc
1835 5237 2061 5312 quoque

413 5309 709 5364 sciendum
769 5309 918 5378 quod
966 5309 1104 5364 hora
1151 5309 1556 5364 celebrationis
1596 5309 1898 5367 missarum
1930 5309 2057 5370 cum

413 5385 829 5435 sacramentum
869 5379 1129 5448 corporis
1157 5385 1214 5434 et
1252 5381 1554 5449 sanguinis
1581 5383 1710 5438 Jesu
1751 5383 1966 5438 Christi
2001 5386 2060 5440 in

412 5451 582 5506 altari
623 5451 1031 5526 copiiciturin
1064 5465 1178 5526 quo
1209 5452 1499 5506 recondita
1546 5461 1651 5523 est,
1677 5452 2062 5526 frequentius

415 5535 631 5578 necnon
651 5522 889 5580 uberius
905 5523 1094 5579 oleum
1105 5523 1177 5578 de
1205 5536 1368 5579 sacro
1383 5536 1618 5594 corpore
1637 5522 1762 5594 ejus
1788 5522 2059 5600 distillat,

2170 898 2397 971 tissime
2421 898 2775 971 observatur.
2817 903 2886 956 Et
2915 898 2964 958 si
2999 898 3208 971 phiala:
3239 901 3296 956 in
3331 899 3550 970 quibus
3599 898 3827 958 sacrum

2170 970 2359 1042 oleum
2388 970 2780 1042 recipiendum
2811 978 2899 1028 est
2919 970 3030 1028 non
3071 973 3290 1029 directe
3319 973 3405 1028 vel
3437 973 3831 1042 perpendicu-

2171 1041 2380 1115 lariter
2412 1041 2802 1115 distillationi
2856 1049 3276 1114 supponantur,
3339 1049 3517 1115 gutta:
3544 1041 3829 1114 ’ejusdem

2171 1112 2282 1184 olei
2313 1112 2426 1184 sibi
2453 1113 2738 1170 cohaerent
2779 1112 3162 1184 dependentes
3189 1112 3270 1170 ad'
3300 1112 3532 1170 modum
3560 1112 3719 1172 bbtri
3744 1115 3827 1171 vel

2171 1182 2284 1257 favi
2319 1183 2524 1253 mellis,
2562 1182 2918 1257 nequaquam
2951 1187 3013 1242 in
3039 1186 3218 1242 alium
3253 1186 3443 1242 locum
3473 1187 3826 1243 decidentes.

2169 1254 2289 1328 Sed,
2320 1261 2619 1328 postquam
2653 1254 3028 1328 negligentia
3078 1258 3414 1328 corrigitur,
3465 1263 3523 1313 et
3582 1272 3718 1315 vasa
3773 1259 3832 1314 in

2169 1325 2385 1410 quibus
2435 1327 2644 1410 munde
2673 1325 2899 1410 suci-uin
2937 1329 3124 1410 oleum
3157 1325 3536 1410 recipi_debet
3567 1330 3836 1410 distilla—

2167 1397 2328 1471 tionii
2375 1401 2665 1471 aptantur,
2734 1399 2948 1456 eisdem
3011 1401 3138 1456 sine
3203 1397 3358 1456 omni
3427 1403 3836 1471 cooperationc

2168 1467 2452 1541 illabitur.
2484 1467 2783 1541 Perquod
2835 1476 3030 1541 aperte
3083 1476 3434 1527 monstratur
3491 1467 3558 1528 ut
3601 1473 3663 1528 in
3704 1487 3833 1529 vasa

2170 1540 2383 1613 munda
2437 1540 2616 1613 recipi
2653 1540 2889 1607 "debeat,
2924 1543 3061 1613 quia
3107 1542 3179 1597 ab
3221 1543 3539 1599 immundis
3575 1543 3726 1600 locis
3748 1544 3832 1599 vel

2168 1612 2321 1685 vasis
2348 1611 2582 1667 omnino
2625 1625 2692 1685 se
2730 1611 3050 1682 praiservat.
3087 1615 3152 1669 Et
3181 1629 3329 1684 saepe
3349 1620 3706 1685 compertum
3748 1621 3834 1670 est

2169 1683 2319 1753 quod
2361 1687 2647 1752 receptum
2684 1684 2740 1740 in
2793 1698 2920 1740 vase
2953 1687 3125 1740 etiam
3169 1683 3402 1751 mundo,
3436 1683 3493 1742 si
3529 1687 3832 1743 immunde

2169 1754 2255 1828 vel
2292 1753 2666 1828 irreverenter
2692 1761 2970 1826 teneatur,
3004 1757 3088 1812 vel
3119 1757 3187 1812 ad
3239 1757 3426 1814 locum
3468 1757 3568 1814 ubi
3605 1764 3834 1828 peccata

2173 1825 2454 1900 illecebrae
2485 1827 2803 1900 perpetrari
2838 1825 3256 1900 consueverunt
3299 1825 3657 1900 deportetur,
3703 1844 3835 1885 om-

2173 1897 2311 1952 nino
2363 1897 2666 1970 evanescit,
2723 1899 2808 1970 vel
2859 1899 3148 1955 oriﬁcium
3198 1897 3591 1970 vasis’ipsum
3640 1897 3832 1956 Oleum

2172 1981 2532 2050 nequaquam
2586 1969 2653 2024 ad
2708 1968 2967 2050 effectum
3007 1971 3329 2050 sanationis
3376 1968 3697 2050 egreditur.
3734 1975 3834 2050 AB}

2171 2039 2406 2113 scriptis
2452 2039 3004 2113 etiam__coiligimus
3051 2047 3108 2098 et
3154 2047 3306 2098 certa
3364 2039 3645 2100 relatione
3729 2043 3834 2098 [ide

2169 2111 2474 2182 dignorum
2501 2110 2913 2184 intelleximus,
2944 2113 3093 2184 quod
3121 2114 3331 2170 civitas
3352 2114 3699 2170 Eistetensis
3724 2128 3834 2170 una

2169 2195 2298 2237 cum
2349 2186 2468 2237 tota
2509 2182 2742 2257 dimcesi
2770 2182 3181 2257 ecclesiastico
3227 2186 3535 2242 interdicto
3585 2186 3833 2257 quodam

2169 2260 2421 2328 tempore
2441 2253 2748 2328 supposita
2763 2253 2948 2310 fuerat
2975 2261 3206 2326 propter
3223 2257 3499 2328 quasdam
3519 2253 3834 2313 damnosas

2173 2324 2439 2398 injurias,
2491 2337 2634 2394 quas
2663 2324 2991 2398 episcopus
3013 2324 3114 2398 qui
3145 2324 3282 2383 tun'c
3314 2334 3553 2398 praeerat
3592 2343 3624 2384 a
3657 2328 3834 2384 baro—

2171 2395 2345 2451 nibus
2383 2401 2548 2451 terra:
2597 2401 2654 2470 et
2711 2395 2918 2470 incolis
2961 2395 3264 2455 sustinuit.
3314 2395 3402 2455 Ex
3447 2405 3584 2456 tunc
3637 2400 3835 2470 liquor

2172 2479 2345 2522 sacrm
2387 2467 2768 2554 emanatioais
2811 2470 3050 2554 stillare
3080 2471 3324 2554 cessavit
3353 2471 3641 2554 _usque_in
3681 2467 3835 2554 diem

2171 2551 2284 2607 qua
2331 2537 2569 2592 ecclesia
2601 2541 2866 2596 restituta
2908 2547 3057 2597 esset
3117 2537 3500 2598 indemnitati.
3557 2543 3627 2598 Et
3684 2541 3836 2598 idem

2169 2607 2514 2680 venerabilis
2543 2609 2849 2680 episcopus
2878 2626 3008 2668 cum
3042 2613 3417 2669 universitate
3455 2613 3723 2669 civitatis
3755 2615 3839 2669 in-

2170 2679 2327 2760 dicto
2351 2679 2574 2760 jejunio
2620 2679 2865 2760 nudipes
2898 2689 2954 2738 et
2990 2683 3208 2760 absque
3237 2684 3412 2740 lineis
3451 2686 3522 2760 ad
3555 2691 3840 2760 monaste-

2173 2749 2326 2824 rium
2353 2751 2421 2824 B._
2441 2749 2783 2822 Walpurgis
2802 2755 3081 2824 ascendit,
3107 2749 3308 2812 devote
3336 2770 3402 2812 ac
3422 2756 3676 2812 subnixe
3704 2770 3837 2812 cum

2171 2821 2547 2896 universitate
2575 2821 2772 2896 populi
2800 2827 2891 2881 sui
2943 2821 3276 2896 supplicans
3325 2841 3394 2883 ne
3418 2827 3627 2883 affectu
3663 2833 3838 2883 tanta:

2170 2893 2568 2970 benignitatis,
2592 2893 2746 2970 sicut
2768 2903 2856 2951 cst
2870 2893 3156 2954 emanatio
3176 2899 3325 2954 sacri
3354 2899 3629 2970 liquoris.
3654 2899 3838 2954 inam-

2171 2963 2328 3034 plius
2347 2963 2554 3034 civitas
2579 2965 2918 3034 privaretur.
2947 2970 3013 3023 Et
3031 2970 3306 3026 accedens
3324 2971 3392 3026 ad
3419 2963 3610 3026 altare
3635 2971 3837 3026 dictus

2171 3033 2429 3112 pontifex
2468 3033 2783 3112 missarum
2814 3039 3112 3112 solemnia
3140 3047 3363 3097 astante
3391 3041 3606 3112 p0pulo
3629 3043 3836 3098 devote

2173 3106 2408 3184 peregit,
2428 3111 2483 3161 et
2515 3106 2572 3161 in
2586 3106 2940 3184 confectione
2956 3112 3309 3184 sacramenti
3342 3106 3406 3168 et
3421 3106 3680 3184 ejusdem
3717 3127 3839 3184 per-

2171 3178 2432 3254 ceptione
2473 3179 2907 3254 sacratissimus
2956 3181 3170 3254 liquor,
3222 3184 3322 3254 qui
3376 3178 3526 3239 infra
3576 3178 3834 3254 spatium

2172 3249 2350 3306 unius
2379 3249 2518 3322 anni
2560 3263 2917 3322 nequaquam
2956 3249 3342 3310 distillaverat
3367 3268 3469 3310 nec
3509 3249 3633 3312 ullo
3668 3256 3834 3311 modo

2171 3334 2232 3397 se
2285 3320 2628 3397 ostenderat,
2682 3320 2846 3397 adeo
2891 3323 3117 3397 abunde
3177 3327 3370 3396 erupit
3411 3334 3478 3382 ut
3514 3325 3834 3397 ampullam

2169 3391 2428 3448 dimidim
2456 3391 2628 3460 piata:
2657 3395 2994 3463 capacitatis
3010 3396 3095 3451 vel
3116 3391 3298 3454 unius
3316 3397 3485 3452 serici
3494 3391 3828 3526 (Efu'seriae,

2171 3463 2323 3526 quod
2351 3467 2438 3516 est
2466 3475 2564 3518 vas
2584 3463 2870 3520 vinarium
2899 3467 3207 3526 oblongum
3239 3466 3434 3526 fictile]
3458 3483 3492 3523 a
3537 3470 3828 3526 impleret.

2171 3463 2441 3544 quodest
2466 3475 2564 3544 vas
2584 3463 3219 3544 vinariumoblongum
3239 3466 3434 3544 fictile]
3458 3463 3829 3544 adimpleret.

2171 3534 2346 3589 Addit
2386 3533 2708 3606 Philippus,
2742 3537 2890 3606 quod
2940 3533 3112 3594 etiam
3167 3540 3313 3595 idem
3359 3533 3583 3596 sa'crum
3627 3533 3829 3597 'oleum

2172 3610 2343 3660 tanta:
2382 3605 2686 3686 munditia;
2705 3605 2775 3686 ae
2817 3609 3165 3686 meracitatis
3188 3611 3477 3686 existitut
3516 3612 3645 3686 sine
3669 3610 3829 3686 omni

2173 3675 2545 3753 corruptione
2573 3683 2628 3731 et
2659 3675 2806 3734 fmda
2838 3682 3244 3738 maculationis
3261 3682 3567 3739 feculentia
3601 3697 3703 3753 per
3728 3683 3841 3738 du-

2174 3752 2454 3824 centosan
2464 3759 2567 3802 nos
2593 3756 2876 3824 servatum
2894 3753 3222 3810 consimilis
3237 3755 3511 3824 puritatis
3533 3752 3835 3810 invenitur

2175 3831 2303 3874 cum
2345 3816 2448 3873 illo
2478 3820 2630 3901 quod
2643 3889 2656 3901 .
2689 3820 2966 3901 hodierno
3001 3823 3097 3880 die
3120 3824 3190 3880 de
3224 3816 3832 3901 stillicidioejusdem

2176 3903 2349 3944 sacrm
2409 3891 2796 3964 emanationis
2847 3901 3174 3964 susceptum
3219 3903 3322 3952 est.
3383 3914 3409 3946 ι)
3463 3891 3668 3953 Eadem
3714 3896 3835 3952 fere

2175 3965 2463 4016 testantur
2491 3962 2958 4020 sanctimoniales
3010 3962 3376 4023 Eistetenses.
3427 3970 3504 4024 De
3543 3967 3652 4024 hoc
3706 3969 3835 4024 oleo

2175 4031 2524 4110 singularem
2551 4031 2875 4110 Tractatum
2911 4037 3098 4092 edidit
3123 4036 3446 4110 Gretserus,
3476 4039 3825 4110 Ingolstadii

2175 4098 2512 4180 ann‘o_16lQ
2557 4103 2798 4180 editum.
2863 4107 2931 4180 in
2986 4123 3098 4179 quo
3162 4098 3440 4180 leguntur
3488 4098 3605 4165 haec
3662 4111 3834 4166 verba

2175 4187 2299 4256 eap‘.
2327 4171 2714 4256 l__:.«.C0ndita
2741 4183 2876 4256 sunt
2898 4171 3198 4256 lips'anali.
3217 4171 3839 4256 Walpurgisvirginis
3896 4192 3917 4200 ’

2174 4245 2420 4300 Eistadii
2463 4245 2522 4298 in
2554 4248 2763 4302 summi
2791 4245 2996 4322 aitaris
3025 4251 3214 4320 lapide
3232 4245 3400 4322 duro,
3428 4245 3642 4322 solido,
3675 4245 3841 4310 Exca-

2175 4324 2306 4406 vato
2330 4320 2961 4406 etsuperiteeoncluso
2986 4335 3051 4377 eo
3097 4323 3239 4406 ipso
3245 4323 3368 4406 loco
3391 4320 3510 4406 quo
3533 4339 3565 4379 a
3597 4320 3839 4406 sacrifi-

2174 4394 2336 4460 cante
2348 4386 2642 4460 sacerdote
2661 4402 2871 4460 corpus
2885 4397 2940 4447 et
2953 4386 3190 4460 sanguis
3201 4386 3429 4450 Domini
3455 4395 3832 4452 immolatur:

2176 4459 2254 4514 ita
2283 4465 2347 4542 ut
2366 4457 2663 4542 probabile
2677 4457 2922 4542 sit’hanc
2944 4457 3194 4520 tumbam
3215 4464 3378 4542 fungi
3402 4467 3526 4542 vice
3545 4467 3830 4538 sepulcri,

2173 4530 2342 4610 quale
2375 4531 2434 4610 in
2486 4530 2758 4610 omnibus
2799 4535 2919 4610 aris
2947 4537 3298 4610 consecratis
3324 4530 3410 4610 “es
3441 4537 3570 4608 ipso
3615 4530 3834 4595 'conse-'

2172 4601 2452 4679 erattonis
2475 4601 2592 4679 ritu
2615 4607 3025 4679 etpraascripto
3054 4607 3282 4664 visitur.
3313 4601 3831 4679 Infra'pmdictum

2174 4672 2421 4753 Ιςξρὶςξεξιη
2453 4672 2788 4753 εξςιᾳργῇᾳε
2811 4672 3203 4753 seu'foramen
3239 4672 3584 4753 quadratum
3623 4681 3683 4736 in
3717 4695 3835 4752 quo

2171 4741 2422 4822 distillat
2469 4741 2839 4804 stillicidium
2878 4749 2950 4822 de
2983 4750 3172 4820 lapide
3213 4741 3511 4821 superiore
3535 4753 3641 4822 qui
3668 4741 3834 4809 sacra

3121 4828 3314 4894 guttas
3348 4824 3516 4880 modo
3559 4826 3828 4894 majores,

2173 4887 2338 4972 modo
2370 4887 2642 4972 minores,
2671 4891 2789 4972 pisi
2815 4896 2915 4947 aut
2937 4892 3105 4972 nucis
3123 4887 3398 4950 avellanae
3421 4887 3831 4972 magnitudine

2169 4959 2241 5036 de
2284 4958 2473 5028 lapide
2503 4958 2719 5026 supino
2757 4961 3157 5036 dependentes,
3209 4978 3354 5036 quas
3382 4958 3580 5021 omnes
3611 4967 3832 5035 excipit

2171 5029 2282 5103 late
2312 5035 2510 5098 patens
2531 5037 2796 5103 argentea
2821 5029 3056 5090 concha.
3093 5053 3119 5084 n
3144 5029 3313 5092 Varia
3344 5037 3627 5092 miracula
3653 5029 3829 5093 refert

2167 5101 2470 5177 gretserus
2493 5101 2550 5155 et
2577 5101 2736 5177 exeo
2776 5105 3082 5177 Bollandus
3107 5107 3324 5176 quibus
3351 5109 3822 5177 supersedemus.

2170 5172 2353 5252 Istius
2397 5174 2508 5230 olei
2554 5175 2894 5232 mentionem
2949 5175 3090 5233 facit
3124 5172 3514 5235 'Wolfhard'us
3546 5183 3608 5235 in
3645 5180 3749 5236 lib.
3784 5195 3825 5252 ι,

2169 5257 2292 5315 cap.
2322 5243 2376 5315 9,

2321 5258 2582 5386 ῗίἒὶἱᾳιιίεε
2603 5319 2661 5371 in
2688 5319 3026 5374 Parthenone
3044 5322 3354 5383 Eistctcnsi,
3381 5324 3826 5378 Momenheimcn-

2169 5387 2238 5450 si,
2288 5392 2337 5440 et
2373 5389 3058 5464 alibi.—_Reliqui_arum
3109 5393 3164 5446 S.
3219 5393 3562 5464 Walpurgis
3623 5409 3822 5464 magna

2171 5469 2303 5526 pars
2343 5464 2601 5514 servatur
2637 5460 2694 5514 in
2751 5461 3101 5518 Parthenone
3137 5460 3676 5521 sanctimonialium
3715 5460 3816 5521 Be-

2170 5529 2591 5588 nedictinarum
2619 5531 2678 5587 in
2699 5532 2945 5590 editiore
2963 5533 3124 5590 urbis
3151 5535 3353 5590 Eisteti
3380 5535 3528 5610 loco,
3554 5536 3656 5593 ubi
3683 5538 3816 5594 olim
