4060 6150
399 316 506 374 895

683 459 942 526 Praefatio
988 458 1048 510 in
1093 455 1185 508 lib.
1228 455 1314 510 IV
1356 468 1449 506 seu
1496 452 1761 520 Aprilem.

471 553 776 620 Hactenus,
819 549 984 602 Pater
1011 544 1236 618 egregie
1266 548 1321 600 et
1362 541 1615 614 pontifex
1657 551 1896 607 summe,
1930 551 2054 592 san-

402 645 621 696 ctorum
657 637 1006 709 peragrando
1036 634 1314 705 opuscula
1356 635 1605 699 Patrum,
1646 629 1820 684 trium
1855 641 2054 697 praece-

401 730 660 787 dentium
693 727 973 782 librorum
1007 725 1255 779 breviter
1293 728 1517 794 compta
1546 727 1834 796 congerie,
1878 720 2053 772 restat

404 825 468 874 ut
499 817 713 874 sanctis
740 830 840 886 pro
874 814 1058 884 nobis,
1087 815 1156 869 de
1188 813 1402 884 quibus
1433 827 1616 868 sermo
1640 815 1852 885 agitur,
1885 813 2056 867 inter-

404 905 773 978 pellantibus,
835 903 1154 973 vestrisque
1221 903 1606 973 praebentibus
1676 902 1917 972 meritis,
1982 899 2051 954 ad

403 997 594 1069 quarti
641 994 876 1049 initium
914 993 1229 1047 veniamus.
1275 993 1515 1062 Ideoque
1559 993 1820 1048 lectorem
1852 988 2052 1046 cernui

404 1085 802 1156 imploramus,
840 1087 924 1153 ut,
955 1083 1089 1137 dum
1123 1081 1398 1137 sulcando
1429 1087 1632 1137 cuncta
1665 1082 1910 1136 rimatus
1940 1078 2055 1135 fue-

403 1176 501 1248 rit,
550 1189 675 1246 quae
721 1178 858 1228 sunt
904 1171 1186 1226 catholica
1232 1177 1288 1226 et
1332 1171 1565 1241 probata
1616 1173 1877 1240 retineat,
1931 1183 2054 1240 qua:

402 1271 590 1320 autem
621 1263 816 1317 minus
858 1262 1081 1332 idonea,
1110 1265 1320 1316 resecet
1355 1266 1411 1315 et
1439 1261 1696 1329 abradat,
1733 1261 1922 1316 sciens
1952 1273 2055 1315 nos

402 1358 599 1408 nostro
632 1365 803 1406 sensu
838 1351 997 1406 nulla
1035 1350 1388 1422 excogitasse
1426 1351 1629 1420 anilia,
1674 1351 1814 1421 quin
1863 1349 2055 1419 potius

401 1455 468 1497 ex
494 1443 724 1497 Patrum
752 1439 922 1494 libris
947 1444 1209 1508 excerpta
1240 1444 1448 1494 nostra:
1479 1439 1870 1510 agglutinasse
1903 1437 2058 1509 pagi-

403 1529 572 1585 nulae.
616 1528 774 1596 Quod
822 1528 872 1582 si
913 1527 1238 1599 contigerit,
1281 1527 1589 1598 vigilanter
1627 1532 1775 1598 agat,
1820 1540 1888 1582 ne
1933 1539 2057 1581 san-

401 1622 622 1672 ctorum
654 1621 879 1685 arrepta
911 1616 1227 1670 temeritate
1267 1617 1484 1686 scripta
1522 1616 1817 1671 dilanians
1858 1621 2052 1671 nostra

403 1710 783 1763 transcurrat.

738 1815 996 1882 Praefatio
1035 1815 1094 1866 in
1134 1813 1226 1867 lib.
1276 1815 1328 1868 V
1361 1829 1455 1866 seu
1485 1815 1710 1867 Maium.

472 1922 779 1994 Raphaelis
813 1921 1164 1991 archangeli,
1203 1921 1392 1976 Tobiae
1423 1921 1585 1977 beato
1616 1921 1846 1977 coalitus
1885 1921 2058 1976 desti-

403 2013 523 2068 nati
551 2026 719 2081 opera
749 2011 948 2066 divina
974 2011 1199 2066 cunctis
1229 2011 1569 2079 nuntianda,
1606 2011 1843 2068 monitis
1873 2011 2055 2066 sacris

402 2101 751 2171 audivimus,
799 2100 899 2170 qui
940 2103 996 2155 et
1037 2101 1285 2156 levamen
1333 2105 1661 2158 sanctorum
1709 2100 2056 2156 mirabiliter

401 2190 669 2260 contulit,
719 2194 776 2246 et
816 2190 886 2245 ad
935 2189 1109 2245 caelos
1152 2193 1372 2260 patrata
1415 2191 1540 2260 ejus
1583 2190 1788 2246 domus
1833 2190 2058 2245 benedi-

401 2283 592 2338 ctione
623 2279 850 2336 rediens
871 2279 1039 2335 verba
1062 2279 1270 2336 salutis
1297 2280 1598 2348 impendit.
1628 2281 1847 2335 Idcirco
1873 2285 1927 2333 et
1953 2293 2058 2334 nos

403 2386 506 2442 pro
545 2369 777 2425 modulo
818 2369 1168 2424 valetudinis
1200 2374 1406 2425 nostra:
1442 2369 1708 2424 Christus
1745 2369 1803 2423 in
1841 2368 2058 2424 sanctis

403 2461 548 2530 suis,
592 2458 854 2529 quamvis
897 2459 1000 2527 rei,
1048 2458 1416 2528 criminibus,
1465 2459 1878 2528 collaudamus,
1919 2457 2056 2528 quia

404 2553 632 2603 sanctos
658 2548 718 2602 in
746 2547 1037 2603 Christum
1069 2549 1384 2603 consistere
1409 2548 1714 2603 credimus.
1748 2548 1871 2616 Ipse
1901 2547 2053 2601 enim

401 2637 516 2692 fuit
556 2649 751 2690 eorum
798 2636 856 2690 in
889 2650 1068 2708 agone
1109 2638 1384 2708 victoria;
1429 2641 1570 2707 ipse,
1622 2650 1689 2691 ne
1726 2635 2052 2706 deﬁcerent,

401 2724 679 2796 protectio
704 2725 928 2780 valida:
967 2727 1088 2795 ipse
1120 2731 1246 2795 post
1279 2727 1639 2796 triumphum
1671 2739 1901 2795 corona,
1933 2725 2056 2794 ipse

399 2828 496 2870 eos
528 2814 872 2884 repromissa
905 2814 1110 2870 ditavit
1149 2819 1204 2869 et
1235 2814 1436 2886 gloria.
1479 2811 1794 2870 Oﬁ‘eramus
1828 2827 1961 2886 ergo
1994 2814 2052 2869 in

400 2904 568 2958 domo
614 2903 842 2958 Domini
885 2916 996 2958 non
1035 2917 1263 2975 aurum,
1305 2917 1417 2959 non
1458 2910 1778 2974 argentum,
1819 2918 1930 2959 non
1970 2917 2057 2959 ve-

401 2997 516 3048 stes
548 2991 848 3062 pretiosas,
887 2993 982 3048 sed
1026 2993 1176 3062 pilos
1201 3006 1503 3063 caprarum
1543 2997 1784 3064 tantum,
1814 2997 1869 3048 et
1899 2993 2056 3064 peti-

405 3097 530 3138 mus
554 3087 614 3138 ut
635 3081 838 3137 merito
861 3082 1028 3138 nobis
1053 3082 1260 3138 collata
1287 3089 1615 3140 sanctorum
1643 3084 1832 3154 portio
1858 3089 2050 3140 nostra
2085 3113 2135 3178 C

403 3171 482 3227 sit
504 3172 562 3227 in
585 3175 737 3227 terra
753 3172 1088 3228 viventium.
1113 3173 1378 3244 Legimus
1399 3187 1645 3244 namque
1665 3174 1902 3229 viduam
1923 3187 2057 3244 pau-

403 3260 690 3333 perculam
730 3262 846 3317 duo
878 3261 1100 3317 minuta
1135 3262 1537 3334 gazOphylacio
1577 3261 1907 3332 praebuisse.

698 3388 957 3456 Prmfatio
1000 3389 1058 3442 in
1101 3387 1192 3442 lib.
1248 3389 1326 3444 VI
1368 3404 1462 3442 seu
1505 3391 1749 3443 Iunium.

471 3514 731 3571 Evolutis
751 3515 925 3584 hujus
950 3515 1216 3585 opusculi
1244 3515 1500 3586 quinque
1527 3515 1969 3585 praecedentium
1993 3513 2061 3568 li-

400 3603 636 3660 brorum
678 3605 1054 3674 compendiis,
1089 3604 1321 3673 quibus,
1365 3605 1595 3658 Patrum
1638 3604 1850 3673 scripta
1887 3618 2061 3659 scru-

401 3699 617 3764 tantes,
649 3707 828 3762 pauca
853 3693 922 3748 de
951 3692 1220 3762 pluribus
1254 3691 1556 3747 scribendo
1585 3691 2054 3764 perstrinximus,

402 3796 575 3852 nunc,
606 3781 834 3836 Christo
876 3780 1148 3850 propitio,
1187 3785 1250 3835 ut
1285 3780 1353 3835 ad
1401 3781 1545 3834 sexti
1590 3780 1826 3835 initium
1873 3781 2060 3836 venia-

404 3885 552 3940 mus,
600 3875 655 3924 et
692 3882 1048 3939 consequens
1091 3869 1239 3924 ratio
1285 3869 1556 3938 postulat,
1607 3872 1662 3923 et
1704 3874 1909 3941 vestra,
1960 3884 2061 3926 sa-

403 3957 727 4014 cratissime
760 3957 991 4028 praesul,
1023 3956 1272 4012 hortatio
1303 3957 1475 4029 cogit,
1516 3971 1642 4028 qua:
1674 3972 1776 4013 nos
1809 3959 1877 4014 ad
1907 3959 2062 4015 scri—

403 4046 650 4102 bendum
695 4059 916 4115 semper
953 4046 1220 4116 impellit.
1255 4046 1524 4102 Laborem
1564 4061 1810 4118 namque
1850 4047 2062 4118 impen'

401 4135 618 4206 dimus,
652 4149 847 4190 verum
873 4136 941 4191 ad
979 4135 1192 4191 laboris
1227 4135 1486 4192 effectum
1520 4138 1814 4206 pervenire
1850 4139 2062 4208 nequi-

407 4238 555 4293 mus,
581 4223 694 4279 nisi
721 4224 842 4294 ipse
869 4225 1208 4295 praestiterit
1232 4225 1331 4295 qui
1369 4239 1469 4295 pro
1491 4239 1550 4280 se
1573 4225 1973 4281 laborantibus
1999 4226 2058 4280 in

404 4314 515 4370 ﬁne
542 4315 839 4385 praemium
878 4315 1083 4372 reddit.
1125 4315 1284 4370 Unde
1316 4319 1373 4369 et
1407 4329 1510 4370 nos
1539 4314 1610 4369 ab
1646 4315 1770 4384 ipso
1813 4315 2060 4386 postula-

406 4418 536 4461 mus
559 4404 869 4475 auxilium,
903 4410 956 4460 et
992 4404 1213 4476 pagina:
1240 4402 1472 4475 ﬁgimus
1499 4402 1734 4472 stylum.

575 4532 842 4599 Praefatio
877 4531 938 4584 in
973 4530 1065 4582 lib.
1113 4530 1220 4584 VII
1255 4543 1349 4582 seu
1381 4543 1615 4582 mensem
1651 4529 1875 4582 Jul-ium.

471 4656 714 4713 Evoluto
756 4654 1068 4710 multorum
1106 4653 1408 4708 intervallo
1438 4653 1686 4725 dierum,
1721 4668 1834 4724 quo
1865 4668 2056 4710 szecu—

403 4744 512 4800 lari
563 4757 733 4799 onere
792 4747 1196 4814 praegravante,
1255 4746 1311 4796 et
1366 4741 1763 4797 mundialibus
1803 4756 1834 4798 e
1877 4742 2054 4798 latere

403 4831 843 4888 stimulantibus
869 4831 1048 4902 curis,
1082 4836 1370 4901 arreptum
1397 4832 1514 4901 jam
1549 4832 1769 4902 pridem
1795 4845 2054 4902 opuscu—

405 4914 524 4968 lum
543 4912 868 4968 calcetenus
886 4911 1212 4982 pertrahere
1230 4912 1466 4968 minime
1484 4913 1799 4983 quivimus,
1821 4927 2055 4983 suspen-

404 5017 530 5059 sum
563 5006 637 5074 te,
667 5002 996 5058 antistitum
1043 5016 1280 5074 gemma,
1316 5001 1451 5057 licet
1491 5003 1803 5073 inutiliter,
1851 5002 2054 5058 reddi-

402 5092 617 5148 dimus.
646 5091 848 5146 JEstivi
872 5105 1116 5162 namque
1139 5091 1414 5161 temporis
1435 5091 1638 5163 virtus,
1667 5093 1803 5148 dum
1833 5091 2050 5161 hispidi

404 5182 560 5238 ruris
599 5194 864 5252 suprema
891 5182 1176 5253 ignlcoma
1215 5179 1400 5236 fronte
1436 5182 1676 5251 perurit,
1712 5195 1858 5251 saepe
1882 5181 2053 5236 etiam

403 5271 632 5326 leonina
656 5269 818 5326 fauce
846 5271 1047 5326 intima
1071 5271 1258 5340 ipsius
1279 5285 1549 5326 venarum
1573 5272 1786 5326 ﬂuenta
1803 5269 2058 5339 prmlam-

403 5359 506 5414 bit.
555 5361 762 5415 Verum
806 5359 1062 5414 volvente
1106 5364 1423 5430 temporum
1466 5364 1587 5414 rota
1633 5359 1770 5413 dum
1813 5357 2058 5412 canities

403 5449 642 5505 hiberna
694 5449 1061 5519 ptopinquat,
1115 5449 1417 5519 absorptos
1463 5460 1600 5517 pene
1644 5447 1808 5516 prius
1858 5447 2056 5502 latices

400 5539 469 5595 ad
512 5539 774 5610 proprios
812 5537 1090 5595 violenter
1131 5538 1296 5595 sinus
1342 5536 1565 5593 invitat.
1607 5536 1701 5591 Sic
1749 5541 1824 5608 et,
1871 5537 2052 5616 Pater,

408 5627 683 5685 hactenus
737 5627 944 5684 ﬁstulae
993 5631 1201 5684 nostra}
1241 5639 1383 5683 vena
1419 5623 1700 5698 peraruit,
1735 5629 1792 5680 et
1827 5624 2056 5696 penitus

1103 307 1523 366 WOLFHARDI
1573 303 1878 361 PREFAT.
1931 298 2004 360 IN
2043 301 2280 361 LIBROS
2319 305 2487 363 SUOS
2523 307 2630 365 ΧΙΙ
2666 308 2756 364 DE
2793 306 2986 364 ACTIS
3021 308 3112 364 SS.

2084 1768 2138 1830 B

2087 4447 2142 4508 D

3705 309 3813 368 896

2076 433 2130 491 A
2163 431 2313 486 nihil
2359 433 2595 489 invenit.
2639 435 2976 491 Imminente
3003 449 3136 508 ergo
3177 435 3388 492 hiemis
3417 441 3670 508 tempore
3698 437 3816 495 fon-

2163 525 2272 575 tem
2316 523 2646 601 repetimus.
2690 525 2758 579 Et
2797 525 3068 595 quoniam
3109 525 3311 595 hydria
3344 526 3511 582 nobis
3551 541 3665 583 non
3707 535 3810 601 est,

2162 615 2217 665 et
2240 614 2445 679 puteus
2473 612 2627 668 altus
2655 619 2759 682 est,
2788 620 2844 668 et
2876 627 3057 684 neque
3086 615 3143 669 in
3176 629 3288 684 quo
3323 620 3541 671 nosmet
3573 617 3816 674 hauria-

2164 712 2311 761 mus,
2353 700 2704 757 omnimodis
2735 701 3029 774 habemus,
3077 709 3335 772 petamus
3375 703 3447 758 ab
3490 718 3554 759 eo
3589 707 3688 776 qui
3735 709 3816 762 di-

2161 787 2280 842 xit:
2329 789 2434 854 Qui
2469 791 2605 852 sitit,
2653 793 2836 844 ueniat
2877 792 2951 844 ad
2988 808 3069 845 me
3110 797 3160 846 et
3204 793 3370 861 bibat,
3418 792 3816 851 delectabilem

2166 875 2454 942 haustum,
2489 883 2543 933 et
2567 878 2923 934 inveniemus
2952 879 3256 936 hauriendi
3279 881 3558 937 effectum.
3589 885 3656 938 Et
3681 899 3813 954 quo-

2165 965 2318 1020 niam
2342 967 2523 1022 nostri
2549 981 2659 1022 non
2678 973 2765 1023 est
2786 968 2980 1024 bibere
3009 969 3066 1024 in
3091 968 3435 1039 profundum
3457 972 3677 1027 calamo
3701 978 3820 1028 tan-

2165 1060 2284 1110 tum
2325 1055 2466 1110 ﬂexa
2505 1057 2724 1112 cervice
2765 1057 3036 1129 demisso,
3081 1059 3411 1114 studeamus
3458 1060 3582 1129 ipso
3628 1063 3820 1132 propi-

2165 1144 2345 1200 tiante
2387 1147 2640 1217 sugendo
2687 1147 2912 1202 trahere
2957 1148 3248 1218 poculum,
3299 1154 3354 1204 et
3399 1155 3622 1207 sextum
3667 1152 3815 1207 sexti

2167 1235 2380 1291 mensis
2417 1249 2449 1290 a
2485 1237 2758 1295 Januario
2786 1238 3084 1308 capiamus
3126 1238 3380 1295 initium.

2305 1363 2564 1430 Praefatio
2589 1365 2646 1416 in
2673 1363 2766 1418 lib.
2806 1365 2940 1419 VIII
2960 1379 3053 1418 seu
3083 1379 3314 1418 mensem
3337 1365 3671 1432 Augustum.

2237 1471 2502 1542 Legimus
2536 1470 2782 1542 Augusti
2832 1485 3034 1526 nomen
3075 1471 3144 1526 ab
3192 1473 3442 1539 augendo
3474 1471 3820 1530 vocabulum

2163 1561 2467 1630 accepisse.
2505 1561 2745 1631 Ideoque
2785 1561 3239 1617 misericordiam
3271 1563 3529 1618 auctoris
3558 1564 3820 1619 omnium

2165 1650 2560 1719 imploramus,
2591 1656 2655 1706 ut
2682 1651 2803 1721 ipse
2828 1652 2928 1721 qui
2958 1656 3184 1707 sanctos
3212 1652 3484 1722 templum
3517 1667 3636 1708 suae
3663 1653 3825 1708 habi-

2163 1741 2404 1796 tationis
2427 1740 2706 1810 instituit,
2730 1745 2785 1796 et
2805 1754 2900 1796 eos
2925 1740 3038 1796 sibi
3064 1741 3446 1797 diversorium
3474 1756 3598 1797 esse
3622 1742 3820 1814 elegit,

2166 1830 2224 1884 in
2267 1844 2369 1884 nos
2407 1843 2600 1886 eorum
2645 1830 3026 1899 opitulatione
3071 1831 3353 1902 piissima,
3399 1831 3824 1888 benedictionis

2165 1933 2374 1974 munus
2419 1918 2703 1989 infundat,
2749 1924 2806 1974 et
2852 1920 2962 1975 iter
2997 1926 3244 1990 cceptum
3289 1921 3586 1977 ambulare
3626 1935 3827 1977 conce-

2163 2009 2278 2078 dat,
2328 2009 2600 2079 pabulum
2645 2008 2800 2064 verbi
2847 2009 3131 2082 benignus
3171 2010 3483 2080 impendat,
3534 2011 3823 2067 calamum

2166 2099 2381 2154 siccum
2415 2113 2531 2154 sum
2564 2099 2796 2168 pietatis
2827 2113 2952 2154 rore
2985 2098 3307 2170 perfundat.
3341 2105 3397 2154 et
3432 2100 3677 2171 Augusti
3714 2101 3827 2156 ini-

2165 2188 2311 2242 tium
2355 2188 2748 2258 capientibus,
2805 2188 3093 2245 scribendi
3147 2189 3297 2244 dona
3354 2189 3715 2257 contribuat,
3766 2196 3826 2244 et

2166 2278 2513 2334 cumulando
2541 2278 2980 2348 potentissimus
2999 2282 3222 2350 augeat,
3248 2284 3305 2334 et
3329 2279 3603 2350 quoniam
3632 2279 3826 2350 ipsius

2166 2373 2252 2424 est
2279 2382 2443 2438 opus,
2479 2367 2666 2437 ipsius
2698 2368 3092 2440 magniﬁcetur
3120 2373 3176 2424 et
3202 2368 3406 2424 virtus.

2306 2477 2566 2544 Praeﬁltio
2594 2478 2654 2530 in
2685 2477 2782 2529 lib.
2809 2478 2888 2531 IX
2911 2491 3006 2530 seu
3033 2492 3266 2531 mensem
3292 2476 3668 2547 Septembrem.

2235 2585 2516 2654 Quoniam
2548 2586 2661 2640 Deo
2685 2585 2992 2654 adjuvante
3020 2585 3265 2656 Augusti
3300 2587 3512 2641 mensis
3539 2584 3832 2643 ferventia

2167 2687 2302 2729 rura
2331 2673 2728 2745 transivimus,
2761 2678 2818 2729 et
2846 2674 2916 2729 de
2947 2672 3100 2730 fonte
3125 2681 3379 2744 paterno.
3414 2675 3692 2745 quidquid
3733 2690 3839 2746 po-

2165 2762 2404 2831 tuimus,
2461 2763 2714 2834 sugendo
2769 2763 3182 2832 contraximus,
3249 2768 3424 2819 restat
3471 2769 3534 2819 ut
3587 2763 3838 2820 umbras

2164 2850 2514 2920 Septembris
2539 2851 2741 2921 tepidi,
2772 2850 2908 2906 licet
2933 2851 3271 2920 laboraturi,
3296 2852 3611 2908 sollicitius
3635 2854 3843 2924 requi-

2166 2953 2378 2996 ramus.
2413 2939 2737 3010 September
2765 2940 2918 2996 enim
2950 2940 3076 2996 soni
3108 2939 3474 3012 diﬁinitione,
3518 2940 3664 3012 quod
3700 2956 3843 3012 sep-

2166 3030 2345 3086 timus
2386 3029 2482 3101 sit,
2515 3029 2586 3085 ab
2628 3029 2809 3085 imbre
2851 3043 3102 3100 congrue
3141 3031 3491 3087 nominatur.
3527 3030 3683 3087 Unde
3715 3046 3841 3088 nos

3558 3120 3842 3192 implora-

2167 3223 2316 3278 mus,
2365 3213 2428 3264 ut
2474 3208 2654 3264 imbre
2702 3222 2821 3264 sua;
2866 3208 3059 3264 ﬂuidae
3101 3209 3333 3278 pietatis
3380 3213 3625 3280 emptum
3673 3223 3841 3279 opus

2169 3296 2457 3364 infundat,
2484 3302 2541 3353 et
2569 3296 2819 3353 feliciter
2842 3298 2911 3353 ad
2947 3297 3114 3354 ﬁnem
3147 3312 3330 3369 usque
3362 3299 3651 3370 perducat,
3685 3313 3841 3368 qua-

2167 3391 2334 3441 tenus
2374 3387 2499 3456 ejus
2524 3387 2710 3443 virtus
2745 3386 2940 3456 operis
2976 3392 3033 3442 et
3062 3387 3228 3444 nobis
3260 3386 3651 3460 peccatoribus
3687 3402 3841 3458 prae-

2170 3477 2348 3532 mium
2391 3476 2469 3532 sit
2509 3475 2741 3532 laboris.

2344 3585 2604 3651 Praefatio
2639 3585 2697 3638 in
2729 3584 2822 3638 lib.
2855 3585 2906 3638 X
2937 3600 3032 3639 seu
3069 3600 3304 3639 mensem
3344 3584 3636 3640 Octobrem.

2240 3691 2542 3760 Praeceptis
2595 3691 3049 3762 obtemperantes
3102 3692 3328 3763 vestris,
3387 3690 3641 3762 pontifex
3692 3705 3837 3748 vere

2170 3780 2328 3835 beate
2375 3786 2432 3835 et
2485 3781 2542 3835 in
2591 3783 2799 3836 saecula
2853 3783 3232 3851 memorande,
3289 3795 3485 3838 novem
3537 3782 3832 3837 mensium

2167 3869 2294 3925 dies
2335 3869 2709 3925 Kalendarios
2750 3869 2985 3925 totidem
3026 3869 3440 3939 voluminibus,
3475 3875 3686 3939 quanta
3730 3885 3838 3939 po-

2168 3959 2409 4027 tuimus,
2461 3959 2952 4015 commendatione
2997 3959 3464 4029 perstrinximus.
3507 3963 3564 4013 et
3594 3958 3655 4013 in
3701 3973 3837 4029 pra-

2169 4047 2247 4102 tis
2275 4046 2584 4103 uberrimis
2610 4048 2975 4104 ﬁosculantes
3013 4048 3208 4104 dulcia
3230 4047 3396 4103 mella
3421 4047 3830 4119 transivimus,

2171 4136 2333 4192 suavi
2365 4141 2585 4193 tantum
2621 4137 2809 4192 nitore
2849 4137 3131 4208 contenti,
3163 4142 3219 4192 et
3249 4137 3572 4208 graminum
3602 4136 3837 4208 exigui-

2171 4228 2284 4280 tate
2326 4239 2427 4296 pro
2467 4225 2692 4281 viribus
2725 4225 2968 4282 onerati.
3015 4225 3178 4298 Cogit
3216 4226 3388 4281 etiam
3429 4239 3582 4282 nunc
3621 4232 3835 4282 vestrae

2171 4313 2478 4383 imperium
2510 4314 2836 4385 dignitatis,
2876 4321 2938 4370 ut
2967 4314 3224 4370 decimus
3255 4314 3402 4369 liber
3442 4328 3654 4370 nonum
3696 4313 3837 4370 sub-

2169 4408 2466 4474 sequatur,
2511 4409 2566 4458 et
2611 4403 3017 4473 promissionis
3065 4403 3278 4473 prioris
3315 4403 3498 4474 exigit
3538 4402 3829 4471 debitum,

2166 4491 2304 4548 dum
2348 4493 2577 4547 mandat
2613 4492 2833 4548 arctius
2876 4493 3045 4564 ﬁgere
3084 4492 3315 4562 stylum.
3356 4492 3601 4561 Adjuvet
3640 4492 3834 4563 igitur

2171 4584 2310 4652 ipse,
2349 4596 2381 4637 a
2411 4598 2524 4652 quo
2561 4581 2708 4636 liber
2741 4583 2920 4638 sumit
2962 4583 3284 4651 exordium,
3326 4581 3626 4653 Remigius
3661 4583 3831 4638 Pater

2171 4676 2361 4728 noster
2381 4677 2437 4726 et
2467 4684 2703 4726 suorum
2729 4677 2786 4727 et
2813 4671 3070 4727 omnium
3096 4670 3350 4726 ﬁdelium
3382 4671 3749 4741 pOpulorum.

2310 4799 2572 4866 Praefatio
2602 4799 2661 4852 in
2691 4798 2784 4851 lib.
2817 4799 2895 4852 XI
2920 4813 3016 4851 seu
3043 4812 3277 4853 mensem
3304 4797 3674 4854 Nouembrem.

2237 4909 2482 4964 Mensem
2517 4919 2669 4960 nunc
2692 4903 2921 4960 Christo
2947 4902 3169 4960 favente
3189 4917 3566 4976 aggressuros
3593 4905 3830 4960 Novem-

2167 4995 2380 5065 brium,
2413 4999 2741 5050 sanctorum
2774 5007 2878 5050 nos
2907 4993 3139 5062 adjuvet
3171 4993 3508 5049 intercessio
3538 4993 3824 5069 omnium.

2167 5098 2411 5154 quorum
2453 5083 2560 5140 sub
2602 5097 2716 5139 una
2755 5083 3088 5139 celebritate
3138 5083 3262 5152 ipso
3303 5083 3399 5138 die
3436 5081 3826 5138 Kalendarum

2166 5163 2592 5230 sacrosanctum
2634 5179 2938 5229 veneratur
2977 5172 3340 5229 solemnium.
3375 5171 3435 5226 Si
3469 5172 3625 5227 enim
3660 5172 3828 5241 juxta

2165 5262 2488 5332 apostolum
2540 5263 2810 5318 Iacobum
2860 5263 3093 5318 multum
3138 5262 3283 5316 valet
3332 5261 3641 5330 deprecatio
3680 5260 3829 5329 justi

2165 5353 2423 5415 assidua,
2457 5358 2671 5423 quanto
2703 5352 2888 5424 magis
2918 5357 3246 5407 sanctorum
3278 5350 3540 5405 omnium
3573 5348 3740 5405 unita
3768 5353 3824 5403 et

2167 5441 2504 5497 intercessio
2545 5441 2675 5512 pial
2723 5443 2837 5496 Nos
2869 5455 3067 5511 nempe
3100 5441 3204 5496 hoc
3246 5438 3472 5509 indigni
3515 5438 3824 5494 existimas

2165 5545 2334 5603 Opere
2361 5537 2417 5588 et
2447 5536 2774 5588 sanctorum
2815 5530 3230 5602 benignissima
3262 5528 3695 5584 intercessione.
3730 5528 3826 5582 Ta-

2168 5636 2294 5679 men
2343 5622 2443 5698 qui
2501 5625 2825 5698 peccatores
2866 5619 3152 5692 justiﬁcat
3187 5624 3244 5673 et
3284 5617 3542 5689 exaudit,
3589 5615 3820 5674 verbum
