4060 6150
199 239 312 300 897

1113 251 1510 311 ANAMODUS.
1551 285 1626 297 —
1669 256 1994 316 MONITUM
2028 260 2124 317 AD
2171 262 2346 320 orus
2382 265 2707 335 SEQUENS.

3512 271 3620 331 898

198 386 359 468 more
396 372 786 468 desiderantis
825 379 1043 468 “aperto
1106 380 1451 468 contribuit,
1529 384 1629 455 qui
1682 400 1857 456 super
1883 389 1939 450 A
1964 388 2291 447 confractus
2315 390 2386 448 ab
2427 392 2630 448 ordine
2659 393 2863 464 cecidi,
2897 408 2967 451 ne
3015 395 3389 466 dispendium
3422 398 3615 468 perfeo

193 461 386 531 justos
413 466 470 518 et
500 462 748 557 injustos
780 463 1212 557 aﬂluentissime
1245 470 1415 542 pluit,
1437 472 1559 543 ipse
1579 486 1611 529 a
1634 489 1857 531 summo
1967 481 2083 537 ctio
2109 485 2414 554 pateretur,
2459 482 2583 553 ipsa
2615 461 2859 555 (quem)
2884 461 3135 541 sacravit
3154 486 3395 557 Veritas,
3423 461 3614 544 nume-

198 556 288 607 est
318 558 519 622 potens
547 553 764 609 stillam
795 555 1077 628 amittere,
1106 563 1163 614 et
1193 558 1451 632 linguam
1475 563 1694 620 aridam
1723 565 1848 622 cle—

201 645 423 698 menter
453 640 773 700 infundere.

346 786 609 853 Praefatio
632 787 694 840 in
726 786 821 839 lib.
849 787 956 843 XII
980 804 1075 844 seu
1097 806 1331 847 mensem
1351 796 1706 851 Decembrem.

268 910 701 968 Duodenarium
728 925 1031 970 numerum
1061 929 1184 971 esse
1215 916 1524 987 perfectum
1558 922 1706 978 ratio
1728 922 1854 993 ipsa

195 1000 415 1057 astruit
469 1000 750 1072 veritatis,
800 1002 936 1059 dum
983 1004 1043 1059 in
1074 1010 1400 1064 sanctorum
1448 1010 1851 1080 pr0phetarum

196 1088 706 1160 apostolorumque
735 1091 992 1164 catalogo
1022 1098 1306 1151 sacratum
1330 1095 1449 1153 fore
1478 1098 1849 1158 demonstret.

192 1178 510 1235 Duodecim
542 1179 764 1249 typicos
794 1193 1040 1252 namque
1088 1181 1272 1241 fontes
1311 1188 1537 1257 Moysen
1567 1203 1697 1246 cum
1746 1206 1855 1262 po—

197 1268 339 1340 pulo
365 1267 611 1341 legimus
643 1268 929 1326 invenisse
959 1271 1019 1327 in
1045 1284 1253 1343 eremo,
1281 1280 1336 1331 et
1360 1275 1453 1333 bis
1477 1292 1645 1337 senos
1662 1282 1851 1337 Jesum

199 1358 427 1429 lapides
461 1357 729 1414 Jordanis
758 1359 1068 1416 sustulisse
1113 1374 1146 1417 a
1192 1363 1386 1421 fluvio.
1431 1367 1595 1424 Jesus
1624 1383 1853 1440 quoque

195 1452 394 1505 noster
417 1446 785 1504 firmissimos
820 1452 877 1504 et
902 1449 1346 1521 limpidissimos
1371 1454 1593 1525 lapides
1626 1458 1851 1515 duode-

193 1537 310 1593 cim
327 1536 543 1609 delegit
556 1537 865 1609 apostolos,
885 1544 948 1594 ut
967 1553 1090 1595 com
1099 1542 1351 1613 paginati
1369 1545 1633 1615 angulari
1660 1546 1849 1617 lapide

195 1640 430 1685 murum
477 1624 824 1685 fabricarent
860 1627 1147 1686 Ecclesiae.
1178 1632 1259 1689 Ex
1290 1632 1505 1703 quibus
1536 1635 1671 1706 quia
1699 1651 1851 1693 unus

1969 584 2095 626 rum
2121 572 2422 641 reparavit.

2034 660 2342 716 Duodecim
2375 675 2605 733 quoque
2644 662 2927 718 mensium
2969 677 3148 719 cursu
3190 667 3315 720 rota
3366 663 3620 720 volvitur

1963 747 2123 819 anni,
2170 748 2384 819 quibus
2414 755 2567 821 gesta
2608 764 2925 822 pugnaeque
2969 756 3297 807 sanctorum
3353 766 3522 809 aures
3562 752 3621 807 ti-

1963 835 2180 892 delium
2228 837 2479 910 erigunt,
2530 846 2859 911 mentesque
2907 840 3205 910 spirituali
3259 841 3453 897 edulio
3509 855 3617 911 pa—

1964 931 2152 999 scunt,
2184 932 2240 982 et
2261 927 2327 983 ad
2360 941 2606 984 amorem
2654 929 2905 985 cmlestis
2950 930 3329 986 beatitudinis
3357 930 3610 986 trahunt.

1963 1014 2079 1071 Nos
2108 1016 2280 1071 etiam
2315 1017 2452 1088 quia
2486 1018 2660 1088 hujus
2690 1019 2953 1090 opusculi
2981 1020 3163 1075 nostri
3194 1020 3400 1076 seriem
3438 1018 3618 1088 expli-

1963 1103 2080 1160 cito
2111 1104 2261 1161 libro
2287 1106 2612 1178 undecimo,
2642 1121 2708 1163 ac
2731 1108 2779 1163 si
2815 1108 3089 1165 hactenus
3118 1108 3439 1181 aggerando
3464 1122 3614 1165 con—

1964 1192 2233 1265 tulimus,
2257 1209 2325 1250 ne
2344 1195 2698 1266 imperfectio
2722 1196 3067 1267 perfectione
3084 1197 3369 1269 culpetur,
3386 1198 3617 1254 Christo

1965 1284 2219 1353 pr0pitio
2248 1284 2576 1340 duodecimi
2611 1286 2847 1342 initium
2896 1287 3213 1358 capiamus,
3249 1292 3331 1359 ut,
3377 1288 3515 1343 dum
3544 1286 3614 1342 ad

1962 1371 2173 1427 calcem
2217 1371 2489 1443 felicique
2535 1388 2710 1430 cursu
2770 1376 3107 1447 pervenerit,
3174 1376 3297 1446 ipso
3328 1376 3612 1447 laudetur,

1963 1460 2061 1530 qui
2089 1464 2145 1515 et
2179 1461 2305 1516 suis
2342 1460 2669 1518 facundiam
2695 1463 2978 1519 sermonis
3010 1464 3329 1520 munificiis
3382 1464 3611 1534 tribuit,

1959 1555 2015 1605 et
2047 1550 2107 1605 in
2139 1564 2375 1607 numero
2414 1557 2470 1607 et
2520 1565 2783 1608 mensura
2832 1559 2885 1608 et
2934 1553 3180 1622 pondere
3231 1552 3442 1609 artifex
3483 1568 3618 1610 om—

1960 1638 2122 1695 nium
2152 1640 2344 1696 omnia
2374 1641 2598 1712 statuit,
2630 1647 2685 1698 et
2713 1646 2927 1699 statuta
2957 1642 3355 1700 benedictione
3377 1643 3612 1700 dicavit.

192 1802 2444 1831 __.__._._____.__.__._____._____________________________

1122 1948 1465 2026 CARMEN
1571 1955 1686 2025 DE
1788 1958 2112 2031 SANC’I‘A
2197 1959 2684 2032 WALPURGE

1483 2114 1822 2174 AUCTORE
1870 2117 2340 2187 WOLFHARDO,

1226 2240 1402 2305 (Apud
1436 2240 1722 2307 Canisium,
1787 2243 2063 2296 Lectiones
2104 2245 2282 2309 antiq.,
2331 2247 2457 2295 tom.
2484 2243 2570 2308 II.)

1692 2377 2101 2392 *-

268 2472 421 2530 Filia
451 2472 606 2545 regis
630 2475 771 2544 erat,
814 2472 910 2529 sed
941 2485 1174 2545 egenam
1214 2487 1274 2529 se
1303 2472 1565 2533 faciebat.

265 2563 441 2619 Dives
461 2566 528 2619 ut
552 2562 612 2618 iu
635 2561 866 2619 Christo
897 2566 1157 2635 regnaret
1183 2576 1404 2634 semper
1425 2564 1483 2621 in
1508 2565 1635 2637 ipso
1659 2584 1674 2638 ;

262 2652 445 2723 Quam
474 2652 558 2711 sit
594 2650 767 2708 chara
800 2654 915 2709 Deo
940 2655 1261 2709 monstrant
1289 2653 1568 2712 miracula
1609 2656 1809 2716 crebro
1838 2679 1853 2733 ;

1879 2480 1933 2541 B
2034 2477 2169 2549 Quae
2195 2479 2422 2535 meritis
2449 2478 2576 2548 ejus
2603 2475 2823 2534 confert
2857 2476 2927 2533 de
2956 2475 3181 2549 virgine
3207 2481 3395 2552 natus,

2035 2571 2118 2625 Ex
2145 2569 2272 2638 ejus
2316 2566 2513 2623 tumba
2545 2571 2736 2622 manat
2764 2580 2926 2623 sacra
2967 2567 3216 2637 pectoris
3245 2568 3400 2625 unda

2034 2658 2218 2714 Serva:
2248 2670 2493 2727 namque
2537 2655 2638 2712 Dei
2672 2656 2771 2712 lux
2795 2655 3090 2725 splenduit
3120 2654 3289 2711 illa...

193 2830 2120 2869 ψ

1486 2981 1667 3028 ANNO
1719 2982 1960 3028 DOMINI
2002 2983 2342 3027 DCCCXCIX.

1367 3136 2417 3293 ANAMODUS

847 3394 1342 3472 ECCLESIIE
1434 3393 2209 3470 RATISPONENSIS
2302 3394 3017 3468 SUBDIACONUS.

1704 3565 2104 3578 —_

1024 3690 1569 3820 MONITUM
1650 3697 1806 3815 AD
1886 3693 2178 3816 OPUS
2253 3692 2803 3824 SEQUENS.

657 3898 852 3961 (Apud
897 3898 1131 3960 Pezium,
1175 3899 1473 3949 Thesaurus
1518 3899 1900 3950 Anecdotorsrn
1939 3898 2269 3957 novissimus,
2316 3899 2444 3947 tom.
2479 3895 2522 3958 Ι,
2569 3898 2700 3959 part.
2746 3908 2829 3957 ιιι,
2858 3908 2978 3958 pag.
3015 3895 3147 3959 192.)

258 4147 576 4221 Prceclqrus
594 4148 911 4221 est,inquit
934 4151 1370 4209 eruditissimus
1398 4150 1771 4211 Mabillonius
1795 4154 1854 4210 in
1885 4154 1935 4218 C
1967 4150 2221 4221 tradidit,
2261 4153 2423 4218 atque
2452 4148 2723 4221 alligavit,
2746 4149 2806 4201 in
2825 4162 3067 4221 manum
3082 4147 3469 4221 Ambrichonis
3490 4164 3609 4203 ven.

187 4217 821 4298 itinere_Germanico,_
852 4227 1004 4298 tomo
1053 4225 1120 4279 IV
1155 4223 1572 4298 analectorum
1603 4227 1852 4298 praatixo,

184 4288 811 4367 Codem_Traditionum,
847 4296 1086 4367 scriptus
1110 4295 1491 4367 abAnomoto,
1536 4288 1857 4367 dicatusqué

181 4360 522 4439 Ambriconi
568 4360 832 4439 episcopo,
876 4360 1059 4439 velut
1109 4365 1276 4422 nobis
1326 4367 1572 4439 videtur,
1616 4360 1857 4439 Asperto

180 4432 474 4561 ἓξὲωορο
490 4410 914 4505 Βεῑῖδροιῖθῆεἰ,
939 4410 1191 4507 ᾇιῖἰέέίιῖι
1201 4410 1857 4509 ηᾶιιίιίῆἶόέᾶειῖίιηιῖᾞιῖδ

298 4546 315 4561 .
374 4505 578 4561 Carolo
600 4508 804 4561 Crasso
832 4508 1021 4561 adhuc
1054 4509 1390 4561 imoerante.
1418 4510 1728 4561 Ambricho
1754 4526 1857 4561 seu

298 4546 315 4580 _,
374 4505 584 4580 Carolo
600 4508 804 4562 Crasso
825 4505 1021 4580 adhuc
1054 4509 1390 4580 imperante,
1413 4505 1728 4566 'Ambricho
1754 4526 1857 4567 seu

180 4575 536 4658 Ambriconi
571 4576 631 4632 in
661 4578 877 4658 ea_sed_e
897 4575 1171 4658 suffectus
1199 4586 1304 4637 est.
1336 4575 1497 4637 Certe
1521 4581 1585 4637 Α.
1620 4583 1855 4658 episco-

181 4661 317 4717 pus,
364 4648 459 4701 cui
487 4648 811 4705 Anamodus
844 4650 947 4705 hoc
979 4651 1207 4707 illustre
1238 4648 1670 4710 monumentum
1698 4654 1860 4711 dica-

181 4718 290 4783 vit,
318 4723 643 4789 utrumque
662 4720 937 4776 admittit.
969 4723 1102 4778 Fuit
1120 4723 1214 4778 hic
1230 4724 1560 4781 Anamodus
1589 4726 1855 4783 Ecclesiae

179 4788 640 4864 Ratisppnensis
682 4791 1090 4864 subdiaconus,
1137 4798 1201 4849 ut
1232 4795 1515 4852 discimus
1542 4809 1611 4851 ex
1656 4796 1759 4851 lib.
1791 4811 1855 4863 ιι,

176 4874 308 4931 cap.
343 4857 445 4929 ‘29,
469 4860 568 4916 ubi
596 4867 779 4918 exstat
825 4857 1197 4920 commutatio
1245 4865 1396 4921 inter
1416 4857 1858 4923 Ambrichonem

178 4933 536 5007 episcopum
567 4936 623 5007 et
645 4932 1024 5006 Anamodum,
1059 4935 1118 4991 in
1156 4950 1267 5007 qua
1292 4938 1508 5006 placuit
1531 4938 1750 4992 cuidam
1768 4955 1860 4993 ru-

180 5002 436 5076 bicundo
467 5002 678 5073 clerico,
706 5007 923 5060 nomine
957 5002 1269 5070 Anamollo,
1292 5002 1565 5076 ‘religioso
1608 5010 1860 5064 videlicet

176 5075 557 5149 subd-incana,
603 5076 874 5149 quasdam
913 5094 1000 5133 res
1054 5075 1432 5149 proprietatis
1464 5096 1577 5135 sua:
1623 5082 1730 5135 sibi
1786 5080 1862 5135 ad

178 5145 535 5223 commodum
550 5148 870 5223 perducere.
911 5145 1093 5223 Talem
1126 5145 1317 5218 igitur,
1350 5151 1687 5223 inquitipse
1700 5152 1863 5207 Ana-—

179 5219 424 5292 modus,
470 5220 882 5292 proprietatem,
923 5222 1139 5291 qualem
1180 5219 1605 5292 piissimi‘regis'
1635 5224 1861 5292 Arnulﬂ

178 5289 493 5363 donatione
520 5289 666 5343 idem
697 5289 1019 5348 Anamodus
1049 5295 1109 5347 in
1138 5289 1530 5363 possessionem
1564 5296 1767 5363 accepit
1798 5289 1861 5347 in

180 5374 330 5434 pago
388 5361 1035 5434 Westcmannomarcha
1091 5361 1405 5434 nuncupata
1434 5366 1605 5434 juxta
1656 5361 1863 5419 Proin-

180 5432 328 5495 tala,
372 5433 437 5486 in
463 5431 584 5504 loco
599 5434 975 5504 Reitinpuoch,
1007 5436 1067 5487 in
1095 5431 1353 5489 comitatu
1384 5431 1739 5503 Engildeonis
1763 5453 1860 5491 co-

179 5505 365 5567 mitis,
397 5502 477 5558 ad
496 5503 555 5559 S.
579 5502 819 5566 Petrum,
846 5506 1154 5574 principem
1179 5502 1566 5576 apostolorum,
1590 5512 1861 5563 sanctum-

182 5591 294 5646 que
330 5579 638 5644 martyrem
659 5576 1113 5632 Emmerammum
1145 5592 1266 5632 cum
1304 5580 1593 5648 mancipiis
1613 5591 1696 5634 vn
1724 5594 1865 5634 con-

1968 4241 2049 4295 ep.
2080 4228 2132 4278 et
2158 4218 2410 4295 advocati
2438 4220 2556 4295 ejus
2587 4218 2833 4295 Gerberti
2856 4224 2906 4295 et
2932 4218 3256 4295 Gundberti,
3280 4222 3389 4295 etc.
3418 4219 3618 4295 Actum

1967 4288 2042 4350 ad
2083 4293 2440 4363 Menzimpah.
2485 4292 2612 4363 Haec
2631 4288 2960 4363 Anamodus
3002 4289 3316 4363 ipse,iqui,
3352 4296 3417 4346 ut
3440 4291 3617 4363 aitiin

1970 4361 2409 4437 prmfatiuncula
2466 4364 2534 4419 ad
2578 4361 2643 4416 A.
2700 4361 3056 4437 episcopum,
3110 4361 3384 4437 plurimas
3431 4362 3617 4415 scedas

1969 4433 2327 4492 traditionum
2357 4441 2520 4504 atque
2548 4433 2982 4487 concambiorum
3010 4447 3104 4485 nec
3130 4448 3240 4504 non
3275 4436 3327 4504 et
3364 4447 3619 4485 commar-

1970 4525 2159 4564 ca-rum
2195 4501 2470 4577 colligens,
2510 4508 2569 4559 in
2611 4521 2782 4559 unum
2828 4504 3177 4577 collectarioli
3212 4501 3377 4569 hujus
3416 4518 3621 4571 corpu-

1969 4582 2177 4636 sculum
2219 4579 2544 4647 complacuit
2604 4592 2745 4645 aque
2802 4576 3083 4637 conclusit,
3127 4578 3396 4647 quatenus
3439 4589 3620 4627 errore

1969 4652 2210 4707 submoto
2235 4645 2478 4717 facilius,
2507 4664 2626 4701 cum
2642 4663 2851 4701 necesse
2878 4650 3038 4714 foret,
3061 4662 3163 4715 per
3186 4645 3431 4717 capitula
3455 4650 3620 4699 ante-

1968 4728 2160 4779 notata
2204 4715 2647 4775 nanciscerentur
2689 4724 2739 4772 ct
2785 4722 3246 4785 cognoscerentur.
3320 4715 3507 4772 Codex
3552 4730 3619 4771 ex

1970 4810 2084 4866 quo
2098 4795 2206 4849 hoc
2220 4794 2671 4866 monumentum,
2688 4803 2804 4866 quo
2816 4788 2959 4866 forte
2974 4787 3343 4866 p_r:_estantius
3364 4787 3621 4866 Bajoaria

1972 4859 2083 4922 non
2118 4864 2372 4934 possidet
2417 4860 2727 4929 edidimus,
2758 4860 2883 4934 sine
2919 4859 3099 4934 dubio
3147 4859 3541 4934 autographus
3565 4864 3622 4914 et

1970 4927 2341 4992 authenticus
2363 4937 2469 5002 est,
2504 4927 2772 4986 exaratus
2803 4930 2862 4985 in
2897 4930 3246 5002 membranis
3272 4927 3427 4985 ἱῑι-ι.
3461 4931 3524 4985 In
3554 4943 3620 4986 eo

1973 5006 2135 5063 nulla
2159 5006 2357 5061 charta
2393 5001 2604 5059 saéculo
2636 5015 2693 5056 rx
2722 5001 3007 5057 recentior
3039 5001 3345 5071 reperitur,
3380 5015 3481 5057 nec
3497 5002 3622 5071 ejus

1972 5081 2444 5156 operestantum
2465 5073 2790 5156 Bajoaricaz,
2815 5073 2910 5156 sed
2939 5072 3110 5156 etiam
3130 5071 3449 5156 Austriaca’
3467 5072 3623 5156 insi-

1973 5143 2163 5226 gniter
2205 5148 2593 5226 illustrantur,
2630 5145 2779 5216 quod
2830 5143 3100 5226 pluribus
3140 5144 3303 5226 locis,
3329 5146 3388 5226 _si
3434 5144 3620 5226 otium

1973 5214 2141 5291 ésset,
2207 5217 2600 5291 demonstrari
2648 5214 2865 5291 posset.
2939 5216 3216 5291 Caeterum
3262 5216 3380 5291 ‘his
3431 5214 3621 5291 tribus

1973 5284 2369 5361 diplo'maticis
2398 5284 2696 5345 codicibus
2737 5288 2946 5361 utique
2978 5287 3135 5361 satis
3155 5288 3230 5342 iis
3254 5286 3466 5361 factum
3490 5284 3623 5361 fue-

1975 5355 2058 5418 rit
2082 5363 2182 5433 qui
2236 5361 2446 5433 Codicis
2489 5355 2862 5433 diplomatici;
2891 5360 2960 5414 ab
2980 5360 3250 5433 _Udalrico
3304 5355 3622 5433 Babenber-f

1971 5428 2399 5512 gensi_collec_ti,
2426 5428 2735 5512 editionem
2773 5436 2887 5487 tam
2908 5430 3288 5512 vehementer,
3304 5428 3621 5512 etiampost

1975 5494 2216 5575 repetita
2253 5494 2551 5575 cujusdam
2582 5503 2995 5575 adversusnos
3025 5494 3621 5575 sc_ripta_,'_contende-

1893 5562 1950 5632 D
1974 5562 2129 5633 ru'nt.
2158 5576 2299 5632 Nam
2324 5562 2385 5632 ct
2422 5574 2715 5633 lectiorem
2746 5571 3099 5630 Udalriciani
3126 5562 3347 5626 c'odi'cis
3375 5568 3615 5637 partem,
