4058 6154
497 281 605 342 899
1550 285 1870 344 ΑΝΑΜΟΒΙ
1907 287 2099 345 RATIS

2217 287 2440 345 WENSIS
2474 285 2883 345 SUBDIACONI
3740 292 3819 352 900

503 429 628 486 qua:
655 415 716 498 in
743 414 1112 498 Cermanicis
1131 414 1546 498 diplomatibus
1570 415 2034 498 versatur,longe
2056 415 2150 472 hic
2180 419 2230 477 A
2261 415 2988 498 privatimheohortarentur
3005 431 3022 485 ;
3039 413 3135 470 sed
3161 417 3446 498 propterea
3474 428 3537 498 ne
3553 417 3715 498 eadem
3732 437 3824 480 me-

501 485 1027 564 emendatioremet
1060 485 1369 564 pleniorem
1397 486 1638 564 habent:
1673 492 1730 564 et
1773 485 1994 564 reliqua
2021 501 2152 564 om:
2262 485 3011 564 lioris_n_otaa_monumen_t_a
3032 485 3206 564 semel
3240 485 3450 556 integra
3473 491 3526 542 et
3547 489 3824 564 pl_ena,qua.

502 557 597 628 nia
631 559 869 614 necdum
896 557 1070 623 edita,
1099 558 1272 612 etiam
1304 571 1366 612 ea
1395 571 1520 627 quae
1548 557 1647 612 ille
1675 558 1734 612 in
1765 558 2059 628 publicum
2077 557 2153 614 ef-
2262 559 2417 614 liain
2449 558 2541 614 his
2563 557 2753 613 tribus
2777 556 3078 613 codicibus
3109 556 3827 628 Emmerammensibusano-

501 625 638 705 ferri
659 628 1261 705 quamindignissime
1289 625 1533 705 t‘ulit,_in
1551 629 1668 705 alio
1691 625 1936 705 quodam
1955 635 2150 686 nostro
2262 629 2355 705 bis
2373 630 2649 705 producta
2671 635 2826 689 sunt.
2845 634 2903 683 et
2925 628 3131 705 iterum
3161 627 3362 705 mutila
3379 633 3432 705 et
3455 635 3825 705 trunealaatqne

498 697 690 752 Codice
715 697 1741 769 Diplomatico—IIistorico—Epistolari,
1772 701 1928 770 prelo
1959 715 2150 770 prOpe-
2259 697 2400 756 adeo
2440 699 2696 768 inutilia,
2729 713 2843 770 quo
2873 699 3039 756 modo
3085 712 3150 754 ea
3183 699 3243 754 in
3297 699 3485 756 codice
3529 697 3826 763 Udalriciano

499 771 728 853 modum
747 771 1114 853 ja'm‘parato,
1142 770 1458 853 habebunt.
1481 771 1920 853 §upprimimus
1956 771 2149 842 itaque
2260 776 2506 853 exstant,
2539 772 2732 853 eodem
2767 772 2987 853 integre
3009 784 3219 853 recuso
3253 770 3423 853 edere
3450 785 3708 853 cogamur.
3727 774 3826 844 Qua

499 839 776 919 integram
802 839 1157 919 Udalriciani
1186 841 1408 919 codicis
1430 839 1763 913 editionem,
1790 839 2146 919 nequaquam
2263 843 2409 919 rat_i_o
2441 848 2635 919 nostra
2661 842 2710 898 si
2733 839 2949 919 quibus
2971 841 3116 898 viris
3129 841 3379 897 eruditis
3396 839 3574 919 minus
3593 839 3824 919 probetur,

495 910 570 998 ob
590 910 801 998 allatas
829 913 902 969 ab
929 913 1257 998 adversario
1295 913 1566 998 rationes,
1611 929 1736 985 qua:
1754 910 1923 970 viros
1949 910 2149 998 doctos
2261 913 2421 998 nulla
2453 913 2648 998 re‘alia
2673 910 2820 998 opus
2843 917 2949 998 est,
2982 926 3154 998 quam
3186 920 3249 970 ut
3270 927 3430 970 suam
3453 910 3609 971 nobis
3632 910 3828 975 volnutai

496 987 554 1038 et
577 985 840 1056 eruditos
871 998 984 1040 non
1017 990 1328 1055 potuerunt
1358 984 1657 1055 impedire,
1691 1000 1804 1055 quo
1831 999 1934 1042 nos
1956 985 2150 1042 minus
2259 990 2370 1042 tem
2403 984 2631 1056 publice
2661 985 3071 1042 demonstrent.

493 1054 759 1112 ardenter
799 1056 869 1113 ad
913 1054 1271 1129 exsequenda
1318 1054 1503 1128 prima
1531 1054 1778 1114 consilia
1826 1057 2056 1128 publice
2084 1070 2150 1114 ac

1128 1376 2020 1512 ANAMODI
2123 1372 3282 1496 SUBDIACONI

1858 1589 2280 1663 RATISPON
2287 1591 2393 1662 EN
2399 1589 2527 1662 SIS

909 1755 1738 1941 TRADITIONIJM
1852 1753 3472 1954 SANCT-EMMERAMMENSIUM.

1949 2038 2173 2106 LIBRI
2261 2037 2438 2108 DUO

484 2193 740 2271 Quibus
762 2193 1010 2260 chartae
1047 2195 1508 2275 donationum,
1549 2195 2166 2273 commutationum,
2201 2211 2749 2274 commarcarum,
2789 2193 3330 2258 concambiorum
3370 2196 3436 2257 et
3463 2187 3836 2274 complacita-

562 2294 846 2372 tionum,
877 2294 970 2356 ad
987 2292 1346 2375 imperiale
1365 2294 1849 2357 monasterium
1873 2292 2730 2358 Sanct-Emmemmmense
2759 2293 2901 2356 0rd.
2937 2291 3019 2356 ις.
3050 2291 3305 2356 Bcned.
3337 2289 3768 2367 attinentium,
3787 2289 3835 2349 et

559 2390 799 2455 saeculo
829 2390 1096 2454 Christi
1125 2408 1296 2454 nono
1327 2392 1782 2469 conditarum,
1814 2392 2280 2454 continentur.

482 2530 832 2594 (Prodici-unt
852 2531 1077 2596 primum
1108 2533 1163 2583 in
1193 2531 1365 2583 lucem
1397 2545 1458 2582 ex
1481 2533 1662 2582 codice
1692 2531 2034 2594 autographa,
2062 2533 2115 2580 in
2137 2533 2322 2582 eodem
2356 2532 2544 2596 inclyio
2569 2533 2882 2582 monasterio
2930 2535 3207 2595 asservato,
3240 2533 3417 2584 studio
3438 2536 3487 2583 et
3506 2545 3651 2596 opera
3671 2529 3832 2580 P.Ber-

1481 2614 1627 2662 nardi
1649 2613 1770 2674 Pez,
1792 2613 2116 2662 Benedictini
2138 2615 2186 2662 et
2205 2613 2584 2663 bibliothecam
2620 2613 2957 2664 Mellicensis.
2978 2613 2998 2676 )

1973 2804 2370 2818 -—__

1759 2961 2088 3035 VERSUS
2175 2961 2564 3035 ANAMODI
2579 3009 2600 3030 .

1156 3169 1429 3228 Praesulis
1454 3169 1548 3227 his
1574 3171 1873 3242 pulchram
1900 3172 2208 3230 venerandi
2241 3173 2458 3230 cernite
2484 3171 2723 3230 formam

1223 3261 1336 3330 Qui
1372 3260 1539 3318 nobis
1564 3275 1725 3318 sacro
1752 3276 1898 3332 saepe
1923 3261 2072 3318 favet
2102 3262 2324 3319 merito.

1149 3359 1328 3430 Cujus
1366 3359 1550 3416 honor
1593 3361 1805 3417 mundo
1836 3360 1948 3417 late
1987 3359 2286 3434 praat‘ulget
2319 3361 2378 3418 in
2427 3359 2637 3432 amplo,

1221 3456 1400 3526 Cujus
1429 3470 1591 3512 amor
1619 3459 1848 3514 cunctis
1867 3459 2058 3516 dulcis
2087 3459 2249 3516 adest
2279 3458 2526 3530 populis.

1147 3545 1248 3600 Est
1273 3545 1536 3618 humilis,
1575 3547 1757 3616 mitis,
1792 3548 2030 3616 reprobo
2061 3549 2126 3603 ﬁt
2168 3547 2418 3618 denique
2447 3545 2636 3620 fortis,

1203 3641 1314 3708 Qui
1347 3642 1532 3711 pascit
1561 3649 1802 3699 cunctos
1830 3657 2053 3714 semper
2079 3645 2283 3700 alendo
2304 3659 2461 3701 suos.

1143 3729 1322 3799 Cujus
1349 3734 1406 3785 et
1434 3730 1654 3786 idcirco
1676 3729 1902 3787 laudem
1932 3733 2102 3788 credo
2131 3732 2252 3790 fore
2284 3734 2343 3788 in
2365 3733 2504 3805 alto,

1213 3819 1354 3873 Nam
1382 3833 1508 3889 quae
1533 3832 1638 3874 vox
1669 3819 1866 3890 populi
1898 3825 2004 3891 est,
2027 3823 2238 3878 etenim
2263 3822 2516 3878 Domini.

1141 3904 1321 3962 Corde
1347 3906 1578 3977 quidem
1598 3906 1848 3979 Christo,
1879 3921 2102 3966 necnon
2129 3925 2257 3968 cum
2279 3923 2517 3982 corpore
2534 3915 2673 3983 toto,

1211 3995 1468 4052 Deservit
1497 4003 1756 4068 prompte
1787 4003 1948 4055 nocte
1973 3999 2266 4071 simulque
2293 4000 2408 4056 die.

1139 4083 1247 4142 Cui
1269 4085 1418 4142 Deus
1442 4086 1822 4158 omnipotens,
1858 4089 2057 4144 mundi
2086 4090 2188 4159 qui
2216 4089 2473 4162 regmina
2495 4089 2682 4160 ponis,

1210 4174 1450 4230 Prmmia
1479 4175 1549 4230 de
1579 4173 1749 4231 factis
1781 4177 2007 4232 reddito
2040 4177 2202 4246 plena
2233 4177 2422 4234 bonis.

1135 4263 1313 4319 Istius
1340 4270 1397 4320 et
1424 4264 1580 4334 parvi
1611 4265 1887 4334 specialia
1912 4265 2060 4322 dona
2093 4266 2277 4322 libelli

1207 4353 1271 4407 In
1301 4352 1465 4408 caelis
1493 4353 1703 4425 capiat,
1735 4367 1865 4423 spes
1894 4353 1994 4409 ubi
2021 4369 2151 4411 vera
2182 4360 2354 4426 patet.

1519 4667 2254 4733 PREFATIUNCULA
2289 4671 2404 4734 AN
2406 4669 2675 4733 AMODI
2683 4716 2698 4732 .

1933 4820 2340 4833 ——-——_—

621 4946 1116 5008 Excellentissimo
1143 4948 1379 5010 domino
1397 4952 1462 5010 Α.
1496 4954 1766 5026 episcopo
1794 4957 2116 5026 ANAMODUS,
2154 4953 2521 5014 humillimus
2541 4954 2814 5013 famulus.

525 5035 780 5093 Vestram
819 5039 1001 5111 igitur
1031 5047 1272 5098 mentem
1301 5043 1573 5113 quoniam
1625 5045 1683 5100 in
1714 5045 1872 5101 omni
1901 5046 2183 5104 librorum
2213 5046 2409 5103 studio
2439 5050 2758 5119 caaieroque
2787 5046 2974 5104 divini
3023 5048 3217 5106 cultus
3268 5049 3603 5120 mancipata
3630 5052 3818 5112 semper

455 5132 733 5191 inhaerere
747 5149 1141 5209 cognoveram,
1166 5139 1272 5195 hoc
1289 5143 1632 5210 opusculum
1653 5143 1913 5200 ultronea
1933 5145 2224 5201 voluntate
2245 5144 2654 5216 pulcherrimis
2666 5145 2995 5203 sanctitatis
3012 5152 3212 5204 vestrm
3233 5148 3508 5204 manibus
3524 5146 3823 5218 praisental"3

449 5225 712 5282 eonabar.
753 5225 1038 5282 Plurimas
1066 5226 1280 5296 quippe
1307 5228 1545 5285 schedas
1577 5231 1982 5304 traditionum,
2015 5239 2188 5305 atque
2229 5233 2715 5306 concambiorum,
2751 5247 2968 5292 necnon
2991 5240 3049 5292 et
3072 5248 3531 5293 commarcarum
3559 5232 3818 5304 colligensa

447 5314 508 5370 in
533 5330 710 5372 unum
731 5315 1116 5372 Collectarioli
1142 5315 1316 5384 hujus
1335 5320 1742 5387 corpusculum
1769 5321 2093 5392 complexui
2115 5327 2287 5394 atque
2305 5323 2586 5396 conclusi,
2617 5328 2902 5394 quatenus
2921 5337 3114 5384 errore
3137 5325 3408 5383 submoto
3437 5323 3685 5395 facilius,
3713 5327 3819 5375 cum

445 5419 672 5463 necesse
692 5404 858 5479 foret,
882 5418 982 5477 per
1005 5404 1263 5477 capitula
1293 5411 1621 5466 autenotata
1643 5409 2115 5470 nanciscerentur
2141 5418 2198 5470 et
2230 5418 2728 5486 cognoscerentur.

1715 5595 2519 5640 ———-~—-rratcvv-—-—
