2029 3077
90 126 141 156 901

575 128 803 157 TRADITIONES
824 129 1142 157 EMMERAMMENSES.
1160 145 1197 149 —
1218 130 1278 157 LIB.
1302 131 1324 157 l.

365 313 847 368 TRADITIONUM
902 313 1530 367 EMMERAMMENSIUM

773 429 896 465 LIBER
936 429 1091 463 PRIMUS
1101 452 1109 462 .

839 523 1047 532 ,___._.

87 598 153 626 CAP.
168 599 190 626 Ι.
205 614 242 619 -
256 600 293 626 De
309 601 515 627 commutatione
531 601 684 628 Illudowici
700 601 771 635 regis
787 608 921 636 quorum—
932 599 961 629 A
978 599 1058 626 milis
1068 599 1102 626 ad
1116 599 1189 627 idem
1203 599 1362 627 cmnobium
1376 599 1449 635 quod
1462 599 1637 626 Adalwimus
1651 599 1804 634 episcopus

384 636 447 663 dum
465 637 631 663 clericorum.

126 707 157 733 In
172 706 290 734 nomine
305 709 410 735 sanctae
423 709 450 735 et
465 708 557 736 unicae
569 708 730 736 Trinitatis.
748 708 922 735 Cunctorum

90 750 225 786 liqueﬁat
242 752 393 780 industria:
406 752 545 789 ﬁdelium,
560 760 797 789 quorumcunque
811 752 924 780 obtuti-

88 796 143 823 bus
151 796 355 824 haacChartula
365 797 501 825 intuenda
512 798 685 834 porrigatur,
697 797 925 833 qualiterpiissi-

89 847 154 868 mus
186 848 236 868 rex
259 841 451 876 llludowicus,
473 845 552 877 pater
575 843 708 870 videlicet
728 841 923 876 Karlomanni,

89 885 244 920 quemdam
256 885 403 920 clericum,
416 887 531 914 nomine
541 887 749 922 Gundpertum,
763 888 797 915 de
806 886 925 914 ecclesia

89 930 183 958 sancti
202 931 277 958 Petri
294 931 415 965 apostoli
433 939 496 959 cum
514 939 566 960 suo
582 932 711 967 quolibet
726 932 831 960 clerico
844 938 926 959 com-

90 975 226 1002 mutavit.
245 975 393 1011 I.argiente
415 976 508 1011 igitur
527 977 676 1004 clementia
690 984 741 1004 sua
756 977 923 1012 praedictum

88 1019 171 1047 Gund
179 1022 292 1054 pertum
307 1020 363 1047 sibi
378 1021 497 1055 accepit,
513 1024 544 1049 ut
556 1028 620 1049 eum
635 1021 669 1049 ob
686 1021 843 1048 remedium
857 1020 926 1047 ani-

89 1071 140 1091 mae
165 1072 228 1092 suae
248 1064 382 1100 liberum,
402 1068 488 1100 atque
507 1065 542 1093 ab
565 1073 649 1100 opere
671 1066 768 1093 servili
791 1072 922 1093 securum

89 1111 234 1144 praecepto
258 1110 441 1137 auctoritatis
466 1118 524 1137 suae
556 1110 677 1138 etiiceret
693 1120 699 1137 :
718 1110 790 1145 quod
819 1109 923 1137 etenim

88 1153 322 1181 misericorditer
345 1154 383 1181 ita
405 1155 522 1190 peregit.
549 1155 669 1182 Econtra
692 1158 786 1182 autem
806 1154 924 1182 donavit

88 1198 232 1226 clericum
246 1206 341 1233 suum,
355 1199 468 1226 nomine
481 1198 634 1227 Elefantem
650 1199 678 1226 in
691 1206 805 1227 manum
820 1201 925 1226 sancta;

88 1242 137 1270 Dei
164 1242 296 1270 ecclesiie
319 1243 403 1277 paulo
431 1246 496 1271 ante
521 1244 674 1271 nominatae
696 1251 728 1271 ac
752 1243 924 1271 venerabilis

89 1286 220 1321 episcopi
236 1287 448 1315 Ambrichonis.
463 1289 548 1316 Porro
559 1288 649 1316 eidem
664 1289 840 1323 Gundperto,
853 1287 921 1322 quia

90 1332 198 1359 utilior
212 1335 240 1359 et
256 1332 373 1366 majoris
394 1333 503 1368 ingenii
526 1332 583 1361 fuit
598 1333 753 1368 scribendi,
772 1340 880 1360 necnon
893 1335 921 1360 et

89 1376 218 1411 legendi,
233 1377 348 1404 addidit
361 1384 408 1405 rex
423 1378 667 1412 prudentissimus
678 1385 740 1413 qua:
752 1378 924 1412 subsequen-

89 1424 132 1448 ter
151 1420 287 1448 referam.
305 1423 374 1449 Nam
389 1422 543 1450 donatione
563 1430 615 1450 sua
630 1423 746 1451 donavit
763 1423 793 1450 in
810 1429 923 1450 manum

91 1466 239 1500 praedicta:
252 1469 355 1493 sanctae
368 1467 417 1494 Dei
428 1467 555 1494 ecclesia:
570 1468 754 1502 ejusdemque
768 1467 925 1501 provisoris

90 1510 208 1537 novalia
222 1517 286 1545 qum
301 1513 370 1538 sunt
380 1514 479 1538 contra
494 1512 698 1539 monasterium
712 1512 746 1539 ad
762 1511 884 1539 Uderida
898 1513 926 1538 et

90 1558 194 1582 contra
211 1561 312 1582 nemus
328 1556 463 1589 medium,
478 1556 552 1591 quod
571 1556 676 1583 ibidem
690 1556 806 1584 obvium
822 1558 922 1583 exstat.

89 1598 182 1626 Omne
200 1606 266 1626 vero
284 1600 358 1634 quod
377 1601 487 1627 noviter
500 1600 528 1627 in
544 1601 641 1628 eodem
656 1600 717 1628 loco
733 1607 866 1636 agrorum
882 1600 925 1627 vel

91 1647 244 1678 pratorum
255 1644 443 1678 exstirpatum
455 1647 497 1672 est
507 1652 540 1672 ex
553 1645 663 1681 integro
676 1645 746 1672 illuc
757 1644 925 1679 transfudit,

90 1695 121 1716 ac
131 1688 230 1716 eidem
242 1689 401 1723 adjacentia
414 1689 442 1716 in
455 1693 534 1724 parte
546 1690 680 1717 orientali
696 1693 792 1724 postea
805 1689 833 1717 in
845 1696 927 1716 com-

91 1732 284 1760 mutationem
298 1733 443 1761 allaxavit.
462 1734 513 1762 lllo
531 1738 625 1762 autem
641 1734 669 1762 in
684 1737 809 1769 tempore
826 1734 928 1761 Wuito

91 1777 300 1805 ministerialis
307 1778 382 1813 regis
389 1777 454 1813 fuit,
464 1779 596 1813 princeps
602 1786 688 1814 super
694 1786 792 1806 omnes
799 1778 926 1813 forestes,

90 1822 248 1857 Subjectus
273 1829 385 1857 quoque
409 1823 480 1858 ejus,
506 1823 620 1851 nomine
644 1823 777 1858 Wichad,
808 1823 867 1851 haec
893 1823 927 1850 ad

92 1866 271 1902 perﬁcienda
291 1869 318 1894 et
335 1867 512 1895 investienda
529 1868 720 1903 dirigebatur.

218 1929 282 1956 CAP.
304 1929 336 1956 Il.
353 1944 390 1949 —
406 1930 528 1957 Truditio
547 1931 687 1965 Ekkipcrti
707 1932 810 1958 comitis

127 1992 228 2027 Igitur
242 1991 270 2019 in
281 1992 331 2019 Dei
347 1992 470 2020 nomine.
483 1993 540 2028 Ego
554 1993 736 2028 Ekkibertus,
753 2001 801 2028 per
812 1992 930 2021 miseri-

91 2037 225 2064 cordiam
252 2037 301 2064 Dei
327 2044 430 2072 comes,
457 2045 508 2072 pro
532 2038 657 2066 remedio
684 2038 787 2066 anima:
812 2045 879 2065 meae
903 2039 930 2065 et

92 2081 270 2109 remissione
284 2084 463 2116 peccatorum
476 2089 612 2117 meorum,
627 2086 658 2110 ut
670 2083 697 2110 in
711 2082 808 2110 futuro
820 2082 929 2109 veniam

92 2125 238 2161 consequi
255 2132 364 2153 merear
375 2129 520 2161 aeternam,
534 2127 641 2154 tradidi
655 2129 740 2162 atque
751 2126 851 2154 vestivi
863 2133 931 2154 vas-

90 2177 156 2199 sum
174 2177 269 2198 meum
286 2171 479 2206 Deotpertum,
494 2171 543 2206 qui
561 2178 672 2199 manere
685 2172 800 2199 videtur
814 2171 843 2199 in
859 2178 929 2207 pago

91 2216 143 2251 qui
155 2215 274 2243 dicitur
285 2215 421 2251 Folcfeld,
437 2217 471 2243 de
485 2216 570 2244 rebus
584 2216 769 2251 preprietatis
782 2223 847 2243 mem
859 2224 930 2251 quas

93 2260 207 2288 habere
222 2260 302 2288 visus
317 2268 379 2289 sum
397 2261 426 2288 in
442 2268 521 2296 pago,
539 2261 678 2289 vocabulo
694 2261 838 2297 Rangewi,
854 2259 929 2288 infra

92 2305 197 2340 ipsum
219 2312 356 2340 eremum,
373 2305 516 2340 quidquid
540 2305 611 2333 mihi
629 2306 658 2333 in
678 2305 774 2333 eodem
793 2306 853 2333 loco
869 2308 931 2333 tra—

91 2349 194 2377 ditum
211 2348 268 2377 fuit
279 2349 328 2378 ubi
344 2350 402 2377 duo
423 2350 541 2378 ﬂumina
558 2357 620 2385 qum
633 2353 771 2378 vocantur
784 2350 929 2386 Piparodi,

91 2395 261 2429 conﬂuunt,
280 2397 311 2428 ut
328 2394 388 2429 ipse
404 2402 490 2429 supra
509 2395 606 2423 dictus
624 2402 703 2423 meus
723 2395 830 2422 missus
842 2396 932 2422 Deot—

93 2443 201 2474 pertus
213 2439 325 2467 easdem
340 2446 384 2467 res
400 2446 471 2474 quas
487 2440 606 2474 przedixi
626 2447 690 2468 cum
706 2439 840 2467 omnibus
854 2440 932 2466 inte-

93 2485 159 2520 gris
185 2484 219 2511 ad
244 2484 448 2512 monasterium
469 2485 560 2512 sancti
580 2484 736 2513 Salvatoris
756 2490 770 2504 α
791 2484 866 2520 quod
889 2486 932 2511 est

93 2531 299 2556 constructum
321 2529 403 2563 juxta
417 2530 522 2557 ﬂuenta
546 2529 732 2557 Rehtratanze
755 2529 804 2557 ubi
828 2529 857 2556 in
881 2528 930 2556 Dei

95 2573 218 2601 nomine
238 2573 404 2601 Adalwinus
425 2575 578 2609 episcopus
598 2574 640 2602 vel
658 2574 729 2601 abba
752 2581 871 2609 przeesse
885 2574 933 2601 vi—

95 2617 186 2645 detur
210 2625 262 2652 pro
282 2618 385 2645 animae
406 2601 474 2646 mea:
497 2601 622 2647 relmedio
644 2601 822 2654 tradidisset,
846 2621 932 2653 atque
948 2601 974 2631 D

97 2662 268 2690 revestisset
278 2663 313 2689 de
326 2663 422 2691 eadem
435 2670 464 2690 re
475 2663 654 2691 Adalwinum
666 2664 840 2698 episcopum.
853 2664 932 2690 Tunc

98 2706 274 2741 Deotpertus
289 2707 367 2734 venit
382 2714 483 2736 vassus
498 2711 583 2744 atque
598 2708 704 2736 missus
718 2707 867 2736 Ekkiberti
883 2714 934 2736 c0—

136 2775 152 2790 ει
168 2770 238 2798 Vide
256 2769 343 2806 infra,
361 2778 422 2806 cap.
442 2769 485 2799 45.

977 643 1135 678 gubernare
1151 644 1296 671 videretur
1310 644 1338 671 in
1351 651 1422 679 pago
1436 644 1485 678 qui
1497 643 1607 671 dicitur
1621 643 1806 679 Swalavelda,

978 690 1005 716 et
1020 689 1145 715 eamdem
1162 696 1219 716 rem
1243 689 1373 722 tradidit,
1394 692 1480 723 atque
1502 688 1686 716 Fridabertus
1701 695 1807 716 conso-

978 732 1042 760 cius
1057 733 1119 767 ejus
1135 733 1238 760 exinde
1255 734 1405 768 tidejussor
1417 733 1530 760 exstitit
1545 733 1701 761 secundum
1717 733 1806 769 legem

979 784 1088 812 eorum,
1110 777 1273 805 astantibus
1295 778 1341 804 his
1361 785 1482 812 quorum
1504 778 1562 804 hmc
1583 777 1698 805 nomina
1718 780 1803 805 sunt:

979 821 1152 857 Erchanloh,
1177 822 1329 857 Muniholf,
1351 822 1487 850 lierimot.
1506 821 1666 857 Reginfrid,
1683 822 1807 857 Leidrat,

979 865 1144 901 Adalpreht,
1168 866 1318 901 Gisalfrid,
1345 868 1472 902 Pereger,
1500 866 1658 901 Wolt’hart,
1684 866 1807 901 llerirat,

980 911 1074 946 Wico,
1104 911 1215 946 Altuni,
1251 911 1408 946 lrminfrid,
1444 912 1631 946 llalpdurinc,
1664 911 1807 946 Amalger,

979 956 1110 990 Einhart,
1125 955 1286 990 Egispreht,
1300 955 1432 990 Ribpold,
1444 955 1549 986 Otfrid.
1562 955 1705 989 Adalram,
1718 955 1810 982 Gisal-

980 1000 1070 1035 preht,
1089 1001 1259 1035 Meginliart,
1277 1000 1442 1035 Mcginfrid,
1456 999 1579 1033 Deotolf,
1594 999 1733 1034 Sigihart,
1749 1000 1810 1026 En—

979 1045 1095 1081 gilliart.
1112 1045 1145 1072 lli
1164 1045 1297 1072 viderunt
1311 1048 1339 1071 et
1351 1045 1506 1072 audierunt
1527 1044 1598 1071 hanc
1622 1043 1807 1071 traditionem

980 1089 1092 1123 factam,
1110 1092 1196 1124 atque
1208 1082 1337 1116 eamdem,
1348 1089 1515 1116 vestituram
1530 1088 1677 1115 Adalwino
1693 1088 1809 1122 episco—

980 1141 1024 1168 po.
1047 1134 1145 1161 Postea
1166 1134 1246 1161 vanit
1265 1134 1431 1161 Adalwinus
1451 1133 1603 1168 episcopus
1623 1133 1657 1160 ad
1678 1133 1807 1160 eumdem

980 1178 1084 1214 locum,
1101 1178 1238 1205 vocabulo
1251 1178 1393 1214 l’iparodi,
1411 1185 1467 1206 una
1482 1185 1547 1206 cum
1563 1177 1808 1205 testimonialibus

979 1223 1041 1250 suis
1056 1226 1084 1250 et
1101 1223 1294 1257 interpellavit
1315 1223 1482 1257 Deotpertus
1502 1222 1681 1257 Rodfridum,
1696 1225 1728 1250 ut
1744 1229 1808 1249 eum

939 1261 966 1291 Β
981 1268 1130 1295 revestiret
1147 1268 1304 1295 secundum
1328 1268 1474 1302 Ekkiperti
1494 1268 1610 1295 comitis
1629 1267 1807 1302 jussionem:

985 1312 1033 1347 qui
1048 1312 1144 1339 statim
1170 1313 1208 1339 ita
1223 1312 1300 1344 fecit,
1315 1314 1343 1339 et
1357 1312 1417 1347 ipse
1439 1313 1609 1347 Deotpertus
1621 1312 1656 1339 de
1668 1312 1764 1339 eadem
1781 1318 1810 1339 re

980 1356 1160 1384 Adalwinum
1181 1357 1345 1391 episcopum
1365 1359 1393 1384 et
1411 1357 1622 1384 Erchanlohum
1643 1357 1809 1384 advocatum

980 1409 1064 1429 suum
1081 1401 1228 1429 revestivit
1243 1408 1337 1429 coram
1355 1401 1601 1429 testimonialibus
1617 1409 1738 1437 quorum
1756 1408 1812 1429 no-

981 1446 1058 1473 mina
1071 1446 1170 1473 subter
1182 1446 1359 1481 inseruntur,
1372 1453 1436 1473 cum
1452 1446 1586 1473 omnibus
1601 1446 1743 1481 aediﬁciis,
1760 1453 1811 1474 ca—

982 1490 1034 1525 sis,
1048 1490 1090 1517 vel
1104 1490 1210 1525 scuris,
1224 1491 1320 1520 terris,
1335 1491 1454 1525 campis,
1469 1491 1553 1518 silvis
1566 1491 1666 1526 pratis,
1683 1491 1809 1527 pascuis,

981 1535 1076 1570 aquis,
1093 1541 1267 1569 aquarumve
1290 1535 1469 1570 decursibus,
1488 1535 1645 1562 mobilibus
1659 1538 1687 1563 et
1706 1536 1812 1563 immo—-

981 1578 1102 1610 bilibus,
1120 1579 1295 1614 molendino,
1312 1579 1455 1613 quidquid
1473 1579 1502 1606 in
1518 1586 1550 1606 eo
1567 1579 1628 1606 loco
1642 1579 1677 1606 de
1694 1586 1723 1606 re
1740 1587 1811 1614 pro—-

980 1623 1044 1658 pria
1061 1623 1163 1650 habere
1178 1623 1338 1650 videbatur.
1355 1623 1393 1650 De
1409 1630 1567 1651 commarca
1583 1630 1649 1651 vero
1662 1630 1695 1651 ex
1709 1623 1810 1651 orien—

982 1668 1033 1695 tali
1056 1670 1133 1702 parte
1153 1674 1243 1702 usque
1262 1667 1290 1694 in
1310 1674 1497 1695 commarcam
1519 1667 1666 1695 Deotkarii
1686 1667 1808 1702 abbatis,

982 1712 1103 1740 australi
1115 1712 1200 1739 etiam
1213 1715 1291 1746 parte
1303 1719 1393 1747 usque
1403 1712 1431 1739 in
1441 1718 1627 1739 commarcam
1639 1712 1809 1747 Gundperti,

984 1757 1033 1785 ubi
1047 1757 1101 1791 ipsi
1114 1757 1228 1792 signum
1241 1756 1378 1790 fecerunt,
1391 1759 1418 1784 et
1430 1759 1616 1791 perrexerunt
1627 1757 1656 1784 in
1667 1764 1812 1784 commar—

984 1809 1045 1830 cam
1058 1801 1229 1836 Gundperti,
1241 1804 1269 1828 et
1281 1801 1457 1828 contradixit
1469 1801 1654 1836 Gundpertus
1664 1801 1811 1830 Adalwino

984 1846 1117 1881 episcopo
1135 1849 1163 1873 et
1184 1845 1335 1873 Deotberto
1358 1848 1467 1880 partem
1489 1846 1640 1881 quamdam
1666 1846 1741 1874 inter
1754 1846 1812 1874 ﬂu—

985 1892 1063 1919 mina
1079 1892 1147 1926 duo,
1165 1891 1279 1918 nomine
1294 1890 1438 1925 Piparodi.
1458 1891 1491 1918 Et
1506 1894 1603 1925 postea
1618 1891 1813 1920 considerave.

986 1938 1054 1963 runt
1072 1936 1266 1970 Gundpertus,
1290 1937 1318 1962 et
1341 1935 1432 1962 liurih
1447 1937 1533 1970 atque
1548 1936 1687 1963 Gozmar:
1703 1938 1730 1963 et
1744 1942 1814 1970 par—

985 1983 1040 2007 tem
1052 1987 1136 2015 quam
1148 1980 1381 2007 contradicebant
1394 1980 1428 2007 ad
1442 1980 1615 2008 Salvatorem
1629 1988 1679 2015 pro
1694 1980 1812 2008 illorum

985 2025 1087 2052 animm
1099 2024 1224 2052 remedio
1241 2025 1431 2052 tradiderunt.
1446 2025 1527 2052 Parte
1542 2025 1699 2052 meridiana
1711 2025 1814 2052 millia-

986 2070 1028 2097 ria
1041 2077 1083 2103 ill,
1096 2069 1232 2103 aquilone
1249 2069 1387 2096 milliaria
1400 2076 1428 2095 ιι.
1446 2070 1527 2096 Facta
1541 2076 1607 2097 vero
1620 2069 1758 2097 vestitura
1773 2076 1814 2097 ve-

986 2114 1030 2141 nit
1044 2113 1182 2141 Odilwart
1197 2120 1261 2141 cum
1277 2113 1391 2141 duobus
1413 2112 1483 2140 filiis
1503 2113 1574 2141 suis.
1597 2114 1740 2148 Pezirone,
1758 2114 1815 2141 Re-

986 2159 1134 2194 ginwarto,
1146 2160 1248 2185 etcum
1262 2157 1331 2185 aliis
1344 2164 1466 2192 quorum
1479 2158 1594 2185 nomina
1606 2161 1674 2185 sunt
1686 2167 1692 2185 :
1706 2157 1814 2193 Regin—

987 2203 1053 2238 hoh,
1070 2203 1204 2238 Arphert,
1221 2201 1344 2230 Adalolf.
1361 2203 1424 2229 Haec
1441 2202 1556 2229 nomina
1573 2202 1813 2229 testimonialium

986 2248 1036 2283 qui
1066 2248 1138 2274 hanc
1166 2247 1334 2275 vestituram
1362 2246 1464 2274 factam
1491 2246 1647 2274 viderunt:
1667 2246 1812 2280 Napuhhi,

985 2292 1108 2326 Hunrih,
1123 2291 1302 2326 Gundperht,
1317 2293 1446 2326 Gozmar,
1465 2291 1642 2326 Fridaperht,
1658 2290 1753 2325 Otrih,
1766 2292 1814 2318 He-

986 2337 1077 2368 riwic,
1092 2337 1229 2372 Rantwic,
1243 2335 1372 2371 ltodi‘rid,
1392 2337 1479 2371 l’etto,
1496 2337 1649 2368 Peronzan,
1664 2334 1812 2365 Frohnoif.

986 2381 1104 2416 Kipiho,
1128 2380 1228 2408 Eccho.
1253 2381 1337 2407 Facta
1356 2383 1450 2408 autem
1470 2387 1546 2408 anno
1565 2380 1680 2408 Domini
1702 2380 1811 2408 incarn.

985 2424 1038 2453 8-10
1055 2425 1083 2453 in
1101 2425 1164 2460 ipso
1180 2424 1241 2452 loco
1258 2425 1307 2460 qui
1323 2425 1433 2452 dicitur
1449 2425 1593 2460 Piparodi.

1127 2498 1190 2525 CAP.
1212 2498 1255 2525 III.
1272 2512 1309 2517 ——
1320 2498 1357 2524 De
1372 2498 1467 2524 Marco
1486 2497 1523 2524 ad
1543 2497 1671 2524 Chamba.

1022 2570 1102 2598 Anno
1115 2570 1270 2597 Dominicm
1286 2569 1496 2597 Incarnationis
1511 2567 1574 2603 8l9,
1592 2571 1619 2597 et
1635 2572 1715 2597 sexto
1730 2569 1818 2603 impe-

990 2616 1027 2643 rii
1043 2616 1202 2643 llludowici
1226 2615 1359 2651 Augusti,
1375 2622 1408 2643 ac
1424 2615 1509 2642 tertio
1529 2615 1656 2650 episcopi
1676 2613 1812 2647 Baturici,

988 2661 1065 2688 venit
1079 2661 1229 2688 Baturicus
1244 2661 1397 2695 episcopus
1410 2660 1443 2687 ad
1456 2659 1588 2694 Chambe,
1606 2659 1652 2687 ubi
1669 2658 1740 2685 cella
1753 2658 1814 2691 ipsa

988 2708 1151 2734 constructa
1164 2708 1206 2733 est
1217 2713 1302 2741 super
1316 2706 1420 2734 ﬂumen
1436 2705 1510 2741 quod
1526 2705 1619 2739 Regan
1635 2702 1753 2737 dicitur,
1766 2702 1814 2728 in—
