4058 6154
500 235 608 294 903

1531 233 1852 293 ANAMODI
1901 229 2432 290 RATISPONENSIS
2467 231 2878 289 SUBDIACONI

3761 242 3842 301 904

499 369 588 421 ter
609 365 755 421 duas
783 377 982 437 aquas,
1013 364 1070 420 id
1097 369 1201 436 est,
1226 365 1379 420 inter
1407 361 1735 432 Gewinaha,
1763 364 1820 416 et
1843 359 2150 431 Marclaha,
2177 355 2236 416 A
2265 357 2392 412 CAP.
2431 357 2520 412 IV.
2555 387 2629 397 —
2661 356 3022 437 Commutatio!
3061 357 3202 437 frater
3230 356 3641 437 ἓ-ᾼηιὸνίεὴοηεγη
3680 363 3846 430 episco—

497 459 556 511 et
593 455 833 512 habebat
874 469 1064 510 secum
1108 454 1426 511 Rodoldum
1469 456 1810 518 venatorem,
1859 463 2074 505 necnon
2100 453 2156 505 et

501 544 789 600 Bettonem
821 543 1122 612 vicarium,
1157 543 1382 599 scilicet
1409 547 1466 598 et
1495 541 1734 596 missum
1765 539 2029 594 Hattonis
2052 551 2158 594 co—

505 632 685 703 mitis,
711 632 940 688 nomine
965 631 1373 694 Ililtirochum,
1403 644 1569 701 quem
1596 630 1718 700 ipse
1739 630 1903 683 Hatto
1927 625 2158 682 commi-

500 725 652 776 serat
675 720 742 775 ad
771 721 1031 777 eumdem
1057 719 1305 776 Chambe
1335 719 1544 788 locum,
1581 723 1642 774 ut
1667 717 1896 774 audiret
1927 715 2153 786 qualem

500 809 621 880 ipse
641 809 948 880 episcOpus
966 823 1094 865 cum
1119 809 1241 864 illis
1257 808 1469 864 vicinis
1492 807 1724 864 haberet
1749 806 2028 862 rationem
2051 803 2151 874 qui

497 911 870 954 commarcam
916 897 1100 953 sancti
1145 898 1297 953 Petri
1347 895 1594 967 apostoli
1631 900 1688 952 et
1728 895 1879 950 beati
1924 895 2156 948 Emme-

498 987 697 1042 rammi
724 987 992 1058 martyris
1019 986 1230 1056 injuste
1255 985 1490 1042 sibimet
1515 988 1952 1055 usurpaverunt.
1983 984 2156 1038 Vene-

498 1080 634 1133 runt
663 1077 833 1133 etiam
864 1081 920 1132 et
950 1075 1040 1131 illi
1073 1075 1173 1147 qui
1206 1075 1422 1145 injuste
1459 1075 1710 1130 eamdem
1753 1085 2149 1139 commarcam,

497 1165 651 1222 ultra
679 1165 830 1238 quod
861 1165 1196 1236 debuerant,
1229 1163 1692 1234 exstirpaverunt
1720 1169 1918 1219 contra
1951 1161 2149 1234 legem.

496 1253 554 1310 Id
585 1261 721 1310 sunt
752 1254 1046 1324 Ratpreht,
1079 1255 1272 1324 Scurz,
1305 1253 1660 1324 Engilmunt,
1687 1253 1857 1325 Tago,
1884 1251 2150 1320 Rihhart,

499 1343 769 1415 Liupger,
797 1344 963 1400 Meio.
996 1345 1067 1400 Et
1091 1343 1265 1414 capit
1287 1343 1592 1414 episcopus
1625 1341 1929 1398 Baturicus
1961 1339 2154 1411 inqui-

502 1445 624 1488 rere
652 1432 834 1502 ipsam
865 1446 1242 1489 commarcam
1284 1437 1458 1488 totam
1505 1446 1604 1502 per
1639 1431 1852 1501 omnia,
1891 1429 2154 1500 quemad-

496 1521 726 1577 modum
755 1535 878 1577 eam
921 1521 1141 1578 Tessilo
1166 1522 1286 1577 dux
1328 1535 1603 1577 renovans
1638 1519 1950 1576 anterioris
1981 1519 2154 1574 tradi-

495 1607 709 1664 tionem
733 1607 896 1666 beato
925 1610 1184 1666 restituit
1205 1611 1616 1666 Emmerammo
1644 1623 1744 1680 pro
1765 1622 1868 1665 sua
1895 1621 2156 1664 suorum-

497 1712 608 1768 que
649 1697 842 1754 anima
893 1706 1212 1769 parentum.
1254 1700 1323 1754 Et
1364 1712 1494 1756 cum
1539 1698 1675 1754 hinc
1711 1703 1768 1753 et
1812 1697 1944 1764 inde
1986 1697 2152 1768 plura

495 1785 874 1858 loquerentur
898 1792 1012 1844 tam
1045 1788 1143 1859 qui
1179 1788 1393 1858 injuste
1420 1800 1736 1858 possessam
1762 1792 1818 1842 et
1847 1800 2154 1857 proprace-

493 1879 645 1946 ptam
677 1878 930 1934 eamdem
965 1877 1290 1934 habuerunt
1319 1890 1491 1948 quam
1525 1876 1584 1932 hi
1615 1877 1714 1947 qui
1745 1875 1953 1932 iterum
1985 1875 2149 1931 beato

489 1964 656 2021 Petro
683 1969 742 2022 et
773 1969 970 2022 sancto
997 1967 1412 2022 Emmerammo
1445 1965 1735 2035 justitiam
1768 1978 1929 2021 suam
1959 1963 2150 2034 cupie-

490 2059 627 2111 runt
664 2055 834 2126 juxta
876 2055 1054 2128 legem
1098 2055 1484 2127 Beoariorum,
1538 2053 1798 2112 surrexit
1847 2053 2151 2109 Baturicus

417 2193 428 2205 .
490 2143 798 2216 episcopus
825 2149 883 2202 et
907 2145 1113 2202 Rodolt
1138 2159 1248 2202 una
1269 2159 1400 2201 cum
1422 2145 1654 2202 Bettone
1677 2149 1732 2200 et
1755 2143 2066 2212 Hiltiroho,
2095 2148 2152 2198 et

487 2239 766 2293 venerunt
809 2235 1084 2306 primitus
1111 2241 1309 2292 contra
1352 2234 1702 2292 occidentem
1728 2233 1797 2290 ad
1831 2232 1990 2288 illam
2021 2231 2154 2289 stir-

492 2339 614 2396 pem
639 2337 810 2396 quam
831 2323 1204 2380 Gewinahare
1229 2324 1501 2394 injustam
1527 2328 1855 2392 usurpatam
1883 2321 2146 2392 habebat,

492 2427 675 2484 usque
701 2413 771 2469 ad
796 2412 986 2482 ipsum
1013 2412 1202 2469 rivum
1227 2412 1557 2484 Gewinaha,
1580 2418 1636 2467 et
1659 2411 1740 2466 ibi
1763 2410 1918 2466 dixit
1940 2409 2151 2466 Rodolt

487 2504 545 2558 et
583 2503 740 2557 Betto
783 2502 934 2573 quod
971 2515 1286 2558 commarca
1326 2500 1577 2556 Baturici
1623 2499 1878 2569 episcopi
1923 2498 2152 2555 debuis~

488 2594 574 2644 set
604 2603 728 2645 esse
751 2591 820 2645 ad
854 2589 1014 2644 illam
1042 2591 1273 2646 domum
1305 2589 1427 2658 Dei,
1465 2593 1665 2646 contra
1696 2587 1994 2644 meridiem
2024 2602 2151 2643 sur-

487 2691 613 2734 sum
627 2676 794 2746 juxta
813 2677 997 2734 rivum
1022 2678 1284 2747 usquead
1306 2677 1470 2732 illum
1495 2676 1704 2748 locum,
1726 2675 1826 2732 ubi
1847 2676 1968 2746 ipse
1991 2675 2151 2733 rivus

485 2766 766 2838 exoritur,
797 2772 854 2822 et
876 2766 1010 2822 inde
1030 2766 1236 2822 Rodolt
1254 2771 1309 2821 et
1331 2767 1489 2822 Betto
1513 2765 1803 2823 duxerunt
1827 2765 2148 2822 Bituricum

486 2855 819 2926 episcopum
853 2855 1069 2924 jcontra
1109 2853 1387 2910 orientem
1430 2868 1613 2925 usque
1636 2855 1706 2910 ad
1737 2854 2044 2910 Marclaha.
2079 2855 2150 2910 Et

485 2945 762 3002 dixerunt
805 2944 957 3014 quod
1005 2957 1323 3000 commarca
1358 2943 1546 3013 ipsius
1581 2943 1836 3014 episcopi
1890 2942 2144 3000 Baturici

484 3032 715 3090 deberet
742 3033 939 3089 venire
965 3033 1024 3088 in
1071 3031 1321 3088 medium
1367 3031 1578 3103 rivum,
1621 3032 1727 3088 hoc
1752 3037 1860 3103 est,
1893 3032 1951 3087 in
1988 3033 2148 3088 Mar-

484 3122 669 3178 claha.
694 3124 760 3178 Et
784 3121 916 3177 inde
938 3121 1229 3177 duxerunt
1249 3121 1510 3177 eumdem
1535 3121 1869 3192 episcOpum
1894 3121 1993 3178 ubi
2023 3122 2146 3192 ipse

369 3262 372 3266 .
486 3212 646 3269 rivus
675 3211 733 3267 in
763 3212 958 3268 eodem
996 3216 1186 3267 monte
1209 3212 1416 3267 oritur.
1453 3212 1523 3266 Et
1550 3211 1826 3268 dixerunt
1859 3212 2067 3268 Rodolt
2089 3217 2146 3268 et

484 3302 677 3358 Betto:
713 3302 825 3358 ista
853 3313 1173 3358 commarca
1201 3299 1370 3356 debet
1397 3314 1520 3357 esse
1552 3315 1652 3372 per
1681 3301 1858 3358 istum
1889 3301 2142 3358 medium

485 3395 733 3448 montem
777 3390 984 3458 Bosu‘n,
1030 3389 1086 3446 id
1125 3395 1214 3446 est
1239 3389 1310 3446 de
1347 3404 1413 3447 eo
1458 3391 1582 3447 loco
1613 3391 1713 3448 ubi
1759 3391 2048 3448 Marclaha
2083 3391 2143 3448 in

484 3480 672 3554 Regan
704 3479 946 3538 ﬂuvium
990 3480 1167 3548 cadit,
1217 3493 1399 3550 usque
1427 3479 1497 3535 ad
1539 3480 1657 3549 jam
1687 3480 1909 3536 dictum
1953 3480 2141 3536 locum

483 3574 682 3628 contra
735 3570 1036 3626 meridiem
1079 3574 1136 3626 et
1179 3569 1390 3624 deinde
1440 3582 1536 3638 per
1591 3569 1840 3626 medium
1896 3575 2143 3626 montem

486 3659 546 3714 in
566 3659 849 3716 orientem
877 3672 1060 3730 usque
1085 3657 1154 3712 ad
1177 3671 1308 3712 eum
1342 3657 1530 3712 locum
1573 3657 1673 3712 ubi
1703 3657 2012 3714 Gewinaha
2037 3672 2146 3714 ex—

482 3749 673 3806 oritur
695 3765 712 3818 ;
733 3751 790 3802 et
820 3746 955 3802 inde
981 3746 1041 3801 in
1066 3745 1337 3802 orientali
1367 3749 1525 3815 parte
1555 3745 1744 3815 ipsius
1767 3759 1930 3817 aqua
1957 3761 2142 3818 usque

484 3839 554 3895 ad
591 3836 800 3892 ﬁumen
833 3835 1022 3906 Regan
1056 3832 1157 3890 ubi
1191 3833 1316 3903 ipsa
1357 3832 1666 3889 Gewinaha
1699 3834 1899 3890 introit
1935 3833 1993 3891 in
2026 3835 2142 3892 Re-

484 3938 614 3999 gan.
647 3923 805 3980 Tunc
832 3923 988 3978 dixit
1030 3920 1240 3978 Rodolt
1265 3925 1322 3977 et
1350 3922 1508 3977 Betto
1535 3939 1548 3975 :
1582 3923 1697 3979 Nos
1725 3923 2003 3981 audemus
2034 3925 2143 3982 hoc

479 4012 672 4071 dicere
695 4015 752 4068 et
773 4011 1130 4082 conﬁrmare,
1175 4010 1403 4067 etiamsi
1450 4009 1630 4068 fuerit
1666 4027 1856 4070 coram
1895 4015 2140 4074 Domino

480 4103 845 4174 imperatore,
876 4101 1024 4174 quod
1067 4100 1178 4158 ista
1207 4100 1398 4157 omnis
1423 4115 1763 4176 commarca,
1793 4104 1949 4161 sicut
1981 4105 2136 4162 hunc

478 4191 740 4249 eumdem
765 4191 1096 4262 episcopum
1124 4190 1456 4247 Baturicum
1485 4191 1987 4250 circumducentes
2011 4209 2142 4250 con-

478 4281 856 4355 signavimus,
887 4278 1054 4336 debet
1093 4279 1406 4355 consistere
1449 4293 1580 4336 cum
1610 4281 1766 4336 omni
1805 4281 2038 4350 justitia
2067 4284 2135 4342 ad

2803 445 2942 499 pum
2973 433 3025 482 et
3063 428 3374 496 Egilolfum.

2338 574 2650 628 Fructuosa
2672 571 2832 628 valde
2856 585 2922 627 ac
2942 571 3190 628 nimium
3219 571 3382 627 utilis
3401 574 3723 630 consuetudo
3740 576 3842 632 olim

2269 659 2420 716 inter
2490 661 2753 717 homines
2823 660 3138 717 inoleverat
3200 661 3575 717 commutandi
3633 662 3845 721 videlicet

2266 751 2540 820 quasdam
2573 764 2661 806 res
2695 765 2796 821 pro
2837 750 3130 806 ambarum
3175 751 3592 820 opportunitate
3625 753 3841 821 partium.

2265 838 2391 894 Hac
2431 839 2642 894 etenim
2685 840 2975 896 modernis
3014 838 3370 909 temporibus
3406 839 3650 895 crebrius
3673 853 3726 895 ac
3745 856 3839 897 cre-

2264 925 2430 984 brius
2454 928 2847 998 piissimorum
2869 929 3105 985 licentia
3123 942 3318 1000 regum
3339 927 3629 985 conﬁcitur
3646 927 3846 1001 frequen-

2264 1016 2603 1087 tissimeque
2648 1017 2799 1073 inter
2829 1017 3113 1074 nobilium
3159 1017 3510 1073 substantias
3544 1022 3695 1088 atque
3717 1020 3847 1075 eccle-

2263 1105 2629 1161 siasticarum
2643 1120 2834 1162 rerum
2850 1107 3141 1177 portiones
3156 1106 3483 1178 contingere
3494 1105 3641 1162 solet.
3657 1107 3845 1164 Proinde

2263 1207 2398 1266 ergo
2428 1195 2663 1266 quidam
2692 1196 2783 1252 vir
2813 1195 3049 1266 nobilis,
3083 1195 3315 1252 nomine
3343 1194 3632 1266 Egilolfus,
3660 1196 3846 1252 tradidit

2264 1283 2334 1338 ad
2393 1289 2654 1340 sanctum
2723 1287 2950 1342 Petrum
3009 1285 3333 1356 apostolum
3398 1289 3737 1356 sanctumque
3771 1285 3843 1341 Dei

2266 1377 2568 1443 martyrem
2609 1375 3082 1430 Emmerammum
3123 1373 3294 1430 talem
3338 1373 3710 1444 proprietatem
3736 1387 3846 1444 qua-

2265 1460 2372 1518 lem
2408 1461 2608 1519 habuit
2635 1463 2801 1532 juxta
2829 1464 3041 1520 fluenta
3072 1463 3300 1519 Labara
3327 1467 3382 1518 et
3404 1463 3561 1532 juxta
3589 1462 3748 1518 locum
3773 1464 3843 1534 qui

2263 1549 2483 1607 dicitur
2505 1553 2638 1606 Perc
2661 1552 2720 1606 in
2745 1566 2972 1608 manum
2996 1552 3405 1608 Ambrichonis
3425 1551 3734 1608 venerabilis
3749 1552 3848 1622 epi-

2263 1639 2421 1709 sc0pi
2444 1644 2500 1695 et
2517 1641 2776 1697 advocati
2798 1642 2924 1711 ejus
2945 1641 3200 1696 Helfrici.
3227 1641 3283 1698 Id
3308 1646 3396 1696 est
3417 1658 3430 1694 :
3451 1653 3601 1696 areas
3619 1654 3686 1711 ιν,
3705 1641 3848 1696 Poma-

2264 1743 2350 1784 ria
2380 1743 2446 1791 ιι.
2478 1735 2644 1785 terra
2667 1730 2911 1786 arabilis
2932 1724 3281 1803 jugera'ccx,
3311 1731 3598 1787 Pratorum
3621 1731 3786 1802 jugera
3809 1743 3844 1800 L,

2263 1817 2422 1873 silva
2469 1817 2784 1875 fructifera
2819 1819 3023 1892 jugera
3069 1832 3295 1890 Lxxxu,
3348 1819 3548 1875 molam
3574 1833 3610 1886 ι,
3639 1817 3848 1888 nihilque

2260 1911 2420 1962 extra
2471 1907 2791 1979 dimittens,
2844 1908 2980 1980 viis,
3035 1909 3288 1980 pascuis,
3339 1907 3523 1980 aquis,
3569 1921 3848 1979 aquarumve

2259 1995 2603 2054 decursibus
2619 1997 2763 2068 quin
2781 1998 2973 2053 omnia
2994 2011 3062 2054 ex
3081 1998 3306 2071 integro
3332 1997 3471 2054 illuc
3491 1995 3844 2053 transfudisset.

2261 2085 2304 2139 E
2342 2089 2541 2142 contra
2587 2099 2719 2142 vero
2761 2085 3048 2142 Helfricus
3093 2091 3265 2158 atque
3309 2086 3429 2159 Ogo
3468 2099 3590 2142 cum
3624 2098 3846 2141 consensu

2261 2171 2483 2229 domini
2503 2174 2595 2230 sui
2612 2173 2866 2244 episcopi
2887 2174 3251 2231 tradiderunt
3264 2174 3452 2231 eidem
3471 2173 3708 2230 nobilide
3721 2172 3847 2228 rebus

2267 2263 2669 2334 pradictorum
2720 2268 3071 2335 sanctorum,
3121 2265 3179 2320 id
3211 2269 3302 2320 est
3342 2264 3411 2320 ad
3453 2261 3847 2332 Talachirichuu,

2261 2365 2450 2408 aream
2493 2367 2533 2422 ι,
2565 2357 2731 2409 terra
2771 2353 3014 2409 arabilis
3050 2354 3253 2426 jugera
3305 2367 3492 2424 cccxx,
3532 2359 3780 2424 pratorum
3807 2363 3844 2412 L.

2262 2441 2424 2496 silva
2471 2440 2782 2498 fructifera
2815 2442 2939 2514 jug.
2981 2456 3061 2512 v1,
3113 2442 3508 2500 molendinum
3550 2442 3712 2498 locum
3745 2456 3776 2511 ι,
3805 2445 3844 2494 et

2261 2529 2411 2585 viam
2443 2531 2512 2587 ad
2547 2531 2712 2587 illius
2749 2531 3004 2587 ecclesia
3047 2531 3359 2589 introitum
3390 2532 3452 2588 in
3482 2529 3752 2588 latitudine
3773 2541 3848 2598 pe-

2260 2617 2398 2674 dum
2433 2633 2511 2689 1v,
2539 2625 2700 2676 extra
2729 2619 3031 2677 dimittens
3077 2626 3270 2677 autem
3318 2621 3562 2677 eamdem
3587 2617 3844 2680 ecclesiam,

2260 2720 2326 2763 ac
2351 2708 2600 2764 areolam
2623 2724 2662 2782 ι,
2691 2713 2748 2766 et
2768 2709 3124 2768 territorium
3149 2711 3344 2784 juger.
3370 2724 3508 2780 xxx,
3527 2714 3681 2780 atque
3700 2711 3846 2762 extra-

2262 2810 2397 2854 neas
2450 2797 2886 2870 inquisitiones,
2939 2800 3224 2871 quidquid
3289 2807 3624 2872 pracaptum
3669 2795 3844 2852 fuisset.

2257 2886 2468 2943 Catera
2523 2901 2655 2944 vero
2699 2889 2891 2944 omnia
2937 2887 3170 2960 prafato
3216 2888 3469 2961 Egilolfo
3516 2888 3572 2943 in
3613 2883 3846 2957 pr0prium

2253 2975 2385 3045 jure
2411 2981 2684 3047 perpetuo
2705 2976 3115 3047 possidendum
3140 2976 3625 3034 contradiderunt.
3648 2971 3845 3029 Testium

2261 3077 2490 3136 quoque
2520 3064 2752 3121 nomina
2782 3071 2920 3121 sunt
2951 3065 3067 3121 hac
3096 3080 3110 3119 :
3145 3065 3347 3137 Patho,
3379 3064 3514 3138 Ogo,
3546 3065 3696 3134 Papo,
3724 3058 3846 3131 Sigi-

2257 3153 2412 3225 pold,
2461 3155 2672 3225 Nanzo,
2723 3155 2996 3227 Fastmot,
3054 3155 3357 3226 Machelm,
3409 3155 3666 3218 Wicram,
3714 3151 3848 3206 Laut—

2259 3243 2442 3315 perht,
2467 3243 2704 3315 Rihker,
2725 3243 3076 3316 Amalperht,
3099 3244 3226 3316 Ato,
3249 3244 3604 3317 Engilperht,
3628 3239 3844 3305 Rodhart,

2255 3331 2610 3404 Engilscalh,
2661 3331 2945 3404 Lantfrid,
2993 3333 3269 3405 Swidker,
3324 3331 3596 3403 Adalhoh,
3639 3326 3843 3390 Rihheri,

2257 3420 2564 3492 Egilhelm,
2642 3420 2902 3493 Elindeo,
2968 3422 3278 3494 Rodmunt,
3360 3421 3583 3491 Anthat,
3639 3415 3844 3476 Heriwic.

2254 3509 2468 3582 Walto,
2501 3509 2866 3582 Wegalanzo,
2909 3509 3106 3578 Immo,
3139 3511 3444 3583 Peregher,
3473 3507 3710 3579 Otperth,
3735 3505 3844 3560 Ger—

2256 3597 2464 3670 nando,
2497 3599 2839 3668 Lantpertus
2873 3604 3064 3656 autem
3110 3598 3292 3656 frater
3329 3601 3577 3672 ejusdem
3598 3591 3787 3669 Egilolﬁ
3807 3596 3845 3644 et

2253 3683 2519 3742 Adalhun
2559 3700 2760 3743 vassus
2801 3687 3054 3758 episcopi
3103 3687 3476 3759 ﬁdejussores
3512 3691 3565 3744 et
3607 3681 3845 3741 vestitores

2253 3774 2621 3832 exstiterunt.

2178 1680 2232 1742 Β

2176 3019 2228 3088 C

2249 3898 2378 3954 CAP.
2423 3901 2483 3956 V.
2528 3929 2600 3940 —
2636 3899 3044 3972 Complacitatio
3082 3905 3228 3958 inter
3260 3902 3666 3958 Ambrichonem
3697 3895 3846 3967 cpisco'

2765 3989 2902 4044 pum
2939 3978 2990 4028 et
3019 3975 3392 4032 Arndeonem.

2319 4113 2740 4204 Nonnullorum
2781 4115 3097 4186 comperiat
3137 4115 3431 4174 industria
3470 4113 3703 4173 ﬁdelium
3729 4117 3844 4204 ΡΨ

2250 4203 2432 4258 sentis
2469 4203 2791 4260 concambii
2836 4204 3175 4276 qualitatem
3219 4207 3372 4278 quod
3407 4205 3696 4263 secundum
3721 4200 3844 4254 anti-

2250 4306 2419 4362 quam
2447 4306 2573 4363 qua
2601 4292 2740 4348 olim
2771 4294 2922 4362 apud
2959 4294 3220 4350 homines
3253 4295 3561 4351 inoleverat
3586 4289 3844 4347 consuetu-

476 4350 739 4432 sanctum
769 4350 999 4428 Petrum
1026 4350 1368 4426 et'sanctum
1407 4371 1885 4426 Emmerammum
1920 4373 1979 4428 in
2011 4378 2138 4429 tra—
2163 4357 2219 4419 D
2246 4350 2436 4436 dinem
2464 4350 2776 4450 lperactum
2806 4350 2894 4438 est
2932 4383 3038 4439 hoc
3082 4383 3268 4440 modo.
3316 4385 3497 4456 Igitur
3537 4379 3742 4452 quidam
3777 4371 3843 4426 vir

475 4458 698 4519 ditione
722 4458 939 4518 ducum
963 4459 1064 4532 qui
1099 4459 1268 4516 istam
1300 4458 1544 4528 patriam
1579 4459 1977 4528 possederunt.
2011 4463 2138 4519 Hac

477 4554 612 4610 sunt
641 4552 873 4609 nomina
903 4563 1102 4607 eorum
1133 4548 1234 4620 qui
1265 4546 1582 4604 audierunt
1614 4549 1896 4606 rationem
1941 4551 2131 4624 istam,

477 4645 534 4697 et
561 4639 1042 4698 cavallicaverunt
1088 4637 1247 4692 illam
1277 4651 1678 4708 commarcam,
1709 4644 1767 4695 et
1806 4639 2042 4698 fuerunt
2074 4643 2133 4698 in

477 4729 590 4800 ista
621 4729 855 4800 pireisa,
899 4727 996 4783 die
1036 4724 1308 4782 Mercurii
1352 4739 1450 4781 xix
1493 4727 1614 4783 Kal.
1657 4728 1779 4784 Jan.
1830 4731 2134 4788 Baturicus

477 4817 800 4888 episcopus,
863 4813 1030 4871 Welo
1093 4813 1384 4886 presbyter
1434 4818 1490 4871 et
1543 4817 1877 4890 monachus,
1953 4820 2130 4876 David

476 4905 768 4978 presbyter
805 4909 862 4962 et
900 4903 1233 4977 monachus,
1275 4903 1466 4960 Folrat
1503 4905 1812 4979 presbyter,
1845 4908 2134 4980 Couperht

477 4995 771 5068 presbyter
817 4999 875 5052 et
931 4995 1265 5065 monachus,
1317 4995 1543 5050 Hunrih
1602 4997 1938 5054 monachus.
1993 4999 2132 5056 Item

476 5083 705 5154 Rodolt,
756 5086 933 5156 Betto,
984 5083 1259 5154 lliltiroh,
1310 5084 1506 5152 Immo,
1563 5085 1846 5150 Baldram,
1898 5087 2130 5162 Pillinc,

473 5173 664 5244 Meiol,
695 5172 1054 5244 Fridaperht,
1087 5171 1424 5242 Welagrim,
1465 5172 1790 5244 Cotaperht,
1824 5174 1958 5232 Avo.
1995 5177 2130 5234 Item

473 5265 802 5335 Cotaperht,
854 5262 1206 5332 Amalperht,
1243 5259 1512 5322 Radholf.
1553 5262 1832 5336 Irminolf,
1878 5267 2130 5348 Baldrih,

479 5353 848 5424 Irminperht,
876 5351 1081 5423 Mauri,
1113 5349 1388 5417 Waltrih,
1423 5349 1616 5422 Unlaz,
1643 5351 1852 5425 Cunzo,
1881 5356 2136 5414 Folchu-

475 5445 559 5516 ni,
596 5444 770 5517 Ogast
806 5442 964 5499 ﬁlius
1003 5439 1277 5512 Bettonis,
1320 5439 1646 5514 Willibato,
1687 5446 1744 5498 et
1782 5446 1971 5502 cateri
2012 5447 2133 5518 plu-

477 5533 632 5591 rimi.
678 5531 981 5591 Ellinhard
1029 5529 1285 5602 scripsit.

2248 4467 2464 4523 nobilis
2495 4469 2725 4524 nomine
2753 4469 2982 4526 Arndeo
3013 4470 3258 4528 tradidit
3297 4473 3366 4528 ad
3398 4473 3452 4528 S.
3494 4472 3700 4526 Petrum
3731 4473 3842 4532 apo-

2247 4555 2458 4612 stolum
2479 4571 2544 4613 ac
2574 4561 2876 4628 martyrem
2907 4559 3006 4615 Dei
3041 4545 3542 4628 Emmerammum,
3575 4559 3630 4612 in
3657 4561 3838 4610 manum

2244 4645 2513 4702 videlicet
2539 4647 2947 4704 Ambrichonis
2972 4650 3322 4708 venerabilis
3341 4649 3586 4722 episcopi
3611 4651 3661 4702 et
3679 4637 3837 4699 vicarii

2243 4734 2369 4804 ejus
2387 4734 2600 4808 Ogonis
2624 4735 2794 4792 talem
2823 4738 3225 4808 proprietatem
3251 4740 3478 4810 qualem
3506 4751 3627 4794 cum
3645 4731 3838 4799 conjuge

2244 4836 2350 4880 sua
2394 4825 2853 4896 consequebatur
2896 4828 2957 4884 in
2995 4827 3122 4884 vico
3153 4829 3428 4900 Hartinga
3460 4826 3769 4893 nuncupatos
3794 4813 3838 4868 id

2242 4919 2329 4971 est
2375 4928 2562 4970 casam
2607 4929 2737 4972 cum
2785 4921 2967 4989 curte,
3021 4921 3185 4973 terra
3231 4917 3476 4974 arabilis
3511 4915 3692 4986 jugera
3729 4915 3837 4970 xxx:

2243 5005 2542 5059 Pratorum
2591 5005 2774 5060 carrd.
2833 5019 2890 5072 x,
2941 5006 3227 5077 mancipia
3269 5020 3390 5061 xvr.
3443 5007 3485 5062 Ε
3520 5005 3696 5060 contra
3734 5003 3836 5048 vero

2248 5091 2518 5164 praefatus
2547 5094 2852 5164 episcopus
2874 5099 2931 5150 et
2959 5095 3217 5152 vicarius
3241 5097 3369 5166 ejus
3392 5094 3508 5168 Ogo
3536 5082 3839 5168 tradiderunt

2245 5182 2425 5238 eidem
2469 5182 2648 5238 nobili
2695 5189 2752 5239 et
2794 5183 3028 5256 conjugi
3071 5200 3208 5254 sua,
3257 5167 3487 5241 nomine
3531 5182 3683 5248 Tota,
3721 5167 3835 5228 illud

2245 5270 2642 5328 beneﬁciolum
2677 5273 2746 5328 ad
2793 5273 3007 5345 Tanna,
3059 5273 3117 5330 id
3166 5278 3270 5344 est,
3312 5285 3498 5330 casam
3537 5283 3653 5327 cum
3692 5265 3835 5325 curte:

2245 5360 2542 5416 ecclesiam
2589 5366 2645 5416 et
2685 5361 2972 5434 quidquid
3017 5363 3078 5420 in
3131 5377 3195 5420 ea
3236 5362 3562 5419 habebatur.
3613 5359 3680 5412 De
3718 5357 3834 5407 terra

2244 5449 2452 5505 arabili
2515 5450 2692 5506 hobas
2745 5466 2832 5524 III,
2895 5459 3184 5523 pratorum
3239 5451 3424 5507 carrd.
3481 5461 3600 5518 xm,
3655 5436 3835 5500 manci-

2245 5539 2340 5612 pia
2381 5552 2581 5613 xxxvr,
2622 5553 2688 5597 ea
2728 5541 2996 5600 videlicet
3037 5542 3274 5613 ratione,
3327 5545 3600 5612 quatenus
3639 5533 3688 5590 id
3726 5537 3835 5600 909‘
