  <div class='ocr_page' id='page_1' title='image "/cluster/home/n/w/nwhite01/storage/ocr_20150623/129/hvd.32044054759907/458.png"; bbox 0 0 4076 6154; ppageno 0'>
   <div class='ocr_carea' id='block_1_1' title="bbox 259 286 366 345">
    <p class='ocr_par' dir='ltr' id='par_1_1' title="bbox 259 286 366 345">
     <span class='ocr_line' id='line_1_1' title="bbox 259 286 366 345; baseline -0.009 0"><span class='ocrx_word' id='word_1_1' title='bbox 259 286 366 345; x_wconf 81' lang='grc'>905</span> 
     </span>
    </p>
   </div>
   <div class='ocr_carea' id='block_1_2' title="bbox 1209 279 2690 342">
    <p class='ocr_par' dir='ltr' id='par_1_2' title="bbox 1209 279 2690 342">
     <span class='ocr_line' id='line_1_2' title="bbox 1209 279 2690 342; baseline -0.004 -2"><span class='ocrx_word' id='word_1_2' title='bbox 1209 282 1666 342; x_wconf 77' lang='lat' dir='ltr'>TRADITIONES</span> <span class='ocrx_word' id='word_1_3' title='bbox 1702 279 2338 340; x_wconf 79' lang='lat' dir='ltr'>EMMERAMMENSES.</span> <span class='ocrx_word' id='word_1_4' title='bbox 2378 309 2452 321; x_wconf 95' lang='lat'><strong>—</strong></span> <span class='ocrx_word' id='word_1_5' title='bbox 2488 280 2613 336; x_wconf 87' lang='lat' dir='ltr'>LIB.</span> <span class='ocrx_word' id='word_1_6' title='bbox 2649 282 2690 336; x_wconf 89' lang='grc' dir='ltr'><strong>Ι.</strong></span> 
     </span>
    </p>
   </div>
   <div class='ocr_carea' id='block_1_3' title="bbox 3548 278 3655 338">
    <p class='ocr_par' dir='ltr' id='par_1_3' title="bbox 3548 278 3655 338">
     <span class='ocr_line' id='line_1_3' title="bbox 3548 278 3655 338; baseline 0 0"><span class='ocrx_word' id='word_1_7' title='bbox 3548 278 3655 338; x_wconf 87' lang='grc'>906</span> 
     </span>
    </p>
   </div>
   <div class='ocr_carea' id='block_1_4' title="bbox 250 401 3655 484">
    <p class='ocr_par' dir='ltr' id='par_1_4' title="bbox 250 401 3655 484">
     <span class='ocr_line' id='line_1_4' title="bbox 250 401 3655 484; baseline -0.002 -14"><span class='ocrx_word' id='word_1_8' title='bbox 250 413 471 470; x_wconf 91' lang='lat' dir='ltr'>sideant</span> <span class='ocrx_word' id='word_1_9' title='bbox 517 425 701 484; x_wconf 92' lang='lat' dir='ltr'>usque</span> <span class='ocrx_word' id='word_1_10' title='bbox 738 410 805 467; x_wconf 88' lang='lat' dir='ltr'>ad</span> <span class='ocrx_word' id='word_1_11' title='bbox 857 409 1077 466; x_wconf 91' lang='lat' dir='ltr'>obitum</span> <span class='ocrx_word' id='word_1_12' title='bbox 1122 423 1311 466; x_wconf 90' lang='lat' dir='ltr'>suum.</span> <span class='ocrx_word' id='word_1_13' title='bbox 1349 412 1476 466; x_wconf 89' lang='lat' dir='ltr'>Post</span> <span class='ocrx_word' id='word_1_14' title='bbox 1514 412 1702 466; x_wconf 91' lang='lat' dir='ltr'>autem</span> <span class='ocrx_word' id='word_1_15' title='bbox 1737 405 1900 464; x_wconf 88' lang='lat' dir='ltr'>redi-</span> <span class='ocrx_word' id='word_1_16' title='bbox 1925 406 1985 467; x_wconf 91' lang='lat' dir='ltr'><strong>A</strong></span> <span class='ocrx_word' id='word_1_17' title='bbox 2013 404 2199 462; x_wconf 88' lang='lat' dir='ltr'>lacum</span> <span class='ocrx_word' id='word_1_18' title='bbox 2227 404 2378 475; x_wconf 82' lang='lat' dir='ltr'>ﬂuit,</span> <span class='ocrx_word' id='word_1_19' title='bbox 2408 417 2590 476; x_wconf 91' lang='lat' dir='ltr'>usque</span> <span class='ocrx_word' id='word_1_20' title='bbox 2613 403 2682 459; x_wconf 90' lang='lat' dir='ltr'>ad</span> <span class='ocrx_word' id='word_1_21' title='bbox 2708 415 2837 460; x_wconf 91' lang='lat' dir='ltr'>eum</span> <span class='ocrx_word' id='word_1_22' title='bbox 2870 402 3058 460; x_wconf 90' lang='lat' dir='ltr'>locum</span> <span class='ocrx_word' id='word_1_23' title='bbox 3084 401 3185 460; x_wconf 90' lang='lat' dir='ltr'>ubi</span> <span class='ocrx_word' id='word_1_24' title='bbox 3214 404 3396 461; x_wconf 88' lang='lat' dir='ltr'>Iscula</span> <span class='ocrx_word' id='word_1_25' title='bbox 3428 404 3488 461; x_wconf 87' lang='lat' dir='ltr'>in</span> <span class='ocrx_word' id='word_1_26' title='bbox 3518 407 3655 464; x_wconf 90' lang='lat' dir='ltr'>Tru-</span> 
     </span>
    </p>
   </div>
   <div class='ocr_carea' id='block_1_5' title="bbox 250 499 1900 574">
    <p class='ocr_par' dir='ltr' id='par_1_5' title="bbox 250 499 1900 574">
     <span class='ocr_line' id='line_1_5' title="bbox 250 499 1900 574; baseline -0.003 -17"><span class='ocrx_word' id='word_1_27' title='bbox 250 507 413 574; x_wconf 86' lang='lat' dir='ltr'>gatur</span> <span class='ocrx_word' id='word_1_28' title='bbox 453 501 523 557; x_wconf 92' lang='lat' dir='ltr'>ad</span> <span class='ocrx_word' id='word_1_29' title='bbox 587 500 897 571; x_wconf 88' lang='lat' dir='ltr'>pristinum</span> <span class='ocrx_word' id='word_1_30' title='bbox 947 502 1273 557; x_wconf 88' lang='lat' dir='ltr'>sanctorum</span> <span class='ocrx_word' id='word_1_31' title='bbox 1327 499 1515 556; x_wconf 91' lang='lat' dir='ltr'>locum</span> <span class='ocrx_word' id='word_1_32' title='bbox 1585 499 1715 568; x_wconf 83' lang='lat' dir='ltr'>jure</span> <span class='ocrx_word' id='word_1_33' title='bbox 1764 511 1900 568; x_wconf 87' lang='lat' dir='ltr'>per-</span> 
     </span>
    </p>
   </div>
   <div class='ocr_carea' id='block_1_6' title="bbox 252 599 436 664">
    <p class='ocr_par' dir='ltr' id='par_1_6' title="bbox 252 599 436 664">
     <span class='ocr_line' id='line_1_6' title="bbox 252 599 436 664; baseline -0.016 -15"><span class='ocrx_word' id='word_1_34' title='bbox 252 599 436 664; x_wconf 84' lang='lat' dir='ltr'>petuo.</span> 
     </span>
    </p>
   </div>
   <div class='ocr_carea' id='block_1_7' title="bbox 245 697 1898 768">
    <p class='ocr_par' dir='ltr' id='par_1_7' title="bbox 245 697 1898 768">
     <span class='ocr_line' id='line_1_7' title="bbox 245 697 1898 768; baseline -0.002 -13"><span class='ocrx_word' id='word_1_35' title='bbox 245 700 368 755; x_wconf 78' lang='lat' dir='ltr'>CAP.</span> <span class='ocrx_word' id='word_1_36' title='bbox 430 700 518 754; x_wconf 81' lang='lat' dir='ltr'><strong>VI.</strong></span> <span class='ocrx_word' id='word_1_37' title='bbox 598 697 951 754; x_wconf 79' lang='lat' dir='ltr'><strong><em>Commutatio</em></strong></span> <span class='ocrx_word' id='word_1_38' title='bbox 1007 699 1151 753; x_wconf 84' lang='lat' dir='ltr'>inter</span> <span class='ocrx_word' id='word_1_39' title='bbox 1223 697 1640 754; x_wconf 81' lang='lat' dir='ltr'>Ambrichonem</span> <span class='ocrx_word' id='word_1_40' title='bbox 1688 712 1769 768; x_wconf 87' lang='lat' dir='ltr'>ep.</span> <span class='ocrx_word' id='word_1_41' title='bbox 1847 699 1898 751; x_wconf 85' lang='lat' dir='ltr'>et</span> 
     </span>
    </p>
   </div>
   <div class='ocr_carea' id='block_1_8' title="bbox 744 769 1392 841">
    <p class='ocr_par' dir='ltr' id='par_1_8' title="bbox 744 769 1392 841">
     <span class='ocr_line' id='line_1_8' title="bbox 744 769 1392 841; baseline 0 -15"><span class='ocrx_word' id='word_1_42' title='bbox 744 769 1025 826; x_wconf 68' lang='lat' dir='ltr'>Otium-ium</span> <span class='ocrx_word' id='word_1_43' title='bbox 1071 771 1392 841; x_wconf 62' lang='lat' dir='ltr'>episcozmm.</span> 
     </span>
    </p>
   </div>
   <div class='ocr_carea' id='block_1_9' title="bbox 316 873 1896 947">
    <p class='ocr_par' dir='ltr' id='par_1_9' title="bbox 316 873 1896 947">
     <span class='ocr_line' id='line_1_9' title="bbox 316 873 1896 947; baseline -0.003 -13"><span class='ocrx_word' id='word_1_44' title='bbox 316 879 630 934; x_wconf 90' lang='lat' dir='ltr'>Fructuosa</span> <span class='ocrx_word' id='word_1_45' title='bbox 663 875 846 947; x_wconf 85' lang='lat' dir='ltr'><strong>valde,</strong></span> <span class='ocrx_word' id='word_1_46' title='bbox 879 882 934 932; x_wconf 91' lang='lat' dir='ltr'>et</span> <span class='ocrx_word' id='word_1_47' title='bbox 959 889 1072 931; x_wconf 90' lang='lat' dir='ltr'>non</span> <span class='ocrx_word' id='word_1_48' title='bbox 1097 876 1282 932; x_wconf 90' lang='lat' dir='ltr'>solum</span> <span class='ocrx_word' id='word_1_49' title='bbox 1312 875 1566 946; x_wconf 89' lang='lat' dir='ltr'>honesta,</span> <span class='ocrx_word' id='word_1_50' title='bbox 1601 873 1695 931; x_wconf 92' lang='lat' dir='ltr'>sed</span> <span class='ocrx_word' id='word_1_51' title='bbox 1723 873 1896 929; x_wconf 89' lang='lat' dir='ltr'>etiam</span> 
     </span>
    </p>
   </div>
   <div class='ocr_carea' id='block_1_10' title="bbox 247 963 1898 1035">
    <p class='ocr_par' dir='ltr' id='par_1_10' title="bbox 247 963 1898 1035">
     <span class='ocr_line' id='line_1_10' title="bbox 247 963 1898 1035; baseline -0.003 -12"><span class='ocrx_word' id='word_1_52' title='bbox 247 967 492 1023; x_wconf 90' lang='lat' dir='ltr'>nimium</span> <span class='ocrx_word' id='word_1_53' title='bbox 539 965 708 1022; x_wconf 79' lang='lat' dir='ltr'>utilis</span> <span class='ocrx_word' id='word_1_54' title='bbox 745 965 1099 1022; x_wconf 82' lang='lat' dir='ltr'>consuetudo</span> <span class='ocrx_word' id='word_1_55' title='bbox 1125 966 1240 1035; x_wconf 89' lang='lat' dir='ltr'>jam</span> <span class='ocrx_word' id='word_1_56' title='bbox 1277 963 1412 1021; x_wconf 91' lang='lat' dir='ltr'>olim</span> <span class='ocrx_word' id='word_1_57' title='bbox 1445 965 1594 1020; x_wconf 89' lang='lat' dir='ltr'>inter</span> <span class='ocrx_word' id='word_1_58' title='bbox 1637 963 1898 1021; x_wconf 86' lang='lat' dir='ltr'>homines</span> 
     </span>
    </p>
   </div>
   <div class='ocr_carea' id='block_1_11' title="bbox 246 1053 1896 1125">
    <p class='ocr_par' dir='ltr' id='par_1_11' title="bbox 246 1053 1896 1125">
     <span class='ocr_line' id='line_1_11' title="bbox 246 1053 1896 1125; baseline -0.001 -14"><span class='ocrx_word' id='word_1_59' title='bbox 246 1055 554 1112; x_wconf 78' lang='lat' dir='ltr'>inoleverat</span> <span class='ocrx_word' id='word_1_60' title='bbox 604 1054 994 1111; x_wconf 86' lang='lat' dir='ltr'>commutandi</span> <span class='ocrx_word' id='word_1_61' title='bbox 1044 1053 1268 1110; x_wconf 72' lang='lat' dir='ltr'>scilicet</span> <span class='ocrx_word' id='word_1_62' title='bbox 1320 1053 1593 1125; x_wconf 88' lang='lat' dir='ltr'>quasdam</span> <span class='ocrx_word' id='word_1_63' title='bbox 1647 1067 1738 1110; x_wconf 91' lang='lat' dir='ltr'>res</span> <span class='ocrx_word' id='word_1_64' title='bbox 1795 1067 1896 1123; x_wconf 89' lang='lat' dir='ltr'>pro</span> 
     </span>
    </p>
   </div>
   <div class='ocr_carea' id='block_1_12' title="bbox 242 1142 1895 1214">
    <p class='ocr_par' dir='ltr' id='par_1_12' title="bbox 242 1142 1895 1214">
     <span class='ocr_line' id='line_1_12' title="bbox 242 1142 1895 1214; baseline -0.002 -14"><span class='ocrx_word' id='word_1_65' title='bbox 242 1144 640 1200; x_wconf 81' lang='lat' dir='ltr'>commoditate</span> <span class='ocrx_word' id='word_1_66' title='bbox 657 1149 1030 1214; x_wconf 90' lang='lat' dir='ltr'>utrarumque</span> <span class='ocrx_word' id='word_1_67' title='bbox 1051 1143 1320 1213; x_wconf 89' lang='lat' dir='ltr'>partium.</span> <span class='ocrx_word' id='word_1_68' title='bbox 1340 1144 1452 1198; x_wconf 88' lang='lat' dir='ltr'>l-lac</span> <span class='ocrx_word' id='word_1_69' title='bbox 1471 1143 1655 1214; x_wconf 83' lang='lat' dir='ltr'>igitur</span> <span class='ocrx_word' id='word_1_70' title='bbox 1672 1142 1895 1198; x_wconf 80' lang='lat' dir='ltr'>ratione</span> 
     </span>
    </p>
   </div>
   <div class='ocr_carea' id='block_1_13' title="bbox 244 1231 1894 1304">
    <p class='ocr_par' dir='ltr' id='par_1_13' title="bbox 244 1231 1894 1304">
     <span class='ocr_line' id='line_1_13' title="bbox 244 1231 1894 1304; baseline -0.002 -15"><span class='ocrx_word' id='word_1_71' title='bbox 244 1234 508 1290; x_wconf 88' lang='lat' dir='ltr'>convenit</span> <span class='ocrx_word' id='word_1_72' title='bbox 557 1233 814 1304; x_wconf 65' lang='lat' dir='ltr'>quaedam</span> <span class='ocrx_word' id='word_1_73' title='bbox 857 1231 1229 1288; x_wconf 80' lang='lat' dir='ltr'>commutatio</span> <span class='ocrx_word' id='word_1_74' title='bbox 1275 1231 1426 1287; x_wconf 91' lang='lat' dir='ltr'>inter</span> <span class='ocrx_word' id='word_1_75' title='bbox 1454 1231 1894 1287; x_wconf 77' lang='lat' dir='ltr'>Ambrichonem</span> 
     </span>
    </p>
   </div>
   <div class='ocr_carea' id='block_1_14' title="bbox 243 1319 1890 1394">
    <p class='ocr_par' dir='ltr' id='par_1_14' title="bbox 243 1319 1890 1394">
     <span class='ocr_line' id='line_1_14' title="bbox 243 1319 1890 1394; baseline -0.003 -17"><span class='ocrx_word' id='word_1_76' title='bbox 243 1323 511 1378; x_wconf 80' lang='lat' dir='ltr'>videlicet</span> <span class='ocrx_word' id='word_1_77' title='bbox 527 1321 1140 1394; x_wconf 69' lang='lat' dir='ltr'>ReginensisEcclesiaa</span> <span class='ocrx_word' id='word_1_78' title='bbox 1157 1320 1487 1392; x_wconf 86' lang='lat' dir='ltr'>episcopum</span> <span class='ocrx_word' id='word_1_79' title='bbox 1505 1319 1890 1380; x_wconf 84' lang='lat' dir='ltr'>etOtkarium.</span> 
     </span>
    </p>
   </div>
   <div class='ocr_carea' id='block_1_15' title="bbox 243 1409 1894 1482">
    <p class='ocr_par' dir='ltr' id='par_1_15' title="bbox 243 1409 1894 1482">
     <span class='ocr_line' id='line_1_15' title="bbox 243 1409 1894 1482; baseline -0.001 -16"><span class='ocrx_word' id='word_1_80' title='bbox 243 1413 585 1469; x_wconf 87' lang='lat' dir='ltr'>Eistatensis</span> <span class='ocrx_word' id='word_1_81' title='bbox 604 1411 870 1467; x_wconf 60' lang='lat' dir='ltr'>Ecclesia</span> <span class='ocrx_word' id='word_1_82' title='bbox 886 1410 1204 1482; x_wconf 68' lang='lat' dir='ltr'>praesulem.</span> <span class='ocrx_word' id='word_1_83' title='bbox 1232 1411 1493 1466; x_wconf 85' lang='lat' dir='ltr'>Tradidit</span> <span class='ocrx_word' id='word_1_84' title='bbox 1517 1411 1709 1480; x_wconf 88' lang='lat' dir='ltr'>itaque</span> <span class='ocrx_word' id='word_1_85' title='bbox 1728 1409 1894 1465; x_wconf 85' lang='lat' dir='ltr'>Otka-</span> 
     </span>
    </p>
   </div>
   <div class='ocr_carea' id='block_1_16' title="bbox 245 1499 1890 1570">
    <p class='ocr_par' dir='ltr' id='par_1_16' title="bbox 245 1499 1890 1570">
     <span class='ocr_line' id='line_1_16' title="bbox 245 1499 1890 1570; baseline -0.002 -14"><span class='ocrx_word' id='word_1_86' title='bbox 245 1501 369 1556; x_wconf 90' lang='lat' dir='ltr'>rius</span> <span class='ocrx_word' id='word_1_87' title='bbox 393 1506 449 1556; x_wconf 86' lang='lat' dir='ltr'>et</span> <span class='ocrx_word' id='word_1_88' title='bbox 474 1501 782 1556; x_wconf 86' lang='lat' dir='ltr'>advocatus</span> <span class='ocrx_word' id='word_1_89' title='bbox 803 1501 928 1570; x_wconf 90' lang='lat' dir='ltr'>ejus</span> <span class='ocrx_word' id='word_1_90' title='bbox 950 1500 1256 1570; x_wconf 89' lang='lat' dir='ltr'>Wicpotus</span> <span class='ocrx_word' id='word_1_91' title='bbox 1287 1499 1454 1555; x_wconf 88' lang='lat' dir='ltr'>talem</span> <span class='ocrx_word' id='word_1_92' title='bbox 1488 1499 1890 1569; x_wconf 87' lang='lat' dir='ltr'>proprietatem</span> 
     </span>
    </p>
   </div>
   <div class='ocr_carea' id='block_1_17' title="bbox 243 1585 1893 1660">
    <p class='ocr_par' dir='ltr' id='par_1_17' title="bbox 243 1585 1893 1660">
     <span class='ocr_line' id='line_1_17' title="bbox 243 1585 1893 1660; baseline -0.002 -16"><span class='ocrx_word' id='word_1_93' title='bbox 243 1595 304 1644; x_wconf 91' lang='lat' dir='ltr'>ut</span> <span class='ocrx_word' id='word_1_94' title='bbox 328 1601 363 1644; x_wconf 89' lang='lat' dir='ltr'>a</span> <span class='ocrx_word' id='word_1_95' title='bbox 394 1602 525 1660; x_wconf 89' lang='lat' dir='ltr'>rege</span> <span class='ocrx_word' id='word_1_96' title='bbox 547 1594 845 1645; x_wconf 85' lang='lat' dir='ltr'>assecutus</span> <span class='ocrx_word' id='word_1_97' title='bbox 869 1593 956 1644; x_wconf 90' lang='lat' dir='ltr'>est</span> <span class='ocrx_word' id='word_1_98' title='bbox 979 1589 1048 1644; x_wconf 90' lang='lat' dir='ltr'>ad</span> <span class='ocrx_word' id='word_1_99' title='bbox 1079 1587 1401 1660; x_wconf 88' lang='lat' dir='ltr'>Zullingon,</span> <span class='ocrx_word' id='word_1_100' title='bbox 1435 1591 1491 1642; x_wconf 90' lang='lat' dir='ltr'>et</span> <span class='ocrx_word' id='word_1_101' title='bbox 1509 1587 1576 1642; x_wconf 90' lang='lat' dir='ltr'>ad</span> <span class='ocrx_word' id='word_1_102' title='bbox 1600 1585 1893 1642; x_wconf 87' lang='lat' dir='ltr'>Mammin—</span> 
     </span>
    </p>
   </div>
   <div class='ocr_carea' id='block_1_18' title="bbox 242 1676 1890 1749">
    <p class='ocr_par' dir='ltr' id='par_1_18' title="bbox 242 1676 1890 1749">
     <span class='ocr_line' id='line_1_18' title="bbox 242 1676 1890 1749; baseline -0.002 -16"><span class='ocrx_word' id='word_1_103' title='bbox 242 1691 351 1749; x_wconf 88' lang='lat' dir='ltr'>gon</span> <span class='ocrx_word' id='word_1_104' title='bbox 384 1682 443 1733; x_wconf 91' lang='lat' dir='ltr'>et</span> <span class='ocrx_word' id='word_1_105' title='bbox 471 1678 540 1732; x_wconf 89' lang='lat' dir='ltr'>ad</span> <span class='ocrx_word' id='word_1_106' title='bbox 574 1676 962 1748; x_wconf 88' lang='lat' dir='ltr'>Ustarlingon,</span> <span class='ocrx_word' id='word_1_107' title='bbox 996 1680 1052 1732; x_wconf 92' lang='lat' dir='ltr'>et</span> <span class='ocrx_word' id='word_1_108' title='bbox 1077 1676 1363 1746; x_wconf 91' lang='lat' dir='ltr'>mancipia</span> <span class='ocrx_word' id='word_1_109' title='bbox 1383 1689 1482 1746; x_wconf 83' lang='lat' dir='ltr'>xx,</span> <span class='ocrx_word' id='word_1_110' title='bbox 1524 1689 1769 1746; x_wconf 91' lang='lat' dir='ltr'>quorum</span> <span class='ocrx_word' id='word_1_111' title='bbox 1797 1687 1890 1730; x_wconf 87' lang='lat' dir='ltr'>no-</span> 
     </span>
    </p>
   </div>
   <div class='ocr_carea' id='block_1_19' title="bbox 239 1763 1886 1837">
    <p class='ocr_par' dir='ltr' id='par_1_19' title="bbox 239 1763 1886 1837">
     <span class='ocr_line' id='line_1_19' title="bbox 239 1763 1886 1837; baseline -0.001 -16"><span class='ocrx_word' id='word_1_112' title='bbox 239 1767 397 1822; x_wconf 87' lang='lat' dir='ltr'>mina</span> <span class='ocrx_word' id='word_1_113' title='bbox 423 1771 561 1822; x_wconf 91' lang='lat' dir='ltr'>sunt</span> <span class='ocrx_word' id='word_1_114' title='bbox 590 1767 736 1822; x_wconf 74' lang='lat' dir='ltr'>haec:</span> <span class='ocrx_word' id='word_1_115' title='bbox 768 1767 1059 1836; x_wconf 86' lang='lat' dir='ltr'>Ratmunt,</span> <span class='ocrx_word' id='word_1_116' title='bbox 1083 1763 1339 1835; x_wconf 83' lang='lat' dir='ltr'>Rihholf,</span> <span class='ocrx_word' id='word_1_117' title='bbox 1367 1765 1648 1837; x_wconf 87' lang='lat' dir='ltr'>Adalmot,</span> <span class='ocrx_word' id='word_1_118' title='bbox 1671 1765 1886 1835; x_wconf 87' lang='lat' dir='ltr'>Otmar,</span> 
     </span>
    </p>
   </div>
   <div class='ocr_carea' id='block_1_20' title="bbox 238 1851 1886 1927">
    <p class='ocr_par' dir='ltr' id='par_1_20' title="bbox 238 1851 1886 1927">
     <span class='ocr_line' id='line_1_20' title="bbox 238 1851 1886 1927; baseline -0.001 -17"><span class='ocrx_word' id='word_1_119' title='bbox 238 1855 576 1927; x_wconf 83' lang='lat' dir='ltr'>Adalperht,</span> <span class='ocrx_word' id='word_1_120' title='bbox 625 1857 881 1922; x_wconf 86' lang='lat' dir='ltr'>Otmuut,</span> <span class='ocrx_word' id='word_1_121' title='bbox 961 1855 1186 1927; x_wconf 84' lang='lat' dir='ltr'>Rodilo,</span> <span class='ocrx_word' id='word_1_122' title='bbox 1239 1854 1459 1925; x_wconf 87' lang='lat' dir='ltr'>Alprat,</span> <span class='ocrx_word' id='word_1_123' title='bbox 1529 1851 1886 1924; x_wconf 91' lang='lat' dir='ltr'>Liupcundo,</span> 
     </span>
    </p>
   </div>
   <div class='ocr_carea' id='block_1_21' title="bbox 237 1943 1893 2015">
    <p class='ocr_par' dir='ltr' id='par_1_21' title="bbox 237 1943 1893 2015">
     <span class='ocr_line' id='line_1_21' title="bbox 237 1943 1893 2015; baseline -0.001 -16"><span class='ocrx_word' id='word_1_124' title='bbox 237 1943 822 2015; x_wconf 77' lang='lat' dir='ltr'>Wollliup,Arnhilt,</span> <span class='ocrx_word' id='word_1_125' title='bbox 863 1944 1125 2015; x_wconf 88' lang='lat' dir='ltr'>Gozpirc,</span> <span class='ocrx_word' id='word_1_126' title='bbox 1153 1944 1347 2014; x_wconf 88' lang='lat' dir='ltr'>Wasa,</span> <span class='ocrx_word' id='word_1_127' title='bbox 1391 1943 1724 2014; x_wconf 87' lang='lat' dir='ltr'>Swanahllt,</span> <span class='ocrx_word' id='word_1_128' title='bbox 1752 1945 1893 1998; x_wconf 86' lang='lat' dir='ltr'>Per-</span> 
     </span>
    </p>
   </div>
   <div class='ocr_carea' id='block_1_22' title="bbox 239 2032 1890 2105">
    <p class='ocr_par' dir='ltr' id='par_1_22' title="bbox 239 2032 1890 2105">
     <span class='ocr_line' id='line_1_22' title="bbox 239 2032 1890 2105; baseline -0.001 -16"><span class='ocrx_word' id='word_1_129' title='bbox 239 2035 464 2104; x_wconf 90' lang='lat' dir='ltr'>hether,</span> <span class='ocrx_word' id='word_1_130' title='bbox 489 2034 684 2104; x_wconf 83' lang='lat' dir='ltr'>Rihni,</span> <span class='ocrx_word' id='word_1_131' title='bbox 713 2033 946 2105; x_wconf 83' lang='lat' dir='ltr'>Alpwiz,</span> <span class='ocrx_word' id='word_1_132' title='bbox 978 2033 1182 2104; x_wconf 87' lang='lat' dir='ltr'>Altrat,</span> <span class='ocrx_word' id='word_1_133' title='bbox 1207 2033 1505 2103; x_wconf 89' lang='lat' dir='ltr'>Eparhart,</span> <span class='ocrx_word' id='word_1_134' title='bbox 1537 2032 1890 2103; x_wconf 89' lang='lat' dir='ltr'>Cundperht,</span> 
     </span>
    </p>
   </div>
   <div class='ocr_carea' id='block_1_23' title="bbox 237 2121 1896 2192">
    <p class='ocr_par' dir='ltr' id='par_1_23' title="bbox 237 2121 1896 2192">
     <span class='ocr_line' id='line_1_23' title="bbox 237 2121 1896 2192; baseline -0.001 -14"><span class='ocrx_word' id='word_1_135' title='bbox 237 2123 303 2178; x_wconf 88' lang='lat' dir='ltr'>ad</span> <span class='ocrx_word' id='word_1_136' title='bbox 336 2136 603 2180; x_wconf 81' lang='lat' dir='ltr'>sanctum</span> <span class='ocrx_word' id='word_1_137' title='bbox 625 2125 872 2179; x_wconf 90' lang='lat' dir='ltr'>Petrum.</span> <span class='ocrx_word' id='word_1_138' title='bbox 903 2125 944 2178; x_wconf 89' lang='lat' dir='ltr'><strong>E</strong></span> <span class='ocrx_word' id='word_1_139' title='bbox 981 2128 1179 2178; x_wconf 87' lang='lat' dir='ltr'>contra</span> <span class='ocrx_word' id='word_1_140' title='bbox 1207 2135 1338 2178; x_wconf 92' lang='lat' dir='ltr'>vero</span> <span class='ocrx_word' id='word_1_141' title='bbox 1370 2121 1640 2192; x_wconf 64' lang='lat' dir='ltr'>praefatus</span> <span class='ocrx_word' id='word_1_142' title='bbox 1657 2121 1896 2177; x_wconf 83' lang='lat' dir='ltr'>Ambri—</span> 
     </span>
    </p>
   </div>
   <div class='ocr_carea' id='block_1_24' title="bbox 237 2210 1894 2283">
    <p class='ocr_par' dir='ltr' id='par_1_24' title="bbox 237 2210 1894 2283">
     <span class='ocr_line' id='line_1_24' title="bbox 237 2210 1894 2283; baseline -0.001 -15"><span class='ocrx_word' id='word_1_143' title='bbox 237 2213 345 2268; x_wconf 91' lang='lat' dir='ltr'>cho</span> <span class='ocrx_word' id='word_1_144' title='bbox 379 2212 686 2283; x_wconf 91' lang='lat' dir='ltr'>episcopus</span> <span class='ocrx_word' id='word_1_145' title='bbox 701 2218 756 2268; x_wconf 90' lang='lat' dir='ltr'>et</span> <span class='ocrx_word' id='word_1_146' title='bbox 771 2213 1078 2269; x_wconf 85' lang='lat' dir='ltr'>advocatus</span> <span class='ocrx_word' id='word_1_147' title='bbox 1095 2213 1222 2282; x_wconf 89' lang='lat' dir='ltr'>ejus</span> <span class='ocrx_word' id='word_1_148' title='bbox 1236 2211 1509 2268; x_wconf 84' lang='lat' dir='ltr'>Ratoldus</span> <span class='ocrx_word' id='word_1_149' title='bbox 1532 2210 1894 2266; x_wconf 89' lang='lat' dir='ltr'>tradiderunt</span> 
     </span>
    </p>
   </div>
   <div class='ocr_carea' id='block_1_25' title="bbox 238 2300 1896 2359">
    <p class='ocr_par' dir='ltr' id='par_1_25' title="bbox 238 2300 1896 2359">
     <span class='ocr_line' id='line_1_25' title="bbox 238 2300 1896 2359; baseline -0.002 -1"><span class='ocrx_word' id='word_1_150' title='bbox 238 2315 353 2358; x_wconf 91' lang='lat' dir='ltr'>una</span> <span class='ocrx_word' id='word_1_151' title='bbox 385 2317 513 2357; x_wconf 91' lang='lat' dir='ltr'>cum</span> <span class='ocrx_word' id='word_1_152' title='bbox 541 2317 821 2359; x_wconf 91' lang='lat' dir='ltr'>consensu</span> <span class='ocrx_word' id='word_1_153' title='bbox 873 2301 1218 2357; x_wconf 84' lang='lat' dir='ltr'>famulorum</span> <span class='ocrx_word' id='word_1_154' title='bbox 1256 2301 1354 2356; x_wconf 89' lang='lat' dir='ltr'>Dei</span> <span class='ocrx_word' id='word_1_155' title='bbox 1389 2300 1598 2356; x_wconf 87' lang='lat' dir='ltr'>ibidem</span> <span class='ocrx_word' id='word_1_156' title='bbox 1635 2301 1896 2356; x_wconf 87' lang='lat' dir='ltr'>servien—</span> 
     </span>
    </p>
   </div>
   <div class='ocr_carea' id='block_1_26' title="bbox 238 2389 1894 2461">
    <p class='ocr_par' dir='ltr' id='par_1_26' title="bbox 238 2389 1894 2461">
     <span class='ocr_line' id='line_1_26' title="bbox 238 2389 1894 2461; baseline 0 -17"><span class='ocrx_word' id='word_1_157' title='bbox 238 2390 390 2446; x_wconf 90' lang='lat' dir='ltr'>tium</span> <span class='ocrx_word' id='word_1_158' title='bbox 420 2390 654 2446; x_wconf 84' lang='lat' dir='ltr'>Otkario</span> <span class='ocrx_word' id='word_1_159' title='bbox 690 2391 961 2460; x_wconf 64' lang='lat' dir='ltr'>praedicto</span> <span class='ocrx_word' id='word_1_160' title='bbox 999 2390 1266 2461; x_wconf 89' lang='lat' dir='ltr'>episcopo</span> <span class='ocrx_word' id='word_1_161' title='bbox 1297 2389 1466 2445; x_wconf 87' lang='lat' dir='ltr'>talem</span> <span class='ocrx_word' id='word_1_162' title='bbox 1506 2389 1894 2447; x_wconf 65' lang='lat' dir='ltr'>hmreditatem</span> 
     </span>
    </p>
   </div>
   <div class='ocr_carea' id='block_1_27' title="bbox 239 2480 1893 2552">
    <p class='ocr_par' dir='ltr' id='par_1_27' title="bbox 239 2480 1893 2552">
     <span class='ocr_line' id='line_1_27' title="bbox 239 2480 1893 2552; baseline -0.001 -16"><span class='ocrx_word' id='word_1_163' title='bbox 239 2485 302 2536; x_wconf 94' lang='lat' dir='ltr'>ut</span> <span class='ocrx_word' id='word_1_164' title='bbox 323 2481 500 2537; x_wconf 91' lang='lat' dir='ltr'>Teuit</span> <span class='ocrx_word' id='word_1_165' title='bbox 542 2481 775 2552; x_wconf 83' lang='lat' dir='ltr'>quidam</span> <span class='ocrx_word' id='word_1_166' title='bbox 805 2481 1020 2538; x_wconf 88' lang='lat' dir='ltr'>nobilis</span> <span class='ocrx_word' id='word_1_167' title='bbox 1043 2481 1112 2536; x_wconf 93' lang='lat' dir='ltr'>ad</span> <span class='ocrx_word' id='word_1_168' title='bbox 1153 2482 1206 2537; x_wconf 92' lang='lat' dir='ltr'>S.</span> <span class='ocrx_word' id='word_1_169' title='bbox 1244 2482 1471 2537; x_wconf 90' lang='lat' dir='ltr'>Petrum</span> <span class='ocrx_word' id='word_1_170' title='bbox 1511 2495 1611 2550; x_wconf 91' lang='lat' dir='ltr'>pro</span> <span class='ocrx_word' id='word_1_171' title='bbox 1644 2480 1893 2536; x_wconf 90' lang='lat' dir='ltr'>remedio</span> 
     </span>
    </p>
   </div>
   <div class='ocr_carea' id='block_1_28' title="bbox 235 2568 1896 2642">
    <p class='ocr_par' dir='ltr' id='par_1_28' title="bbox 235 2568 1896 2642">
     <span class='ocr_line' id='line_1_28' title="bbox 235 2568 1896 2642; baseline 0 -18"><span class='ocrx_word' id='word_1_172' title='bbox 235 2571 448 2625; x_wconf 71' lang='lat' dir='ltr'>animae</span> <span class='ocrx_word' id='word_1_173' title='bbox 479 2584 595 2626; x_wconf 65' lang='lat' dir='ltr'>sua:</span> <span class='ocrx_word' id='word_1_174' title='bbox 616 2571 968 2627; x_wconf 86' lang='lat' dir='ltr'>contradidit</span> <span class='ocrx_word' id='word_1_175' title='bbox 988 2571 1056 2626; x_wconf 88' lang='lat' dir='ltr'>ad</span> <span class='ocrx_word' id='word_1_176' title='bbox 1090 2573 1263 2642; x_wconf 87' lang='lat' dir='ltr'>Perga</span> <span class='ocrx_word' id='word_1_177' title='bbox 1283 2576 1339 2626; x_wconf 93' lang='lat' dir='ltr'>et</span> <span class='ocrx_word' id='word_1_178' title='bbox 1358 2570 1426 2624; x_wconf 91' lang='lat' dir='ltr'>ad</span> <span class='ocrx_word' id='word_1_179' title='bbox 1454 2569 1712 2640; x_wconf 89' lang='lat' dir='ltr'>Egiwila,</span> <span class='ocrx_word' id='word_1_180' title='bbox 1742 2568 1896 2624; x_wconf 87' lang='lat' dir='ltr'>scili-</span> 
     </span>
    </p>
   </div>
   <div class='ocr_carea' id='block_1_29' title="bbox 237 2658 1892 2730">
    <p class='ocr_par' dir='ltr' id='par_1_29' title="bbox 237 2658 1892 2730">
     <span class='ocr_line' id='line_1_29' title="bbox 237 2658 1892 2730; baseline -0.002 -15"><span class='ocrx_word' id='word_1_181' title='bbox 237 2665 320 2715; x_wconf 85' lang='lat' dir='ltr'>cet</span> <span class='ocrx_word' id='word_1_182' title='bbox 334 2659 351 2714; x_wconf 95' lang='lat' dir='ltr'>i</span> <span class='ocrx_word' id='word_1_183' title='bbox 365 2672 402 2713; x_wconf 94' lang='lat' dir='ltr'>n</span> <span class='ocrx_word' id='word_1_184' title='bbox 422 2660 823 2729; x_wconf 86' lang='lat' dir='ltr'>proprietatem</span> <span class='ocrx_word' id='word_1_185' title='bbox 850 2659 1184 2730; x_wconf 88' lang='lat' dir='ltr'>habendam,</span> <span class='ocrx_word' id='word_1_186' title='bbox 1199 2665 1255 2715; x_wconf 90' lang='lat' dir='ltr'>et</span> <span class='ocrx_word' id='word_1_187' title='bbox 1272 2659 1556 2728; x_wconf 90' lang='lat' dir='ltr'>mancipia</span> <span class='ocrx_word' id='word_1_188' title='bbox 1574 2658 1780 2714; x_wconf 89' lang='lat' dir='ltr'>iterum</span> <span class='ocrx_word' id='word_1_189' title='bbox 1795 2670 1892 2727; x_wconf 83' lang='lat' dir='ltr'>xx,</span> 
     </span>
    </p>
   </div>
   <div class='ocr_carea' id='block_1_30' title="bbox 239 2748 1890 2820">
    <p class='ocr_par' dir='ltr' id='par_1_30' title="bbox 239 2748 1890 2820">
     <span class='ocr_line' id='line_1_30' title="bbox 239 2748 1890 2820; baseline -0.003 -14"><span class='ocrx_word' id='word_1_190' title='bbox 239 2763 491 2820; x_wconf 85' lang='lat' dir='ltr'>quorum</span> <span class='ocrx_word' id='word_1_191' title='bbox 514 2751 745 2806; x_wconf 90' lang='lat' dir='ltr'>nomina</span> <span class='ocrx_word' id='word_1_192' title='bbox 766 2749 1069 2806; x_wconf 73' lang='lat' dir='ltr'>sunthaec:</span> <span class='ocrx_word' id='word_1_193' title='bbox 1091 2748 1353 2820; x_wconf 83' lang='lat' dir='ltr'>Wolfolt,</span> <span class='ocrx_word' id='word_1_194' title='bbox 1372 2749 1537 2818; x_wconf 88' lang='lat' dir='ltr'>Hina,</span> <span class='ocrx_word' id='word_1_195' title='bbox 1556 2748 1890 2818; x_wconf 87' lang='lat' dir='ltr'>Cundigart,</span> 
     </span>
    </p>
   </div>
   <div class='ocr_carea' id='block_1_31' title="bbox 238 2837 1891 2910">
    <p class='ocr_par' dir='ltr' id='par_1_31' title="bbox 238 2837 1891 2910">
     <span class='ocr_line' id='line_1_31' title="bbox 238 2837 1891 2910; baseline -0.001 -17"><span class='ocrx_word' id='word_1_196' title='bbox 238 2838 514 2910; x_wconf 82' lang='lat' dir='ltr'>Ruodilo,</span> <span class='ocrx_word' id='word_1_197' title='bbox 539 2837 798 2909; x_wconf 81' lang='lat' dir='ltr'>Wolfolt,</span> <span class='ocrx_word' id='word_1_198' title='bbox 833 2837 1088 2910; x_wconf 85' lang='lat' dir='ltr'>Rihholf,</span> <span class='ocrx_word' id='word_1_199' title='bbox 1120 2839 1362 2906; x_wconf 82' lang='lat' dir='ltr'>Rodﬂat,</span> <span class='ocrx_word' id='word_1_200' title='bbox 1389 2840 1559 2908; x_wconf 86' lang='lat' dir='ltr'>Popo,</span> <span class='ocrx_word' id='word_1_201' title='bbox 1591 2839 1891 2904; x_wconf 89' lang='lat' dir='ltr'>Purcman,</span> 
     </span>
    </p>
   </div>
   <div class='ocr_carea' id='block_1_32' title="bbox 240 2923 1899 2999">
    <p class='ocr_par' dir='ltr' id='par_1_32' title="bbox 240 2923 1899 2999">
     <span class='ocr_line' id='line_1_32' title="bbox 240 2923 1899 2999; baseline -0.002 -18"><span class='ocrx_word' id='word_1_202' title='bbox 240 2927 516 2998; x_wconf 79' lang='lat' dir='ltr'>Adalgoz,</span> <span class='ocrx_word' id='word_1_203' title='bbox 558 2927 820 2998; x_wconf 89' lang='lat' dir='ltr'>Nendilo,</span> <span class='ocrx_word' id='word_1_204' title='bbox 851 2927 1094 2999; x_wconf 83' lang='lat' dir='ltr'>Alphilt,</span> <span class='ocrx_word' id='word_1_205' title='bbox 1142 2928 1268 2997; x_wconf 83' lang='lat' dir='ltr'>Ata,</span> <span class='ocrx_word' id='word_1_206' title='bbox 1306 2926 1638 2998; x_wconf 78' lang='lat' dir='ltr'>lleginhart,</span> <span class='ocrx_word' id='word_1_207' title='bbox 1674 2923 1899 2980; x_wconf 88' lang='lat' dir='ltr'>Frowi—</span> 
     </span>
    </p>
   </div>
   <div class='ocr_carea' id='block_1_33' title="bbox 242 3013 1896 3088">
    <p class='ocr_par' dir='ltr' id='par_1_33' title="bbox 242 3013 1896 3088">
     <span class='ocr_line' id='line_1_33' title="bbox 242 3013 1896 3088; baseline -0.001 -18"><span class='ocrx_word' id='word_1_208' title='bbox 242 3015 375 3086; x_wconf 90' lang='lat' dir='ltr'>hilt,</span> <span class='ocrx_word' id='word_1_209' title='bbox 412 3016 692 3088; x_wconf 87' lang='lat' dir='ltr'>lsanbart,</span> <span class='ocrx_word' id='word_1_210' title='bbox 734 3015 1028 3088; x_wconf 83' lang='lat' dir='ltr'>Machelm,</span> <span class='ocrx_word' id='word_1_211' title='bbox 1075 3015 1425 3085; x_wconf 86' lang='lat' dir='ltr'>Adalswind,</span> <span class='ocrx_word' id='word_1_212' title='bbox 1456 3015 1672 3085; x_wconf 84' lang='lat' dir='ltr'>Heimo,</span> <span class='ocrx_word' id='word_1_213' title='bbox 1715 3013 1896 3069; x_wconf 88' lang='lat' dir='ltr'>Odal—</span> 
     </span>
    </p>
   </div>
   <div class='ocr_carea' id='block_1_34' title="bbox 241 3104 1899 3176">
    <p class='ocr_par' dir='ltr' id='par_1_34' title="bbox 241 3104 1899 3176">
     <span class='ocr_line' id='line_1_34' title="bbox 241 3104 1899 3176; baseline -0.002 -17"><span class='ocrx_word' id='word_1_214' title='bbox 241 3105 430 3174; x_wconf 87' lang='lat' dir='ltr'>perbt.</span> <span class='ocrx_word' id='word_1_215' title='bbox 465 3107 534 3160; x_wconf 88' lang='lat' dir='ltr'>Et</span> <span class='ocrx_word' id='word_1_216' title='bbox 560 3105 646 3176; x_wconf 91' lang='lat' dir='ltr'>(ut</span> <span class='ocrx_word' id='word_1_217' title='bbox 693 3105 812 3161; x_wconf 69' lang='lat' dir='ltr'>haec</span> <span class='ocrx_word' id='word_1_218' title='bbox 839 3106 1211 3163; x_wconf 87' lang='lat' dir='ltr'>commutatio</span> <span class='ocrx_word' id='word_1_219' title='bbox 1258 3109 1315 3161; x_wconf 90' lang='lat' dir='ltr'>et</span> <span class='ocrx_word' id='word_1_220' title='bbox 1351 3104 1726 3162; x_wconf 88' lang='lat' dir='ltr'>commoditas</span> <span class='ocrx_word' id='word_1_221' title='bbox 1767 3115 1899 3157; x_wconf 80' lang='lat' dir='ltr'>am—</span> 
     </span>
    </p>
   </div>
   <div class='ocr_carea' id='block_1_35' title="bbox 239 3191 1896 3266">
    <p class='ocr_par' dir='ltr' id='par_1_35' title="bbox 239 3191 1896 3266">
     <span class='ocr_line' id='line_1_35' title="bbox 239 3191 1896 3266; baseline -0.001 -18"><span class='ocrx_word' id='word_1_222' title='bbox 239 3191 447 3250; x_wconf 88' lang='lat' dir='ltr'>barum</span> <span class='ocrx_word' id='word_1_223' title='bbox 475 3194 724 3264; x_wconf 87' lang='lat' dir='ltr'>partium</span> <span class='ocrx_word' id='word_1_224' title='bbox 749 3195 1082 3251; x_wconf 87' lang='lat' dir='ltr'>inconvulsa</span> <span class='ocrx_word' id='word_1_225' title='bbox 1108 3199 1451 3266; x_wconf 88' lang='lat' dir='ltr'>permaneat,</span> <span class='ocrx_word' id='word_1_226' title='bbox 1487 3193 1705 3264; x_wconf 87' lang='lat' dir='ltr'>placuit</span> <span class='ocrx_word' id='word_1_227' title='bbox 1724 3196 1896 3248; x_wconf 87' lang='lat' dir='ltr'>testes</span> 
     </span>
    </p>
   </div>
   <div class='ocr_carea' id='block_1_36' title="bbox 235 3281 1891 3357">
    <p class='ocr_par' dir='ltr' id='par_1_36' title="bbox 235 3281 1891 3357">
     <span class='ocr_line' id='line_1_36' title="bbox 235 3281 1891 3357; baseline 0.001 -20"><span class='ocrx_word' id='word_1_228' title='bbox 235 3283 520 3340; x_wconf 87' lang='lat' dir='ltr'>adhibere</span> <span class='ocrx_word' id='word_1_229' title='bbox 546 3298 788 3357; x_wconf 90' lang='lat' dir='ltr'>quorum</span> <span class='ocrx_word' id='word_1_230' title='bbox 816 3285 1047 3342; x_wconf 90' lang='lat' dir='ltr'>nomina</span> <span class='ocrx_word' id='word_1_231' title='bbox 1061 3285 1156 3341; x_wconf 91' lang='lat' dir='ltr'>hic</span> <span class='ocrx_word' id='word_1_232' title='bbox 1174 3290 1312 3342; x_wconf 92' lang='lat' dir='ltr'>sunt</span> <span class='ocrx_word' id='word_1_233' title='bbox 1329 3282 1639 3354; x_wconf 87' lang='lat' dir='ltr'>insignita:</span> <span class='ocrx_word' id='word_1_234' title='bbox 1665 3281 1891 3352; x_wconf 91' lang='lat' dir='ltr'>Fritilo,</span> 
     </span>
    </p>
   </div>
   <div class='ocr_carea' id='block_1_37' title="bbox 236 3368 1891 3446">
    <p class='ocr_par' dir='ltr' id='par_1_37' title="bbox 236 3368 1891 3446">
     <span class='ocr_line' id='line_1_37' title="bbox 236 3368 1891 3446; baseline -0.002 -19"><span class='ocrx_word' id='word_1_235' title='bbox 236 3372 416 3442; x_wconf 87' lang='lat' dir='ltr'>Papo,</span> <span class='ocrx_word' id='word_1_236' title='bbox 473 3372 610 3428; x_wconf 89' lang='lat' dir='ltr'>item</span> <span class='ocrx_word' id='word_1_237' title='bbox 661 3374 833 3443; x_wconf 81' lang='lat' dir='ltr'>Papo,</span> <span class='ocrx_word' id='word_1_238' title='bbox 877 3371 1220 3446; x_wconf 85' lang='lat' dir='ltr'>Wolfdregi,</span> <span class='ocrx_word' id='word_1_239' title='bbox 1278 3373 1485 3428; x_wconf 83' lang='lat' dir='ltr'>iterum</span> <span class='ocrx_word' id='word_1_240' title='bbox 1549 3368 1891 3441; x_wconf 89' lang='lat' dir='ltr'>Wolfdregi,</span> 
     </span>
    </p>
   </div>
   <div class='ocr_carea' id='block_1_38' title="bbox 237 3459 1892 3534">
    <p class='ocr_par' dir='ltr' id='par_1_38' title="bbox 237 3459 1892 3534">
     <span class='ocr_line' id='line_1_38' title="bbox 237 3459 1892 3534; baseline -0.002 -16"><span class='ocrx_word' id='word_1_241' title='bbox 237 3462 661 3531; x_wconf 87' lang='lat' dir='ltr'>Erchanperht,</span> <span class='ocrx_word' id='word_1_242' title='bbox 748 3461 1126 3534; x_wconf 88' lang='lat' dir='ltr'>Cbuniperht,</span> <span class='ocrx_word' id='word_1_243' title='bbox 1204 3461 1543 3534; x_wconf 82' lang='lat' dir='ltr'>Reginpold,</span> <span class='ocrx_word' id='word_1_244' title='bbox 1609 3459 1892 3528; x_wconf 88' lang='lat' dir='ltr'>Irminolt,</span> 
     </span>
    </p>
   </div>
   <div class='ocr_carea' id='block_1_39' title="bbox 241 3547 1897 3624">
    <p class='ocr_par' dir='ltr' id='par_1_39' title="bbox 241 3547 1897 3624">
     <span class='ocr_line' id='line_1_39' title="bbox 241 3547 1897 3624; baseline -0.001 -18"><span class='ocrx_word' id='word_1_245' title='bbox 241 3549 532 3624; x_wconf 82' lang='lat' dir='ltr'>Reginolf,</span> <span class='ocrx_word' id='word_1_246' title='bbox 578 3550 842 3621; x_wconf 89' lang='lat' dir='ltr'>Otachar,</span> <span class='ocrx_word' id='word_1_247' title='bbox 879 3551 1145 3624; x_wconf 86' lang='lat' dir='ltr'>Adalger,</span> <span class='ocrx_word' id='word_1_248' title='bbox 1192 3553 1396 3623; x_wconf 85' lang='lat' dir='ltr'>Masso,</span> <span class='ocrx_word' id='word_1_249' title='bbox 1431 3552 1683 3621; x_wconf 88' lang='lat' dir='ltr'>Patager,</span> <span class='ocrx_word' id='word_1_250' title='bbox 1715 3547 1897 3604; x_wconf 88' lang='lat' dir='ltr'>Odal-</span> 
     </span>
    </p>
   </div>
   <div class='ocr_carea' id='block_1_40' title="bbox 240 3637 1894 3712">
    <p class='ocr_par' dir='ltr' id='par_1_40' title="bbox 240 3637 1894 3712">
     <span class='ocr_line' id='line_1_40' title="bbox 240 3637 1894 3712; baseline -0.003 -15"><span class='ocrx_word' id='word_1_251' title='bbox 240 3642 435 3712; x_wconf 89' lang='lat' dir='ltr'>perht,</span> <span class='ocrx_word' id='word_1_252' title='bbox 459 3639 674 3710; x_wconf 82' lang='lat' dir='ltr'>Arfrid,</span> <span class='ocrx_word' id='word_1_253' title='bbox 703 3640 1270 3712; x_wconf 78' lang='lat' dir='ltr'>Machelm,()tperht,</span> <span class='ocrx_word' id='word_1_254' title='bbox 1290 3639 1543 3710; x_wconf 87' lang='lat' dir='ltr'>Hartrih,</span> <span class='ocrx_word' id='word_1_255' title='bbox 1570 3637 1894 3709; x_wconf 84' lang='lat' dir='ltr'>Mahalfrid,</span> 
     </span>
    </p>
   </div>
   <div class='ocr_carea' id='block_1_41' title="bbox 241 3727 1896 3801">
    <p class='ocr_par' dir='ltr' id='par_1_41' title="bbox 241 3727 1896 3801">
     <span class='ocr_line' id='line_1_41' title="bbox 241 3727 1896 3801; baseline -0.004 -13"><span class='ocrx_word' id='word_1_256' title='bbox 241 3730 828 3801; x_wconf 84' lang='lat' dir='ltr'>Irminolt,.Otachar,</span> <span class='ocrx_word' id='word_1_257' title='bbox 858 3730 1206 3801; x_wconf 88' lang='lat' dir='ltr'>Heimperht.</span> <span class='ocrx_word' id='word_1_258' title='bbox 1239 3729 1442 3785; x_wconf 83' lang='lat' dir='ltr'>Actum</span> <span class='ocrx_word' id='word_1_259' title='bbox 1471 3728 1642 3785; x_wconf 91' lang='lat' dir='ltr'>estin</span> <span class='ocrx_word' id='word_1_260' title='bbox 1681 3727 1896 3799; x_wconf 82' lang='lat' dir='ltr'>Regina</span> 
     </span>
    </p>
   </div>
   <div class='ocr_carea' id='block_1_42' title="bbox 238 3818 1900 3891">
    <p class='ocr_par' dir='ltr' id='par_1_42' title="bbox 238 3818 1900 3891">
     <span class='ocr_line' id='line_1_42' title="bbox 238 3818 1900 3891; baseline -0.002 -15"><span class='ocrx_word' id='word_1_261' title='bbox 238 3821 482 3877; x_wconf 80' lang='lat' dir='ltr'>civitate</span> <span class='ocrx_word' id='word_1_262' title='bbox 527 3819 692 3889; x_wconf 78' lang='lat' dir='ltr'>juxta</span> <span class='ocrx_word' id='word_1_263' title='bbox 733 3819 914 3876; x_wconf 88' lang='lat' dir='ltr'>altare</span> <span class='ocrx_word' id='word_1_264' title='bbox 963 3820 1018 3876; x_wconf 93' lang='lat' dir='ltr'>S.</span> <span class='ocrx_word' id='word_1_265' title='bbox 1087 3819 1261 3891; x_wconf 91' lang='lat' dir='ltr'>Petri,</span> <span class='ocrx_word' id='word_1_266' title='bbox 1323 3831 1473 3874; x_wconf 87' lang='lat' dir='ltr'>anno</span> <span class='ocrx_word' id='word_1_267' title='bbox 1517 3819 1735 3873; x_wconf 90' lang='lat' dir='ltr'>lncarn.</span> <span class='ocrx_word' id='word_1_268' title='bbox 1778 3818 1900 3873; x_wconf 85' lang='lat' dir='ltr'>Do-</span> 
     </span>
    </p>
   </div>
   <div class='ocr_carea' id='block_1_43' title="bbox 240 3907 557 3966">
    <p class='ocr_par' dir='ltr' id='par_1_43' title="bbox 240 3907 557 3966">
     <span class='ocr_line' id='line_1_43' title="bbox 240 3907 557 3966; baseline -0.006 0"><span class='ocrx_word' id='word_1_269' title='bbox 240 3911 389 3966; x_wconf 89' lang='lat' dir='ltr'>mini</span> <span class='ocrx_word' id='word_1_270' title='bbox 433 3907 557 3965; x_wconf 84' lang='lat'>863.</span> 
     </span>
    </p>
   </div>
   <div class='ocr_carea' id='block_1_44' title="bbox 234 4031 1893 4101">
    <p class='ocr_par' dir='ltr' id='par_1_44' title="bbox 234 4031 1893 4101">
     <span class='ocr_line' id='line_1_44' title="bbox 234 4031 1893 4101; baseline -0.004 -10"><span class='ocrx_word' id='word_1_271' title='bbox 234 4035 364 4091; x_wconf 73' lang='lat' dir='ltr'>CAP.</span> <span class='ocrx_word' id='word_1_272' title='bbox 419 4035 530 4090; x_wconf 80' lang='lat' dir='ltr'><strong>VII.</strong></span> <span class='ocrx_word' id='word_1_273' title='bbox 561 4062 636 4076; x_wconf 91' lang='lat'>—-</span> <span class='ocrx_word' id='word_1_274' title='bbox 668 4035 900 4090; x_wconf 85' lang='lat' dir='ltr'>Donatio</span> <span class='ocrx_word' id='word_1_275' title='bbox 949 4033 1260 4089; x_wconf 85' lang='lat' dir='ltr'>Hludowici</span> <span class='ocrx_word' id='word_1_276' title='bbox 1296 4034 1438 4101; x_wconf 82' lang='lat' dir='ltr'>regis</span> <span class='ocrx_word' id='word_1_277' title='bbox 1482 4031 1548 4087; x_wconf 84' lang='lat' dir='ltr'>de</span> <span class='ocrx_word' id='word_1_278' title='bbox 1583 4033 1893 4088; x_wconf 84' lang='lat' dir='ltr'>Maninsea.</span> 
     </span>
    </p>
   </div>
   <div class='ocr_carea' id='block_1_45' title="bbox 312 4157 1899 4231">
    <p class='ocr_par' dir='ltr' id='par_1_45' title="bbox 312 4157 1899 4231">
     <span class='ocr_line' id='line_1_45' title="bbox 312 4157 1899 4231; baseline -0.003 -15"><span class='ocrx_word' id='word_1_279' title='bbox 312 4162 374 4216; x_wconf 92' lang='lat' dir='ltr'><strong>In</strong></span> <span class='ocrx_word' id='word_1_280' title='bbox 405 4160 514 4215; x_wconf 89' lang='lat' dir='ltr'>hac</span> <span class='ocrx_word' id='word_1_281' title='bbox 557 4159 740 4231; x_wconf 81' lang='lat' dir='ltr'>igitur</span> <span class='ocrx_word' id='word_1_282' title='bbox 770 4159 977 4216; x_wconf 89' lang='lat' dir='ltr'>notitia</span> <span class='ocrx_word' id='word_1_283' title='bbox 1001 4159 1332 4216; x_wconf 87' lang='lat' dir='ltr'>continetur</span> <span class='ocrx_word' id='word_1_284' title='bbox 1358 4157 1606 4229; x_wconf 90' lang='lat' dir='ltr'>qualiter</span> <span class='ocrx_word' id='word_1_285' title='bbox 1636 4159 1899 4227; x_wconf 88' lang='lat' dir='ltr'>Lantper-</span> 
     </span>
    </p>
   </div>
   <div class='ocr_carea' id='block_1_46' title="bbox 236 4247 1900 4320">
    <p class='ocr_par' dir='ltr' id='par_1_46' title="bbox 236 4247 1900 4320">
     <span class='ocr_line' id='line_1_46' title="bbox 236 4247 1900 4320; baseline -0.003 -14"><span class='ocrx_word' id='word_1_286' title='bbox 236 4255 334 4306; x_wconf 90' lang='lat' dir='ltr'>tus</span> <span class='ocrx_word' id='word_1_287' title='bbox 395 4249 574 4305; x_wconf 88' lang='lat' dir='ltr'>abbas</span> <span class='ocrx_word' id='word_1_288' title='bbox 622 4249 1018 4305; x_wconf 86' lang='lat' dir='ltr'>Hludowicum</span> <span class='ocrx_word' id='word_1_289' title='bbox 1063 4262 1249 4320; x_wconf 90' lang='lat' dir='ltr'>regem</span> <span class='ocrx_word' id='word_1_290' title='bbox 1283 4247 1614 4319; x_wconf 86' lang='lat' dir='ltr'>postulavit,</span> <span class='ocrx_word' id='word_1_291' title='bbox 1663 4247 1900 4302; x_wconf 90' lang='lat' dir='ltr'>interce-</span> 
     </span>
    </p>
   </div>
   <div class='ocr_carea' id='block_1_47' title="bbox 235 4337 1893 4408">
    <p class='ocr_par' dir='ltr' id='par_1_47' title="bbox 235 4337 1893 4408">
     <span class='ocr_line' id='line_1_47' title="bbox 235 4337 1893 4408; baseline -0.003 -11"><span class='ocrx_word' id='word_1_292' title='bbox 235 4340 522 4397; x_wconf 89' lang='lat' dir='ltr'>dentibus</span> <span class='ocrx_word' id='word_1_293' title='bbox 563 4341 803 4395; x_wconf 84' lang='lat' dir='ltr'>Ernosto</span> <span class='ocrx_word' id='word_1_294' title='bbox 833 4344 888 4394; x_wconf 92' lang='lat' dir='ltr'>et</span> <span class='ocrx_word' id='word_1_295' title='bbox 921 4339 1246 4408; x_wconf 81' lang='lat' dir='ltr'>Adalperto,</span> <span class='ocrx_word' id='word_1_296' title='bbox 1282 4343 1346 4394; x_wconf 89' lang='lat' dir='ltr'>ut</span> <span class='ocrx_word' id='word_1_297' title='bbox 1383 4338 1452 4393; x_wconf 89' lang='lat' dir='ltr'>ad</span> <span class='ocrx_word' id='word_1_298' title='bbox 1486 4337 1893 4394; x_wconf 88' lang='lat' dir='ltr'>monasterium</span> 
     </span>
    </p>
   </div>
   <div class='ocr_carea' id='block_1_48' title="bbox 235 4429 1573 4501">
    <p class='ocr_par' dir='ltr' id='par_1_48' title="bbox 235 4429 1573 4501">
     <span class='ocr_line' id='line_1_48' title="bbox 235 4429 1573 4501; baseline -0.001 -15"><span class='ocrx_word' id='word_1_299' title='bbox 235 4430 435 4486; x_wconf 90' lang='lat' dir='ltr'>sancti</span> <span class='ocrx_word' id='word_1_300' title='bbox 468 4429 767 4486; x_wconf 82' lang='lat' dir='ltr'>Michaelis</span> <span class='ocrx_word' id='word_1_301' title='bbox 804 4429 953 4501; x_wconf 90' lang='lat' dir='ltr'>quod</span> <span class='ocrx_word' id='word_1_302' title='bbox 984 4436 1071 4486; x_wconf 91' lang='lat' dir='ltr'>est</span> <span class='ocrx_word' id='word_1_303' title='bbox 1093 4429 1474 4485; x_wconf 90' lang='lat' dir='ltr'>constitutum</span> <span class='ocrx_word' id='word_1_304' title='bbox 1505 4429 1573 4484; x_wconf 90' lang='lat' dir='ltr'>ad</span> 
     </span>
    </p>
   </div>
   <div class='ocr_carea' id='block_1_49' title="bbox 236 4517 1895 4590">
    <p class='ocr_par' dir='ltr' id='par_1_49' title="bbox 236 4517 1895 4590">
     <span class='ocr_line' id='line_1_49' title="bbox 236 4517 1895 4590; baseline -0.001 -15"><span class='ocrx_word' id='word_1_305' title='bbox 236 4521 296 4575; x_wconf 92' lang='lat' dir='ltr'>in</span> <span class='ocrx_word' id='word_1_306' title='bbox 334 4520 754 4590; x_wconf 88' lang='lat' dir='ltr'>eleemosynam</span> <span class='ocrx_word' id='word_1_307' title='bbox 787 4532 947 4575; x_wconf 88' lang='lat' dir='ltr'>suam</span> <span class='ocrx_word' id='word_1_308' title='bbox 981 4518 1320 4589; x_wconf 89' lang='lat' dir='ltr'>perdonaret</span> <span class='ocrx_word' id='word_1_309' title='bbox 1348 4518 1647 4589; x_wconf 88' lang='lat' dir='ltr'>quemdam</span> <span class='ocrx_word' id='word_1_310' title='bbox 1684 4517 1895 4590; x_wconf 88' lang='lat' dir='ltr'>lacum,</span> 
     </span>
    </p>
   </div>
   <div class='ocr_carea' id='block_1_50' title="bbox 235 4607 1899 4680">
    <p class='ocr_par' dir='ltr' id='par_1_50' title="bbox 235 4607 1899 4680">
     <span class='ocr_line' id='line_1_50' title="bbox 235 4607 1899 4680; baseline -0.001 -16"><span class='ocrx_word' id='word_1_311' title='bbox 235 4608 480 4664; x_wconf 87' lang='lat' dir='ltr'>nomine</span> <span class='ocrx_word' id='word_1_312' title='bbox 529 4609 896 4680; x_wconf 86' lang='lat' dir='ltr'>Aparinesso,</span> <span class='ocrx_word' id='word_1_313' title='bbox 946 4623 1074 4664; x_wconf 91' lang='lat' dir='ltr'>cum</span> <span class='ocrx_word' id='word_1_314' title='bbox 1132 4609 1288 4665; x_wconf 90' lang='lat' dir='ltr'>omni</span> <span class='ocrx_word' id='word_1_315' title='bbox 1338 4607 1544 4664; x_wconf 84' lang='lat' dir='ltr'>foreste</span> <span class='ocrx_word' id='word_1_316' title='bbox 1599 4607 1899 4677; x_wconf 88' lang='lat' dir='ltr'>circumja-</span> 
     </span>
    </p>
   </div>
   <div class='ocr_carea' id='block_1_51' title="bbox 233 4697 1894 4768">
    <p class='ocr_par' dir='ltr' id='par_1_51' title="bbox 233 4697 1894 4768">
     <span class='ocr_line' id='line_1_51' title="bbox 233 4697 1894 4768; baseline -0.001 -15"><span class='ocrx_word' id='word_1_317' title='bbox 233 4702 408 4753; x_wconf 90' lang='lat' dir='ltr'>cente</span> <span class='ocrx_word' id='word_1_318' title='bbox 451 4697 520 4752; x_wconf 88' lang='lat' dir='ltr'>ad</span> <span class='ocrx_word' id='word_1_319' title='bbox 573 4698 883 4754; x_wconf 87' lang='lat' dir='ltr'>utilitatem</span> <span class='ocrx_word' id='word_1_320' title='bbox 931 4711 1222 4755; x_wconf 89' lang='lat' dir='ltr'>servorum</span> <span class='ocrx_word' id='word_1_321' title='bbox 1281 4697 1383 4753; x_wconf 89' lang='lat' dir='ltr'>Dei</span> <span class='ocrx_word' id='word_1_322' title='bbox 1435 4697 1536 4768; x_wconf 93' lang='lat' dir='ltr'>qui</span> <span class='ocrx_word' id='word_1_323' title='bbox 1590 4697 1650 4752; x_wconf 90' lang='lat' dir='ltr'>in</span> <span class='ocrx_word' id='word_1_324' title='bbox 1700 4697 1894 4752; x_wconf 91' lang='lat' dir='ltr'>eodem</span> 
     </span>
    </p>
   </div>
   <div class='ocr_carea' id='block_1_52' title="bbox 234 4786 1897 4855">
    <p class='ocr_par' dir='ltr' id='par_1_52' title="bbox 234 4786 1897 4855">
     <span class='ocr_line' id='line_1_52' title="bbox 234 4786 1897 4855; baseline 0 -13"><span class='ocrx_word' id='word_1_325' title='bbox 234 4786 596 4842; x_wconf 88' lang='lat' dir='ltr'>monasterio</span> <span class='ocrx_word' id='word_1_326' title='bbox 624 4787 868 4843; x_wconf 89' lang='lat' dir='ltr'>Domino</span> <span class='ocrx_word' id='word_1_327' title='bbox 911 4787 1131 4843; x_wconf 89' lang='lat' dir='ltr'>servire</span> <span class='ocrx_word' id='word_1_328' title='bbox 1181 4787 1430 4842; x_wconf 90' lang='lat' dir='ltr'>student.</span> <span class='ocrx_word' id='word_1_329' title='bbox 1475 4788 1598 4855; x_wconf 88' lang='lat' dir='ltr'>Ipse</span> <span class='ocrx_word' id='word_1_330' title='bbox 1637 4800 1767 4842; x_wconf 92' lang='lat' dir='ltr'>vero</span> <span class='ocrx_word' id='word_1_331' title='bbox 1800 4800 1897 4842; x_wconf 83' lang='lat' dir='ltr'>rex</span> 
     </span>
    </p>
   </div>
   <div class='ocr_carea' id='block_1_53' title="bbox 231 4874 1898 4942">
    <p class='ocr_par' dir='ltr' id='par_1_53' title="bbox 231 4874 1898 4942">
     <span class='ocr_line' id='line_1_53' title="bbox 231 4874 1898 4942; baseline -0.001 -10"><span class='ocrx_word' id='word_1_332' title='bbox 231 4875 310 4932; x_wconf 89' lang='lat' dir='ltr'>ob</span> <span class='ocrx_word' id='word_1_333' title='bbox 343 4875 663 4932; x_wconf 88' lang='lat' dir='ltr'>mercedem</span> <span class='ocrx_word' id='word_1_334' title='bbox 707 4876 914 4931; x_wconf 72' lang='lat' dir='ltr'>animae</span> <span class='ocrx_word' id='word_1_335' title='bbox 944 4874 1083 4932; x_wconf 83' lang='lat' dir='ltr'>fecit</span> <span class='ocrx_word' id='word_1_336' title='bbox 1112 4875 1211 4942; x_wconf 90' lang='lat' dir='ltr'>ita,</span> <span class='ocrx_word' id='word_1_337' title='bbox 1244 4879 1301 4930; x_wconf 90' lang='lat' dir='ltr'>et</span> <span class='ocrx_word' id='word_1_338' title='bbox 1336 4875 1658 4932; x_wconf 87' lang='lat' dir='ltr'>donavitad</span> <span class='ocrx_word' id='word_1_339' title='bbox 1701 4876 1756 4931; x_wconf 91' lang='lat' dir='ltr'>S.</span> <span class='ocrx_word' id='word_1_340' title='bbox 1781 4876 1898 4931; x_wconf 85' lang='lat' dir='ltr'>Mi-</span> 
     </span>
    </p>
   </div>
   <div class='ocr_carea' id='block_1_54' title="bbox 230 4963 1898 5035">
    <p class='ocr_par' dir='ltr' id='par_1_54' title="bbox 230 4963 1898 5035">
     <span class='ocr_line' id='line_1_54' title="bbox 230 4963 1898 5035; baseline 0.001 -16"><span class='ocrx_word' id='word_1_341' title='bbox 230 4963 499 5020; x_wconf 89' lang='lat' dir='ltr'>chaelem</span> <span class='ocrx_word' id='word_1_342' title='bbox 539 4964 931 5035; x_wconf 89' lang='lat' dir='ltr'>supradictum</span> <span class='ocrx_word' id='word_1_343' title='bbox 964 4965 1150 5021; x_wconf 90' lang='lat' dir='ltr'>lacum</span> <span class='ocrx_word' id='word_1_344' title='bbox 1192 4969 1248 5020; x_wconf 90' lang='lat' dir='ltr'>et</span> <span class='ocrx_word' id='word_1_345' title='bbox 1276 4963 1560 5035; x_wconf 88' lang='lat' dir='ltr'>forestem,</span> <span class='ocrx_word' id='word_1_346' title='bbox 1592 4969 1656 5020; x_wconf 90' lang='lat' dir='ltr'>ut</span> <span class='ocrx_word' id='word_1_347' title='bbox 1701 4963 1898 5021; x_wconf 91' lang='lat' dir='ltr'>nullus</span> 
     </span>
    </p>
   </div>
   <div class='ocr_carea' id='block_1_55' title="bbox 229 5052 1896 5125">
    <p class='ocr_par' dir='ltr' id='par_1_55' title="bbox 229 5052 1896 5125">
     <span class='ocr_line' id='line_1_55' title="bbox 229 5052 1896 5125; baseline 0.001 -17"><span class='ocrx_word' id='word_1_348' title='bbox 229 5053 304 5108; x_wconf 91' lang='lat' dir='ltr'>de</span> <span class='ocrx_word' id='word_1_349' title='bbox 324 5053 432 5109; x_wconf 90' lang='lat' dir='ltr'>die</span> <span class='ocrx_word' id='word_1_350' title='bbox 458 5052 554 5108; x_wconf 90' lang='lat' dir='ltr'>illa</span> <span class='ocrx_word' id='word_1_351' title='bbox 582 5058 638 5110; x_wconf 90' lang='lat' dir='ltr'>et</span> <span class='ocrx_word' id='word_1_352' title='bbox 655 5053 924 5125; x_wconf 89' lang='lat' dir='ltr'>deinceps</span> <span class='ocrx_word' id='word_1_353' title='bbox 949 5053 1688 5125; x_wconf 82' lang='lat' dir='ltr'>aliquam‘contrarietatem</span> <span class='ocrx_word' id='word_1_354' title='bbox 1716 5054 1773 5109; x_wconf 92' lang='lat' dir='ltr'>in</span> <span class='ocrx_word' id='word_1_355' title='bbox 1803 5054 1896 5111; x_wconf 93' lang='lat' dir='ltr'>his</span> 
     </span>
    </p>
   </div>
   <div class='ocr_carea' id='block_1_56' title="bbox 233 5141 1891 5216">
    <p class='ocr_par' dir='ltr' id='par_1_56' title="bbox 233 5141 1891 5216">
     <span class='ocr_line' id='line_1_56' title="bbox 233 5141 1891 5216; baseline 0.001 -18"><span class='ocrx_word' id='word_1_356' title='bbox 233 5143 419 5199; x_wconf 85' lang='lat' dir='ltr'>rebus</span> <span class='ocrx_word' id='word_1_357' title='bbox 469 5141 651 5199; x_wconf 82' lang='lat' dir='ltr'>facere</span> <span class='ocrx_word' id='word_1_358' title='bbox 688 5145 944 5212; x_wconf 88' lang='lat' dir='ltr'>auderet,</span> <span class='ocrx_word' id='word_1_359' title='bbox 987 5145 1262 5216; x_wconf 90' lang='lat' dir='ltr'>deditque</span> <span class='ocrx_word' id='word_1_360' title='bbox 1295 5144 1533 5201; x_wconf 91' lang='lat' dir='ltr'>missum</span> <span class='ocrx_word' id='word_1_361' title='bbox 1574 5159 1742 5200; x_wconf 91' lang='lat' dir='ltr'>suum</span> <span class='ocrx_word' id='word_1_362' title='bbox 1791 5145 1891 5216; x_wconf 92' lang='lat' dir='ltr'>qui</span> 
     </span>
    </p>
   </div>
   <div class='ocr_carea' id='block_1_57' title="bbox 235 5232 1896 5302">
    <p class='ocr_par' dir='ltr' id='par_1_57' title="bbox 235 5232 1896 5302">
     <span class='ocr_line' id='line_1_57' title="bbox 235 5232 1896 5302; baseline 0.001 -16"><span class='ocrx_word' id='word_1_363' title='bbox 235 5232 380 5289; x_wconf 91' lang='lat' dir='ltr'>inde</span> <span class='ocrx_word' id='word_1_364' title='bbox 406 5245 583 5302; x_wconf 88' lang='lat' dir='ltr'>supra</span> <span class='ocrx_word' id='word_1_365' title='bbox 614 5234 970 5290; x_wconf 90' lang='lat' dir='ltr'>nominatum</span> <span class='ocrx_word' id='word_1_366' title='bbox 999 5233 1257 5290; x_wconf 88' lang='lat' dir='ltr'>abbatem</span> <span class='ocrx_word' id='word_1_367' title='bbox 1297 5238 1354 5290; x_wconf 91' lang='lat' dir='ltr'>et</span> <span class='ocrx_word' id='word_1_368' title='bbox 1381 5247 1573 5290; x_wconf 88' lang='lat' dir='ltr'>servos</span> <span class='ocrx_word' id='word_1_369' title='bbox 1601 5234 1699 5288; x_wconf 93' lang='lat' dir='ltr'>Dei</span> <span class='ocrx_word' id='word_1_370' title='bbox 1732 5233 1896 5290; x_wconf 89' lang='lat' dir='ltr'>vesti-</span> 
     </span>
    </p>
   </div>
   <div class='ocr_carea' id='block_1_58' title="bbox 233 5321 1898 5394">
    <p class='ocr_par' dir='ltr' id='par_1_58' title="bbox 233 5321 1898 5394">
     <span class='ocr_line' id='line_1_58' title="bbox 233 5321 1898 5394; baseline 0.001 -19"><span class='ocrx_word' id='word_1_371' title='bbox 233 5327 342 5377; x_wconf 90' lang='lat' dir='ltr'>ret.</span> <span class='ocrx_word' id='word_1_372' title='bbox 381 5322 544 5377; x_wconf 92' lang='lat' dir='ltr'>Tunc</span> <span class='ocrx_word' id='word_1_373' title='bbox 577 5327 633 5378; x_wconf 92' lang='lat' dir='ltr'>et</span> <span class='ocrx_word' id='word_1_374' title='bbox 663 5322 762 5378; x_wconf 91' lang='lat' dir='ltr'>ille</span> <span class='ocrx_word' id='word_1_375' title='bbox 801 5324 1351 5394; x_wconf 88' lang='lat' dir='ltr'>missusjussionem</span> <span class='ocrx_word' id='word_1_376' title='bbox 1385 5321 1732 5380; x_wconf 87' lang='lat' dir='ltr'>dominicam</span> <span class='ocrx_word' id='word_1_377' title='bbox 1780 5323 1898 5378; x_wconf 91' lang='lat' dir='ltr'>im-</span> 
     </span>
    </p>
   </div>
   <div class='ocr_carea' id='block_1_59' title="bbox 233 5409 1898 5484">
    <p class='ocr_par' dir='ltr' id='par_1_59' title="bbox 233 5409 1898 5484">
     <span class='ocr_line' id='line_1_59' title="bbox 233 5409 1898 5484; baseline 0.001 -18"><span class='ocrx_word' id='word_1_378' title='bbox 233 5409 411 5481; x_wconf 88' lang='lat' dir='ltr'>plens</span> <span class='ocrx_word' id='word_1_379' title='bbox 437 5412 775 5468; x_wconf 90' lang='lat' dir='ltr'>vestituram</span> <span class='ocrx_word' id='word_1_380' title='bbox 814 5413 1048 5484; x_wconf 86' lang='lat' dir='ltr'>peregit.</span> <span class='ocrx_word' id='word_1_381' title='bbox 1075 5415 1135 5468; x_wconf 90' lang='lat' dir='ltr'><strong>In</strong></span> <span class='ocrx_word' id='word_1_382' title='bbox 1175 5413 1466 5469; x_wconf 90' lang='lat' dir='ltr'>occidente</span> <span class='ocrx_word' id='word_1_383' title='bbox 1495 5427 1527 5468; x_wconf 91' lang='lat' dir='ltr'>a</span> <span class='ocrx_word' id='word_1_384' title='bbox 1555 5414 1678 5469; x_wconf 89' lang='lat' dir='ltr'>rivo</span> <span class='ocrx_word' id='word_1_385' title='bbox 1704 5413 1898 5470; x_wconf 88' lang='lat' dir='ltr'>nomi-</span> 
     </span>
    </p>
   </div>
   <div class='ocr_carea' id='block_1_60' title="bbox 234 5501 1898 5574">
    <p class='ocr_par' dir='ltr' id='par_1_60' title="bbox 234 5501 1898 5574">
     <span class='ocr_line' id='line_1_60' title="bbox 234 5501 1898 5574; baseline 0.002 -19"><span class='ocrx_word' id='word_1_386' title='bbox 234 5505 382 5557; x_wconf 86' lang='lat' dir='ltr'>nato</span> <span class='ocrx_word' id='word_1_387' title='bbox 402 5501 759 5573; x_wconf 88' lang='lat' dir='ltr'>Zinchinpab</span> <span class='ocrx_word' id='word_1_388' title='bbox 783 5501 882 5559; x_wconf 93' lang='lat' dir='ltr'>ubi</span> <span class='ocrx_word' id='word_1_389' title='bbox 907 5503 1030 5574; x_wconf 90' lang='lat' dir='ltr'>ipse</span> <span class='ocrx_word' id='word_1_390' title='bbox 1052 5503 1113 5559; x_wconf 88' lang='lat' dir='ltr'>in</span> <span class='ocrx_word' id='word_1_391' title='bbox 1132 5502 1510 5573; x_wconf 81' lang='lat' dir='ltr'>Aparinesseo</span> <span class='ocrx_word' id='word_1_392' title='bbox 1534 5503 1812 5573; x_wconf 89' lang='lat' dir='ltr'>decurrit,</span> <span class='ocrx_word' id='word_1_393' title='bbox 1840 5507 1898 5559; x_wconf 88' lang='lat' dir='ltr'>et</span> 
     </span>
    </p>
   </div>
   <div class='ocr_carea' id='block_1_61' title="bbox 232 5588 1897 5650">
    <p class='ocr_par' dir='ltr' id='par_1_61' title="bbox 232 5588 1897 5650">
     <span class='ocr_line' id='line_1_61' title="bbox 232 5588 1897 5650; baseline 0.002 -4"><span class='ocrx_word' id='word_1_394' title='bbox 232 5588 311 5646; x_wconf 86' lang='lat' dir='ltr'>ab</span> <span class='ocrx_word' id='word_1_395' title='bbox 354 5591 582 5647; x_wconf 84' lang='lat' dir='ltr'>oriente</span> <span class='ocrx_word' id='word_1_396' title='bbox 627 5591 700 5647; x_wconf 88' lang='lat' dir='ltr'>ab</span> <span class='ocrx_word' id='word_1_397' title='bbox 736 5605 804 5648; x_wconf 89' lang='lat' dir='ltr'>eo</span> <span class='ocrx_word' id='word_1_398' title='bbox 842 5591 967 5649; x_wconf 92' lang='lat' dir='ltr'>loco</span> <span class='ocrx_word' id='word_1_399' title='bbox 1009 5592 1110 5650; x_wconf 89' lang='lat' dir='ltr'>ubi</span> <span class='ocrx_word' id='word_1_400' title='bbox 1161 5590 1500 5650; x_wconf 84' lang='lat' dir='ltr'>Tinuilinah</span> <span class='ocrx_word' id='word_1_401' title='bbox 1529 5591 1592 5649; x_wconf 88' lang='lat' dir='ltr'>in</span> <span class='ocrx_word' id='word_1_402' title='bbox 1637 5591 1897 5650; x_wconf 88' lang='lat' dir='ltr'>eumdem</span> 
     </span>
    </p>
   </div>
   <div class='ocr_carea' id='block_1_62' title="bbox 679 5691 1208 5748">
    <p class='ocr_par' dir='ltr' id='par_1_62' title="bbox 679 5691 1208 5748">
     <span class='ocr_line' id='line_1_62' title="bbox 679 5691 1208 5748; baseline 0 -2"><span class='ocrx_word' id='word_1_403' title='bbox 679 5691 912 5747; x_wconf 81' lang='lat' dir='ltr'>PATROL.</span> <span class='ocrx_word' id='word_1_404' title='bbox 954 5691 1208 5748; x_wconf 82' lang='lat' dir='ltr'>CXXIX.</span> 
     </span>
    </p>
   </div>
   <div class='ocr_carea' id='block_1_63' title="bbox 2010 491 3653 565">
    <p class='ocr_par' dir='ltr' id='par_1_63' title="bbox 2010 491 3653 565">
     <span class='ocr_line' id='line_1_63' title="bbox 2010 491 3653 565; baseline 0.001 -14"><span class='ocrx_word' id='word_1_405' title='bbox 2010 508 2137 551; x_wconf 90' lang='lat' dir='ltr'>nam</span> <span class='ocrx_word' id='word_1_406' title='bbox 2188 495 2362 565; x_wconf 89' lang='lat' dir='ltr'>cadit,</span> <span class='ocrx_word' id='word_1_407' title='bbox 2411 499 2475 549; x_wconf 87' lang='lat' dir='ltr'>ut</span> <span class='ocrx_word' id='word_1_408' title='bbox 2521 493 2736 564; x_wconf 89' lang='lat' dir='ltr'>absque</span> <span class='ocrx_word' id='word_1_409' title='bbox 2782 491 2967 548; x_wconf 92' lang='lat' dir='ltr'>ullius</span> <span class='ocrx_word' id='word_1_410' title='bbox 3009 492 3462 551; x_wconf 85' lang='lat' dir='ltr'>contradictione</span> <span class='ocrx_word' id='word_1_411' title='bbox 3511 495 3653 552; x_wconf 88' lang='lat' dir='ltr'>illuc</span> 
     </span>
    </p>
   </div>
   <div class='ocr_carea' id='block_1_64' title="bbox 2008 581 3656 656">
    <p class='ocr_par' dir='ltr' id='par_1_64' title="bbox 2008 581 3656 656">
     <span class='ocr_line' id='line_1_64' title="bbox 2008 581 3656 656; baseline 0 -15"><span class='ocrx_word' id='word_1_412' title='bbox 2008 589 2295 641; x_wconf 87' lang='lat' dir='ltr'>constaret</span> <span class='ocrx_word' id='word_1_413' title='bbox 2323 603 2338 655; x_wconf 85' lang='lat'><strong>;</strong></span> <span class='ocrx_word' id='word_1_414' title='bbox 2369 589 2424 640; x_wconf 89' lang='lat' dir='ltr'>et</span> <span class='ocrx_word' id='word_1_415' title='bbox 2452 597 2520 640; x_wconf 83' lang='lat' dir='ltr'>ex</span> <span class='ocrx_word' id='word_1_416' title='bbox 2549 582 2664 639; x_wconf 89' lang='lat' dir='ltr'>alia</span> <span class='ocrx_word' id='word_1_417' title='bbox 2687 585 2843 652; x_wconf 89' lang='lat' dir='ltr'>parte</span> <span class='ocrx_word' id='word_1_418' title='bbox 2865 581 3174 638; x_wconf 89' lang='lat' dir='ltr'>terminum</span> <span class='ocrx_word' id='word_1_419' title='bbox 3207 582 3437 638; x_wconf 87' lang='lat' dir='ltr'>haberet</span> <span class='ocrx_word' id='word_1_420' title='bbox 3473 598 3656 656; x_wconf 87' lang='lat' dir='ltr'>usque</span> 
     </span>
    </p>
   </div>
   <div class='ocr_carea' id='block_1_65' title="bbox 2007 670 3652 745">
    <p class='ocr_par' dir='ltr' id='par_1_65' title="bbox 2007 670 3652 745">
     <span class='ocr_line' id='line_1_65' title="bbox 2007 670 3652 745; baseline 0 -14"><span class='ocrx_word' id='word_1_421' title='bbox 2007 675 2075 731; x_wconf 90' lang='lat' dir='ltr'>ad</span> <span class='ocrx_word' id='word_1_422' title='bbox 2105 673 2417 744; x_wconf 87' lang='lat' dir='ltr'>Wizinpah</span> <span class='ocrx_word' id='word_1_423' title='bbox 2466 672 2564 729; x_wconf 89' lang='lat' dir='ltr'>ubi</span> <span class='ocrx_word' id='word_1_424' title='bbox 2617 676 2675 728; x_wconf 92' lang='lat' dir='ltr'>et</span> <span class='ocrx_word' id='word_1_425' title='bbox 2719 672 2842 742; x_wconf 90' lang='lat' dir='ltr'>ipse</span> <span class='ocrx_word' id='word_1_426' title='bbox 2881 671 2941 727; x_wconf 90' lang='lat' dir='ltr'>in</span> <span class='ocrx_word' id='word_1_427' title='bbox 2986 670 3221 729; x_wconf 85' lang='lat' dir='ltr'>Atarseo</span> <span class='ocrx_word' id='word_1_428' title='bbox 3281 673 3459 745; x_wconf 89' lang='lat' dir='ltr'>vadit,</span> <span class='ocrx_word' id='word_1_429' title='bbox 3489 677 3546 730; x_wconf 92' lang='lat' dir='ltr'>et</span> <span class='ocrx_word' id='word_1_430' title='bbox 3584 675 3652 732; x_wconf 90' lang='lat' dir='ltr'>ad</span> 
     </span>
    </p>
   </div>
   <div class='ocr_carea' id='block_1_66' title="bbox 2006 761 3655 834">
    <p class='ocr_par' dir='ltr' id='par_1_66' title="bbox 2006 761 3655 834">
     <span class='ocr_line' id='line_1_66' title="bbox 2006 761 3655 834; baseline -0.001 -15"><span class='ocrx_word' id='word_1_431' title='bbox 2006 763 2186 820; x_wconf 88' lang='lat' dir='ltr'>alium</span> <span class='ocrx_word' id='word_1_432' title='bbox 2204 763 2513 834; x_wconf 87' lang='lat' dir='ltr'>Wizinpah</span> <span class='ocrx_word' id='word_1_433' title='bbox 2533 776 2714 834; x_wconf 90' lang='lat' dir='ltr'>usque</span> <span class='ocrx_word' id='word_1_434' title='bbox 2729 761 2866 818; x_wconf 89' lang='lat' dir='ltr'>dum</span> <span class='ocrx_word' id='word_1_435' title='bbox 2891 762 3011 832; x_wconf 91' lang='lat' dir='ltr'>ipse</span> <span class='ocrx_word' id='word_1_436' title='bbox 3034 762 3094 818; x_wconf 93' lang='lat' dir='ltr'>in</span> <span class='ocrx_word' id='word_1_437' title='bbox 3117 763 3363 818; x_wconf 88' lang='lat' dir='ltr'>Trunam</span> <span class='ocrx_word' id='word_1_438' title='bbox 3376 763 3655 832; x_wconf 90' lang='lat' dir='ltr'>decurrit,</span> 
     </span>
    </p>
   </div>
   <div class='ocr_carea' id='block_1_67' title="bbox 2008 851 3654 925">
    <p class='ocr_par' dir='ltr' id='par_1_67' title="bbox 2008 851 3654 925">
     <span class='ocr_line' id='line_1_67' title="bbox 2008 851 3654 925; baseline 0.001 -17"><span class='ocrx_word' id='word_1_439' title='bbox 2008 853 2088 909; x_wconf 89' lang='lat' dir='ltr'>ita</span> <span class='ocrx_word' id='word_1_440' title='bbox 2137 852 2425 925; x_wconf 89' lang='lat' dir='ltr'>videlicet,</span> <span class='ocrx_word' id='word_1_441' title='bbox 2467 858 2533 909; x_wconf 92' lang='lat' dir='ltr'>ut</span> <span class='ocrx_word' id='word_1_442' title='bbox 2559 865 2720 908; x_wconf 89' lang='lat' dir='ltr'>nemo</span> <span class='ocrx_word' id='word_1_443' title='bbox 2749 851 2978 908; x_wconf 91' lang='lat' dir='ltr'>alienus</span> <span class='ocrx_word' id='word_1_444' title='bbox 3016 851 3076 907; x_wconf 91' lang='lat' dir='ltr'>in</span> <span class='ocrx_word' id='word_1_445' title='bbox 3125 851 3233 908; x_wconf 90' lang='lat' dir='ltr'>hoc</span> <span class='ocrx_word' id='word_1_446' title='bbox 3263 851 3392 909; x_wconf 89' lang='lat' dir='ltr'>lacu</span> <span class='ocrx_word' id='word_1_447' title='bbox 3439 851 3654 923; x_wconf 88' lang='lat' dir='ltr'>piscari</span> 
     </span>
    </p>
   </div>
   <div class='ocr_carea' id='block_1_68' title="bbox 2006 941 3656 1015">
    <p class='ocr_par' dir='ltr' id='par_1_68' title="bbox 2006 941 3656 1015">
     <span class='ocr_line' id='line_1_68' title="bbox 2006 941 3656 1015; baseline -0.001 -16"><span class='ocrx_word' id='word_1_448' title='bbox 2006 942 2243 1000; x_wconf 90' lang='lat' dir='ltr'>auderet</span> <span class='ocrx_word' id='word_1_449' title='bbox 2263 956 2444 1015; x_wconf 84' lang='lat' dir='ltr'>neque</span> <span class='ocrx_word' id='word_1_450' title='bbox 2463 943 2521 999; x_wconf 92' lang='lat' dir='ltr'>in</span> <span class='ocrx_word' id='word_1_451' title='bbox 2549 941 2902 1013; x_wconf 89' lang='lat' dir='ltr'>supradictis</span> <span class='ocrx_word' id='word_1_452' title='bbox 2933 941 3077 998; x_wconf 90' lang='lat' dir='ltr'>locis</span> <span class='ocrx_word' id='word_1_453' title='bbox 3106 942 3460 998; x_wconf 87' lang='lat' dir='ltr'>venationem</span> <span class='ocrx_word' id='word_1_454' title='bbox 3486 955 3656 999; x_wconf 83' lang='lat' dir='ltr'>exer-</span> 
     </span>
    </p>
   </div>
   <div class='ocr_carea' id='block_1_69' title="bbox 2007 1031 3654 1104">
    <p class='ocr_par' dir='ltr' id='par_1_69' title="bbox 2007 1031 3654 1104">
     <span class='ocr_line' id='line_1_69' title="bbox 2007 1031 3654 1104; baseline 0 -16"><span class='ocrx_word' id='word_1_455' title='bbox 2007 1045 2151 1102; x_wconf 90' lang='lat' dir='ltr'>cere,</span> <span class='ocrx_word' id='word_1_456' title='bbox 2211 1033 2308 1088; x_wconf 91' lang='lat' dir='ltr'>sed</span> <span class='ocrx_word' id='word_1_457' title='bbox 2369 1031 2616 1102; x_wconf 87' lang='lat' dir='ltr'>pleniter</span> <span class='ocrx_word' id='word_1_458' title='bbox 2665 1031 2734 1087; x_wconf 90' lang='lat' dir='ltr'>ad</span> <span class='ocrx_word' id='word_1_459' title='bbox 2802 1031 3198 1100; x_wconf 88' lang='lat' dir='ltr'>supradictum</span> <span class='ocrx_word' id='word_1_460' title='bbox 3247 1031 3654 1104; x_wconf 88' lang='lat' dir='ltr'>archangelum</span> 
     </span>
    </p>
   </div>
   <div class='ocr_carea' id='block_1_70' title="bbox 2004 1119 3652 1179">
    <p class='ocr_par' dir='ltr' id='par_1_70' title="bbox 2004 1119 3652 1179">
     <span class='ocr_line' id='line_1_70' title="bbox 2004 1119 3652 1179; baseline 0.001 -3"><span class='ocrx_word' id='word_1_461' title='bbox 2004 1125 2308 1177; x_wconf 88' lang='lat' dir='ltr'>constaret.</span> <span class='ocrx_word' id='word_1_462' title='bbox 2344 1123 2469 1178; x_wconf 72' lang='lat' dir='ltr'>Htec</span> <span class='ocrx_word' id='word_1_463' title='bbox 2496 1121 2731 1179; x_wconf 90' lang='lat' dir='ltr'>donatio</span> <span class='ocrx_word' id='word_1_464' title='bbox 2757 1119 2904 1176; x_wconf 85' lang='lat' dir='ltr'>facta</span> <span class='ocrx_word' id='word_1_465' title='bbox 2924 1125 3012 1177; x_wconf 89' lang='lat' dir='ltr'>est</span> <span class='ocrx_word' id='word_1_466' title='bbox 3032 1121 3100 1177; x_wconf 89' lang='lat' dir='ltr'>ad</span> <span class='ocrx_word' id='word_1_467' title='bbox 3138 1119 3484 1178; x_wconf 82' lang='lat' dir='ltr'>Rantesdorf</span> <span class='ocrx_word' id='word_1_468' title='bbox 3503 1135 3652 1178; x_wconf 90' lang='lat' dir='ltr'>anno</span> 
     </span>
    </p>
   </div>
   <div class='ocr_carea' id='block_1_71' title="bbox 2004 1203 3507 1266">
    <p class='ocr_par' dir='ltr' id='par_1_71' title="bbox 2004 1203 3507 1266">
     <span class='ocr_line' id='line_1_71' title="bbox 2004 1203 3507 1266; baseline 0 -2"><span class='ocrx_word' id='word_1_469' title='bbox 2004 1210 2231 1265; x_wconf 91' lang='lat' dir='ltr'>Domini</span> <span class='ocrx_word' id='word_1_470' title='bbox 2261 1207 2384 1266; x_wconf 71' lang='lat'>829.</span> <span class='ocrx_word' id='word_1_471' title='bbox 3498 1203 3507 1210; x_wconf 83' lang='grc'><em>’</em></span> 
     </span>
    </p>
   </div>
   <div class='ocr_carea' id='block_1_72' title="bbox 2000 1333 3654 1406">
    <p class='ocr_par' dir='ltr' id='par_1_72' title="bbox 2000 1333 3654 1406">
     <span class='ocr_line' id='line_1_72' title="bbox 2000 1333 3654 1406; baseline 0.002 -17"><span class='ocrx_word' id='word_1_472' title='bbox 2000 1333 2129 1389; x_wconf 66' lang='lat' dir='ltr'>Car.</span> <span class='ocrx_word' id='word_1_473' title='bbox 2154 1335 2286 1392; x_wconf 88' lang='lat' dir='ltr'><strong>VIII.</strong></span> <span class='ocrx_word' id='word_1_474' title='bbox 2323 1364 2394 1375; x_wconf 94' lang='lat'><strong><em>—</em></strong></span> <span class='ocrx_word' id='word_1_475' title='bbox 2431 1334 2783 1391; x_wconf 79' lang='lat' dir='ltr'>Commutatio</span> <span class='ocrx_word' id='word_1_476' title='bbox 2820 1337 2964 1391; x_wconf 82' lang='lat' dir='ltr'>inter</span> <span class='ocrx_word' id='word_1_477' title='bbox 3003 1335 3419 1391; x_wconf 77' lang='lat' dir='ltr'>Ambrichonem</span> <span class='ocrx_word' id='word_1_478' title='bbox 3457 1337 3654 1406; x_wconf 84' lang='lat' dir='ltr'>episco-</span> 
     </span>
    </p>
   </div>
   <div class='ocr_carea' id='block_1_73' title="bbox 2489 1408 3150 1478">
    <p class='ocr_par' dir='ltr' id='par_1_73' title="bbox 2489 1408 3150 1478">
     <span class='ocr_line' id='line_1_73' title="bbox 2489 1408 3150 1478; baseline 0 -16"><span class='ocrx_word' id='word_1_479' title='bbox 2489 1423 2627 1478; x_wconf 84' lang='lat' dir='ltr'>pum</span> <span class='ocrx_word' id='word_1_480' title='bbox 2659 1413 2709 1462; x_wconf 85' lang='lat' dir='ltr'>et</span> <span class='ocrx_word' id='word_1_481' title='bbox 2753 1408 3150 1477; x_wconf 82' lang='lat' dir='ltr'>Amalpertum.</span> 
     </span>
    </p>
   </div>
   <div class='ocr_carea' id='block_1_74' title="bbox 2072 1531 3654 1590">
    <p class='ocr_par' dir='ltr' id='par_1_74' title="bbox 2072 1531 3654 1590">
     <span class='ocr_line' id='line_1_74' title="bbox 2072 1531 3654 1590; baseline 0.002 -4"><span class='ocrx_word' id='word_1_482' title='bbox 2072 1531 2385 1589; x_wconf 90' lang='lat' dir='ltr'>Fructuosa</span> <span class='ocrx_word' id='word_1_483' title='bbox 2407 1531 2569 1589; x_wconf 87' lang='lat' dir='ltr'>valde</span> <span class='ocrx_word' id='word_1_484' title='bbox 2588 1536 2646 1588; x_wconf 91' lang='lat' dir='ltr'>et</span> <span class='ocrx_word' id='word_1_485' title='bbox 2667 1532 2910 1588; x_wconf 90' lang='lat' dir='ltr'>nimium</span> <span class='ocrx_word' id='word_1_486' title='bbox 2944 1532 3311 1589; x_wconf 87' lang='lat' dir='ltr'>rationabilis</span> <span class='ocrx_word' id='word_1_487' title='bbox 3340 1533 3480 1589; x_wconf 91' lang='lat' dir='ltr'>olim</span> <span class='ocrx_word' id='word_1_488' title='bbox 3503 1533 3654 1590; x_wconf 89' lang='lat' dir='ltr'>inter</span> 
     </span>
    </p>
   </div>
   <div class='ocr_carea' id='block_1_75' title="bbox 2003 1621 3654 1693">
    <p class='ocr_par' dir='ltr' id='par_1_75' title="bbox 2003 1621 3654 1693">
     <span class='ocr_line' id='line_1_75' title="bbox 2003 1621 3654 1693; baseline 0 -16"><span class='ocrx_word' id='word_1_489' title='bbox 2003 1621 2264 1678; x_wconf 90' lang='lat' dir='ltr'>homines</span> <span class='ocrx_word' id='word_1_490' title='bbox 2315 1621 2531 1678; x_wconf 91' lang='lat' dir='ltr'>inolere</span> <span class='ocrx_word' id='word_1_491' title='bbox 2577 1626 2824 1693; x_wconf 74' lang='lat' dir='ltr'>cmperat</span> <span class='ocrx_word' id='word_1_492' title='bbox 2869 1622 3222 1679; x_wconf 91' lang='lat' dir='ltr'>consuetudo</span> <span class='ocrx_word' id='word_1_493' title='bbox 3265 1622 3654 1679; x_wconf 85' lang='lat' dir='ltr'>commutandi</span> 
     </span>
    </p>
   </div>
   <div class='ocr_carea' id='block_1_76' title="bbox 1919 1711 3656 1792">
    <p class='ocr_par' dir='ltr' id='par_1_76' title="bbox 1919 1711 3656 1792">
     <span class='ocr_line' id='line_1_76' title="bbox 1919 1711 3656 1792; baseline 0.001 -25"><span class='ocrx_word' id='word_1_494' title='bbox 1919 1728 1975 1792; x_wconf 83' lang='grc' dir='ltr'>Β</span> <span class='ocrx_word' id='word_1_495' title='bbox 2005 1711 2273 1767; x_wconf 89' lang='lat' dir='ltr'>videlicet</span> <span class='ocrx_word' id='word_1_496' title='bbox 2316 1711 2589 1783; x_wconf 89' lang='lat' dir='ltr'>quasdam</span> <span class='ocrx_word' id='word_1_497' title='bbox 2630 1725 2721 1768; x_wconf 90' lang='lat' dir='ltr'>res</span> <span class='ocrx_word' id='word_1_498' title='bbox 2758 1726 2859 1783; x_wconf 91' lang='lat' dir='ltr'>pro</span> <span class='ocrx_word' id='word_1_499' title='bbox 2900 1712 3196 1769; x_wconf 91' lang='lat' dir='ltr'>ambarum</span> <span class='ocrx_word' id='word_1_500' title='bbox 3230 1712 3485 1768; x_wconf 89' lang='lat' dir='ltr'>utilitate</span> <span class='ocrx_word' id='word_1_501' title='bbox 3517 1725 3656 1782; x_wconf 87' lang='lat' dir='ltr'>par—</span> 
     </span>
    </p>
   </div>
   <div class='ocr_carea' id='block_1_77' title="bbox 2004 1800 3656 1873">
    <p class='ocr_par' dir='ltr' id='par_1_77' title="bbox 2004 1800 3656 1873">
     <span class='ocr_line' id='line_1_77' title="bbox 2004 1800 3656 1873; baseline 0 -17"><span class='ocrx_word' id='word_1_502' title='bbox 2004 1801 2170 1856; x_wconf 91' lang='lat' dir='ltr'>tium.</span> <span class='ocrx_word' id='word_1_503' title='bbox 2198 1801 2310 1856; x_wconf 88' lang='lat' dir='ltr'>Hoc</span> <span class='ocrx_word' id='word_1_504' title='bbox 2356 1801 2528 1856; x_wconf 90' lang='lat' dir='ltr'>etiam</span> <span class='ocrx_word' id='word_1_505' title='bbox 2573 1813 2768 1872; x_wconf 88' lang='lat' dir='ltr'>regum</span> <span class='ocrx_word' id='word_1_506' title='bbox 2799 1800 3102 1873; x_wconf 90' lang='lat' dir='ltr'>celsitudo,</span> <span class='ocrx_word' id='word_1_507' title='bbox 3136 1816 3265 1858; x_wconf 89' lang='lat' dir='ltr'>cum</span> <span class='ocrx_word' id='word_1_508' title='bbox 3302 1801 3362 1858; x_wconf 90' lang='lat' dir='ltr'>in</span> <span class='ocrx_word' id='word_1_509' title='bbox 3405 1801 3656 1858; x_wconf 84' lang='lat' dir='ltr'>diversis</span> 
     </span>
    </p>
   </div>
   <div class='ocr_carea' id='block_1_78' title="bbox 2004 1888 3649 1962">
    <p class='ocr_par' dir='ltr' id='par_1_78' title="bbox 2004 1888 3649 1962">
     <span class='ocr_line' id='line_1_78' title="bbox 2004 1888 3649 1962; baseline 0 -17"><span class='ocrx_word' id='word_1_510' title='bbox 2004 1895 2284 1946; x_wconf 87' lang='lat' dir='ltr'>terrarum</span> <span class='ocrx_word' id='word_1_511' title='bbox 2361 1889 2504 1946; x_wconf 91' lang='lat' dir='ltr'>locis</span> <span class='ocrx_word' id='word_1_512' title='bbox 2546 1888 2821 1962; x_wconf 72' lang='lat' dir='ltr'>{homines</span> <span class='ocrx_word' id='word_1_513' title='bbox 2877 1891 3070 1947; x_wconf 90' lang='lat' dir='ltr'>eodem</span> <span class='ocrx_word' id='word_1_514' title='bbox 3134 1905 3243 1947; x_wconf 92' lang='lat' dir='ltr'>usu</span> <span class='ocrx_word' id='word_1_515' title='bbox 3320 1891 3649 1962; x_wconf 87' lang='lat' dir='ltr'>utebantur,</span> 
     </span>
    </p>
   </div>
   <div class='ocr_carea' id='block_1_79' title="bbox 2005 1978 3658 2051">
    <p class='ocr_par' dir='ltr' id='par_1_79' title="bbox 2005 1978 3658 2051">
     <span class='ocr_line' id='line_1_79' title="bbox 2005 1978 3658 2051; baseline -0.001 -17"><span class='ocrx_word' id='word_1_516' title='bbox 2005 1979 2249 2050; x_wconf 81' lang='lat' dir='ltr'>maxime</span> <span class='ocrx_word' id='word_1_517' title='bbox 2271 1978 2330 2033; x_wconf 90' lang='lat' dir='ltr'>in</span> <span class='ocrx_word' id='word_1_518' title='bbox 2359 1978 2771 2035; x_wconf 87' lang='lat' dir='ltr'>ecclesiasticis</span> <span class='ocrx_word' id='word_1_519' title='bbox 2796 1979 2967 2036; x_wconf 91' lang='lat' dir='ltr'>rebus</span> <span class='ocrx_word' id='word_1_520' title='bbox 2989 1979 3110 2036; x_wconf 83' lang='lat' dir='ltr'>ﬁeri</span> <span class='ocrx_word' id='word_1_521' title='bbox 3143 1981 3397 2036; x_wconf 89' lang='lat' dir='ltr'>decrevit</span> <span class='ocrx_word' id='word_1_522' title='bbox 3412 1986 3465 2036; x_wconf 89' lang='lat' dir='ltr'>et</span> <span class='ocrx_word' id='word_1_523' title='bbox 3492 1981 3658 2051; x_wconf 88' lang='lat' dir='ltr'>quin-</span> 
     </span>
    </p>
   </div>
   <div class='ocr_carea' id='block_1_80' title="bbox 2006 2067 3649 2140">
    <p class='ocr_par' dir='ltr' id='par_1_80' title="bbox 2006 2067 3649 2140">
     <span class='ocr_line' id='line_1_80' title="bbox 2006 2067 3649 2140; baseline 0.001 -16"><span class='ocrx_word' id='word_1_524' title='bbox 2006 2082 2116 2140; x_wconf 91' lang='lat' dir='ltr'>que</span> <span class='ocrx_word' id='word_1_525' title='bbox 2170 2067 2446 2124; x_wconf 91' lang='lat' dir='ltr'>hobarum</span> <span class='ocrx_word' id='word_1_526' title='bbox 2495 2067 2888 2138; x_wconf 90' lang='lat' dir='ltr'>supplemento</span> <span class='ocrx_word' id='word_1_527' title='bbox 2937 2069 2993 2124; x_wconf 91' lang='lat' dir='ltr'>id</span> <span class='ocrx_word' id='word_1_528' title='bbox 3049 2073 3308 2125; x_wconf 88' lang='lat' dir='ltr'>constare</span> <span class='ocrx_word' id='word_1_529' title='bbox 3369 2068 3649 2139; x_wconf 90' lang='lat' dir='ltr'>permisit.</span> 
     </span>
    </p>
   </div>
   <div class='ocr_carea' id='block_1_81' title="bbox 2005 2158 3649 2230">
    <p class='ocr_par' dir='ltr' id='par_1_81' title="bbox 2005 2158 3649 2230">
     <span class='ocr_line' id='line_1_81' title="bbox 2005 2158 3649 2230; baseline 0.001 -16"><span class='ocrx_word' id='word_1_530' title='bbox 2005 2159 2250 2214; x_wconf 91' lang='lat' dir='ltr'>Proinde</span> <span class='ocrx_word' id='word_1_531' title='bbox 2282 2158 2466 2230; x_wconf 91' lang='lat' dir='ltr'>igitur</span> <span class='ocrx_word' id='word_1_532' title='bbox 2486 2159 2718 2229; x_wconf 89' lang='lat' dir='ltr'>quidam</span> <span class='ocrx_word' id='word_1_533' title='bbox 2755 2158 2989 2229; x_wconf 88' lang='lat' dir='ltr'>nobilis,</span> <span class='ocrx_word' id='word_1_534' title='bbox 3018 2160 3247 2214; x_wconf 87' lang='lat' dir='ltr'>nomine</span> <span class='ocrx_word' id='word_1_535' title='bbox 3266 2159 3649 2230; x_wconf 82' lang='lat' dir='ltr'>Amalpertus,</span> 
     </span>
    </p>
   </div>
   <div class='ocr_carea' id='block_1_82' title="bbox 2006 2248 3652 2318">
    <p class='ocr_par' dir='ltr' id='par_1_82' title="bbox 2006 2248 3652 2318">
     <span class='ocr_line' id='line_1_82' title="bbox 2006 2248 3652 2318; baseline -0.001 -14"><span class='ocrx_word' id='word_1_536' title='bbox 2006 2248 2248 2305; x_wconf 87' lang='lat' dir='ltr'>tradidit</span> <span class='ocrx_word' id='word_1_537' title='bbox 2290 2248 2358 2303; x_wconf 91' lang='lat' dir='ltr'>ad</span> <span class='ocrx_word' id='word_1_538' title='bbox 2396 2252 2654 2303; x_wconf 90' lang='lat' dir='ltr'>sanctum</span> <span class='ocrx_word' id='word_1_539' title='bbox 2699 2248 2799 2303; x_wconf 88' lang='lat' dir='ltr'>Dei</span> <span class='ocrx_word' id='word_1_540' title='bbox 2833 2252 3133 2318; x_wconf 87' lang='lat' dir='ltr'>martyrem</span> <span class='ocrx_word' id='word_1_541' title='bbox 3178 2249 3652 2305; x_wconf 87' lang='lat' dir='ltr'>Emmerammum</span> 
     </span>
    </p>
   </div>
   <div class='ocr_carea' id='block_1_83' title="bbox 2007 2337 3656 2410">
    <p class='ocr_par' dir='ltr' id='par_1_83' title="bbox 2007 2337 3656 2410">
     <span class='ocr_line' id='line_1_83' title="bbox 2007 2337 3656 2410; baseline 0.001 -16"><span class='ocrx_word' id='word_1_542' title='bbox 2007 2338 2384 2410; x_wconf 88' lang='lat' dir='ltr'>pr0prietates</span> <span class='ocrx_word' id='word_1_543' title='bbox 2408 2350 2563 2407; x_wconf 92' lang='lat' dir='ltr'>suas,</span> <span class='ocrx_word' id='word_1_544' title='bbox 2603 2350 2745 2408; x_wconf 87' lang='lat' dir='ltr'>quas</span> <span class='ocrx_word' id='word_1_545' title='bbox 2769 2337 2837 2392; x_wconf 91' lang='lat' dir='ltr'>ad</span> <span class='ocrx_word' id='word_1_546' title='bbox 2871 2339 3063 2408; x_wconf 89' lang='lat' dir='ltr'>Perga,</span> <span class='ocrx_word' id='word_1_547' title='bbox 3095 2342 3153 2392; x_wconf 91' lang='lat' dir='ltr'>et</span> <span class='ocrx_word' id='word_1_548' title='bbox 3181 2337 3462 2407; x_wconf 83' lang='lat' dir='ltr'>Hasalpah</span> <span class='ocrx_word' id='word_1_549' title='bbox 3484 2344 3656 2410; x_wconf 90' lang='lat' dir='ltr'>atque</span> 
     </span>
    </p>
   </div>
   <div class='ocr_carea' id='block_1_84' title="bbox 2003 2425 3657 2498">
    <p class='ocr_par' dir='ltr' id='par_1_84' title="bbox 2003 2425 3657 2498">
     <span class='ocr_line' id='line_1_84' title="bbox 2003 2425 3657 2498; baseline 0.001 -15"><span class='ocrx_word' id='word_1_550' title='bbox 2003 2427 2450 2483; x_wconf 88' lang='lat' dir='ltr'>Gamminchova</span> <span class='ocrx_word' id='word_1_551' title='bbox 2490 2425 2698 2482; x_wconf 91' lang='lat' dir='ltr'>habere</span> <span class='ocrx_word' id='word_1_552' title='bbox 2716 2426 2879 2482; x_wconf 91' lang='lat' dir='ltr'>visus</span> <span class='ocrx_word' id='word_1_553' title='bbox 2904 2433 3006 2483; x_wconf 91' lang='lat' dir='ltr'>est.</span> <span class='ocrx_word' id='word_1_554' title='bbox 3041 2428 3104 2482; x_wconf 92' lang='lat' dir='ltr'><strong>In</strong></span> <span class='ocrx_word' id='word_1_555' title='bbox 3129 2427 3280 2483; x_wconf 88' lang='lat' dir='ltr'>areis</span> <span class='ocrx_word' id='word_1_556' title='bbox 3317 2441 3562 2498; x_wconf 91' lang='lat' dir='ltr'>namque</span> <span class='ocrx_word' id='word_1_557' title='bbox 3590 2442 3657 2484; x_wconf 90' lang='lat' dir='ltr'>ac</span> 
     </span>
    </p>
   </div>
   <div class='ocr_carea' id='block_1_85' title="bbox 2003 2515 3657 2588">
    <p class='ocr_par' dir='ltr' id='par_1_85' title="bbox 2003 2515 3657 2588">
     <span class='ocr_line' id='line_1_85' title="bbox 2003 2515 3657 2588; baseline 0.001 -16"><span class='ocrx_word' id='word_1_558' title='bbox 2003 2517 2273 2573; x_wconf 92' lang='lat' dir='ltr'>domibus</span> <span class='ocrx_word' id='word_1_559' title='bbox 2289 2530 2416 2572; x_wconf 91' lang='lat' dir='ltr'>cum</span> <span class='ocrx_word' id='word_1_560' title='bbox 2437 2515 2724 2572; x_wconf 90' lang='lat' dir='ltr'>universis</span> <span class='ocrx_word' id='word_1_561' title='bbox 2739 2516 2913 2572; x_wconf 90' lang='lat' dir='ltr'>simul</span> <span class='ocrx_word' id='word_1_562' title='bbox 2931 2516 3174 2588; x_wconf 70' lang='lat' dir='ltr'>mdibus,</span> <span class='ocrx_word' id='word_1_563' title='bbox 3196 2517 3447 2586; x_wconf 82' lang='lat' dir='ltr'>exceptis</span> <span class='ocrx_word' id='word_1_564' title='bbox 3467 2522 3657 2574; x_wconf 88' lang='lat' dir='ltr'>autem</span> 
     </span>
    </p>
   </div>
   <div class='ocr_carea' id='block_1_86' title="bbox 2007 2605 3654 2677">
    <p class='ocr_par' dir='ltr' id='par_1_86' title="bbox 2007 2605 3654 2677">
     <span class='ocr_line' id='line_1_86' title="bbox 2007 2605 3654 2677; baseline -0.001 -15"><span class='ocrx_word' id='word_1_565' title='bbox 2007 2620 2297 2662; x_wconf 90' lang='lat' dir='ltr'>servorum</span> <span class='ocrx_word' id='word_1_566' title='bbox 2361 2605 2802 2677; x_wconf 89' lang='lat' dir='ltr'>mausiunculis,</span> <span class='ocrx_word' id='word_1_567' title='bbox 2864 2605 3088 2676; x_wconf 90' lang='lat' dir='ltr'>reliqua</span> <span class='ocrx_word' id='word_1_568' title='bbox 3144 2619 3276 2661; x_wconf 93' lang='lat' dir='ltr'>vero</span> <span class='ocrx_word' id='word_1_569' title='bbox 3333 2605 3528 2661; x_wconf 91' lang='lat' dir='ltr'>omnia</span> <span class='ocrx_word' id='word_1_570' title='bbox 3584 2607 3654 2663; x_wconf 90' lang='lat' dir='ltr'>ad</span> 
     </span>
    </p>
   </div>
   <div class='ocr_carea' id='block_1_87' title="bbox 2007 2693 3654 2766">
    <p class='ocr_par' dir='ltr' id='par_1_87' title="bbox 2007 2693 3654 2766">
     <span class='ocr_line' id='line_1_87' title="bbox 2007 2693 3654 2766; baseline -0.001 -14"><span class='ocrx_word' id='word_1_571' title='bbox 2007 2696 2400 2766; x_wconf 88' lang='lat' dir='ltr'>supradictum</span> <span class='ocrx_word' id='word_1_572' title='bbox 2433 2699 2692 2751; x_wconf 88' lang='lat' dir='ltr'>sanctum</span> <span class='ocrx_word' id='word_1_573' title='bbox 2735 2695 3087 2750; x_wconf 90' lang='lat' dir='ltr'>contradidit</span> <span class='ocrx_word' id='word_1_574' title='bbox 3111 2700 3282 2765; x_wconf 90' lang='lat' dir='ltr'>atque</span> <span class='ocrx_word' id='word_1_575' title='bbox 3319 2693 3654 2765; x_wconf 89' lang='lat' dir='ltr'>transfudit,</span> 
     </span>
    </p>
   </div>
   <div class='ocr_carea' id='block_1_88' title="bbox 2005 2782 3655 2855">
    <p class='ocr_par' dir='ltr' id='par_1_88' title="bbox 2005 2782 3655 2855">
     <span class='ocr_line' id='line_1_88' title="bbox 2005 2782 3655 2855; baseline -0.001 -15"><span class='ocrx_word' id='word_1_576' title='bbox 2005 2785 2178 2841; x_wconf 90' lang='lat' dir='ltr'>terris</span> <span class='ocrx_word' id='word_1_577' title='bbox 2193 2783 2371 2840; x_wconf 85' lang='lat' dir='ltr'>cultis</span> <span class='ocrx_word' id='word_1_578' title='bbox 2395 2789 2450 2840; x_wconf 92' lang='lat' dir='ltr'>et</span> <span class='ocrx_word' id='word_1_579' title='bbox 2467 2783 2726 2852; x_wconf 88' lang='lat' dir='ltr'>incultis,</span> <span class='ocrx_word' id='word_1_580' title='bbox 2753 2782 2950 2855; x_wconf 87' lang='lat' dir='ltr'>pratis,</span> <span class='ocrx_word' id='word_1_581' title='bbox 2980 2782 3166 2853; x_wconf 91' lang='lat' dir='ltr'>silvis,</span> <span class='ocrx_word' id='word_1_582' title='bbox 3192 2783 3442 2854; x_wconf 89' lang='lat' dir='ltr'>pascuis,</span> <span class='ocrx_word' id='word_1_583' title='bbox 3465 2783 3655 2854; x_wconf 86' lang='lat' dir='ltr'>aquis,</span> 
     </span>
    </p>
   </div>
   <div class='ocr_carea' id='block_1_89' title="bbox 2005 2871 3657 2944">
    <p class='ocr_par' dir='ltr' id='par_1_89' title="bbox 2005 2871 3657 2944">
     <span class='ocr_line' id='line_1_89' title="bbox 2005 2871 3657 2944; baseline -0.001 -15"><span class='ocrx_word' id='word_1_584' title='bbox 2005 2886 2398 2944; x_wconf 86' lang='lat' dir='ltr'>aquarumque</span> <span class='ocrx_word' id='word_1_585' title='bbox 2435 2872 2795 2944; x_wconf 88' lang='lat' dir='ltr'>decursibus,</span> <span class='ocrx_word' id='word_1_586' title='bbox 2841 2873 3207 2943; x_wconf 90' lang='lat' dir='ltr'>molendinis,</span> <span class='ocrx_word' id='word_1_587' title='bbox 3243 2871 3392 2928; x_wconf 91' lang='lat' dir='ltr'>nihil</span> <span class='ocrx_word' id='word_1_588' title='bbox 3426 2872 3657 2944; x_wconf 90' lang='lat' dir='ltr'>quidem</span> 
     </span>
    </p>
   </div>
   <div class='ocr_carea' id='block_1_90' title="bbox 2007 2961 3654 3032">
    <p class='ocr_par' dir='ltr' id='par_1_90' title="bbox 2007 2961 3654 3032">
     <span class='ocr_line' id='line_1_90' title="bbox 2007 2961 3654 3032; baseline 0 -16"><span class='ocrx_word' id='word_1_589' title='bbox 2007 2962 2465 3031; x_wconf 69' lang='lat' dir='ltr'>praetermittens.</span> <span class='ocrx_word' id='word_1_590' title='bbox 2490 2961 2585 3018; x_wconf 90' lang='lat' dir='ltr'>sed</span> <span class='ocrx_word' id='word_1_591' title='bbox 2608 2967 2813 3017; x_wconf 88' lang='lat' dir='ltr'>cuncta</span> <span class='ocrx_word' id='word_1_592' title='bbox 2831 2963 2900 3017; x_wconf 91' lang='lat' dir='ltr'>ad</span> <span class='ocrx_word' id='word_1_593' title='bbox 2923 2968 3180 3018; x_wconf 89' lang='lat' dir='ltr'>sanctum</span> <span class='ocrx_word' id='word_1_594' title='bbox 3205 2961 3297 3018; x_wconf 92' lang='lat' dir='ltr'>bis</span> <span class='ocrx_word' id='word_1_595' title='bbox 3319 2962 3654 3032; x_wconf 64' lang='lat' dir='ltr'>praedictum</span> 
     </span>
    </p>
   </div>
   <div class='ocr_carea' id='block_1_91' title="bbox 1919 3049 3657 3130">
    <p class='ocr_par' dir='ltr' id='par_1_91' title="bbox 1919 3049 3657 3130">
     <span class='ocr_line' id='line_1_91' title="bbox 1919 3049 3657 3130; baseline 0.001 -25"><span class='ocrx_word' id='word_1_596' title='bbox 1919 3065 1972 3130; x_wconf 69' lang='grc' dir='ltr'>ο</span> <span class='ocrx_word' id='word_1_597' title='bbox 2009 3050 2250 3106; x_wconf 89' lang='lat' dir='ltr'>tradidit</span> <span class='ocrx_word' id='word_1_598' title='bbox 2280 3050 2339 3104; x_wconf 91' lang='lat' dir='ltr'>in</span> <span class='ocrx_word' id='word_1_599' title='bbox 2376 3063 2547 3105; x_wconf 91' lang='lat' dir='ltr'>manu</span> <span class='ocrx_word' id='word_1_600' title='bbox 2576 3049 2983 3105; x_wconf 85' lang='lat' dir='ltr'>Ambrichonis</span> <span class='ocrx_word' id='word_1_601' title='bbox 3031 3050 3377 3106; x_wconf 90' lang='lat' dir='ltr'>venerabilis</span> <span class='ocrx_word' id='word_1_602' title='bbox 3401 3050 3657 3121; x_wconf 86' lang='lat' dir='ltr'>episcopi</span> 
     </span>
    </p>
   </div>
   <div class='ocr_carea' id='block_1_92' title="bbox 2005 3138 3659 3209">
    <p class='ocr_par' dir='ltr' id='par_1_92' title="bbox 2005 3138 3659 3209">
     <span class='ocr_line' id='line_1_92' title="bbox 2005 3138 3659 3209; baseline -0.001 -14"><span class='ocrx_word' id='word_1_603' title='bbox 2005 3144 2060 3196; x_wconf 89' lang='lat' dir='ltr'>et</span> <span class='ocrx_word' id='word_1_604' title='bbox 2111 3138 2368 3195; x_wconf 88' lang='lat' dir='ltr'>advocati</span> <span class='ocrx_word' id='word_1_605' title='bbox 2413 3139 2538 3209; x_wconf 90' lang='lat' dir='ltr'>ejus</span> <span class='ocrx_word' id='word_1_606' title='bbox 2587 3138 2907 3194; x_wconf 84' lang='lat' dir='ltr'>Antarboti.</span> <span class='ocrx_word' id='word_1_607' title='bbox 2976 3139 3020 3194; x_wconf 92' lang='lat' dir='ltr'><strong>E</strong></span> <span class='ocrx_word' id='word_1_608' title='bbox 3072 3143 3270 3195; x_wconf 91' lang='lat' dir='ltr'>contra</span> <span class='ocrx_word' id='word_1_609' title='bbox 3323 3151 3456 3194; x_wconf 92' lang='lat' dir='ltr'>vero</span> <span class='ocrx_word' id='word_1_610' title='bbox 3510 3139 3659 3194; x_wconf 90' lang='lat' dir='ltr'>idem</span> 
     </span>
    </p>
   </div>
   <div class='ocr_carea' id='block_1_93' title="bbox 2004 3226 3660 3298">
    <p class='ocr_par' dir='ltr' id='par_1_93' title="bbox 2004 3226 3660 3298">
     <span class='ocr_line' id='line_1_93' title="bbox 2004 3226 3660 3298; baseline -0.001 -14"><span class='ocrx_word' id='word_1_611' title='bbox 2004 3229 2313 3284; x_wconf 88' lang='lat' dir='ltr'>advocatus</span> <span class='ocrx_word' id='word_1_612' title='bbox 2341 3241 2469 3283; x_wconf 92' lang='lat' dir='ltr'>cum</span> <span class='ocrx_word' id='word_1_613' title='bbox 2503 3241 2786 3283; x_wconf 91' lang='lat' dir='ltr'>consensu</span> <span class='ocrx_word' id='word_1_614' title='bbox 2805 3227 3059 3297; x_wconf 87' lang='lat' dir='ltr'>episcopi</span> <span class='ocrx_word' id='word_1_615' title='bbox 3095 3227 3337 3284; x_wconf 89' lang='lat' dir='ltr'>tradidit</span> <span class='ocrx_word' id='word_1_616' title='bbox 3362 3226 3660 3298; x_wconf 69' lang='lat' dir='ltr'>praenomi-</span> 
     </span>
    </p>
   </div>
   <div class='ocr_carea' id='block_1_94' title="bbox 2007 3315 3652 3386">
    <p class='ocr_par' dir='ltr' id='par_1_94' title="bbox 2007 3315 3652 3386">
     <span class='ocr_line' id='line_1_94' title="bbox 2007 3315 3652 3386; baseline -0.001 -14"><span class='ocrx_word' id='word_1_617' title='bbox 2007 3323 2138 3373; x_wconf 90' lang='lat' dir='ltr'>nato</span> <span class='ocrx_word' id='word_1_618' title='bbox 2183 3315 2508 3386; x_wconf 84' lang='lat' dir='ltr'>Amalperto</span> <span class='ocrx_word' id='word_1_619' title='bbox 2555 3317 2626 3372; x_wconf 92' lang='lat' dir='ltr'>de</span> <span class='ocrx_word' id='word_1_620' title='bbox 2669 3315 2838 3374; x_wconf 90' lang='lat' dir='ltr'>rebus</span> <span class='ocrx_word' id='word_1_621' title='bbox 2893 3317 3076 3372; x_wconf 88' lang='lat' dir='ltr'>sancti</span> <span class='ocrx_word' id='word_1_622' title='bbox 3121 3315 3521 3372; x_wconf 90' lang='lat' dir='ltr'>Emmerammi</span> <span class='ocrx_word' id='word_1_623' title='bbox 3584 3315 3652 3372; x_wconf 89' lang='lat' dir='ltr'>ad</span> 
     </span>
    </p>
   </div>
   <div class='ocr_carea' id='block_1_95' title="bbox 2005 3405 3658 3477">
    <p class='ocr_par' dir='ltr' id='par_1_95' title="bbox 2005 3405 3658 3477">
     <span class='ocr_line' id='line_1_95' title="bbox 2005 3405 3658 3477; baseline 0.001 -16"><span class='ocrx_word' id='word_1_624' title='bbox 2005 3406 2274 3477; x_wconf 87' lang='lat' dir='ltr'>Drudpah</span> <span class='ocrx_word' id='word_1_625' title='bbox 2301 3405 2597 3462; x_wconf 90' lang='lat' dir='ltr'>ecclesiam</span> <span class='ocrx_word' id='word_1_626' title='bbox 2625 3419 2816 3475; x_wconf 89' lang='lat' dir='ltr'>unam,</span> <span class='ocrx_word' id='word_1_627' title='bbox 2858 3410 2913 3462; x_wconf 91' lang='lat' dir='ltr'>et</span> <span class='ocrx_word' id='word_1_628' title='bbox 2945 3419 3108 3462; x_wconf 89' lang='lat' dir='ltr'>areas</span> <span class='ocrx_word' id='word_1_629' title='bbox 3132 3419 3196 3462; x_wconf 87' lang='lat' dir='ltr'>III</span> <span class='ocrx_word' id='word_1_630' title='bbox 3227 3419 3357 3462; x_wconf 91' lang='lat' dir='ltr'>cum</span> <span class='ocrx_word' id='word_1_631' title='bbox 3387 3405 3658 3462; x_wconf 88' lang='lat' dir='ltr'>omnibus</span> 
     </span>
    </p>
   </div>
   <div class='ocr_carea' id='block_1_96' title="bbox 2006 3494 3654 3566">
    <p class='ocr_par' dir='ltr' id='par_1_96' title="bbox 2006 3494 3654 3566">
     <span class='ocr_line' id='line_1_96' title="bbox 2006 3494 3654 3566; baseline 0 -16"><span class='ocrx_word' id='word_1_632' title='bbox 2006 3495 2359 3566; x_wconf 89' lang='lat' dir='ltr'>appenditiis</span> <span class='ocrx_word' id='word_1_633' title='bbox 2374 3509 2591 3564; x_wconf 90' lang='lat' dir='ltr'>earum,</span> <span class='ocrx_word' id='word_1_634' title='bbox 2610 3494 2943 3565; x_wconf 88' lang='lat' dir='ltr'>territoriis,</span> <span class='ocrx_word' id='word_1_635' title='bbox 2971 3494 3171 3566; x_wconf 88' lang='lat' dir='ltr'>pratis,</span> <span class='ocrx_word' id='word_1_636' title='bbox 3194 3494 3442 3564; x_wconf 89' lang='lat' dir='ltr'>pascuis,</span> <span class='ocrx_word' id='word_1_637' title='bbox 3464 3494 3654 3566; x_wconf 89' lang='lat' dir='ltr'>aquis,</span> 
     </span>
    </p>
   </div>
   <div class='ocr_carea' id='block_1_97' title="bbox 2006 3582 3664 3655">
    <p class='ocr_par' dir='ltr' id='par_1_97' title="bbox 2006 3582 3664 3655">
     <span class='ocr_line' id='line_1_97' title="bbox 2006 3582 3664 3655; baseline -0.001 -15"><span class='ocrx_word' id='word_1_638' title='bbox 2006 3583 2193 3655; x_wconf 90' lang='lat' dir='ltr'>silvis,</span> <span class='ocrx_word' id='word_1_639' title='bbox 2219 3597 2434 3640; x_wconf 92' lang='lat' dir='ltr'>necnon</span> <span class='ocrx_word' id='word_1_640' title='bbox 2457 3597 2585 3639; x_wconf 91' lang='lat' dir='ltr'>cum</span> <span class='ocrx_word' id='word_1_641' title='bbox 2615 3584 2836 3654; x_wconf 83' lang='lat' dir='ltr'>integro</span> <span class='ocrx_word' id='word_1_642' title='bbox 2857 3584 3073 3653; x_wconf 88' lang='lat' dir='ltr'>pariter</span> <span class='ocrx_word' id='word_1_643' title='bbox 3091 3583 3334 3639; x_wconf 92' lang='lat' dir='ltr'>termino</span> <span class='ocrx_word' id='word_1_644' title='bbox 3368 3582 3509 3639; x_wconf 91' lang='lat' dir='ltr'>illuc</span> <span class='ocrx_word' id='word_1_645' title='bbox 3540 3597 3664 3652; x_wconf 91' lang='lat' dir='ltr'>per-</span> 
     </span>
    </p>
   </div>
   <div class='ocr_carea' id='block_1_98' title="bbox 2010 3671 3653 3744">
    <p class='ocr_par' dir='ltr' id='par_1_98' title="bbox 2010 3671 3653 3744">
     <span class='ocr_line' id='line_1_98' title="bbox 2010 3671 3653 3744; baseline -0.002 -13"><span class='ocrx_word' id='word_1_646' title='bbox 2010 3677 2243 3732; x_wconf 91' lang='lat' dir='ltr'>tinente.</span> <span class='ocrx_word' id='word_1_647' title='bbox 2295 3675 2499 3730; x_wconf 80' lang='lat' dir='ltr'>Actum</span> <span class='ocrx_word' id='word_1_648' title='bbox 2550 3678 2637 3730; x_wconf 91' lang='lat' dir='ltr'>est</span> <span class='ocrx_word' id='word_1_649' title='bbox 2677 3677 2865 3730; x_wconf 88' lang='lat' dir='ltr'>autem</span> <span class='ocrx_word' id='word_1_650' title='bbox 2900 3673 2957 3728; x_wconf 94' lang='lat' dir='ltr'>in</span> <span class='ocrx_word' id='word_1_651' title='bbox 3018 3671 3319 3743; x_wconf 65' lang='lat' dir='ltr'>praesentia</span> <span class='ocrx_word' id='word_1_652' title='bbox 3377 3673 3653 3744; x_wconf 72' lang='lat' dir='ltr'>epismpi,</span> 
     </span>
    </p>
   </div>
   <div class='ocr_carea' id='block_1_99' title="bbox 2007 3761 3655 3835">
    <p class='ocr_par' dir='ltr' id='par_1_99' title="bbox 2007 3761 3655 3835">
     <span class='ocr_line' id='line_1_99' title="bbox 2007 3761 3655 3835; baseline -0.002 -14"><span class='ocrx_word' id='word_1_653' title='bbox 2007 3765 2312 3822; x_wconf 91' lang='lat' dir='ltr'>assistente</span> <span class='ocrx_word' id='word_1_654' title='bbox 2384 3763 2436 3819; x_wconf 93' lang='lat' dir='ltr'>ei</span> <span class='ocrx_word' id='word_1_655' title='bbox 2515 3763 2824 3835; x_wconf 88' lang='lat' dir='ltr'>Egilperto,</span> <span class='ocrx_word' id='word_1_656' title='bbox 2894 3765 3215 3834; x_wconf 87' lang='lat' dir='ltr'>Deotperto,</span> <span class='ocrx_word' id='word_1_657' title='bbox 3278 3761 3655 3833; x_wconf 89' lang='lat' dir='ltr'>Faramundo,</span> 
     </span>
    </p>
   </div>
   <div class='ocr_carea' id='block_1_100' title="bbox 2010 3851 3660 3926">
    <p class='ocr_par' dir='ltr' id='par_1_100' title="bbox 2010 3851 3660 3926">
     <span class='ocr_line' id='line_1_100' title="bbox 2010 3851 3660 3926; baseline -0.002 -17"><span class='ocrx_word' id='word_1_658' title='bbox 2010 3853 2354 3926; x_wconf 86' lang='lat' dir='ltr'>presbyteris</span> <span class='ocrx_word' id='word_1_659' title='bbox 2396 3858 2453 3909; x_wconf 92' lang='lat' dir='ltr'>et</span> <span class='ocrx_word' id='word_1_660' title='bbox 2483 3853 2797 3910; x_wconf 91' lang='lat' dir='ltr'>monachis.</span> <span class='ocrx_word' id='word_1_661' title='bbox 2844 3853 2920 3908; x_wconf 92' lang='lat' dir='ltr'>De</span> <span class='ocrx_word' id='word_1_662' title='bbox 2949 3851 3244 3908; x_wconf 89' lang='lat' dir='ltr'>canonicis</span> <span class='ocrx_word' id='word_1_663' title='bbox 3274 3865 3426 3923; x_wconf 90' lang='lat' dir='ltr'>vero,</span> <span class='ocrx_word' id='word_1_664' title='bbox 3458 3853 3660 3907; x_wconf 87' lang='lat' dir='ltr'>Erem—</span> 
     </span>
    </p>
   </div>
   <div class='ocr_carea' id='block_1_101' title="bbox 2010 3940 3658 4015">
    <p class='ocr_par' dir='ltr' id='par_1_101' title="bbox 2010 3940 3658 4015">
     <span class='ocr_line' id='line_1_101' title="bbox 2010 3940 3658 4015; baseline -0.001 -15"><span class='ocrx_word' id='word_1_665' title='bbox 2010 3949 2188 4015; x_wconf 90' lang='lat' dir='ltr'>perto,</span> <span class='ocrx_word' id='word_1_666' title='bbox 2233 3941 2596 4015; x_wconf 89' lang='lat' dir='ltr'>Ermanoldo,</span> <span class='ocrx_word' id='word_1_667' title='bbox 2637 3942 2984 4009; x_wconf 89' lang='lat' dir='ltr'>Germundo,</span> <span class='ocrx_word' id='word_1_668' title='bbox 3032 3940 3398 4012; x_wconf 82' lang='lat' dir='ltr'>presbyteris.</span> <span class='ocrx_word' id='word_1_669' title='bbox 3465 3941 3658 3998; x_wconf 91' lang='lat' dir='ltr'>Testes</span> 
     </span>
    </p>
   </div>
   <div class='ocr_carea' id='block_1_102' title="bbox 2009 4031 3655 4104">
    <p class='ocr_par' dir='ltr' id='par_1_102' title="bbox 2009 4031 3655 4104">
     <span class='ocr_line' id='line_1_102' title="bbox 2009 4031 3655 4104; baseline -0.002 -15"><span class='ocrx_word' id='word_1_670' title='bbox 2009 4046 2236 4104; x_wconf 90' lang='lat' dir='ltr'>quoque</span> <span class='ocrx_word' id='word_1_671' title='bbox 2278 4037 2412 4088; x_wconf 91' lang='lat' dir='ltr'>sunt</span> <span class='ocrx_word' id='word_1_672' title='bbox 2440 4046 2538 4102; x_wconf 91' lang='lat' dir='ltr'>per</span> <span class='ocrx_word' id='word_1_673' title='bbox 2583 4045 2752 4089; x_wconf 89' lang='lat' dir='ltr'>aures</span> <span class='ocrx_word' id='word_1_674' title='bbox 2798 4032 2968 4088; x_wconf 91' lang='lat' dir='ltr'>tracti</span> <span class='ocrx_word' id='word_1_675' title='bbox 3008 4031 3288 4102; x_wconf 89' lang='lat' dir='ltr'>Harahad,</span> <span class='ocrx_word' id='word_1_676' title='bbox 3351 4031 3655 4104; x_wconf 89' lang='lat' dir='ltr'>Gerperht,</span> 
     </span>
    </p>
   </div>
   <div class='ocr_carea' id='block_1_103' title="bbox 2009 4120 3652 4193">
    <p class='ocr_par' dir='ltr' id='par_1_103' title="bbox 2009 4120 3652 4193">
     <span class='ocr_line' id='line_1_103' title="bbox 2009 4120 3652 4193; baseline 0 -17"><span class='ocrx_word' id='word_1_677' title='bbox 2009 4124 2171 4193; x_wconf 91' lang='lat' dir='ltr'>Poso,</span> <span class='ocrx_word' id='word_1_678' title='bbox 2242 4121 2532 4184; x_wconf 79' lang='lat' dir='ltr'>Adalhun.</span> <span class='ocrx_word' id='word_1_679' title='bbox 2601 4121 2890 4192; x_wconf 90' lang='lat' dir='ltr'>Folcpold,</span> <span class='ocrx_word' id='word_1_680' title='bbox 2961 4121 3330 4192; x_wconf 82' lang='lat' dir='ltr'>Reginperht,</span> <span class='ocrx_word' id='word_1_681' title='bbox 3399 4120 3652 4193; x_wconf 89' lang='lat' dir='ltr'>Folcger,</span> 
     </span>
    </p>
   </div>
   <div class='ocr_carea' id='block_1_104' title="bbox 2007 4208 3657 4283">
    <p class='ocr_par' dir='ltr' id='par_1_104' title="bbox 2007 4208 3657 4283">
     <span class='ocr_line' id='line_1_104' title="bbox 2007 4208 3657 4283; baseline -0.001 -16"><span class='ocrx_word' id='word_1_682' title='bbox 2007 4211 2254 4283; x_wconf 86' lang='lat' dir='ltr'>Richolt,</span> <span class='ocrx_word' id='word_1_683' title='bbox 2292 4212 2425 4267; x_wconf 91' lang='lat' dir='ltr'>item</span> <span class='ocrx_word' id='word_1_684' title='bbox 2444 4210 2702 4282; x_wconf 83' lang='lat' dir='ltr'>Rihholt,</span> <span class='ocrx_word' id='word_1_685' title='bbox 2721 4211 2848 4281; x_wconf 87' lang='lat' dir='ltr'>Ato,</span> <span class='ocrx_word' id='word_1_686' title='bbox 2871 4211 3128 4282; x_wconf 88' lang='lat' dir='ltr'>Gammo,</span> <span class='ocrx_word' id='word_1_687' title='bbox 3154 4208 3385 4282; x_wconf 88' lang='lat' dir='ltr'>Egilolf,</span> <span class='ocrx_word' id='word_1_688' title='bbox 3412 4210 3657 4282; x_wconf 83' lang='lat' dir='ltr'>Helfrih,</span> 
     </span>
    </p>
   </div>
   <div class='ocr_carea' id='block_1_105' title="bbox 2008 4298 3654 4372">
    <p class='ocr_par' dir='ltr' id='par_1_105' title="bbox 2008 4298 3654 4372">
     <span class='ocr_line' id='line_1_105' title="bbox 2008 4298 3654 4372; baseline -0.001 -17"><span class='ocrx_word' id='word_1_689' title='bbox 2008 4301 2334 4372; x_wconf 88' lang='lat' dir='ltr'>Faramunt,</span> <span class='ocrx_word' id='word_1_690' title='bbox 2363 4298 2659 4370; x_wconf 88' lang='lat' dir='ltr'>Waldger,</span> <span class='ocrx_word' id='word_1_691' title='bbox 2691 4298 3016 4369; x_wconf 85' lang='lat' dir='ltr'>Liutprant,</span> <span class='ocrx_word' id='word_1_692' title='bbox 3046 4298 3329 4370; x_wconf 89' lang='lat' dir='ltr'>Liuthart,</span> <span class='ocrx_word' id='word_1_693' title='bbox 3355 4298 3654 4370; x_wconf 87' lang='lat' dir='ltr'>Rihmunt,</span> 
     </span>
    </p>
   </div>
   <div class='ocr_carea' id='block_1_106' title="bbox 1603 4386 3653 4484">
    <p class='ocr_par' dir='ltr' id='par_1_106' title="bbox 1603 4386 3653 4484">
     <span class='ocr_line' id='line_1_106' title="bbox 1603 4386 3653 4484; baseline -0.005 -31"><span class='ocrx_word' id='word_1_694' title='bbox 2009 4389 2325 4484; x_wconf 51' lang='lat' dir='ltr'>ljerehtrih,</span> <span class='ocrx_word' id='word_1_695' title='bbox 2369 4390 2569 4484; x_wconf 28' lang='lat' dir='ltr'>lFreso,</span> <span class='ocrx_word' id='word_1_696' title='bbox 2648 4387 2964 4461; x_wconf 88' lang='lat' dir='ltr'>Reginhoh,</span> <span class='ocrx_word' id='word_1_697' title='bbox 3038 4386 3276 4458; x_wconf 80' lang='lat' dir='ltr'>Rasl‘olt,</span> <span class='ocrx_word' id='word_1_698' title='bbox 3349 4387 3653 4460; x_wconf 88' lang='lat' dir='ltr'>Nordheri,</span> 
     </span>
    </p>
   </div>
   <div class='ocr_carea' id='block_1_107' title="bbox 2006 4476 2486 4550">
    <p class='ocr_par' dir='ltr' id='par_1_107' title="bbox 2006 4476 2486 4550">
     <span class='ocr_line' id='line_1_107' title="bbox 2006 4476 2486 4550; baseline 0.004 -18"><span class='ocrx_word' id='word_1_699' title='bbox 2006 4476 2338 4550; x_wconf 89' lang='lat' dir='ltr'>Gregorius,</span> <span class='ocrx_word' id='word_1_700' title='bbox 2369 4479 2486 4550; x_wconf 64' lang='lat' dir='ltr'>lete.</span> 
     </span>
    </p>
   </div>
   <div class='ocr_carea' id='block_1_108' title="bbox 2004 4601 3653 4674">
    <p class='ocr_par' dir='ltr' id='par_1_108' title="bbox 2004 4601 3653 4674">
     <span class='ocr_line' id='line_1_108' title="bbox 2004 4601 3653 4674; baseline -0.001 -15"><span class='ocrx_word' id='word_1_701' title='bbox 2004 4604 2130 4659; x_wconf 75' lang='lat' dir='ltr'>CAP.</span> <span class='ocrx_word' id='word_1_702' title='bbox 2156 4603 2253 4659; x_wconf 87' lang='lat' dir='ltr'>IX.</span> <span class='ocrx_word' id='word_1_703' title='bbox 2273 4632 2348 4644; x_wconf 90' lang='lat'>—</span> <span class='ocrx_word' id='word_1_704' title='bbox 2369 4602 2723 4658; x_wconf 79' lang='lat' dir='ltr'>Commutatio</span> <span class='ocrx_word' id='word_1_705' title='bbox 2742 4603 2884 4658; x_wconf 83' lang='lat' dir='ltr'>inter</span> <span class='ocrx_word' id='word_1_706' title='bbox 2901 4601 3319 4657; x_wconf 80' lang='lat' dir='ltr'>Ambrichonem</span> <span class='ocrx_word' id='word_1_707' title='bbox 3347 4603 3653 4674; x_wconf 80' lang='lat' dir='ltr'>episcopum</span> 
     </span>
    </p>
   </div>
   <div class='ocr_carea' id='block_1_109' title="bbox 2467 4675 3187 4744">
    <p class='ocr_par' dir='ltr' id='par_1_109' title="bbox 2467 4675 3187 4744">
     <span class='ocr_line' id='line_1_109' title="bbox 2467 4675 3187 4744; baseline -0.003 -14"><span class='ocrx_word' id='word_1_708' title='bbox 2467 4679 2516 4730; x_wconf 82' lang='lat' dir='ltr'>et</span> <span class='ocrx_word' id='word_1_709' title='bbox 2536 4676 2912 4744; x_wconf 81' lang='lat' dir='ltr'>Engilpertum</span> <span class='ocrx_word' id='word_1_710' title='bbox 2931 4675 3187 4730; x_wconf 83' lang='lat' dir='ltr'>comitem.</span> 
     </span>
    </p>
   </div>
   <div class='ocr_carea' id='block_1_110' title="bbox 2076 4780 3652 4856">
    <p class='ocr_par' dir='ltr' id='par_1_110' title="bbox 2076 4780 3652 4856">
     <span class='ocr_line' id='line_1_110' title="bbox 2076 4780 3652 4856; baseline 0.002 -18"><span class='ocrx_word' id='word_1_711' title='bbox 2076 4781 2345 4838; x_wconf 90' lang='lat' dir='ltr'>Omnium</span> <span class='ocrx_word' id='word_1_712' title='bbox 2364 4781 2587 4838; x_wconf 87' lang='lat' dir='ltr'>noverit</span> <span class='ocrx_word' id='word_1_713' title='bbox 2604 4781 2892 4838; x_wconf 85' lang='lat' dir='ltr'>industria</span> <span class='ocrx_word' id='word_1_714' title='bbox 2915 4780 3170 4837; x_wconf 75' lang='lat' dir='ltr'>ﬁdelium</span> <span class='ocrx_word' id='word_1_715' title='bbox 3206 4781 3652 4856; x_wconf 88' lang='lat' dir='ltr'>quibuscunque</span> 
     </span>
    </p>
   </div>
   <div class='ocr_carea' id='block_1_111' title="bbox 2009 4869 3656 4943">
    <p class='ocr_par' dir='ltr' id='par_1_111' title="bbox 2009 4869 3656 4943">
     <span class='ocr_line' id='line_1_111' title="bbox 2009 4869 3656 4943; baseline 0.002 -15"><span class='ocrx_word' id='word_1_716' title='bbox 2009 4885 2106 4942; x_wconf 89' lang='lat' dir='ltr'>per</span> <span class='ocrx_word' id='word_1_717' title='bbox 2135 4871 2310 4943; x_wconf 90' lang='lat' dir='ltr'>hujus</span> <span class='ocrx_word' id='word_1_718' title='bbox 2329 4870 2605 4928; x_wconf 66' lang='lat' dir='ltr'>chartulae</span> <span class='ocrx_word' id='word_1_719' title='bbox 2623 4869 2995 4926; x_wconf 89' lang='lat' dir='ltr'>assertionem</span> <span class='ocrx_word' id='word_1_720' title='bbox 3015 4870 3413 4929; x_wconf 82' lang='lat' dir='ltr'>manifestetur</span> <span class='ocrx_word' id='word_1_721' title='bbox 3443 4873 3656 4931; x_wconf 86' lang='lat' dir='ltr'>intelli-</span> 
     </span>
    </p>
   </div>
   <div class='ocr_carea' id='block_1_112' title="bbox 2007 4959 3649 5035">
    <p class='ocr_par' dir='ltr' id='par_1_112' title="bbox 2007 4959 3649 5035">
     <span class='ocr_line' id='line_1_112' title="bbox 2007 4959 3649 5035; baseline 0.002 -17"><span class='ocrx_word' id='word_1_722' title='bbox 2007 4962 2198 5035; x_wconf 88' lang='lat' dir='ltr'>gentia</span> <span class='ocrx_word' id='word_1_723' title='bbox 2230 4961 2480 5033; x_wconf 89' lang='lat' dir='ltr'>qualiter</span> <span class='ocrx_word' id='word_1_724' title='bbox 2504 4973 2750 5032; x_wconf 67' lang='lat' dir='ltr'>praesens</span> <span class='ocrx_word' id='word_1_725' title='bbox 2785 4959 3194 5033; x_wconf 89' lang='lat' dir='ltr'>(commutatio)</span> <span class='ocrx_word' id='word_1_726' title='bbox 3225 4976 3326 5031; x_wconf 90' lang='lat' dir='ltr'>pro</span> <span class='ocrx_word' id='word_1_727' title='bbox 3354 4963 3649 5021; x_wconf 89' lang='lat' dir='ltr'>ambarum</span> 
     </span>
    </p>
   </div>
   <div class='ocr_carea' id='block_1_113' title="bbox 2009 5051 3652 5125">
    <p class='ocr_par' dir='ltr' id='par_1_113' title="bbox 2009 5051 3652 5125">
     <span class='ocr_line' id='line_1_113' title="bbox 2009 5051 3652 5125; baseline 0.004 -18"><span class='ocrx_word' id='word_1_728' title='bbox 2009 5051 2262 5108; x_wconf 90' lang='lat' dir='ltr'>utilitate</span> <span class='ocrx_word' id='word_1_729' title='bbox 2307 5051 2556 5122; x_wconf 88' lang='lat' dir='ltr'>partium</span> <span class='ocrx_word' id='word_1_730' title='bbox 2594 5055 2817 5120; x_wconf 87' lang='lat' dir='ltr'>peracta</span> <span class='ocrx_word' id='word_1_731' title='bbox 2865 5051 2975 5106; x_wconf 91' lang='lat' dir='ltr'>sit:</span> <span class='ocrx_word' id='word_1_732' title='bbox 3013 5065 3139 5121; x_wconf 64' lang='lat' dir='ltr'>quae</span> <span class='ocrx_word' id='word_1_733' title='bbox 3167 5051 3340 5108; x_wconf 88' lang='lat' dir='ltr'>etiam</span> <span class='ocrx_word' id='word_1_734' title='bbox 3385 5053 3652 5125; x_wconf 88' lang='lat' dir='ltr'>liquidis-</span> 
     </span>
    </p>
   </div>
   <div class='ocr_carea' id='block_1_114' title="bbox 2006 5139 3653 5211">
    <p class='ocr_par' dir='ltr' id='par_1_114' title="bbox 2006 5139 3653 5211">
     <span class='ocr_line' id='line_1_114' title="bbox 2006 5139 3653 5211; baseline 0.007 -15"><span class='ocrx_word' id='word_1_735' title='bbox 2006 5141 2150 5197; x_wconf 91' lang='lat' dir='ltr'>sima</span> <span class='ocrx_word' id='word_1_736' title='bbox 2181 5139 2501 5196; x_wconf 90' lang='lat' dir='ltr'>intellectui</span> <span class='ocrx_word' id='word_1_737' title='bbox 2526 5140 2790 5198; x_wconf 89' lang='lat' dir='ltr'>consistit</span> <span class='ocrx_word' id='word_1_738' title='bbox 2813 5139 3287 5211; x_wconf 90' lang='lat' dir='ltr'>subsequentium</span> <span class='ocrx_word' id='word_1_739' title='bbox 3317 5148 3520 5205; x_wconf 92' lang='lat' dir='ltr'>ordine</span> <span class='ocrx_word' id='word_1_740' title='bbox 3545 5151 3653 5207; x_wconf 91' lang='lat' dir='ltr'>lit-</span> 
     </span>
    </p>
   </div>
   <div class='ocr_carea' id='block_1_115' title="bbox 2006 5229 3654 5307">
    <p class='ocr_par' dir='ltr' id='par_1_115' title="bbox 2006 5229 3654 5307">
     <span class='ocr_line' id='line_1_115' title="bbox 2006 5229 3654 5307; baseline 0.006 -20"><span class='ocrx_word' id='word_1_741' title='bbox 2006 5237 2276 5287; x_wconf 88' lang='lat' dir='ltr'>terarum.</span> <span class='ocrx_word' id='word_1_742' title='bbox 2305 5232 2387 5286; x_wconf 88' lang='lat' dir='ltr'>Ita</span> <span class='ocrx_word' id='word_1_743' title='bbox 2422 5229 2604 5302; x_wconf 90' lang='lat' dir='ltr'>igitur</span> <span class='ocrx_word' id='word_1_744' title='bbox 2631 5231 2982 5301; x_wconf 83' lang='lat' dir='ltr'>Engilpertus</span> <span class='ocrx_word' id='word_1_745' title='bbox 3012 5245 3200 5290; x_wconf 92' lang='lat' dir='ltr'>comes</span> <span class='ocrx_word' id='word_1_746' title='bbox 3227 5248 3427 5307; x_wconf 89' lang='lat' dir='ltr'>magna</span> <span class='ocrx_word' id='word_1_747' title='bbox 3456 5239 3654 5298; x_wconf 89' lang='lat' dir='ltr'>subli-</span> 
     </span>
    </p>
   </div>
   <div class='ocr_carea' id='block_1_116' title="bbox 2007 5319 3646 5399">
    <p class='ocr_par' dir='ltr' id='par_1_116' title="bbox 2007 5319 3646 5399">
     <span class='ocr_line' id='line_1_116' title="bbox 2007 5319 3646 5399; baseline 0.006 -23"><span class='ocrx_word' id='word_1_748' title='bbox 2007 5325 2194 5377; x_wconf 91' lang='lat' dir='ltr'>matus</span> <span class='ocrx_word' id='word_1_749' title='bbox 2232 5319 2561 5390; x_wconf 72' lang='lat' dir='ltr'>praastantia</span> <span class='ocrx_word' id='word_1_750' title='bbox 2588 5320 2829 5377; x_wconf 89' lang='lat' dir='ltr'>tradidit</span> <span class='ocrx_word' id='word_1_751' title='bbox 2848 5321 2916 5377; x_wconf 90' lang='lat' dir='ltr'>ad</span> <span class='ocrx_word' id='word_1_752' title='bbox 2940 5328 3198 5379; x_wconf 90' lang='lat' dir='ltr'>sanctum</span> <span class='ocrx_word' id='word_1_753' title='bbox 3220 5325 3320 5380; x_wconf 90' lang='lat' dir='ltr'>Dei</span> <span class='ocrx_word' id='word_1_754' title='bbox 3346 5332 3646 5399; x_wconf 84' lang='lat' dir='ltr'>martyrem</span> 
     </span>
    </p>
   </div>
   <div class='ocr_carea' id='block_1_117' title="bbox 2004 5411 3648 5487">
    <p class='ocr_par' dir='ltr' id='par_1_117' title="bbox 2004 5411 3648 5487">
     <span class='ocr_line' id='line_1_117' title="bbox 2004 5411 3648 5487; baseline 0.005 -21"><span class='ocrx_word' id='word_1_755' title='bbox 2004 5412 2477 5467; x_wconf 86' lang='lat' dir='ltr'>Emmerammum</span> <span class='ocrx_word' id='word_1_756' title='bbox 2498 5411 2866 5481; x_wconf 88' lang='lat' dir='ltr'>proprietatis</span> <span class='ocrx_word' id='word_1_757' title='bbox 2885 5427 3002 5468; x_wconf 70' lang='lat' dir='ltr'>suae</span> <span class='ocrx_word' id='word_1_758' title='bbox 3022 5414 3093 5470; x_wconf 92' lang='lat' dir='ltr'>de</span> <span class='ocrx_word' id='word_1_759' title='bbox 3109 5413 3251 5470; x_wconf 89' lang='lat' dir='ltr'>silva</span> <span class='ocrx_word' id='word_1_760' title='bbox 3276 5415 3476 5487; x_wconf 87' lang='lat' dir='ltr'>jugera</span> <span class='ocrx_word' id='word_1_761' title='bbox 3501 5430 3648 5475; x_wconf 81' lang='lat' dir='ltr'>cxxx</span> 
     </span>
    </p>
   </div>
   <div class='ocr_carea' id='block_1_118' title="bbox 2009 5499 3647 5573">
    <p class='ocr_par' dir='ltr' id='par_1_118' title="bbox 2009 5499 3647 5573">
     <span class='ocr_line' id='line_1_118' title="bbox 2009 5499 3647 5573; baseline 0.005 -18"><span class='ocrx_word' id='word_1_762' title='bbox 2009 5501 2069 5556; x_wconf 93' lang='lat' dir='ltr'>in</span> <span class='ocrx_word' id='word_1_763' title='bbox 2096 5499 2220 5556; x_wconf 93' lang='lat' dir='ltr'>loco</span> <span class='ocrx_word' id='word_1_764' title='bbox 2252 5499 2459 5572; x_wconf 82' lang='lat' dir='ltr'>Atinga</span> <span class='ocrx_word' id='word_1_765' title='bbox 2502 5506 2850 5573; x_wconf 87' lang='lat' dir='ltr'>nuncupato,</span> <span class='ocrx_word' id='word_1_766' title='bbox 2887 5501 2947 5556; x_wconf 91' lang='lat' dir='ltr'>in</span> <span class='ocrx_word' id='word_1_767' title='bbox 2978 5516 3206 5559; x_wconf 88' lang='lat' dir='ltr'>manum</span> <span class='ocrx_word' id='word_1_768' title='bbox 3238 5502 3647 5563; x_wconf 84' lang='lat' dir='ltr'>Ambricbonis</span> 
     </span>
    </p>
   </div>
   <div class='ocr_carea' id='block_1_119' title="bbox 2006 5589 3651 5662">
    <p class='ocr_par' dir='ltr' id='par_1_119' title="bbox 2006 5589 3651 5662">
     <span class='ocr_line' id='line_1_119' title="bbox 2006 5589 3651 5662; baseline 0.004 -15"><span class='ocrx_word' id='word_1_769' title='bbox 2006 5589 2350 5648; x_wconf 88' lang='lat' dir='ltr'>venerabilis</span> <span class='ocrx_word' id='word_1_770' title='bbox 2378 5589 2634 5662; x_wconf 80' lang='lat' dir='ltr'>episcOpi</span> <span class='ocrx_word' id='word_1_771' title='bbox 2663 5593 2721 5646; x_wconf 89' lang='lat' dir='ltr'>et</span> <span class='ocrx_word' id='word_1_772' title='bbox 2747 5590 3005 5648; x_wconf 88' lang='lat' dir='ltr'>advocati</span> <span class='ocrx_word' id='word_1_773' title='bbox 3057 5590 3182 5658; x_wconf 88' lang='lat' dir='ltr'>ejus</span> <span class='ocrx_word' id='word_1_774' title='bbox 3228 5592 3560 5649; x_wconf 83' lang='lat' dir='ltr'>Wicrammi.</span> <span class='ocrx_word' id='word_1_775' title='bbox 3607 5597 3651 5654; x_wconf 85' lang='lat' dir='ltr'><strong>E</strong></span> 
     </span>
    </p>
   </div>
   <div class='ocr_carea' id='block_1_120' title="bbox 3366 5687 3438 5747">
    <p class='ocr_par' dir='ltr' id='par_1_120' title="bbox 3366 5687 3438 5747">
     <span class='ocr_line' id='line_1_120' title="bbox 3366 5687 3438 5747; baseline 0 0"><span class='ocrx_word' id='word_1_776' title='bbox 3366 5687 3438 5747; x_wconf 78' lang='grc'>29</span> 
     </span>
    </p>
   </div>
  </div>
