4058 6154
505 277 611 338 907

1535 274 1854 334 ANAMODI
1892 273 2422 338 RATISPONBNSIS
2457 275 2868 335 SUBDIACONI

3745 281 3830 342 908

511 409 710 463 contra
750 415 882 460 vero
921 401 1259 474 magniﬁcus
1302 400 1520 486 praesul
1565 401 1803 472 ejusque
1846 401 2153 458 advocatus
2176 401 2238 463 A
2260 405 2355 459 tur
2380 402 2672 474 Rorpahei
2701 402 3295 473 remittereturusque
3317 402 3386 459 ad
3414 402 3574 461 ﬁnem
3593 406 3708 464 vita:
3728 425 3833 483 suae,

513 495 822 566 praedictus
868 493 938 549 de
985 491 1154 548 rebus
1197 491 1379 548 sancti
1411 490 1807 547 Emmerammi
1855 491 1914 545 in
1958 490 2152 546 eodem

513 586 636 643 loco
659 583 1021 640 tradiderunt
1043 581 1376 653 supradicto
1395 580 1594 638 comiti
1620 579 1952 652 Engilberto
1976 585 2157 650 prato-

515 689 642 731 rum
668 674 1058 745 jugera-xxw,
1089 671 1149 727 in
1183 669 1476 741 pr0prium
1508 669 1916 740 perpetualiter
1955 668 2159 724 haben-

512 766 668 821 dum.
725 762 827 818 lsti
866 766 1054 819 autem
1107 764 1244 817 sunt
1286 764 1458 816 testes
1489 758 1586 830 qui
1634 759 1740 815 hoc
1786 758 2054 814 viderunt
2103 762 2159 814 et

514 854 852 911 audierunt:
889 850 1171 922 Framrih,
1202 850 1469 921 Wichad,
1503 848 1796 921 Pernhart,
1828 848 2154 920 Perehtgoz,

512 946 722 1010 Nanzo,
767 940 1084 1012 Egilpreht,
1140 939 1484 1011 Engilhelm,
1525 938 1801 1010 Helmrih,
1844 937 2156 1008 Hartnand,

515 1031 832 1100 Gatabelm,
873 1028 1121 1096 Plidker,
1162 1026 1519 1097 Gotascalch,
1550 1031 1654 1082 etc.

513 1161 640 1218 CAP.
675 1158 745 1213 X.
768 1187 842 1198 —
871 1155 1224 1211 Commutatio
1244 1155 1387 1207 inter
1403 1152 1822 1207 Ambrichonem
1852 1153 2159 1222 episcopum

940 1230 990 1280 et
1009 1224 1324 1280 Alawihum
1337 1224 1730 1294 presbyterum.

585 1338 900 1393 Fructuosa
951 1333 1115 1389 valde
1165 1337 1220 1388 et
1281 1331 1518 1388 honesta
1571 1345 1636 1387 ac
1690 1331 1934 1388 nimium
1993 1331 2161 1388 utilis

513 1426 865 1484 consuetudo
895 1423 1034 1480 olim
1071 1423 1222 1477 inter
1265 1421 1524 1477 homines
1565 1421 1872 1477 inoleverat
1897 1434 2161 1477 commu-

513 1517 672 1573 tandi
701 1515 969 1571 videlicet
1004 1526 1092 1568 res
1125 1511 1395 1582 quasdam
1436 1524 1536 1581 pro
1568 1510 1862 1566 ambarum
1902 1523 2161 1566 commo-

511 1607 690 1662 ditate
715 1603 983 1674 partium.
1025 1603 1104 1657 Eo
1128 1601 1308 1672 igitur
1339 1607 1532 1656 tenore
1555 1613 1622 1655 ac
1652 1600 1872 1656 ratione
1902 1601 2158 1670 quaedam

510 1692 882 1749 commutatio
903 1689 1169 1746 convenit
1195 1690 1344 1745 inter
1363 1688 1800 1744 Ambrichonem
1822 1687 2160 1760 Reginensis

508 1781 776 1839 Ecclesiae
818 1779 1196 1836 venerabilem
1237 1779 1586 1849 episcopum,
1629 1783 1685 1834 et
1735 1778 2033 1848 quemdam
2066 1791 2161 1834 no-

508 1871 683 1927 bilem
717 1868 1126 1940 presbyterum,
1181 1868 1521 1938 Alawihum,
1577 1867 1986 1923 cancellarium
2039 1867 2161 1922 Ro-

507 1960 666 2017 doldi
699 1958 930 2015 comitis
959 1957 1284 2013 venerandi.
1317 1956 1580 2012 Tradidit
1611 1969 1855 2027 namque
1887 1955 2160 2026 praefatus

507 2048 801 2120 presbyter
849 2047 1064 2117 pariter
1088 2060 1217 2102 cum
1249 2059 1353 2101 suo
1379 2046 1649 2101 advocato
1681 2045 1740 2101 in
1773 2059 2000 2101 manum
2027 2046 2160 2116 epi-

506 2138 662 2208 scopi
693 2143 750 2193 et
777 2136 1034 2193 advocati
1085 2135 1210 2204 ejus
1240 2135 1512 2191 Immonis
1549 2135 1718 2190 talem
1752 2135 2155 2205 proprietatem

506 2233 572 2284 ut
625 2227 828 2284 habuit
883 2227 952 2282 ad
1006 2225 1304 2295 Ottarpah,
1365 2225 1514 2281 nihil
1581 2224 1996 2297 extramittens,
2059 2225 2154 2281 sed

503 2323 684 2376 totum
725 2331 792 2372 ex
836 2317 1057 2387 integro
1092 2315 1149 2370 in
1186 2319 1514 2384 potestatem
1543 2315 1725 2370 sancti
1756 2315 2153 2370 Emmerammi

504 2406 928 2464 transfundens.
956 2407 1024 2460 Et
1045 2404 1113 2459 ad
1134 2402 1446 2459 Hacinhot‘a
1470 2417 1658 2459 aream
1683 2417 1851 2459 unam
1873 2409 1929 2459 et
1951 2404 2153 2475 jugera

499 2498 631 2553 duo.
658 2498 699 2550 E
715 2499 912 2551 contra
939 2505 1068 2548 vero
1092 2493 1333 2549 tradidit
1360 2492 1668 2563 praedictus
1693 2495 1866 2547 Immo
1890 2506 2002 2548 una
2021 2507 2151 2549 cum

500 2584 768 2653 episcopo
801 2583 917 2651 jam
967 2581 1123 2637 dicto
1164 2595 1231 2636 ex
1259 2581 1429 2636 rebus
1458 2580 1511 2634 S.
1548 2581 1947 2635 Emmerammi
1981 2580 2150 2635 talem

501 2670 904 2742 proprietatem
936 2675 1000 2724 ut
1031 2671 1218 2738 Poppo
1245 2669 1528 2739 quondam
1553 2669 1622 2724 ad
1652 2672 1910 2724 sanctum
1938 2670 2154 2724 Emme-

499 2771 779 2813 rammum
811 2755 1164 2812 contradidit
1192 2756 1251 2810 in
1293 2756 1414 2810 loco
1447 2760 1812 2824 nuncupante
1841 2755 2148 2828 l-lolzhusa,

493 2846 750 2903 Alawiho
780 2845 1005 2900 scilicet
1038 2845 1096 2898 in
1131 2843 1532 2913 proprietatem
1548 2844 1680 2914 jure
1712 2849 1982 2914 perpetuo
2010 2859 2150 2914 pos-

495 2935 814 3005 sidendam,
848 2933 997 2989 nihil
1025 2933 1438 3003 extramittens,
1467 2933 1561 2989 sed
1596 2937 1778 2988 totum
1809 2946 1876 2988 ex
1905 2933 2146 3005 integro,

495 3024 680 3092 silvis,
705 3023 906 3094 pratis,
940 3022 1190 3094 pascuis,
1214 3023 1405 3093 aquis,
1441 3035 1838 3094 aquarumque
1879 3023 2153 3079 decursi—

2261 496 2401 549 etut
2431 498 2557 563 post
2582 492 2804 549 obitum
2846 507 3016 550 suum
3053 492 3247 548 eadem
3285 493 3589 564 proprietas
3618 507 3835 569 perpetuo

2258 583 2388 652 jure
2418 582 2480 637 in
2537 587 2811 652 potestate
2847 582 2900 637 S.
2955 582 3349 637 Emmerammi
3399 592 3716 652 permaneret
3754 605 3836 647 una

2263 685 2393 727 cum
2426 671 2527 728 illa
2559 672 2799 742 pecunia
2839 685 3006 742 quam
3029 671 3302 741 donavit;
3343 672 3399 728 id
3424 677 3534 728 est:
3579 675 3710 731 calix
3739 693 3836 736 cum

2267 764 2467 830 patena
2518 766 2758 832 argent,
2810 761 3126 817 Lectionar.
3182 775 3245 830 11,
3305 762 3514 818 Missal.
3567 777 3622 834 11,
3673 765 3836 824 librum

2266 848 2672 921 Homeliarum,
2717 850 2945 906 Gradal.
2981 864 3045 914 11,
3080 851 3409 906 Nocturnal.
3458 865 3519 914 11,
3547 851 3638 907 lib.
3665 854 3778 911 (Ian.
3807 873 3837 921 1,

2267 938 2606 996 Psalterium
2634 953 2674 1004 1,
2701 940 2956 996 Passion.
2993 954 3058 1012 ιι,
3084 938 3336 996 Oﬁiciale
3368 954 3408 1012 1,
3437 941 3787 1001 Collectarium
3808 962 3837 1018 1,

2267 1028 2733 1085 Poenitentialer:
2787 1042 3011 1086 servum
3055 1029 3323 1086 videlicet
3363 1033 3419 1085 et
3463 1031 3721 1099 ancillam,
3761 1035 3840 1092 hoc

2267 1122 2372 1187 est,
2403 1117 2662 1173 Adalhoh
2693 1123 2748 1174 et
2779 1119 2970 1189 Imma,
2999 1117 3202 1174 cavalli
3235 1131 3312 1189 v1,
3345 1123 3401 1174 et
3425 1117 3568 1175 fetus
3595 1120 3682 1190 qui
3708 1135 3762 1176 ex
3779 1124 3841 1179 eis

2268 1211 2396 1276 post
2421 1205 2624 1262 factam
2665 1207 3030 1264 donationem
3062 1206 3259 1277 fuerit,
3311 1208 3372 1262 in
3425 1208 3522 1264 illa
3561 1211 3841 1279 proprietate

2268 1308 2397 1350 cum
2431 1296 2653 1350 caeteris
2691 1295 2961 1351 omnibus
2987 1297 3056 1352 ad
3090 1309 3235 1366 saepe
3273 1295 3489 1351 dictum
3520 1304 3745 1354 sanctum
3769 1301 3841 1355 Dei

2270 1389 2570 1454 martyrem
2614 1384 2903 1440 stabiliter
2948 1384 3300 1454 ﬁrmiterque
3335 1385 3654 1454 pertineant.
3679 1388 3845 1456 Quate-

2268 1487 2378 1529 nus
2404 1472 2522 1529 haec
2551 1474 2977 1544 complacitatio
3019 1474 3236 1529 ﬁrmior
3263 1473 3380 1545 ﬁat,
3413 1479 3576 1530 testes
3605 1490 3690 1545 per
3718 1490 3846 1534 aures

2268 1563 2436 1619 tracti
2459 1568 2595 1619 sunt
2611 1578 2855 1634 quorum
2868 1563 3100 1620 nomina
3117 1563 3560 1634 subsequentur:
3584 1565 3845 1637 Heriperht,

2266 1653 2401 1725 Avo,
2447 1653 2688 1725 Helt‘rih,
2728 1654 2918 1723 Jacob,
2966 1652 3330 1722 Erchant‘rid,
3379 1653 3509 1710 item
3555 1655 3720 1727 Jacob,
3749 1655 3848 1712 Sal-

2188 1723 2418 1814 Bmon,
2477 1723 2788 1814 Sigiperht,
2847 1742 3258 1814 Erchanperht,
3290 1743 3498 1815 “Rupe,
3553 1723 3846 1815 Cundachar,

2266 1831 2647 1904 Erchanpold,
2673 1832 2800 1904 Oto,
2840 1831 3106 1888 Nidhart.

2265 1959 2391 2015 CAP.
2443 1960 2564 2016 XII.
2595 1989 2669 2000 —
2697 1957 3052 2031 Commutatio
3079 1960 3223 2013 inter
3263 1959 3578 2013 Baturicum
3605 1961 3848 2031 episcopum

2728 2035 2778 2084 et
2807 2030 3144 2099 Sigimodum
3183 2031 3454 2085 abbatem.

2336 2139 2638 2209 Postquam
2680 2137 3034 2194 orthodoxus
3066 2137 3156 2193 vir
3185 2144 3398 2194 sancta
3429 2138 3689 2194 memoriae
3714 2140 3849 2194 Batu-

2269 2227 2423 2283 ricus
2463 2227 2767 2298 episcopus
2805 2232 2862 2283 et
2899 2227 3281 2298 Sigimundus
3329 2227 3500 2283 abbas
3538 2232 3712 2283 mutua
3739 2228 3849 2284 inter

2264 2330 2323 2372 se
2361 2317 2732 2373 conventione
2777 2315 2922 2372 facta
2976 2315 3087 2372 tale
3117 2316 3514 2372 concambium
3547 2315 3780 2386 fecerunt,
3805 2322 3846 2371 ut

2266 2404 2413 2460 idem
2452 2404 2798 2461 venerabilis
2843 2404 3049 2475 praesul
3091 2405 3201 2475 ipsi
3235 2405 3434 2461 abbati
3480 2405 3534 2460 in
3573 2404 3847 2461 beneﬁcium

2261 2494 2580 2550 concambii
2607 2495 2891 2550 concessit
2920 2508 3112 2551 servos
3153 2509 3304 2564 quos
3338 2495 3570 2550 habebat
3595 2495 3656 2550 ad
3693 2494 3849 2549 Perin-

2258 2583 2405 2654 dorf,
2446 2589 2502 2639 et
2538 2584 2713 2639 abbas
2742 2597 2772 2639 e
2809 2598 3006 2640 contra
3044 2585 3282 2640 donavit
3328 2585 3474 2656 quod
3517 2584 3608 2640 ille
3637 2583 3846 2654 posside—

2261 2673 2356 2729 bat
2387 2675 2551 2743 juxta
2583 2674 2795 2730 ﬁuenta
2844 2673 3086 2729 Labarze.
3129 2674 3408 2746 Contigit,
3437 2688 3502 2729 ex
3537 2679 3676 2744 parte
3699 2673 3847 2743 Sigis—

2261 2763 2478 2829 mundi,
2519 2768 2580 2818 ut
2609 2763 2756 2819 servi
2786 2777 2929 2834 quos
2954 2763 3064 2832 ipsi
3093 2763 3404 2832 episcopus
3431 2764 3486 2818 in
3516 2761 3844 2818 concambium

2257 2852 2415 2908 dedit
2457 2853 2732 2921 injuriam
2772 2853 3143 2923 sustinerent,
3185 2857 3240 2908 et
3271 2867 3424 2924 saepe
3449 2853 3777 2908 reclamarent
3795 2849 3843 2904 ad

2259 2940 2554 3010 praefatum
2583 2941 2909 3012 pontiﬁcem
2931 2959 2945 3012 ;
2974 2941 3240 3013 quamvis
3262 2941 3387 2997 haec
3407 2941 3560 2997 mitis
3577 2942 3706 2997 idem
3726 2938 3848 2994 audi-

2260 3035 2343 3084 ret
2368 3028 2692 3101 episcopus,
2727 3029 2912 3086 voluit
2953 3034 3141 3086 tamen
3187 3029 3602 3087 dissensionem
3628 3028 3845 3094 devitarc,

490 3112 599 3168 bus
640 3091 958 3168 ert—viarum
1000 3091 1326 3168 redditibus
1363 3091 1681 3168 fortissimo
1726 3091 1921 3168 tenore
1952 3119 2150 3168 trans—
2177 3091 2230 3157 CI
2259 3123 2314 3174 et
2339 3091 2420 3174 ad.
2439 3091 2626 3188 ipsum
2657 3091 2916 3174 abbatem
2949 3119 3107 3191 loqui
3134 3121 3362 3192 rogavit
3393 3124 3455 3177 ut
3481 3120 3674 3190 injuste
3698 3091 3850 3172 contu-

491 3201 661 3257 fudit.
713 3201 1024 3257 Vestitores
1071 3215 1203 3257 vero
1243 3200 1536 3271 Ratoldus,
1581 3205 1638 3256 et
1682 3202 2046 3259 Bcrehtricus
2096 3207 2152 3258 et

495 3293 673 3347 Immo
705 3288 959 3346 fuerunt.
1008 3291 1077 3346 Et
1127 3295 1192 3346 ut
1229 3291 1352 3346 hmo
1391 3291 1765 3347 commutatio
1816 3291 2035 3348 ﬁrmior
2090 3291 2150 3347 in

493 3386 829 3454 perpetuum
857 3386 912 3437 et
944 3381 1280 3436 inconvulsa
1322 3385 1694 3451 permaneret,
1730 3380 1948 3452 placuit
1979 3386 2150 3439 testes

495 3471 770 3529 adhibere
802 3484 1045 3541 quorum
1070 3470 1302 3526 nomina
1328 3475 1496 3526 sunt:
1530 3469 1731 3526 Albrat
1757 3485 1962 3542 comes,
1993 3471 2148 3544 Polo,

495 3561 790 3632 Cundpold
834 3574 1040 3629 comes,
1084 3561 1346 3631 llerrant,
1401 3560 1724 3632 Perehtrih,
1753 3560 1961 3630 Ratolt,
1988 3561 2149 3617 Snel-

498 3652 646 3721 hart,
691 3649 990 3716 Garaheri,
1034 3648 1404 3718 Reginperht,
1441 3648 1798 3719 Fridaperht,
1841 3649 2146 3722 Kepahart,

495 3739 814 3809 Somperht,
857 3736 1107 3802 Iiunrih,
1163 3736 1350 3805 llisso,
1394 3736 1669 3808 Helmger,
1725 3736 1962 3808 Hiltrih,
2010 3739 2153 3794 Gri-

501 3827 683 3897 muni,
711 3824 1006 3882 Gomerih.
1032 3824 1378 3894 Sigiwunds,
1401 3825 1732 3880 Cotascalch
1755 3839 1964 3897 comes,
1987 3827 2152 3883 Odal-

495 3913 641 3967 hart.
697 3912 900 3966 Actum
957 3914 1044 3965 est
1095 3915 1286 3965 autem
1327 3910 1387 3965 in
1451 3911 1684 3967 civitate
1733 3912 1950 3983 Regina
2001 3928 2150 3971 anno

492 3999 804 4056 Dominicae
845 3999 1265 4055 Incarnationis
1293 3996 1417 4068 874,
1461 3999 1779 4057 indictione
1809 3999 1860 4056 4.

495 4141 620 4197 CAP.
655 4141 753 4196 XI.
780 4171 853 4180 —
882 4140 1303 4215 Complacitatio
1331 4142 1918 4215 intergAmbrichonem
1939 4146 2152 4215 episco—

868 4228 1006 4282 pum
1035 4217 1085 4266 et
1111 4211 1427 4268 Baldricum
1457 4213 1767 4268 diaconum.

2262 3207 2486 3263 meliam
2519 3222 2629 3263 non
2663 3213 2993 3279 paterentur
3023 3210 3172 3266 servi
3199 3209 3271 3265 ab
3308 3225 3372 3267 eo
3405 3224 3542 3280 quos
3572 3209 3626 3264 in
3648 3219 3851 3263 concam-

2260 3298 2418 3354 bium
2445 3291 2681 3368 accepit.
2705 3299 2808 3354 Sed
2838 3303 3024 3354 tamen
3050 3300 3213 3356 nullo
3246 3300 3418 3357 modo
3440 3300 3576 3356 illud
3606 3296 3848 3354 emendare

2260 3386 2497 3442 volebat.
2532 3389 2677 3443 Dum
2705 3387 2822 3442 haec
2853 3388 2932 3443 ita
2958 3403 3018 3444 se
3050 3389 3347 3461 haberent,
3373 3389 3655 3446 Baturicus
3681 3385 3848 3456 episco-

2262 3477 2557 3546 pusjuxta
2605 3476 2881 3532 rationem
2935 3477 3276 3548 condignam
3337 3493 3446 3535 non
3496 3477 3665 3533 ferens
3701 3474 3845 3530 animo

2261 3567 2491 3636 injuria:
2519 3580 2746 3622 causam
2779 3581 3069 3623 servorum
3093 3581 3338 3624 suorum
3369 3568 3521 3625 venit
3545 3581 3660 3624 cum
3692 3560 3847 3620 amicis

2259 3660 2314 3710 et
2355 3655 2690 3712 hominibus
2741 3656 2810 3711 ad
2870 3657 3413 3726 supranominatum
3462 3658 3637 3713 vicum
3676 3653 3847 3710 obviam

2262 3743 2374 3813 ipsi
2415 3744 2626 3800 abbati.
2682 3747 2751 3800 Et
2798 3759 2928 3801 cum
2969 3747 3274 3818 sedissent,
3334 3746 3480 3802 facto
3510 3743 3720 3802 silentio
3755 3750 3848 3795 cum

2259 3833 2655 3889 convenientia
2686 3835 2986 3892 Baturicus
3015 3837 3220 3906 praesul
3257 3837 3513 3894 reddidit
3549 3835 3693 3906 prior
3709 3830 3847 3886 eidem

2259 3921 2449 3977 abbati
2505 3937 2634 3979 cum
2691 3922 2875 3980 ferula
2921 3939 3024 3980 sua
3078 3926 3480 3982 concambium
3530 3923 3666 3996 quod
3707 3919 3765 3974 ab
3799 3929 3848 3971 eo

2258 4011 2494 4082 accepit,
2523 4017 2579 4068 et
2598 4013 2773 4068 abbas
2810 4027 2940 4068 cum
2983 4013 3189 4070 baculo
3227 4030 3337 4072 suo
3363 4017 3552 4073 eodem
3583 4012 3724 4067 modo
3744 4005 3844 4063 redv

2258 4101 2413 4156 didit
2439 4102 2707 4172 episCOpo
2728 4103 3124 4160 concambium
3162 4106 3316 4175 quod
3349 4118 3479 4161 cum
3511 4103 3605 4160 illo
3633 4099 3845 4173 gesserat.

2259 4190 2327 4244 Et
2353 4189 2434 4244 sic
2474 4190 2748 4258 placitum
2791 4192 3133 4264 quandoque
3177 4207 3239 4249 se
3273 4194 3477 4250 habere
3505 4189 3846 4250 condixemnt;

2263 4285 2344 4350 ut,
2379 4280 2429 4334 si
2470 4281 2698 4350 quando
2730 4281 2867 4352 quid
2902 4282 3052 4338 inter
3077 4296 3136 4338 se
3165 4283 3236 4339 de
3267 4285 3461 4341 causis
3489 4282 3622 4352 ipsis
3652 4283 3850 4349 quaerere

569 4341 631 4396 In
661 4338 944 4442 creaturis
971 4336 1153 4409 igitur
1180 4338 1327 4442 nulli
1347 4337 1732 4442 animantium
1760 4339 1931 4439 datur
1948 4353 2150 4398 sensus
2181 4415 2235 4442 ἢ
2262 4336 2598 4439 voiuissém,
2653 4336 2763 4425 hoc‘
2781 4336 2786 4337 ί
2812 4374 2948 4426 tunc
2975 4336 3748 4442 ‘in'éapiltwgéﬁgt’ﬁmssént.
3788 4358 3847 4416 [bi

500 4433 872 4532 praestem,
911 4428 1375 4532 τεπηξιηειτεξιίιερέ
1411 4427 1794 4532 premium
1850 4443 2012 4530 esse
2181 4415 2236 4479 ι)
2263 4415 3666 4532 aea.g;“.;’.a;;;.l.;;"a.;;'samaras};

502 4519 724 4590 qualem
784 4517 988 4574 habeat
1034 4516 1413 4574 beatitudinis
1485 4516 1802 4586 portionem
1860 4519 1987 4575 sine
2043 4520 2152 4576 ﬁne

503 4609 784 4664 manentis
828 4621 929 4677 pro
963 4606 1129 4662 factis
1159 4605 1345 4675 bonis,
1387 4605 1499 4660 nisi
1535 4609 1755 4662 tantum
1783 4609 2020 4665 animali
2053 4624 2155 4667 ra-

503 4697 658 4751 tione
696 4695 943 4766 degenti,
990 4695 1046 4749 id
1087 4699 1172 4750 est
1204 4694 1443 4749 homini.
1479 4697 1630 4751 lianc
1663 4695 1845 4767 igitur
1875 4698 2154 4756 ecclesia-

505 4784 688 4839 sticus
707 4783 814 4854 vir,
841 4783 1070 4838 nomine
1088 4782 1405 4855 Baldricus,
1437 4797 1546 4840 non
1577 4789 1662 4840 est
1678 4785 1896 4842 oblitus
1913 4788 2154 4844 sensibi.

506 4872 747 4943 litatem,
793 4873 887 4928 sed
942 4872 1104 4928 valde
1151 4872 1375 4930 utiliter
1423 4875 1492 4930 de
1546 4873 1741 4931 futura
1781 4877 1988 4934 animae
2037 4893 2154 4935 suae

508 4961 760 5017 mercede
812 4962 1216 5034 prachgitabat
1269 4964 1638 5020 considerans
1684 4965 1948 5022 divinum
2003 4969 2152 5039 quod

507 5050 682 5107 dicit:
713 5051 846 5106 Date
873 5056 1093 5108 terrena
1134 5058 1198 5107 ut
1226 5053 1544 5122 acquiratis
1568 5060 1796 5110 aeterna.
1825 5057 2031 5112 Eodem
2061 5059 2154 5114 hic

509 5138 780 5210 praefatus
809 5139 1154 5195 venerabilis
1185 5140 1273 5195 vir
1316 5141 1630 5198 instinctus
1653 5143 1884 5213 eloquio
1915 5144 2156 5199 tradidit

510 5227 811 5298 quamdam
845 5226 1098 5296 pecuniae
1142 5241 1259 5281 suae
1290 5233 1504 5296 partem
1536 5230 1604 5284 ad
1633 5235 1892 5285 sanctum
1925 5233 2155 5286 Emme-

509 5331 787 5373 rammum
816 5317 875 5372 in
909 5329 1136 5371 manum
1166 5318 1615 5373 reverentissimi
1646 5320 1913 5390 praesulis
1931 5319 2155 5376 Ambri-

507 5407 732 5479 chonis,
782 5411 837 5464 et
862 5406 1119 5462 advocati
1150 5407 1294 5478 ejus,
1331 5407 1561 5463 nomine
1590 5409 1817 5482 Walah,
1839 5423 1902 5466 ea
1935 5411 2154 5467 ratione

509 5502 793 5570 quatenus
811 5496 1131 5570 prOprietas
1151 5510 1320 5570 quam
1346 5500 1587 5568 patruus
1618 5497 1805 5572 ipsius
1821 5500 2067 5559 Otachar
2081 5501 2150 5560 ad

511 5587 845 5660 praedictum
868 5593 1126 5646 sanctum
1153 5587 1253 5646 Dei
1275 5587 1628 5646 contradidit
1653 5589 1713 5647 in
1741 5590 1864 5650 loco
1881 5593 1978 5666 qui
2011 5594 2156 5652 dici-

2259 4548 2406 4619 zloh,
2450 4548 2695 4620 Pillunc,
2737 4549 2932 4622 Uzant,
2978 4549 3290 4622 Cundheri,
3337 4553 3500 4621 Pern,
3527 4538 3841 4613 Erchanpold,

2256 4637 2444 4710 Jacob,
2499 4638 2725 4694 Marcho
2781 4643 2837 4695 et
2890 4639 3016 4694 alii.
3050 4640 3269 4711 {Actum
3330 4645 3417 4697 est
3457 4641 3513 4695 in
3566 4638 3677 4693 vico
3718 4639 3847 4699 supra

2261 4728 2496 4799 scripto,
2534 4741 2625 4784 an.
2665 4730 2894 4786 Domini
2928 4727 3054 4785 8‘29.

2259 4857 2385 4913 CAP.
2421 4855 2564 4911 XIII.
2593 4885 2667 4896 —-
2695 4856 3047 4911 Commutatio
3085 4858 3229 4910 inter
3255 4854 3659 4911 Ambrichonem
3683 4846 3849 4919 episco-

2752 4943 2889 4997 pum
2932 4933 2982 4982 et
3019 4928 3416 4997 Gundpcrtu-m.

2332 5057 2646 5113 Fructuosa
2667 5054 3011 5111 coadunatio
3029 5059 3083 5110 et
3102 5055 3348 5111 nimium
3373 5051 3537 5109 utilis
3558 5035 3847 5106 consuetudo

2265 5147 2415 5202 inter
2441 5145 2700 5202 homines
2725 5145 2862 5201 olim
2888 5144 3199 5200 inoleverat
3227 5138 3610 5198 commutandi
3637 5126 3849 5190 videlicet

2265 5249 2376 5292 non
2400 5235 2584 5291 solum
2603 5233 2674 5291 ob
2706 5234 2961 5290 locorum
2993 5233 3478 5304 opportunitatem
3508 5236 3681 5284 rerum
3703 5211 3847 5310 facul-

2262 5329 2405 5380 tates
2449 5324 2826 5394 diversarum,
2869 5322 2964 5377 sed
3011 5320 3177 5392 forte,
3211 5318 3361 5391 quod
3405 5317 3581 5388 magis
3609 5311 3712 5402 fore
3749 5315 3848 5402 ειυ-

2261 5415 2452 5487 stimo,
2501 5427 2599 5483 per
2651 5412 2932 5483 placidam
2982 5412 3064 5468 rei
3099 5406 3526 5469 commutabilis
3562 5399 3847 5494 aestimauit

2261 5517 2408 5562 nem.
2441 5503 2686 5560 Proinde
2719 5515 2948 5575 quoque
2986 5501 3198 5575 regalis
3227 5499 3332 5557 hoc
3385 5497 3444 5554 in
3487 5496 3644 5552 antea
3677 5487 3779 5545 ﬁeri
3800 5487 3844 5534 in

2261 5596 2432 5654 rebus
2455 5595 2600 5668 suis,
2651 5598 2708 5651 et
2736 5593 2981 5650 maxime
3010 5587 3432 5659 ecclesiasticis,
3465 5583 3647 5643 sanxit
3682 5575 3844 5634 aucto-
