4076 6154
194 292 304 352 909

1166 289 1621 348 TRADITIONES
1655 287 2291 347 EMMERAMHENSE.
2325 321 2399 334 —
2430 290 2558 350 LIB.
2604 295 2643 350 Ι.

3503 299 3610 361 940

200 419 364 488 ritas,
391 424 448 474 et
478 417 559 473 ita
585 430 768 488 usque
795 416 869 473 ad
901 415 1158 489 quinque
1184 415 1461 472 hobarum
1492 414 1857 485 supplemen-‘
1879 416 1938 478 A
1964 413 2055 470 sui
2081 415 2428 486 Werinperti
2463 418 2639 490 ﬁeret,
2676 418 2821 476 illud
2846 418 3179 479 beneﬁcium
3208 423 3277 479 ad
3307 425 3604 484 Biucheim

197 512 324 565 tum
354 510 614 563 constare
643 506 943 563 concessit.
977 508 1090 563 Hoc
1124 512 1310 562 autem
1344 519 1580 563 numero
1605 506 1848 577 expleto,

198 597 250 653 si
319 595 591 668 quaalibet
645 596 1018 654 commutatio
1069 596 1432 654 desideretur
1485 595 1848 666 perﬁcienda,

200 688 353 744 haud
381 687 553 744 aliter
582 701 751 758 quam
784 691 1063 759 prmeepto
1093 687 1422 758 annuloque
1451 685 1694 756 praefata;
1726 699 1852 741 ma-

199 777 532 849 gnitudinis
575 777 851 833 ﬁrmetur.
885 779 966 833 Ex
1014 777 1122 834 hoc
1161 778 1332 833 etiam
1389 775 1620 833 cuidam
1665 773 1848 831 nobili

198 866 345 937 viro,
373 866 602 922 nomine
620 865 967 937 Cundberto,
996 867 1344 938 complacuit
1375 866 1678 938 quamdam
1712 878 1854 935 pro-

201 955 470 1026 prietatis
532 969 649 1012 suae
699 956 1165 1014 vicissitudinem
1233 969 1516 1028 peragere.
1583 955 1854 1012 Tradidit

201 1045 413 1116 quippe
455 1045 524 1102 ad
567 1045 621 1101 S.
668 1046 896 1103 Petrum
945 1046 1288 1117 apostolum,
1345 1050 1723 1116 sanctumque
1749 1044 1850 1101 Dei

200 1141 507 1206 martyrem
547 1137 1021 1194 Emmerammum
1069 1136 1127 1192 in
1173 1150 1402 1193 manum
1447 1135 1854 1191 Ambrichonis

197 1227 550 1284 venerabilis
589 1227 842 1299 episcopi
891 1231 948 1282 et
993 1227 1250 1284 advocati
1297 1227 1422 1297 ejus
1445 1225 1661 1297 Ogonis
1687 1224 1854 1280 talem

200 1317 610 1388 proprietatem
687 1316 911 1388 qualem
961 1316 1169 1373 habuit
1219 1317 1288 1372 ad
1330 1316 1612 1386 Purcpah.
1664 1315 1721 1371 id
1771 1316 1858 1370 est

199 1407 432 1462 domum
461 1420 592 1463 cum
642 1411 822 1475 curte,
855 1405 1150 1462 ecclesiam
1194 1412 1249 1463 et
1301 1405 1362 1462 in
1401 1419 1467 1462 ea
1496 1417 1724 1476 capsam
1755 1416 1858 1459 ar—

202 1501 356 1568 gent.
391 1510 432 1564 1,
473 1495 652 1552 altare
688 1500 924 1568 argento
949 1501 1127 1566 parat.
1159 1510 1200 1566 1,
1231 1495 1347 1552 alia
1379 1509 1442 1567 11,
1480 1495 1734 1565 lapidem
1765 1495 1860 1551 al—

201 1585 350 1641 taris
391 1589 631 1656 argent.,
685 1590 860 1654 parat.
891 1599 955 1657 11,
987 1585 1219 1641 calicem
1263 1599 1392 1641 cum
1424 1589 1625 1655 patena
1649 1596 1859 1656 argen-

206 1680 314 1744 tea,
349 1689 574 1730 crucem
599 1679 918 1744 argenteam
963 1688 1002 1745 1,
1037 1673 1266 1730 Missale
1297 1689 1336 1746 1,
1391 1673 1637 1730 Lection.
1693 1687 1732 1744 1,
1763 1671 1859 1728 al-

209 1764 338 1820 bam
384 1778 422 1835 1,
450 1763 701 1821 casulam
730 1764 1050 1821 coccineam
1085 1779 1122 1835 1,
1175 1764 1389 1822 tholam
1421 1779 1462 1836 1,
1490 1762 1854 1824 thuribulum
1882 1756 1934 1820 Β

207 1867 426 1909 aeneum
473 1867 513 1923 1,
574 1853 1030 1910 tintinnabulum
1076 1869 1114 1924 1,
1157 1867 1486 1926 campanam
1529 1869 1738 1911 amcam
1789 1868 1851 1926 11,

206 1943 536 2014 pomarium
581 1957 620 2011 1,
656 1943 878 2000 vineam
923 1958 963 2013 1,
998 1943 1204 2001 molam
1245 1959 1284 2011 1,
1316 1945 1598 2002 vivarium
1632 1959 1672 2015 1,
1707 1945 1857 2000 inter

207 2038 415 2089 terram
463 2033 731 2090 arabileu
783 2039 839 2090 et
868 2038 1029 2104 prata
1079 2033 1254 2090 hobas
1285 2048 1415 2105 ιιιι,
1460 2034 1619 2090 silvae
1653 2034 1857 2105 jugera

205 2136 291 2193 cx,
346 2124 633 2194 mancipia
702 2137 784 2192 ιι,
842 2123 897 2180 id
942 2128 1030 2181 est
1070 2123 1290 2194 Ratkis,
1333 2124 1575 2195 Motuui,
1622 2129 1678 2179 et
1739 2123 1858 2178 ﬁlia

205 2215 350 2284 ejus,
388 2213 707 2270 Perehtwar
737 2229 865 2271 cum
899 2213 1018 2270 ﬁlio
1047 2218 1102 2270 et
1135 2214 1274 2284 ﬁlia,
1302 2214 1489 2286 Ciliga
1515 2219 1571 2269 et
1599 2213 1708 2269 ﬁlii
1733 2214 1858 2282 ejus

206 2304 343 2373 duo,
367 2303 670 2374 Deotpurc,
699 2303 1010 2374 Nordpold.
1041 2303 1121 2359 Ad
1148 2303 1462 2374 Hapuhpah
1488 2302 1691 2359 hobam
1721 2317 1758 2373 1,
1786 2303 1857 2359 ad

207 2393 456 2462 Sulzpah
503 2392 702 2450 hodam
738 2408 777 2463 1,
809 2399 865 2449 et
898 2393 1101 2450 molam
1136 2407 1171 2448 1.
1208 2394 1333 2448 Πιεο
1361 2393 1532 2448 etiam
1577 2393 1646 2448 ad
1682 2406 1864 2462 supe-

213 2483 422 2538 riorem
450 2483 636 2539 locum
661 2483 964 2554 pertinent.
992 2479 1151 2538 Nihil
1170 2496 1303 2554 ergo
1338 2482 1779 2553 praetermittens
1803 2482 1862 2537 in

209 2573 355 2629 rivis
406 2573 774 2644 rivorumque
836 2573 1198 2643 decursibus,
1251 2573 1498 2642 pascuis,
1545 2571 1728 2642 silvis,
1765 2571 1860 2628 sed

211 2664 404 2720 omni-'1
427 2664 498 2719 ad
519 2663 821 2734 prmdictos
833 2668 1061 2720 sanctos
1083 2663 1506 2733 tradiditatque
1524 2660 1856 2718 transfudit.

210 2754 284 2808 Ea
309 2753 601 2823 siquidem
643 2754 884 2823 ratione,
929 2753 979 2809 si
1011 2751 1349 2808 beneﬁcium
1377 2752 1527 2822 quod
1567 2750 1636 2806 ad
1678 2751 1864 2808 Filesa

214 2841 419 2899 habuit
465 2843 518 2898 ei
565 2843 621 2898 in
651 2842 946 2914 pr0prium
979 2842 1131 2914 regis
1161 2847 1440 2912 praecepto
1481 2840 1752 2912 donetur,
1799 2840 1857 2897 id

211 2938 314 3003 est,
360 2945 550 2988 casam
593 2945 722 2988 cum
763 2936 942 3003 curte,
973 2931 1293 3004 ecclesiam,
1324 2936 1381 2987 et
1410 2931 1470 2986 in
1501 2943 1566 2986 ea
1605 2929 1786 2986 altare
1815 2943 1854 3001 1,

213 3020 513 3091 palliolum
531 3035 570 3093 1,
597 3027 760 3078 terra;
787 3021 1031 3079 arabilis
1059 3020 1235 3078 hobas
1256 3034 1310 3089 v,
1346 3024 1639 3090 pratorum
1666 3019 1852 3076 carrd.

215 3124 305 3182 ιι,
336 3109 498 3166 silva
531 3111 734 3184 jugera
761 3125 893 3182 xxx,
942 3110 1148 3166 molam
1177 3124 1214 3166 1.
1249 3110 1317 3165 Et
1351 3109 1430 3165 ibi
1464 3123 1638 3180 prOpe
1666 3109 1723 3164 in
1755 3123 1859 3166 eo-
1887 3097 1937 3160 6

211 3199 338 3255 dem
389 3200 634 3256 termino
683 3200 886 3258 hobam
933 3215 950 3256 1
999 3213 1168 3272 quam
1213 3201 1383 3256 Jacob
1439 3199 1749 3256 advocatus
1800 3199 1858 3256 in

213 3289 492 3361 Megiloue
520 3295 576 3346 et
617 3289 790 3347 fratre
818 3292 943 3361 ejus
980 3290 1272 3362 Hungario
1309 3289 1566 3346 lucratus
1587 3294 1694 3360 est,
1724 3301 1865 3359 pra-

214 3386 404 3434 torum
447 3380 650 3451 jugera
693 3393 816 3449 v111,
866 3379 935 3434 ad
977 3379 1260 3448 Hasalpah
1308 3391 1438 3434 vero
1489 3378 1639 3449 quod
1691 3376 1864 3433 etiam

215 3468 357 3524 illuc
403 3469 648 3538 pertinet
681 3482 867 3526 casam
903 3483 1032 3526 cum
1072 3472 1252 3539 curte,
1288 3473 1452 3524 terra:
1491 3467 1735 3524 arabilis
1776 3467 1871 3524 ho-

214 3557 318 3614 bas
349 3571 414 3628 11,
439 3563 728 3629 pratorum
755 3559 974 3616 carrad.
1005 3573 1128 3630 v111,
1157 3559 1316 3615 silvae
1341 3559 1541 3630 jugera
1567 3571 1620 3611 v.
1657 3558 1872 3616 Ibidem

215 3652 406 3702 autem
452 3649 518 3704 ad
563 3648 748 3704 Filesa
793 3649 886 3706 cui
919 3648 1330 3720 subsequentia
1360 3648 1705 3718 appendent,
1735 3651 1872 3704 sunt

218 3736 506 3806 mancipia
535 3751 614 3808 ιι,
650 3738 706 3793 id
737 3743 841 3808 est,
875 3736 1190 3808 Wolfpero,
1225 3739 1488 3810 .Itatpoto,
1515 3737 1866 3807 Heimpreht,

215 3824 492 3897 Liutfrid,
536 3825 745 3899 Otfrid,
800 3827 1045 3899 Anthad,
1093 3826 1356 3891 Kisalolf,
1402 3827 1619 3897 Somni,
1675 3825 1873 3880 Helm-

214 3917 391 3988 drud,
420 3917 723 3988 Mahtlind,
749 3917 1125 3987 Chunipreht.
1171 3918 1273 3972 Isti
1306 3920 1442 3972 sunt
1465 3917 1666 3971 autem
1698 3919 1872 3970 testes

217 4007 464 4062 auribus
488 4007 654 4062 tracti
680 4007 1014 4063 traditionis
1047 4011 1177 4063 ante
1203 4005 1481 4062 nominati
1508 4003 1863 4074 Gundperti:

215 4097 372 4170 Ogo,
413 4097 550 4168 Avo,
596 4097 900 4169 Adalhum,
934 4096 1229 4166 Karaheri,
1257 4095 1528 4166 Rodheri,
1562 4094 1865 4166 Hittipero,

216 4188 398 4254 Ilitto,
436 4185 847 4256 Erchanperht,
898 4185 1146 4255 Marcho,
1180 4184 1510 4257 Lantperht,
1543 4183 1863 4253 Liutperht,

217 4275 472 4346 Folcrib,
507 4274 713 4332 Ascrih
742 4280 798 4331 et
823 4275 948 4332 alii.
980 4274 1182 4332 Actum
1221 4279 1308 4330 est
1339 4275 1408 4330 ad
1446 4274 1734 4345 Rockinga
1761 4271 1868 4329 sub

217 4379 439 4437 quercu
471 4379 596 4436 quae
621 4369 816 4421 contra
843 4363 1140 4420 ecclesiam
1172 4368 1276 4434 est,
1309 4376 1458 4419 anno
1491 4362 1720 4434 imperii
1753 4361 1874 4417 Ka-

216 4455 332 4512 roli
364 4467 538 4524 super
562 4455 832 4510 Baoarios
859 4458 920 4509 et
949 4451 1197 4510 Francos
1229 4453 1438 4525 primo.

290 4584 422 4640 CAP.
457 4583 598 4640 XIV.
632 4611 705 4624 —
749 4581 1157 4652 Complacitatio
1195 4583 1341 4637 inter
1369 4581 1803 4651 Erchanfridum

689 4655 994 4726 episcopum
1027 4659 1188 4724 atque
1212 4655 1410 4709 David.

289 4783 339 4840 Ο
389 4795 558 4854 quam
607 4782 821 4839 caduca
857 4787 913 4838 et
948 4779 1175 4853 fragilis
1225 4781 1523 4838 hominum
1579 4783 1871 4854 generatio

221 4887 354 4946 quae
380 4873 580 4944 procul
605 4873 786 4930 dubio
810 4874 1028 4930 misera:
1056 4872 1224 4930 morti
1252 4885 1473 4942 semper
1499 4872 1563 4930 ﬁt
1604 4872 1870 4948 obnoxia,

219 4970 277 5021 et
307 4979 482 5035 quam
505 4965 754 5034 jocuuda
783 4964 1032 5020 cmlestis
1059 4964 1199 5034 vita,
1235 4963 1333 5020 ubi
1363 4964 1477 5019 erit
1502 4964 1719 5021 sanctis
1749 4965 1875 5020 siue

223 5057 337 5112 ﬁne
388 5055 629 5112 laetitia!
680 5055 807 5109 I-lzec
879 5066 982 5124 ego
1023 5052 1200 5108 David
1265 5067 1488 5110 summa
1557 5053 1876 5109 intentione

220 5147 437 5202 mentis
482 5145 836 5215 perpendens
880 5144 1042 5199 trado
1070 5145 1344 5213 quasdam
1379 5156 1468 5198 res
1501 5142 1879 5211 proprietatis

223 5247 363 5290 mea:
411 5234 471 5289 in
507 5234 652 5290 locis
705 5234 1016 5290 nominatis
1063 5234 1133 5290 ad
1178 5235 1350 5305 Perge
1393 5239 1450 5288 et
1495 5232 1563 5287 ad
1616 5231 1876 5302 Egiwila,

221 5324 516 5395 quidquid
547 5325 607 5380 in
636 5325 760 5381 illis
785 5326 932 5382 locis
962 5324 1141 5381 habeo
1163 5338 1291 5380 cum
1325 5321 1638 5392 mancipiis
1672 5333 1786 5376 xxv
1808 5321 1877 5377 ad

221 5415 276 5470 S.
327 5416 560 5471 Petrum
606 5415 706 5470 ubi
740 5414 1156 5472 Erchanfridus
1186 5411 1536 5470 venerabilis
1577 5409 1882 5481 episcOpus

221 5505 324 5561 Dei
351 5504 667 5562 Ecclesiam
691 5519 882 5577 regere
901 5504 1286 5578 dignoscitur,
1309 5516 1374 5560 eo
1394 5507 1591 5559 tenore
1624 5503 1680 5556 et
1706 5512 1770 5556 ea
1802 5512 1885 5555 ra-

224 5595 388 5651 tione
407 5600 472 5651 ut
489 5594 765 5665 capellam
780 5595 850 5652 ad
867 5595 1232 5668 Alarespurc,
1251 5597 1308 5651 et
1323 5594 1373 5650 si
1387 5595 1680 5662 superstes
1695 5589 1880 5648 soceri

1965 517 2146 574 usque
2166 505 2234 560 ad
2269 505 2435 562 ﬁnem
2461 507 2591 564 vitae
2617 523 2733 566 suae
2751 509 3086 580 possideret,
3118 517 3174 568 et
3205 518 3395 584 postea
3417 516 3607 572 omnia

1960 591 2292 651 emeliorata
2303 595 2372 652 ad
2386 597 2440 652 S.
2455 597 2683 655 Petrum
2698 598 2822 655 sine
2836 598 2999 656 illius
3016 601 3477 660 contradictione
3494 618 3614 674 per.

1963 687 2242 738 maneant.
2273 685 2360 755 Bt,
2397 691 2458 742 ut
2485 686 2706 744 ﬁrmior
2725 693 2781 745 et
2809 689 3022 746 certior
3043 689 3160 746 haec
3192 691 3339 748 ratio
3366 692 3610 762 posteris

1959 770 2258 843 consistat,
2306 773 2524 844 placuit
2568 782 2738 833 testes
2779 777 3070 836 adhibere.
3103 778 3250 836 Babo
3299 793 3443 836 com.
3488 782 3613 838 Me-

1961 858 2232 932 ginhart,
2259 861 2469 936 Ratolt,
2503 867 2710 939 Masso,
2749 867 2885 938 Elit,
2933 868 3072 939 Epo,
3117 868 3381 941 Sigimot,
3429 869 3611 926 Odal-

1964 949 2147 1021 perth,
2204 951 2434 1023 Walah,
2488 955 2624 1027 Avo,
2697 956 2887 1029 Jacob,
2954 957 3182 1032 Albrih,
3236 959 3373 1016 item
3419 960 3608 1016 Jacob.

1959 1038 2396 1100 Testimoniales
2419 1044 2711 1119 Waldker,
2739 1045 2878 1120 Ogo,
2909 1047 3045 1104 item
3080 1047 3220 1121 Ogo,
3251 1053 3358 1106 etc.

2035 1219 2162 1276 CAP.
2229 1221 2339 1278 XV.
2401 1253 2477 1265 —
2530 1225 2880 1282 Commutatio
2926 1229 3070 1283 inter
3121 1229 3537 1288 Ambrichonem

2391 1297 2697 1367 episcopum
2729 1304 2780 1354 et
2792 1298 3180 1370 .Adalpertum.

2038 1434 2350 1493 Fructuosa
2379 1437 2560 1511 valde,
2591 1454 2807 1497 necnon
2828 1446 2884 1498 et
2913 1441 3158 1500 nimium
3188 1444 3352 1501 utilis
3381 1460 3618 1503 consue-

1969 1523 2108 1579 tudo
2151 1525 2290 1582 olim
2346 1526 2496 1583 inter
2535 1528 2794 1586 homines
2853 1531 3162 1588 inoleverat
3223 1537 3611 1596 commutandi

1965 1612 2195 1670 scilicet
2215 1615 2490 1685 quasdam
2517 1631 2605 1674 res
2628 1633 2730 1689 pro
2746 1619 3041 1678 ambarum
3065 1622 3318 1678 utilitate
3341 1625 3609 1693 partium.

1966 1702 2078 1758 Hoc
2109 1707 2303 1760 tenore
2332 1713 2388 1761 et
2435 1705 2538 1762 hac
2570 1709 2790 1765 ratione
2821 1709 3084 1766 convenit
3115 1711 3264 1767 inter
3283 1711 3620 1772 Ambricho-

1966 1803 2089 1847 nem
2121 1793 2498 1851 venerabilem
2542 1797 2872 1868 episcopum
2917 1803 2973 1855 et
3009 1799 3376 1859 Adalbertum
3409 1817 3616 1875 quem-
3713 1809 3719 1815 '

1963 1879 2092 1936 dam
2141 1882 2328 1938 virum
2374 1883 2622 1941 nobilem
2669 1887 2945 1957 quasdam
2990 1902 3193 1945 causas
3241 1899 3614 1950 commutare.

1964 1969 2229 2028 Tradidit
2249 1985 2492 2044 namque
2513 1975 2821 2032 advocatus
2848 1977 3102 2048 episc0pi
3127 1979 3302 2035 Puolo
3332 1995 3461 2036 cum
3490 1996 3620 2039 con-

1967 2072 2137 2116 sensu
2163 2061 2407 2130 etjussu
2439 2062 2658 2133 praefati
2681 2065 2935 2136 episcOpi
2963 2071 3018 2122 et
3039 2068 3295 2124 omnium
3324 2071 3620 2128 monacho—

1967 2163 2095 2204 rum
2126 2149 2180 2204 S.
2211 2151 2608 2208 Emmerammi
2636 2155 2904 2225 martyris
2931 2154 3146 2210 Christi
3171 2156 3338 2212 talem
3371 2160 3622 2230 proprie-

1970 2241 2141 2293 tatem
2174 2243 2238 2296 ut
2266 2239 2552 2297 Wolfheri
2586 2242 2654 2297 ad
2699 2243 3032 2312 prazdictum
3075 2251 3332 2301 sanctum
3377 2248 3617 2304 tradidit

1973 2326 2030 2381 in
2054 2327 2363 2385 Frumdorf
2411 2329 2543 2399 jure
2596 2337 2867 2402 perpetuo
2933 2333 3357 2402 possidendum.
3411 2337 3619 2392 Contra

1971 2415 2142 2471 etiam
2177 2417 2418 2475 tradidit
2453 2419 2511 2474 in
2534 2420 2840 2491 Reitiupoh
2864 2422 3205 2492 Adalpertus
3231 2423 3397 2480 talem
3429 2438 3625 2481 conca-

1977 2507 2299 2576 pacitatem,
2335 2515 2390 2564 et
2425 2511 2833 2580 proprietatem
2864 2525 3032 2582 quam
3067 2513 3123 2568 in
3155 2512 3253 2567 illa
3283 2515 3628 2584 concapaci-

1976 2600 2088 2651 tate
2129 2596 2317 2668 habet,
2365 2600 2738 2655 conveniente
2776 2599 2842 2655 ad
2893 2614 3096 2657 causas
3146 2602 3404 2671 prtedicti
3437 2604 3620 2661 sancti

1971 2686 2390 2758 Emmerammi,
2418 2694 2699 2758 quatenus
2725 2689 2851 2746 sine
2879 2690 3058 2746 ullius
3079 2691 3532 2748 contradictione
3552 2693 3622 2749 ad

1972 2779 2231 2831 sanctum
2260 2777 2359 2833 Dei
2394 2777 2706 2849 pertineret
2736 2779 3160 2850 perpetualiter.
3194 2781 3359 2836 Facta
3389 2783 3475 2837 est
3502 2780 3620 2838 haec

1971 2867 2348 2924 commutatio
2386 2881 2534 2924 anno
2578 2867 2807 2924 Domini
2847 2866 2972 2935 866,
3019 2868 3220 2925 indict.
3269 2866 3356 2942 i3,
3401 2869 3459 2926 in
3500 2870 3624 2927 loco

1970 2961 2299 3026 nuncupato
2342 2957 2818 3013 Pereharteshusa
2871 2957 2930 3013 in
2967 2958 3269 3028 praesentia
3303 2959 3420 3029 jam
3464 2959 3621 3019 dicta

1959 3045 2225 3117 'episcopi
2259 3048 2315 3102 et
2363 3044 2590 3101 Rodolti
2625 3045 2878 3102 comitis.

2040 3207 2169 3263 CAP.
2222 3207 2366 3262 XVI.
2411 3235 2485 3246 —
2538 3205 2895 3260 Commutatio
2942 3207 3086 3260 inter
3131 3205 3549 3264 Ambrichonem

2398 3279 2704 3348 episcopum
2729 3281 2779 3332 et
2814 3276 3192 3345 Chrestingum

2043 3437 2427 3494 Plurimorum
2440 3437 2652 3493 sentiat
2665 3437 2953 3493 industria
2966 3435 3242 3510 ﬁdelium,
3260 3441 3628 3509 praesentium

1980 3527 2248 3584 videlicet
2277 3531 2448 3597 atque
2473 3525 2800 3583 futurorum
2828 3540 2924 3596 per
2944 3525 3276 3583 relationem
3296 3529 3404 3584 mei
3427 3529 3609 3586 humil

1984 3618 2108 3673 limi
2173 3616 2516 3673 breviatoris
2577 3616 2832 3687 qualiter
2901 3617 3246 3673 reverendus
3295 3618 3395 3674 Dei
3443 3619 3632 3676 cultor

1980 3706 2292 3762 Ambricho
2331 3718 2640 3777 congruam
2685 3706 3184 3761 commutationem
3223 3721 3352 3763 cum
3376 3707 3636 3778 quolibet

1981 3796 2279 3867 campione
2324 3795 2528 3858 nobili,
2586 3795 2816 3851 nomine
2855 3795 3214 3866 Chrestingo,
3265 3799 3498 3870 peregit.
3531 3801 3634 3856 Hic

1984 3886 2179 3956 itaque
2210 3885 2484 3942 robustus
2513 3889 2568 3940 et
2600 3885 2888 3956 ingenuus
2915 3885 3004 3940 vir
3029 3885 3274 3941 tradidit
3297 3887 3366 3942 ad
3407 3888 3462 3943 S.
3493 3891 3632 3946 Em-

1985 3988 2358 4030 merammum
2422 3979 2722 4044 martyrem
2768 3974 2899 4039 Dei,
2957 3974 3016 4029 in
3076 3974 3200 4032 loco
3254 3976 3355 4047 qui
3412 3977 3634 4036 dicitur

1979 4064 2330 4129 Cheleheim,
2364 4065 2434 4120 de
2471 4067 2624 4118 terra
2663 4062 2876 4117 arabili
2904 4063 3106 4134 jugera
3145 4078 3268 4136 ιιι,
3297 4069 3353 4121 et
3380 4067 3450 4122 de
3487 4067 3633 4125 silva

1978 4155 2123 4211 satis
2168 4153 2464 4246 pulchram
2502 4152 2843 4246 portionem.
2874 4151 2945 4206 Ut
2972 4152 3268 4246 plerisque
3291 4154 3637 4246 arbitratur,

1979 4243 2234 4314 ejusdem
2267 4241 2424 4299 silva:
2469 4241 2827 4311 suntjugera
2860 4254 2957 4310 xx,
2993 4241 3076 4296 vel
3103 4241 3374 4312 amplius.
3419 4245 3462 4300 E
3491 4241 3638 4302 con-'-

1981 4338 2070 4389 tra
2090 4346 2220 4389 vero
2250 4329 2597 4390 venerabilis
2645 4333 2856 4386 sancta:
2887 4329 3041 4386 sedis
3069 4331 3374 4402 episcopus
3396 4332 3637 4390 Ambri-

1904 4422 2091 4517 Dcho
2151 4434 2265 4479 una
2314 4435 2443 4478 cum
2501 4419 3294 4517 advocatosuoCundberto
3339 4422 3636 4517 redonavit

1981 4512 2166 4569 eidem
2199 4513 2510 4582 praenotato
2540 4509 2722 4566 nobili
2766 4509 2837 4565 de
2866 4508 3036 4565 rebus
3065 4508 3247 4564 sancti
3275 4509 3374 4566 Dei
3405 4511 3635 4567 Emme—

1983 4601 2186 4659 rammi
2209 4600 2444 4657 totidem
2462 4600 2664 4670 jugera
2691 4599 2761 4655 de
2787 4597 2996 4654 arabili
3019 4597 3316 4656 territorio
3339 4599 3639 4672 aequalem-

1983 4704 2094 4761 que
2123 4688 2282 4745 silva
2308 4688 2624 4758 portionem
2657 4687 2716 4742 in
2740 4687 2864 4743 loco
2893 4685 3377 4744 Arnhelmashova
3402 4703 3635 4746 nuncu-

1987 4785 2138 4852 pato,
2167 4785 2406 4849 uterque
2437 4777 2588 4832 inter
2617 4789 2675 4831 se
2711 4775 3027 4832 utilitatem
3054 4777 3140 4833 vel
3172 4779 3630 4837 commoditatem

1987 4871 2240 4928 locorum
2301 4865 2638 4936 conquirere
2688 4865 3006 4936 studentes,
3063 4867 3222 4924 sicut
3263 4875 3318 4924 et
3355 4867 3632 4926 fecerunt.

1982 4962 2272 5031 Quatenus
2310 4955 2533 5012 ﬁrmior
2551 4953 2761 5009 existat
2792 4967 2824 5008 a
2865 4954 3221 5025 posterisque
3266 4957 3472 5013 melius
3505 4971 3639 5014 ere-.-

1984 5053 2155 5108 datur
2178 5049 2293 5104 huic
2316 5042 2764 5114 complacitatio,
2790 5041 3009 5112 placuit
3027 5044 3172 5099 duas
3197 5045 3637 5103 chartulasinde

1987 5139 2256 5195 exhibere
2296 5135 2482 5206 patrio
2514 5140 2708 5188 tenore
2741 5131 3008 5202 scriptas,
3042 5145 3107 5188 ac
3155 5133 3636 5192 testimonialium

1990 5227 2221 5284 nomina
2253 5227 2512 5281 innotare
2540 5222 2639 5294 qui
2685 5227 2822 5279 sunt
2870 5221 3100 5292 Ascrih,
3147 5223 3436 5293 Adalhun,
3462 5225 3639 5280 Cota—

1993 5317 2174 5387 perht,
2222 5313 2506 5384 fraterque
2533 5313 2661 5381 ejus
2693 5311 3020 5382 Irimperht,
3078 5311 3328 5382 Helfrih,
3376 5313 3638 5367 Paldrih.

1990 5404 2303 5475 Cundhart,
2354 5401 2620 5474 Arperht,
2652 5401 2882 5472 Strupo,
2925 5400 3259 5471 Hiltipraut,
3295 5397 3504 5469 Rafolt,
3536 5400 3642 5454 En-

1993 5496 2231 5570 gilpero,
2262 5491 2620 5559 Odalscalch,
2647 5490 2944 5560 Odalhart,
2981 5489 3284 5560 Reginger,
3307 5486 3640 5557 Cundperht

1993 5592 2050 5644 et
2075 5584 2263 5642 Rihho
2301 5581 2476 5640 frater
2504 5582 2649 5650 ejus.
