4076 6154
196 281 301 342 913

1177 280 1631 340 TRADITIONES
1668 285 2299 346 EMMERAMMENSES.
2336 321 2410 332 —
2441 291 2563 348 LIB.
2608 292 2649 346 Ῑ.

3497 261 3629 354 ’944

197 409 323 464 CAP.
382 403 536 460 XXI.
576 404 1698 497 —‘qommutqtgAintq'rg‘Ambrichonem
1748 410 1851 478 epi-
1891 408 1944 472 A
1977 417 2182 487 mquali
2212 433 2476 477 mensura
2501 427 2555 478 et
2578 423 2647 478 de
2677 423 2859 493 pratis
2888 425 3152 480 carradas
3178 438 3262 480 III.
3295 427 3383 497 Et,
3407 431 3472 482 ut
3504 427 3622 484 haec

662 493 880 548 scopum
909 483 958 533 et
989 481 1389 549 Reginpertum.

269 608 585 662 Fructuosa
618 603 779 660 valde
803 605 920 674 jam
951 604 1091 660 olim
1128 605 1278 661 inter
1319 606 1578 662 homines
1607 609 1663 661 et
1695 605 1860 662 utilis

201 696 447 751 nimium
486 694 798 750 inoleverat
838 696 1210 765 consuetudo,
1249 695 1474 751 scilicet
1509 699 1572 752 ut
1609 709 1698 751 res
1727 709 1862 751 suas

201 800 302 856 pro
349 784 752 840 commoditate
796 784 1092 840 ambarum
1143 785 1390 855 partium
1443 788 1859 841 commutarent

199 880 253 930 et
289 875 584 944 utrinque,
625 875 774 944 quod
817 873 929 929 sibi
963 874 1299 946 contiguum
1331 878 1498 944 esset,
1545 879 1851 929 sumerent.

200 965 310 1018 Hac
343 963 528 1034 igitur
571 962 931 1019 considerata
969 963 1191 1018 ratione
1236 962 1451 1018 nobilis
1481 963 1710 1033 quidem
1742 963 1861 1018 Re-

198 1053 498 1126 ginpertus
517 1051 924 1107 Ambrichonis
957 1051 1302 1107 venerabilis
1327 1052 1580 1122 episcopi
1604 1052 1856 1108 vasallus

199 1143 472 1214 quasdam
506 1155 596 1198 res
616 1157 740 1212 quae
763 1141 874 1198 sibi
899 1156 967 1198 ex
989 1142 1252 1214 conjugis
1273 1156 1409 1210 sum,
1437 1143 1668 1199 nomine
1685 1143 1859 1198 Wie—

195 1233 394 1304 birgze,
433 1233 726 1288 consortio
756 1231 816 1286 in
848 1231 1235 1287 hmreditatem
1277 1237 1590 1304 cesserunt,
1625 1232 1684 1288 in
1717 1247 1859 1303 pro-

196 1322 389 1377 vincia
443 1321 812 1376 Baoariorum
877 1321 934 1374 in
988 1335 1131 1392 pago
1185 1322 1546 1393 Tonocgewa,
1603 1321 1664 1376 in
1716 1322 1855 1378 villa

196 1411 562 1483 Tuncilinga,
621 1410 676 1465 id
733 1415 838 1482 est,
890 1409 1078 1466 locum
1131 1410 1363 1466 aediﬁcii
1423 1411 1732 1483 desertum,
1784 1411 1856 1466 de

198 1507 348 1556 terra
387 1499 598 1555 arabili
639 1501 839 1572 jugera
868 1513 1069 1570 XLVIII,
1117 1505 1276 1568 prata
1307 1501 1375 1555 ad
1416 1501 1741 1571 carrad.xv,
1785 1500 1855 1555 de

196 1590 340 1645 silva
369 1591 568 1661 jugera
590 1603 637 1660 c,
669 1589 813 1659 vias,
843 1602 1042 1660 aquas,
1071 1588 1156 1644 vel
1185 1589 1472 1660 quidquid
1509 1589 1568 1644 in
1599 1588 1701 1644 illo
1730 1589 1853 1645 loco

194 1681 357 1735 visus
385 1683 472 1735 est
504 1679 730 1746 habere,
755 1678 999 1734 tradidit
1027 1679 1095 1734 ad
1121 1683 1380 1734 sanctum
1411 1679 1511 1734 Dei
1547 1681 1852 1748 martyrem

194 1771 691 1839 Emmerammum,
755 1781 929 1837 supra
990 1767 1146 1823 dicto
1206 1767 1523 1837 accipiente
1587 1766 1854 1836 episcopo

196 1859 581 1929 advocatoque
611 1871 715 1913 suo
745 1857 1086 1926 Cundperto.
1114 1858 1182 1912 Et
1210 1871 1240 1912 e
1266 1861 1463 1912 contra
1483 1855 1699 1912 eisdem
1726 1860 1854 1912 tra-

197 1947 470 2003 dentibus
498 1947 719 2017 accepit
745 1947 815 2003 de
841 1947 1022 2002 sancti
1060 1960 1232 2016 supra
1272 1947 1415 2002 dicti
1458 1947 1729 2017 martyris
1753 1959 1851 2001 re-

195 2038 301 2094 bus
333 2038 522 2094 locum
566 2037 863 2109 quemdam
897 2037 996 2107 qui
1027 2037 1248 2093 dicitur
1290 2037 1469 2106 Puoh,
1505 2050 1678 2107 prope
1708 2051 1852 2092 cur-

196 2133 300 2182 tem
327 2140 456 2198 quae
478 2126 699 2198 vulgari
728 2125 1001 2182 vocabulo
1023 2130 1257 2182 vocatur
1277 2126 1394 2181 Tan
1422 2125 1848 2195 Monachorum,

197 2217 250 2272 id
295 2221 387 2272 est
427 2215 760 2280 Ecclesiam,
816 2220 1032 2270 curtem
1086 2229 1215 2270 cum
1261 2215 1536 2285 pomerio,
1578 2213 1648 2268 de
1699 2218 1850 2269 terra

192 2304 403 2361 arabili
424 2318 584 2375 mque
605 2309 667 2360 ut
687 2305 847 2360 dedit
859 2305 1061 2376 jugera
1082 2318 1287 2374 XLVIII,
1311 2308 1472 2374 prata
1493 2304 1562 2359 ad
1585 2303 1851 2359 carradas

194 2409 287 2465 xv,
319 2395 394 2450 de
423 2393 567 2449 silva
601 2396 804 2466 jugera
843 2408 930 2464 III,
971 2399 1027 2449 et
1065 2393 1350 2464 quidquid
1398 2394 1460 2450 in
1493 2393 1685 2449 eodem
1726 2393 1849 2449 loco

199 2485 362 2555 prius
396 2486 453 2539 in
483 2483 818 2539 beneﬁcium
845 2483 1007 2539 visus
1037 2488 1123 2538 est
1151 2483 1457 2553 accepisse,
1489 2495 1554 2537 ea
1581 2482 1850 2537 videlicet

198 2575 420 2630 ratione
451 2577 515 2628 ut
541 2573 662 2642 ipse
682 2576 738 2628 et
759 2573 970 2642 posteri
997 2573 1142 2641 ejus,
1167 2571 1252 2626 vel
1279 2571 1608 2642 cuicunque
1636 2571 1848 2632 donare

195 2662 464 2731 voluerit,
509 2661 872 2717 haareditario
898 2662 1029 2730 jure
1059 2660 1468 2730 perpetualiter
1507 2659 1842 2730 possideret.

191 2753 470 2822 Denique,
507 2756 570 2806 ut
599 2751 718 2806 haec
749 2750 1122 2806 insolubilior
1159 2754 1308 2806 esset
1337 2750 1594 2819 traditio,
1629 2749 1846 2819 placuit

193 2857 259 2898 ex
291 2847 538 2911 utraque
569 2846 724 2910 parte
755 2839 1000 2896 testibus
1033 2840 1241 2896 Norico
1273 2853 1427 2896 more
1455 2837 1698 2894 auribus
1723 2842 1851 2892 tra-

199 2933 307 2988 ctis
335 2930 630 2994 aiiirmari,
665 2944 910 3001 quorum
940 2931 1111 2985 etiam
1146 2929 1396 2997 nomina,
1429 2943 1498 2984 ne
1524 2928 1656 2998 quis
1685 2940 1846 2982 error

195 3025 455 3091 posteros
516 3020 827 3088 invaderet,
882 3032 1196 3090 congruum
1251 3017 1525 3073 duximus
1579 3015 1840 3071 ascribi:

1971 511 2342 566 commutatio
2373 511 2594 568 ﬁrmior
2617 517 2763 568 esset
2794 517 2849 568 et
2873 527 2904 569 a
2937 515 3180 583 posteris
3206 514 3413 571 melius
3437 517 3621 573 crede-

1970 601 2147 666 retur,
2181 598 2400 668 placuit
2437 601 2583 656 duas
2620 602 2849 657 chartas
2881 616 2994 658 uno
3033 607 3226 658 tenore
3264 605 3620 673 conscriptas

1969 684 2102 742 inde
2146 688 2438 762 exhibere,
2465 696 2521 747 et
2551 695 2722 748 testes
2764 693 3055 764 adhibere,
3099 707 3340 764 quorum
3387 695 3620 750 nomina

1967 781 2105 832 sunt
2151 778 2268 834 haec
2300 797 2312 834 :
2348 780 2612 853 Rihhart,
2663 782 2975 855 Sigiperht,
3022 783 3370 855 Helmperht,
3414 783 3622 854 Engil-

1968 868 2152 937 perht,
2180 869 2477 942 Marcholt,
2506 872 2807 944 Eparhart,
2841 873 3146 945 Kepahart,
3178 873 3536 945 Erchanpold
3563 879 3620 931 et

1965 956 2154 1013 caeteri
2187 958 2619 1030 quamplurimi.

1963 1099 2090 1156 CAP.
2147 1102 2348 1158 XXIII.
2400 1133 2475 1144 —
2529 1105 2937 1174 Complacitatio
2995 1110 3142 1163 inter
3201 1108 3620 1164 Ambrichonem

2196 1177 2503 1246 episcopum
2545 1182 2595 1231 et
2639 1179 3050 1235 Gundbatonem
3094 1181 3384 1236 diaconum

2033 1301 2374 1372 Comperiat,
2403 1303 2517 1360 imo
2538 1303 2708 1360 etiam
2733 1304 2960 1375 liquido
2981 1307 3294 1375 plurimum
3329 1307 3618 1364 industria

1965 1388 2219 1446 ﬁdelium
2241 1405 2714 1464 quorumcunque
2735 1394 2978 1450 auribus
2997 1409 3094 1464 per
3113 1401 3442 1465 praesentem
3460 1397 3624 1454 char-

1962 1479 2142 1535 tulam
2189 1480 2545 1552 subsequens
2584 1483 2824 1539 traditio
2858 1489 2914 1540 et
2952 1485 3380 1555 eomplacitatio
3423 1489 3618 1544 mani-

1963 1567 2222 1641 festetur,
2257 1571 2508 1642 qualiter
2543 1573 2821 1631 diaconus
2862 1576 3096 1646 quidam
3126 1577 3491 1642 venerabilis,
3526 1593 3621 1635 no-

1963 1661 2116 1717 mine
2152 1662 2468 1734 Cundbato,
2513 1678 2612 1733 pro
2643 1666 2894 1722 remedio
2932 1667 3138 1722 animm
3176 1682 3293 1723 suae
3323 1669 3614 1740 cogitavit.

1885 1739 1936 1799 B
1964 1750 2225 1820 Speravit
2269 1766 2533 1823 namque,
2567 1755 2716 1824 quod
2749 1759 2805 1810 et
2835 1756 3070 1811 omnino
3115 1757 3461 1813 credendum
3509 1763 3614 1827 est,

1967 1840 2015 1896 si
2043 1841 2113 1896 de
2143 1841 2314 1897 rebus
2339 1843 2584 1898 terrenis
2614 1849 2839 1899 sanctas
2867 1845 2966 1899 Dei
2993 1845 3264 1902 ecclesias
3290 1848 3522 1920 ditaret,
3555 1853 3620 1906 ut

1967 1931 2100 1985 inde
2124 1930 2239 1986 sibi
2270 1932 2588 2001 corporalis
2612 1947 2746 1987 cura
2775 1946 2840 1988 ac
2859 1934 3066 1989 animae
3089 1935 3246 1990 salus
3271 1939 3476 1992 aeterna
3505 1951 3619 1993 am-

1965 2018 2336 2088 pliﬁcaretur.
2363 2020 2721 2090 Quapropter
2743 2035 2876 2093 ergo
2905 2022 3103 2078 divino
3127 2025 3382 2095 cogitatu
3415 2025 3620 2080 instin-

1963 2113 2092 2164 ctus
2123 2108 2369 2164 tradidit
2407 2111 2814 2180 proprietatem
2865 2125 3047 2181 suam,
3091 2126 3261 2183 quam
3305 2113 3508 2170 habuit
3542 2115 3612 2170 ad

1962 2197 2319 2266 Quartinaha
2344 2199 2510 2267 juxta
2549 2199 2846 2271 Bilisaseo,
2881 2201 2948 2256 ad
2982 2205 3241 2258 sanctum
3271 2203 3372 2258 Dei
3405 2207 3616 2274 marty-

1963 2300 2079 2342 rem
2110 2288 2606 2360 Emmerammum,
2639 2289 2874 2346 domino
2895 2305 3002 2346 suo
3025 2291 3262 2348 Arnolfo
3288 2291 3410 2348 ﬁlio
3435 2291 3614 2363 regali

1962 2376 2323 2446 permittente
2341 2392 2374 2434 a
2402 2392 2515 2449 quo
2538 2393 2659 2434 eam
2693 2379 2751 2434 in
2780 2380 3193 2450 possessionem
3220 2382 3456 2452 accepit.
3486 2382 3616 2438 Tra-

1957 2465 2080 2522 dita
2105 2471 2190 2522 est
2215 2471 2403 2523 autem
2455 2468 2725 2537 praedicta
2769 2469 3090 2539 proprietas
3135 2470 3206 2525 ab
3234 2471 3428 2526 eodem
3457 2485 3619 2527 vene-

1958 2555 2130 2612 rabili
2160 2555 2531 2612 Cundbatone
2557 2571 2658 2626 pro
2686 2558 2920 2613 domino
2943 2572 3046 2614 suo
3076 2557 3314 2615 Arnolfo
3342 2563 3398 2614 et
3423 2573 3528 2628 pro
3556 2574 3616 2616 se

1960 2647 2019 2702 in
2051 2646 2232 2715 ipsam
2265 2659 2419 2701 aram
2450 2646 2503 2701 S.
2550 2647 2948 2703 Emmerammi
2987 2648 3044 2702 in
3090 2661 3318 2704 manum
3350 2649 3617 2704 videlicet

1957 2735 2363 2791 Ambrichonis
2387 2735 2833 2791 reverentissimi
2858 2735 3124 2804 praesulis
3139 2737 3470 2792 etadvocati
3489 2739 3615 2806 ejus

1956 2824 2274 2880 Gundberti
2301 2842 2316 2894 ;
2350 2823 2407 2880 id
2436 2828 2540 2894 est,
2575 2824 2872 2880 ecclesiam
2898 2825 2952 2879 S.
2986 2825 3222 2880 Joannis
3251 2825 3613 2897 evangelista:

1957 2927 2084 2968 cum
2119 2912 2390 2969 omnibus
2422 2913 2790 2983 pertinentiis
2827 2918 2882 2969 et
2919 2913 3262 2983 adjacentiis
3301 2914 3449 2984 suis,
3481 2930 3610 2971 cum

1958 3005 2120 3056 curte
2157 3005 2214 3056 et
2238 3001 2530 3070 parochia,
2562 3006 2618 3056 et
2651 3016 2781 3058 cum
2822 3002 3092 3058 omnibus
3121 3003 3261 3058 illuc
3301 3006 3608 3076 concessis,

191 3075 576 3180 Eundpertus,
616 3075 924 3164 advocatus
961 3075 1370 3162 Aumbrichonis
1398 3105 1676 3176 episcopi,
1718 3103 1840 3174 qui,

1959 3090 2286 3159 mancipiis,
2320 3090 2494 3161 agris,
2529 3091 2704 3145 cultis
2733 3095 2788 3145 et
2818 3089 3080 3161 incultis,
3120 3091 3319 3160 pratis,
3356 3075 3606 3164 pascuis,

192 3204 256 3254 ut
285 3213 461 3270 supra
493 3198 714 3254 dictum
755 3203 860 3267 est,
895 3198 1041 3253 hanc
1070 3196 1440 3252 traditionem
1474 3196 1688 3264 pariter
1712 3207 1842 3249 cum

189 3288 460 3357 episcopo
490 3291 545 3341 et
570 3287 790 3356 accepit
825 3291 881 3341 et
910 3285 1062 3340 fecit.
1106 3285 1269 3340 Teste
1313 3282 1584 3346 Helfrico,
1622 3281 1844 3337 Durin—

189 3377 426 3444 chardo,
467 3375 798 3446 Waltungo,
835 3374 1128 3442 Askarico,
1171 3372 1838 3444 Rodhario,Deotmaro,

191 3465 497 3534 Rihpaldo,
531 3465 825 3535 Rihperto,
871 3464 1234 3520 Cundhardo.
1269 3464 1338 3517 Et
1368 3468 1431 3518 ut
1461 3460 1682 3516 nullum
1713 3473 1845 3516 om—

191 3555 331 3609 nino
359 3552 505 3609 foret
530 3553 600 3609 ab
631 3555 894 3624 utrisque
915 3552 1177 3622 partibus
1209 3551 1698 3622 impedimentum,
1730 3548 1844 3617 pla-

190 3646 316 3699 cuit
345 3644 491 3699 duas
521 3644 802 3714 assignari
845 3642 1156 3698 chartulas.
1199 3641 1421 3710 Quippe
1453 3653 1619 3696 unam
1655 3638 1712 3693 in
1743 3637 1843 3692 bi-

189 3733 536 3788 bliothecam
578 3733 760 3788 sancti
809 3732 1077 3802 martyris
1121 3730 1342 3800 reponi,
1375 3729 1611 3784 alteram
1650 3740 1780 3782 vero
1811 3739 1842 3781 a

189 3822 536 3894 Reginperto
560 3822 676 3890 jam
707 3835 879 3890 supra
905 3821 1060 3876 dicto
1083 3819 1284 3875 teneri.
1315 3819 1518 3874 Actum
1540 3823 1625 3873 est
1650 3819 1839 3872 autem

191 3916 468 3980 praesente
506 3911 774 3980 episcopo
817 3911 933 3979 jam
973 3923 1119 3979 saepe
1165 3908 1459 3963 nominato
1504 3906 1841 3975 caeterisque

190 4012 360 4069 quam
396 3998 667 4068 plurimis
687 4011 835 4053 anno
861 3998 1088 4054 Domini
1116 3997 1298 4053 nostri
1324 3998 1453 4052 Jesu
1472 3994 1686 4050 Christi
1711 3990 1836 4060 879,

189 4087 513 4142 indictione
534 4083 616 4158 12,
638 4085 1009 4158 regnantibus
1026 4085 1335 4141 clarissimi
1357 4084 1506 4156 regis
1523 4080 1838 4138 Hludowici

187 4175 335 4230 ﬁliis
362 4175 760 4245 Carlomanno,
791 4175 1142 4246 Hludowico,
1173 4174 1398 4241 Carolo,
1428 4185 1578 4227 anno
1605 4167 1655 4225 4.

184 4319 318 4373 CAP.
362 4317 538 4372 XXII.
577 4347 650 4357 —
686 4316 1039 4372 Commutatio
1075 4319 1220 4370 inter
1258 4315 1672 4370 Ambrichonem
1717 4314 1842 4384 epi-

657 4404 875 4458 scopum
904 4393 954 4442 et
982 4388 1372 4442 Ekkihardum.

260 4512 583 4568 Fructuosa
634 4511 816 4581 valde,
865 4517 921 4567 et
964 4524 1076 4566 non
1120 4511 1305 4568 solum
1352 4511 1604 4579 honesta,
1646 4523 1842 4564 verum

185 4603 366 4656 etiam
395 4600 640 4656 nimium
668 4601 836 4657 utilis
860 4601 1214 4657 consuetudo
1239 4600 1376 4656 olim
1407 4601 1555 4655 inter
1585 4600 1843 4656 homines

189 4690 509 4746 inoleverat
550 4691 936 4746 commutandi
980 4689 1250 4745 videlicet
1296 4690 1570 4759 quasdam
1613 4703 1703 4744 res
1743 4703 1844 4758 pro

184 4779 492 4834 ambarum
533 4778 790 4834 utilitate
826 4779 1095 4848 partium.
1141 4779 1255 4834 Hac
1293 4778 1577 4849 siquidem
1626 4777 1848 4832 ratione

185 4867 465 4923 convenit
513 4867 662 4922 inter
709 4867 1086 4922 venerabilem
1128 4867 1458 4937 episc0pum
1502 4865 1850 4920 Ambricho-

187 4970 344 5026 nem,
381 4961 440 5010 et
478 4956 775 5025 quemdam
821 4955 1068 5011 nobilem
1107 4955 1492 5011 Eckihardum
1534 4955 1644 5010 ista
1686 4968 1847 5010 com—

186 5045 460 5100 mutatio.
490 5044 754 5100 Tradidit
787 5045 980 5114 itaque
1011 5045 1280 5114 prazi'atus
1311 5044 1669 5100 Eckihardus
1692 5045 1760 5099 ad
1787 5044 1842 5099 S.

181 5135 672 5188 Emmerammum
697 5133 756 5187 in
785 5147 1014 5189 manum
1039 5133 1294 5204 praedicti
1319 5133 1570 5203 episcopi
1595 5137 1651 5188 et
1669 5133 1851 5188 advo—

184 5222 300 5276 cati
339 5221 471 5290 ejus
507 5220 762 5277 Adalrici
812 5222 1213 5291 proprietatem
1249 5235 1410 5278 suam
1440 5235 1609 5292 quam
1645 5221 1848 5277 habere

184 5311 356 5366 visus
398 5315 487 5366 est
531 5310 590 5364 in
621 5310 744 5366 loco
788 5311 889 5381 qui
931 5311 1152 5366 dicitur
1196 5311 1477 5384 Stargina,
1523 5313 1580 5366 et
1622 5323 1846 5365 servum

186 5414 399 5456 unum.
431 5401 474 5454 E
500 5404 699 5455 contra
729 5413 860 5456 vero
881 5400 996 5469 jam
1035 5400 1230 5456 dictus
1267 5402 1575 5457 advocatus
1599 5413 1729 5455 cum
1764 5399 1846 5454 li—

185 5489 387 5545 centia
421 5487 679 5558 episcopi
713 5488 956 5544 tradidit
984 5488 1052 5544 ad
1083 5487 1340 5544 Ewistun
1366 5489 1481 5556 jam
1506 5487 1664 5544 dicto
1692 5487 1846 5543 Ecki~

186 5579 378 5634 hardo
424 5577 498 5634 de
544 5577 716 5634 rebus
768 5579 822 5633 S.
879 5577 1277 5634 Emmerammi
1319 5576 1389 5631 de
1438 5580 1587 5633 terra
1637 5577 1844 5634 arabili

1953 3178 2137 3248 silvis,
2169 3179 2432 3248 decimis,
2466 3179 2637 3248 aquis
2666 3191 3062 3249 aquarumque
3089 3178 3430 3244 decursibus
3461 3180 3606 3237 locis

1954 3267 2077 3322 illis
2097 3267 2349 3335 traditis,
2373 3267 2436 3322 id
2458 3271 2562 3328 est,
2585 3267 2654 3322 ad
2684 3266 2922 3322 ﬂuvium
2947 3266 3128 3322 Salam
3155 3268 3304 3337 quod
3329 3267 3603 3337 Froperht

1948 3358 2064 3426 jam
2095 3355 2233 3412 olim
2267 3356 2326 3410 in
2357 3355 2694 3410 beneficium
2729 3354 2932 3410 habuit
2961 3358 3017 3409 et
3040 3356 3108 3410 ad
3140 3355 3327 3427 Velih,
3359 3357 3606 3412 caeteris-

1955 3458 2064 3515 que
2106 3444 2375 3499 omnibus
2419 3441 2733 3499 mobilibus
2770 3447 2827 3498 et
2866 3443 3278 3498 immobilibus.
3327 3444 3372 3499 E
3405 3449 3604 3500 contra

1949 3545 2082 3588 vero
2103 3532 2373 3604 praefatus
2393 3532 2555 3589 Gund
2565 3536 2760 3602 pertus
2774 3532 3081 3588 advocatus
3101 3532 3491 3588 consentiente
3511 3533 3606 3588 do-

1954 3623 2112 3678 mino
2141 3636 2244 3678 suo
2265 3621 2531 3691 episc0po
2563 3621 2806 3676 tradidit
2830 3621 2900 3676 de
2928 3620 3095 3676 rebus
3118 3622 3171 3677 S.
3201 3623 3601 3677 Emmerammi

1951 3717 2082 3767 ante
2108 3711 2402 3767 nominato
2431 3709 2797 3766 Gundbatoni
2829 3709 3143 3790 venerabili
3173 3710 3417 3766 diacono
3449 3713 3599 3781 quod

1949 3800 2139 3856 Chezil
2163 3801 2287 3856 Dux
2308 3801 2424 3868 jam
2459 3799 2742 3870 quondam
2765 3813 2868 3869 pro
2891 3799 3139 3855 remedio
3164 3800 3370 3855 animae
3390 3814 3508 3855 sua:
3529 3800 3600 3856 ad

1952 3889 2287 3961 praedictum
2313 3894 2570 3944 sanctum
2599 3888 2943 3944 condonavit
2957 3889 3122 3957 juxta
3146 3902 3368 3943 amnem
3391 3889 3493 3958 qui
3518 3889 3605 3944 di-

1949 3979 2105 4035 citur
2123 3978 2275 4032 Raba
2293 3995 2306 4046 ;
2326 3990 2390 4031 ea
2412 3976 2637 4032 scilicet
2656 3976 2895 4047 ratione,
2920 3983 3204 4047 quatenus
3227 3977 3374 4032 idem
3395 3977 3605 4033 Gund-

1949 4069 2081 4124 bato
2101 4066 2295 4122 ambas
2317 4079 2405 4120 res
2439 4065 2570 4120 illas
2594 4064 2835 4119 ﬁrmiter
2863 4069 3033 4134 atque
3054 4065 3280 4121 utiliter
3314 4067 3604 4135 possideat

1951 4169 2133 4227 usque
2148 4156 2215 4212 ad
2236 4154 2457 4210 obitum
2475 4167 2662 4208 suum.
2688 4154 2820 4208 Post
2839 4167 2969 4209 vero
2988 4153 3288 4224 integriter
3303 4160 3507 4211 cuncta
3527 4155 3598 4210 ad

1949 4259 2097 4316 saepe
2107 4245 2223 4314 jam
2240 4243 2460 4300 dictum
2478 4242 2576 4297 Dei
2596 4246 2854 4297 sanctum
2873 4242 3208 4314 redigantur
3226 4246 3282 4298 et
3298 4244 3605 4300 restituan-

1951 4341 2064 4392 tur.
2087 4335 2154 4389 Et
2172 4338 2234 4389 ut
2252 4334 2369 4388 haec
2383 4331 2699 4388 auctoritas
2715 4330 3048 4386 traditionis
3065 4332 3286 4387 ﬁrmior
3303 4332 3598 4403 habeatur,

1867 4429 1924 4491 D
1956 4423 2245 4480 subnotati
2287 4424 2457 4478 testes
2487 4433 2585 4490 per
2621 4433 2789 4474 aures
2831 4419 3179 4475 trahuntur:
3211 4420 3366 4489 Polo,
3407 4421 3597 4492 Jacob,

1953 4513 2272 4585 Reginhoh,
2316 4511 2604 4578 Solomon,
2656 4507 2912 4576 Eckirih,
2951 4507 3216 4578 Adamar,
3258 4508 3392 4578 Avo,
3435 4509 3604 4564 Fast-

1954 4607 2088 4670 mot,
2107 4599 2436 4670 Gotaperht,
2459 4597 2756 4667 Irmperht,
2779 4596 3070 4668 Heripold,
3089 4597 3282 4667 Unlaz,
3305 4597 3602 4667 Pernhart,

1953 4693 2212 4757 Herrant,
2243 4687 2590 4760 Engilscalh,
2622 4686 3030 4755 Erchanperht,
3065 4685 3396 4757 Reginhart,
3432 4687 3606 4742 Stru-

1957 4795 2047 4851 po,
2081 4778 2320 4848 liungis,
2352 4775 2682 4842 Ambricho,
2716 4774 3036 4846 Liutperht,
3069 4774 3344 4846 Sigihart,
3376 4775 3601 4848 Vicker,

1955 4872 2133 4926 Patto.
2181 4871 2319 4922 Item
2358 4865 2493 4931 Avo,
2537 4863 2796 4933 Switker,
2836 4864 3092 4932 Gammo,
3134 4864 3394 4934 Adalrih,
3436 4865 3605 4921 Sala-

1957 4959 2080 5014 cho.
2118 4959 2355 5025 Insuper
2378 4953 2549 5009 etiam
2572 4953 2735 5022 juxta
2760 4951 2940 5020 ipsam
2969 4951 3138 5007 Aram
3171 4953 3430 5020 praedicti
3463 4967 3606 5010 san—

1956 5048 2034 5103 cti
2066 5046 2166 5102 ille
2193 5045 2497 5114 episcOpus
2526 5041 2708 5096 eidem
2740 5038 3106 5095 Gundbatoni
3139 5039 3431 5096 licentiam
3461 5055 3607 5098 con-

1957 5137 2150 5206 cessit,
2182 5138 2248 5189 ut
2281 5130 2565 5200 mancipia
2595 5130 2648 5186 S.
2691 5128 3090 5184 Emmerammi
3131 5143 3258 5200 quae
3298 5129 3450 5186 ultra
3488 5131 3607 5185 Ra-

1956 5225 2084 5280 bam
2126 5223 2259 5296 fuga
2304 5222 2460 5291 lapsa
2504 5223 2638 5275 sunt
2679 5217 2956 5289 inquirat,
2988 5220 3044 5272 et
3084 5219 3275 5289 capiat
3303 5226 3360 5274 et
3390 5219 3449 5273 in
3475 5231 3610 5273 eas-

1956 5316 2083 5371 dem
2115 5327 2205 5368 res
2238 5309 2492 5368 ecclesiae
2535 5308 2869 5377 constituat,
2903 5312 2968 5362 ut
3001 5315 3128 5377 post
3156 5307 3378 5365 obitum
3409 5320 3603 5371 suum,

1958 5404 2110 5459 sicut
2139 5413 2311 5471 supra
2335 5398 2612 5465 diximus,
2647 5400 2850 5453 cuncta
2879 5396 3209 5452 emeliorata
3239 5395 3309 5450 ad
3341 5397 3602 5450 sanctum

1955 5491 2055 5548 Dei
2095 5493 2396 5559 martyrem
2434 5488 2908 5543 Emmerammum
2947 5489 3317 5542 revertantur.
