4058 6154
537 273 645 334 945

1577 275 1896 334 ANAMODI
1931 274 2462 333 RATISPONENSIS
2497 273 2901 333 SUBDIAGONI

3762 282 3850 343 946

539 394 668 452 CAP.
735 395 934 452 XXIV.
995 425 1078 475 —_
1127 396 1478 475 Commutatio
1560 397 1703 475 inter
1771 394 2185 450 Ambrichonem
2208 389 2269 452 A
2297 405 2521 458 constat
2547 402 2803 460 dicatum
2832 401 2890 458 in
2922 402 3137 460 honore
3163 402 3219 459 S.
3252 403 3508 475 martyris
3527 406 3850 470 Emmerammi

992 471 1296 539 episcopum
1330 473 1378 523 et
1411 470 1726 523 Emustum.

611 574 1016 634 Concambium
1068 576 1218 632 inter
1273 575 1713 632 Ambrichonem
1759 575 2091 646 episcOpum
2133 574 2188 628 et

539 667 852 722 Ernustum
929 667 1227 736 quemdam
1296 666 1672 722 venerabilem
1741 665 1948 721 virum.
2021 661 2189 719 Dedit

540 755 721 828 igitur
744 754 1050 812 Ambricho
1077 770 1163 826 ep.
1188 756 1257 810 de
1279 754 1448 810 rebus
1473 760 1680 811 sanctae
1703 753 1968 810 Ecclesiae
1988 753 2189 824 jugera

541 858 678 900 xxvr
731 845 790 900 in
833 845 954 900 loco
995 844 1094 914 qui
1141 844 1359 901 dicitur
1406 843 1828 915 Gundpatinga.
1873 845 1939 898 Et
1975 856 2005 898 e
2046 854 2192 897 con-

542 938 628 989 tra
658 933 818 990 dedit
845 936 1129 990 Ernustus
1156 935 1227 989 de
1253 934 1422 990 rebus
1453 933 1822 1003 proprietatis
1852 946 1968 988 suae
1989 932 2190 1002 jugera

543 1037 726 1079 xxvui
759 1023 816 1078 in
844 1023 966 1080 loco
993 1024 1093 1094 qui
1120 1023 1340 1078 dicitur
1369 1023 1800 1093 Preitprunnin,
1829 1035 1892 1078 ea
1922 1021 2193 1076 videlicet

542 1113 784 1181 ratione,
813 1117 895 1182 ut,
919 1112 967 1168 si
999 1112 1129 1183 quis
1158 1125 1454 1167 successor
1473 1113 1588 1180 jam
1614 1110 1908 1166 memorati
1934 1108 2188 1180 episcopi

546 1201 650 1256 hoc
689 1201 1083 1257 concambium
1132 1205 1354 1256 mutare
1395 1201 1704 1270 conaverit,
1751 1203 1888 1255 tunc
1937 1203 2193 1269 potesta—

547 1292 652 1345 tem
690 1289 893 1346 habeat
929 1292 1138 1346 Ernost
1183 1303 1272 1346 res
1301 1302 1437 1346 suas
1479 1294 1807 1346 convertere
1851 1302 2192 1361 quocunque

542 1377 808 1434 voluerit.
866 1381 936 1434 Et
989 1378 1106 1434 haec
1159 1379 1389 1436 nomina
1441 1379 1964 1446 circumstantium,
2020 1383 2192 1448 atque

539 1467 963 1525 audientium:
1021 1468 1385 1538 Erchenmar,
1473 1467 1818 1539 Willihelm,
1903 1468 2188 1538 Wichart,

540 1556 828 1627 Anthelm,
860 1557 1033 1631 Eigil,
1068 1557 1400 1630 Reginhart,
1444 1557 1740 1630 Ilerilung,
1772 1557 1945 1627 Anzo,
1984 1558 2193 1614 Gund-

545 1647 697 1715 pold,
744 1647 959 1718 Gerolt,
1006 1647 1269 1718 Drudolt,
1322 1647 1584 1721 Hartnid,
1638 1648 1881 1718 Helfrih,
1929 1647 2186 1717 Eckirih,

539 1733 830 1801 Weladeo,
862 1734 988 1804 Ato,
1020 1737 1333 1810 Ermanolt,
1365 1738 1610 1810 Rodcog,
1643 1737 1938 1808 Merimuz,
1972 1742 2078 1793 etc.

538 1857 666 1912 CAP.
706 1857 882 1915 XXV.
922 1888 996 1899 —
1030 1859 1382 1914 Commutatio
1425 1862 1568 1915 inter
1614 1859 2030 1915 Ambrichonem
2069 1861 2192 1930 cpi}-

1019 1946 1238 2002 scopum
1273 1937 1324 1986 et
1359 1933 1705 1988 Bickelmum.

610 2036 927 2094 Fructuosa
971 2037 1153 2107 valde,
1196 2043 1252 2095 et
1297 2052 1409 2094 non
1449 2039 1636 2095 solum
1686 2039 1942 2110 honesta,
1995 2051 2190 2094 verum

539 2125 711 2180 etiam
745 2125 989 2182 nimium
1023 2126 1191 2182 utilis
1210 2129 1562 2185 consuetudo
1589 2127 1723 2184 olim
1756 2128 1906 2184 inter
1931 2128 2192 2184 homines

543 2215 854 2272 inoleverat
896 2217 1284 2273 commutandi
1325 2217 1596 2274 videlicet
1636 2218 1909 2288 quasdam
1951 2232 2042 2275 res
2091 2233 2193 2289 pro

540 2306 836 2362 ambarum
879 2305 1132 2363 utilitate
1177 2307 1447 2377 partium.
1496 2309 1608 2364 Hac
1643 2308 1926 2380 siquidem
1971 2309 2193 2365 ratione

543 2396 808 2451 convenit
848 2396 998 2451 inter
1045 2396 1422 2453 venerabilem
1468 2397 1798 2468 episcopum
1847 2393 2194 2455 Ambricho—

542 2499 690 2556 nem,
718 2490 773 2542 et
803 2487 1100 2556 quemdam
1131 2487 1541 2543 Dominicalem
1569 2502 1794 2543 servum
1824 2487 2192 2544 Rihhelmum

546 2573 657 2630 ista
686 2574 1075 2631 commutatio.
1118 2575 1381 2632 Tradidit
1413 2576 1606 2646 itaque
1647 2575 1918 2646 praefatus
1947 2567 2194 2634 Rihbel—

543 2676 671 2719 mus
702 2662 760 2718 in
796 2677 1023 2720 manum
1063 2665 1382 2734 supradicti
1413 2665 1669 2735 episcopi
1699 2669 1756 2721 et
1779 2666 2038 2722 advocati
2067 2667 2192 2735 ejus

539 2752 789 2809 Hahardi
832 2753 902 2809 de
934 2753 1104 2810 rebus
1149 2745 1517 2825 proprietatis
1567 2754 1766 2810 uxoris
1808 2769 1925 2811 suae
1968 2759 2191 2825 pratum

545 2855 724 2899 unum
767 2842 980 2899 habens
1009 2845 1212 2916 jugera
1251 2858 1356 2915 xu,
1390 2847 1445 2899 et
1477 2845 1547 2900 de
1577 2841 1783 2899 arabili
1816 2849 1966 2900 terra
1992 2845 2194 2916 jugera

541 2943 643 2988 vm
673 2945 798 3003 qua:
827 2936 965 2988 sunt
993 2931 1105 2988 sita
1132 2933 1299 3002 juxta
1338 2932 1605 2989 cellulam
1643 2947 1770 3004 qua:
1794 2933 2014 2989 dicitur
2037 2933 2196 2989 Deh—

542 3023 749 3090 tapeta.
792 3021 836 3076 E
878 3024 1075 3076 contra
1122 3020 1294 3077 etiam
1319 3023 1436 3091 jam
1483 3021 1676 3078 dictus
1713 3022 2023 3078 advocatus
2060 3035 2191 3078 cum

544 3109 780 3166 licentia
809 3109 1066 3180 episcOpi
1105 3109 1350 3166 tradidit
1372 3111 1487 3180 jam
1529 3124 1675 3180 saepe
1697 3111 1854 3168 dicto
1891 3111 2193 3168 Rihhelmo

541 3199 612 3254 de
638 3198 810 3255 rebus
838 3201 1022 3254 sancti
1053 3199 1204 3256 Petri
1226 3200 1296 3256 de
1325 3199 1532 3256 arabili
1558 3204 1706 3256 terra
1733 3201 1933 3272 jugera
1962 3215 2039 3256 xx
2067 3217 2192 3272 quae

543 3291 681 3343 sunt
728 3287 842 3342 sita
885 3300 1058 3358 prepe
1104 3287 1301 3344 villam
1347 3301 1472 3359 quae
1518 3289 1741 3344 dicitur
1789 3290 2077 3346 Winzara.
2124 3292 2192 3346 Et

543 3379 608 3432 ut
634 3375 752 3432 haec
785 3377 1156 3435 commutatio
1207 3377 1428 3434 ﬁrmior
1461 3382 1609 3434 esset
1648 3381 1703 3434 et
1726 3391 1756 3434 a
1794 3379 2038 3449 posteris
2063 3370 2194 3434 'me—

542 3463 660 3521 lius
681 3466 1024 3538 crederetur,
1054 3467 1272 3538 placuit
1294 3467 1440 3524 duas
1459 3467 1687 3523 chartas
1709 3481 1823 3524 uno
1848 3473 2043 3523 tenore
2063 3481 2192 3523 con-

542 3555 788 3624 scriptas
835 3555 969 3611 inde
1012 3555 1281 3612 exhibere
1318 3561 1374 3611 et
1420 3559 1591 3612 testes
1636 3555 1909 3612 adhibere
1948 3569 2192 3626 quorum

543 3644 774 3699 nomina
816 3649 952 3700 sunt
984 3645 1140 3701 hazc:
1173 3645 1518 3716 Kaganhart,
1564 3644 1831 3715 Ciliman,
1872 3645 2030 3714 Pezo,
2059 3645 2195 3700 item

542 3731 808 3802 Ciliman,
841 3732 1172 3803 Odalperht,
1218 3733 1442 3803 Engici,
1481 3732 1704 3803 Eiorih,
1751 3732 2001 3805 Plidker,
2032 3732 2199 3788 Sala-

547 3821 674 3890 cho,
703 3820 936 3892 Alpgoz,
971 3819 1284 3885 Amalheri,
1317 3820 1484 3890 Sono,
1519 3824 1626 3875 etc.

829 3944 958 4000 CAP.
1001 3944 1200 3999 XXVI.
1245 3973 1318 3983 —
1356 3945 1603 3999 Traditio
1644 3944 1917 4000 Avalunae

619 4051 681 4107 In
725 4051 826 4107 Dei
870 4051 1100 4108 nomine
1149 4050 1396 4107 tradidit
1441 4051 1698 4108 Avaluna
1744 4053 1813 4109 ad
1862 4053 1917 4108 S.
1969 4055 2200 4110 Emme-

551 4154 831 4198 rammum
881 4141 1170 4211 mancipia
1198 4155 1236 4195 x
1269 4155 1514 4212 quorum
1559 4142 1791 4198 nomina
1822 4148 1959 4198 sunt
1991 4161 2003 4196 :
2036 4145 2195 4215 Leva,

550 4231 814 4302 Kerhart,
873 4230 1128 4303 Paldrih,
1201 4230 1444 4302 Folcrat,
1512 4231 1802 4302 Willirih,
1869 4233 2195 4303 Deotperht,

549 4319 883 4391 Willipurc,
925 4320 1262 4392 Reginpold,
1305 4321 1629 4391 Cotaperht,
1672 4319 1969 4376 Kisalfrid.
2000 4322 2042 4376 E
2071 4334 2203 4378 con-

550 4416 638 4468 tra
689 4425 820 4467 vero
869 4413 1044 4467 Immo
1096 4411 1405 4468 advocatus
1454 4416 1510 4466 et
1547 4410 1667 4482 Ogo
1723 4411 2088 4469 tradiderunt
2128 4412 2280 4483 del)

548 4500 720 4558 rebus
762 4501 818 4556 S.
862 4500 1262 4557 Emmerammi
1312 4499 1596 4569 praedictae
1640 4498 1910 4556 Avalunae
1950 4501 2009 4556 in
2059 4515 2194 4571 pro—

551 4589 849 4659 prietatem
906 4589 1194 4659 mancipia
1241 4601 1296 4650 v,
1353 4588 1411 4644 id
1467 4592 1608 4644 est:
1657 4588 1872 4661 Unroh,
1926 4589 2197 4663 Helidolf,

548 4677 836 4746 Snelhart,
894 4677 1070 4748 Hitto,
1138 4675 1402 4747 Egilwih.
1463 4678 1530 4732 Hi
1586 4683 1722 4734 sunt
1778 4683 1952 4734 testes
1997 4698 2009 4734 :
2057 4681 2194 4754 Ogo,

550 4768 756 4832 Masso,
811 4765 1064 4836 Epucho,
1130 4765 1265 4820 item
1323 4766 1576 4839 Epucho,
1648 4767 1848 4839 Wago,
1912 4769 2196 4842 Isanpero,

548 4853 882 4924 Adalperht,
914 4853 1137 4911 Rodolt.
1171 4853 1374 4912 Actum
1405 4861 1492 4912 est
1521 4856 1592 4913 ad
1624 4857 2015 4914 Potinreinna.

547 4977 674 5035 CAP.
733 4979 955 5036 XXVII.
1010 5008 1084 5049 ε-
1131 4981 1376 5036 Traditio
1431 4983 1692 5066 .Ratha-rii
1749 4984 2038 5053 cujusdam
2103 4987 2202 5042 Bo-

1288 5069 1459 5108 mam.

620 5158 682 5213 In
717 5157 946 5214 nomine
989 5158 1199 5214 summi
1239 5159 1338 5214 Dei
1371 5162 1569 5215 notum
1609 5159 1689 5215 sit
1727 5161 1995 5218 omnibus
2027 5161 2204 5219 Chri-

548 5246 750 5304 stianae
781 5243 1083 5317 religionis
1123 5245 1474 5314 hominibus,
1526 5247 1692 5303 talem
1723 5249 1947 5305 scilicet
1971 5265 2198 5308 causam

547 5335 698 5391 scire
725 5333 1071 5404 volentibus,
1120 5336 1270 5406 quod
1299 5350 1400 5407 ego
1441 5336 1674 5392 Ratheri
1704 5351 1805 5408 pro
1836 5337 2032 5396 futura
2063 5355 2202 5397 mer-

547 5425 682 5482 cede
728 5423 988 5496 cogitans
1032 5437 1096 5480 ac
1141 5423 1364 5479 servitii
1416 5425 1679 5481 mihimet
1720 5426 1920 5496 placiti
1964 5443 2195 5499 memor,

548 5512 837 5584 propriam
863 5511 1198 5569 ancillulam
1230 5511 1373 5569 meis
1396 5512 1664 5569 videlicet
1689 5513 1986 5572 laboribus
2005 5519 2201 5588 acqui-

548 5602 742 5672 sitam,
802 5602 1031 5657 nomine
1078 5600 1474 5671 Ellinpurgam
1533 5602 1600 5658 ad
1651 5602 1831 5659 altare
1871 5605 1993 5671 Dei,
2045 5608 2194 5676 quod

2298 491 2513 548 tradidi
2567 494 2974 564 propriamque
3021 496 3147 563 post
3189 492 3404 550 obitum
3448 509 3616 552 meum
3658 496 3733 555 illi
3761 501 3850 560 loco

2300 583 2506 638 dicavi.
2552 583 2771 654 Quippe
2805 597 2868 640 ea
2903 584 3145 652 ratione,
3186 589 3252 640 ut
3283 585 3412 640 inde
3454 588 3780 655 patrocinium
3805 606 3851 648 ac

2299 676 2683 734 defensionem
2744 682 3016 746 speraret,
3071 678 3242 745 atque
3295 690 3390 744 per
3443 675 3678 747 singulos
3721 695 3854 739 annos

2300 767 2450 823 nihil
2484 767 2614 838 plus
2645 780 2812 837 quam
2845 771 3094 838 quatuor
3122 765 3388 822 denarios
3416 766 3737 837 persolveret,
3764 773 3856 828 reli-

2300 870 2476 927 quum
2509 870 2736 928 quoque
2765 857 2895 913 vita:
2927 857 3101 927 hujus
3141 861 3362 926 tempus
3393 856 3609 926 prOprio
3634 857 3855 928 dispensa-

2301 951 2387 1002 ret
2415 945 2679 1002 arbitrio.
2726 945 2982 1017 Denique
3026 950 3142 1001 tres
3191 944 3340 1002 ﬁlios
3383 958 3550 1014 meos,
3597 961 3719 1016 quos
3750 950 3854 1006 mihi

2300 1049 2474 1106 supra
2506 1035 2794 1093 nominata
2826 1036 3025 1107 genuit
3057 1035 3285 1106 mulier,
3332 1035 3552 1091 nomine
3589 1035 3854 1106 Alawinum,

2299 1125 2634 1196 Johannem,
2697 1125 3112 1192 Bernhardum,
3175 1124 3386 1180 liberos
3445 1131 3604 1196 atque
3647 1125 3705 1180 ab
3744 1128 3858 1182 omni

2302 1214 2601 1270 servitutis
2633 1215 2893 1270 humanae
2935 1215 3168 1270 vinculo
3211 1227 3442 1271 securos
3471 1214 3681 1285 reliqui.
3707 1217 3861 1273 Fratri-

2301 1303 2411 1360 bus
2461 1318 2689 1375 quoque
2734 1305 2876 1361 meis
2925 1304 3324 1375 praesentibus.
3386 1305 3604 1360 nomine
3638 1305 3794 1362 Allino
3825 1314 3864 1363 et

2299 1394 2574 1464 Alawino,
2617 1398 2677 1453 et
2717 1395 2774 1449 in
2806 1400 3050 1465 utraque
3088 1409 3166 1466 re,
3201 1395 3258 1450 id
3286 1399 3372 1450 est
3413 1393 3621 1449 femina:
3654 1394 3864 1450 ﬁliorum-

2302 1496 2412 1553 que
2457 1482 2661 1550 libenti
2705 1484 2898 1540 animo
2951 1482 3463 1540 consentientibus.
3510 1481 3690 1538 Actum
3725 1489 3861 1539 autem

2301 1570 2408 1627 hoc
2441 1585 2630 1628 coram
2663 1572 2888 1630 civibus
2926 1573 3091 1629 urbis
3123 1572 3294 1646 regim
3336 1571 3866 1642 Radasponensisquo-

2302 1675 2429 1716 rum
2456 1661 2688 1718 nomina
2733 1666 3049 1718 cernuntur
3091 1662 3150 1716 in
3181 1660 3478 1731 subjecto:
3507 1659 3867 1716 Lantoltsuhvi-

2215 1737 2269 1799 Β
2301 1751 2495 1808 carius
2551 1750 2828 1822 civitatis,
2886 1749 3170 1822 Adalpero
3226 1754 3457 1806 exactor
3504 1749 3709 1820 telonei,
3747 1749 3869 1804 Odal-

2301 1855 2449 1911 man,
2499 1841 2731 1913 Egilolf,
2786 1842 3013 1913 Ratker,
3062 1840 3358 1910 Wolti‘rid,
3411 1841 3622 1910 Ratcoz,
3671 1837 3866 1908 Huntolf,

2299 1931 2510 2004 Otwin,
2541 1931 2728 2002 Welo,
2760 1931 3047 2002 Wachilo,
3077 1930 3336 2002 Adalrat,
3369 1929 3523 1986 Enci.

2298 2058 2428 2115 CAP.
2491 2057 2737 2115 XXVIII.
2788 2088 2862 2099 —
2917 2058 3276 2114 Commutatio
3347 2059 3485 2111 inter
3537 2056 3868 2110 Ambﬁchonem

2725 2133 3028 2203 episcopum
3058 2136 3108 2185 et
3135 2131 3522 2185 Hihcowonem.

2373 2239 2690 2296 Fructuosa
2748 2239 2909 2295 valde
2960 2242 3016 2295 et
3069 2238 3323 2294 nimium
3383 2237 3543 2293 utilis
3595 2232 3869 2292 consuetudo

2303 2332 2441 2389 olim
2473 2330 2622 2386 inter
2647 2328 2907 2384 homines
2931 2326 3245 2384 inoleverat
3274 2326 3647 2384 commutandi
3671 2322 3871 2380 videlicet

2304 2421 2579 2492 quasdam
2628 2433 2716 2475 res
2748 2432 2849 2488 pro
2887 2417 3183 2474 ambarum
3227 2415 3623 2474 commoditate
3665 2413 3868 2484 partium.

2303 2511 2417 2566 Hoc
2446 2523 2674 2581 quoque
2705 2507 2939 2580 quidam
2985 2506 3224 2578 nobilis,
3258 2506 3495 2563 nomine
3520 2505 3770 2573 Iiihcowo,
3796 2515 3870 2557 non

2304 2599 2692 2670 praetermisit,
2723 2597 2816 2654 sed
2846 2598 3014 2653 etiam
3047 2597 3302 2653 tradidit
3322 2596 3389 2653 ad
3411 2596 3463 2652 S.
3487 2597 3871 2651 Emmerammum

2305 2689 2712 2760 proprietatem
2755 2702 2917 2745 suam
2959 2699 3129 2760 quam
3169 2686 3386 2744 habuit
3431 2686 3488 2742 in
3527 2685 3618 2740 illa
3654 2695 3805 2738 marca
3827 2681 3871 2734 ad

2303 2779 2640 2849 Menzinpah
2676 2779 2733 2833 in
2767 2792 2999 2834 manum
3027 2776 3445 2832 Ambrichonis
3473 2772 3776 2831 venerabilis
3797 2771 3876 2840 epi-

2306 2867 2463 2937 scOpi
2509 2871 2564 2922 et
2610 2866 2870 2922 advocati
2931 2867 3057 2936 ejus
3120 2864 3456 2922 Garaharii.
3498 2865 3536 2919 E
3578 2865 3746 2918 contra
3781 2872 3874 2913 vero
3941 2911 3946 2918 .

2307 2957 2456 3013 idem
2486 2957 2794 3014 advocatus
2833 2971 2961 3013 cum
2993 2955 3232 3012 licentia
3277 2954 3524 3026 episcOpi
3560 2950 3767 3008 tradidit
3786 2961 3878 3018 pra.-

2222 3067 2270 3131 α
2304 3045 2462 3102 dicto
2486 3045 2817 3102 Rihcowoni
2850 3046 2919 3102 de
2961 3045 3136 3102 rebus
3176 3045 3231 3100 S.
3279 3042 3656 3102 Emmerammi
3688 3040 3745 3094 ad
3766 3035 3879 3131 Tala-
3970 3065 3971 3090 ἢ

2305 3135 2564 3207 mazinga
2595 3139 2760 3191 terrae
2789 3133 3033 3190 arabilis
3058 3135 3269 3206 jugera
3300 3147 3447 3205 vnn,
3475 3138 3527 3189 et
3553 3126 3868 3186 nemusculum

2303 3239 2502 3280 unum.
2537 3223 2638 3279 Isti
2668 3227 2858 3280 autem
2889 3227 3026 3280 sunt
3054 3228 3233 3280 testes
3259 3221 3568 3280 concambii
3599 3220 3780 3288 hujus:
3802 3214 3872 3268 Ue

2303 3313 2409 3385 laz,
2456 3313 2818 3369 Erchanfrid.
2861 3312 3134 3386 Askarib,
3176 3315 3464 3384 Deotmar,
3509 3307 3727 3375 Helfrih,
3756 3301 3870 3373 Sigi-

2301 3403 2438 3477 frid,
2469 3402 2636 3458 Tinto
2666 3407 2721 3458 et
2749 3402 2958 3457 caeteri.

2302 3527 2428 3583 CAP.
2502 3528 2710 3603 XXIX.
2774 3556 2848 3566 —
2909 3527 3270 3603 Commutatio
3335 3529 3476 3603 inter
3543 3519 3868 3603 Ambrichonem

2495 3600 2800 3670 episcopum
2831 3603 2879 3654 et
2908 3600 3295 3667 Engilmarum
3322 3603 3372 3653 et
3398 3601 3589 3666 fratres
3618 3600 3732 3662 ejus.

2377 3724 2798 3781 Nonnullorum
2842 3723 3155 3794 comperiat
3197 3722 3487 3779 industria
3520 3718 3744 3776 fidelium
3767 3724 3871 3783 quo'

2310 3828 2671 3885 rumcunque
2700 3813 2944 3870 auribus
2976 3813 3150 3882 hujus
3177 3812 3460 3869 chartula:
3493 3811 3723 3880 injuncta
3748 3800 3871 3858 fuerit

2310 3903 2518 3960 notitia
2558 3903 2809 3974 qualiter
2845 3901 3157 3958 Ambricho
3197 3900 3680 3959 reverentissimus
3705 3885 3870 3965 prasul.

2308 3997 2365 4050 et
2402 3993 2638 4063 quidam
2668 3993 2757 4049 vir
2783 3991 3020 4062 nobilis,
3054 3991 3288 4048 nomine
3315 3991 3680 4064 Engilmarus,
3708 3990 3874 4054 germa-

2311 4084 2484 4155 nique
2504 4085 2648 4154 ejus,
2675 4081 2812 4138 Mezi
2835 4081 3105 4138 videlicet
3128 4085 3305 4152 atque
3331 4081 3535 4138 Vitalis
3560 4091 3650 4150 pro
3666 4078 3874 4130 utramu-

2311 4189 2420 4244 que
2443 4173 2697 4229 utilitate
2724 4172 2973 4246 partium
2999 4173 3505 4229 commutationem
3529 4166 3766 4239 perfecere
3783 4169 3876 4228 prm-

2311 4267 2544 4318 sentem.
2564 4261 2826 4317 Tradidit
2845 4274 3087 4331 namque
3111 4262 3426 4329 praedictus
3445 4271 3578 4330 puer
3593 4251 3874 4323 Engilmarus

2307 4365 2437 4407 cum
2460 4350 2699 4407 fratrum
2715 4363 2953 4406 suorum
2976 4363 3261 4407 consensu
3274 4351 3342 4406 ad
3367 4351 3420 4406 S.
3438 4352 3647 4404 Petrum
3666 4343 3876 4399 sanctum

2309 4454 2418 4512 que
2435 4441 2532 4496 Dei
2553 4445 2854 4511 martyrem
2871 4442 3351 4497 Emmerammum
3370 4439 3535 4495 talem
3557 4430 3874 4505 proprietatem

2309 4531 2533 4601 qualem
2568 4530 2770 4586 habuit
2799 4531 2868 4585 ad
2902 4531 3261 4601 Menzinpah,
3297 4528 3448 4586 nihil
3479 4533 3627 4584 extra
3649 4518 3876 4610 dimittens

2310 4620 2424 4675 nisi
2471 4619 2661 4676 tribus
2690 4619 2873 4676 carris
2914 4619 3068 4692 ligna
3099 4620 3381 4675 sumenda
3405 4631 3471 4674 ac
3511 4617 3707 4686 pastum
3741 4613 3874 4692 90""?

2311 4724 2400 4765 xL.
2436 4711 2648 4765 Cretera
2685 4723 2816 4766 vero
2851 4686 3044 4766 omnia
3081 4710 3206 4765 sine
3244 4710 3367 4766 ulla
3406 4699 3808 4764 contradictione
3828 4686 3873 4742 ad

2241 4320 2256 4329 ι

2313 4799 2618 4870 praedictos
2647 4804 2874 4855 sanctos
2893 4798 3248 4854 contradidit
3272 4799 3332 4853 in
3361 4807 3583 4852 manum
3607 4779 3877 4870 Ambricho—

2311 4868 2406 4946 nis
2434 4903 2618 4946 vener.
2661 4902 2748 4960 ep.
2792 4893 2850 4945 et
2890 4889 3149 4945 advocati
3196 4889 3326 4957 ejus
3373 4871 3781 4947 Gundberti;id
3801 4868 3876 4931 est,

2311 4993 2497 5036 casam
2527 4994 2656 5036 cum
2687 4984 2867 5051 curte,
2911 4992 3156 5036 marcam
3195 4979 3358 5035 silva:
3383 4978 3599 5042 bonam,
3626 4977 3760 5026 terra
3780 4967 3879 5013 ω’

2311 5069 2451 5125 bilis
2472 5069 2674 5140 jugera
2707 5081 2891 5141 xum,
2930 5073 3224 5140 pratorum
3269 5065 3537 5123 carradas
3578 5073 3681 5118 xxx
3706 5058 3750 5110 et
3786 5057 3879 5104 ser-

2309 5172 2441 5215 vum
2469 5171 2666 5230 unum,
2693 5159 2924 5215 nomine
2949 5157 3298 5214 Othelmum.
3325 5159 3367 5213 E
3393 5151 3585 5212 contra
3607 5153 3764 5206 autem
3783 5146 3880 5208 ναε-

2311 5246 2464 5304 fatus
2516 5247 2704 5320 magni
2761 5247 2952 5303 meriti
3004 5248 3311 5318 episcopus
3364 5249 3420 5301 et
3470 5241 3746 5299 advocatus
3779 5233 3880 5320 ειιιξδ

2309 5311 2676 5395 Gundbertus
2720 5311 3084 5394 tradiderunt
3127 5311 3344 5392 eisdem
3387 5333 3529 5390 viris
3567 5321 3813 5386 nobilibus
3834 5311 3880 5365 de

2311 5427 2482 5485 rebus
2523 5428 2576 5483 S.
2638 5427 3035 5484 Emmerammi
3087 5428 3154 5483 ad
3199 5422 3520 5494 Sallahopit
3578 5425 3741 5474 casam
3788 5412 3880 5459 cum

2310 5522 2488 5587 curte,
2551 5517 2846 5574 ecclesiam
2899 5521 2956 5574 et
3001 5515 3285 5589 quidquid
3347 5514 3406 5570 in
3467 5525 3529 5568 ea
3581 5505 3698 5562 fuit.
3748 5498 3882 5594 Tiffo

2311 5581 2552 5664 arabilis
2581 5608 2780 5679 jugera
2823 5621 2950 5678 XLV,
2995 5581 3283 5678 pratorum
3324 5601 3585 5660 carradas
3622 5604 3740 5658 xxx,
3767 5581 3883 5641 silva
