4076 6154
239 276 344 338 947
1201 282 1656 344 TRADITIONES
1693 286 1897 344 EMME

2010 287 2329 347 HMENSES.
2371 319 2444 333 —
2481 291 2606 349 LIB.
2648 294 2688 348 Ι.
3539 288 3647 349 918

242 409 399 468 lucos
462 423 503 466 ιι
567 413 621 467 et
684 423 909 468 servum
967 424 1168 484 unum,
1224 409 1454 469 nomine
1505 412 1888 486 Egilwolfum.
1922 411 3642 492 Arumcunqueauribushujuschartulainseraturnotitia.

239 501 382 557 Sunt
442 501 614 557 etiam
679 506 852 558 testes
904 501 1078 571 hujus
1131 503 1600 559 commutationis
1650 503 1893 560 auribus
2001 509 3014 584 Tradiditigiturdiaconusquidam
3036 511 3399 581 venerabilis,
3421 511 3649 567 nomine

242 591 446 648 tracti:
497 590 634 662 Ogo,
679 591 865 663 Adolf,
919 591 1057 663 Avo,
1117 593 1346 662 Strupo,
1400 593 1589 664 Sinzo,
1648 591 1889 664 Ilelfrih,
2000 598 2270 671 Altoltus,
2303 601 2372 656 ad
2407 607 2666 657 sanctum
2699 602 2798 656 Dei
2843 605 3144 671 martyrem
3174 603 3647 656 Emmerammum

239 681 500 750 llartwic,
552 681 870 750 Truhthad,
921 683 1165 752 Hawart,
1210 681 1406 751 Unlaz,
1458 680 1738 753 Cheftinc,
1787 684 1894 738 En-

241 770 508 844 gilperht.
541 769 744 826 Actum
777 783 967 827 coram
997 771 1347 844 Engildeone
1375 771 1584 827 comite
1621 777 1676 828 et
1704 772 1893 844 Engil-

242 873 395 916 maro
434 858 656 929 abbate,
693 864 962 932 regnante
995 860 1203 918 Karolo
1245 860 1604 932 imperatore.

238 1020 361 1076 CAP.
407 1021 588 1077 XXX.
621 1049 696 1063 —--
724 1022 1079 1076 Commutatio
1125 1023 1271 1077 inter
1321 1022 1737 1078 Ambrichonem
1783 1024 1892 1094 epi-

689 1109 904 1164 sc0pum
945 1099 994 1148 et
1023 1094 1432 1150 Salomannum.

307 1257 623 1312 Fructuosa
663 1256 825 1312 valde
868 1261 923 1312 et
968 1256 1316 1313 mirabiliter
1356 1257 1524 1313 utilis
1562 1257 1700 1314 olim
1743 1257 1892 1313 inter

243 1346 504 1401 homines
537 1346 848 1402 inoleverat
885 1347 1239 1404 consuetudo
1277 1347 1663 1403 commutandi
1697 1347 1894 1403 videli-

241 1441 325 1491 cet
371 1435 647 1506 quasdam
686 1450 776 1491 res
821 1451 921 1506 pro
960 1435 1255 1492 ambarum
1303 1437 1732 1507 opportunitate
1774 1450 1898 1507 par-

242 1526 408 1581 tium.
454 1526 604 1581 Idem
646 1540 874 1598 quoque
910 1526 1251 1582 Salomanno
1281 1522 1736 1581 cuidam'nobili
1771 1525 1894 1582 viro

239 1613 583 1670 imitandum
617 1615 965 1684 complacuit
995 1629 1155 1671 suam
1198 1614 1445 1670 ﬁdeliter
1476 1613 1895 1686 pracogitando

237 1703 718 1759 commoditatem.
779 1704 1043 1761 Tradidit
1098 1717 1340 1774 namque
1400 1704 1568 1774 paulo
1625 1703 1892 1772 superius

238 1792 569 1848 nominatus
609 1792 826 1849 nobilis
863 1795 932 1850 ad
973 1794 1026 1848 S.
1070 1793 1171 1849 Dei
1217 1797 1516 1864 martyrem
1556 1795 1896 1848 Emmeram-

239 1894 392 1936 mum
453 1882 856 1953 proprietatem
910 1883 1110 1939 uxoris
1171 1897 1289 1939 sua
1348 1881 1710 1952 Adalburna,
1767 1895 1897 1939 con-

237 1970 520 2027 sentiente
589 1972 709 2035 illa,
771 1971 997 2044 qualem
1061 1974 1129 2029 ad
1188 1972 1460 2043 Menzpah
1528 1971 1893 2028 hareditario

236 2060 394 2116 culto
415 2066 472 2117 et
499 2061 737 2133 inculto,
772 2062 915 2118 silva
941 2063 1178 2133 ejusque
1207 2062 1468 2131 termino,
1495 2061 1695 2132 pratis,
1724 2061 1894 2131 aquis

235 2156 286 2204 et
317 2163 518 2207 earum
551 2151 912 2213 decursibus.
957 2166 1172 2207 necnon
1218 2157 1273 2207 et
1302 2151 1492 2206 omnia
1523 2165 1648 2222 qua
1680 2149 1892 2206 ibidem

239 2237 445 2295 habuit
481 2254 548 2296 ex
591 2241 810 2312 integro
852 2242 920 2297 ad
967 2241 1303 2312 pradictum
1344 2247 1605 2296 sanctum
1651 2239 1896 2296 tradidit

237 2333 413 2398 atque
457 2328 791 2386 transfudit.
842 2331 885 2385 E
922 2333 1121 2386 contra
1165 2343 1298 2386 vero
1343 2329 1550 2400 prasul
1594 2333 1651 2385 et
1693 2329 1894 2399 pradi-

237 2426 369 2476 ctus
414 2421 722 2476 advocatus
767 2421 838 2475 de
886 2419 1055 2476 rebus
1096 2420 1152 2475 S.
1202 2419 1599 2475 Emmerammi
1651 2417 1894 2474 tradide-

239 2515 377 2566 runt
420 2510 603 2565 eidem
645 2508 828 2566 nobili
878 2509 1235 2566 territorium
1275 2509 1344 2564 ad
1390 2507 1697 2578 Reitinpoh
1739 2507 1888 2578 quod

235 2599 438 2655 Otmar
463 2600 578 2669 jam
613 2599 898 2670 quondam
932 2598 1174 2654 tradidit
1209 2612 1280 2670 ag
1311 2602 1570 2654 sanctum
1597 2598 1712 2667 jam
1745 2609 1892 2666 sape

236 2690 482 2745 dictum.
539 2689 731 2744 Testes
773 2693 962 2744 autem
1012 2689 1187 2757 hujus
1237 2687 1706 2744 commutationis
1757 2690 1892 2742 sunt

239 2779 336 2833 hi:
379 2778 516 2847 Avo,
553 2778 780 2847 Strupo,
824 2779 1007 2847 Rupo,
1047 2777 1185 2850 Ogo,
1231 2777 1463 2849 Hahart,
1507 2777 1660 2850 Polo,
1692 2777 1886 2846 Unlaz,

241 2867 512 2937 Ililtiper,
545 2867 708 2922 Hatto
742 2872 798 2922 et
825 2867 1033 2922 cateri.

236 3028 363 3084 CAP;
442 3027 649 3084 XXXI.
715 3057 788 3066 —
843 3027 1195 3082 Commutatio
1268 3028 1410 3082 inter
1478 3026 1892 3082 Ambrichonem

455 3102 761 3171 episcopum
783 3104 832 3154 et
851 3099 1192 3155 Rathardum
1217 3103 1267 3155 et
1291 3102 1518 3168 mitram
1539 3100 1676 3168 ejus.

308 3243 498 3315 Igitur
551 3241 849 3300 fructuosa
902 3242 1062 3299 valde
1111 3248 1168 3299 et
1220 3241 1492 3313 plurimis
1540 3240 1894 3297 consuetudo

239 3332 413 3387 utilis
433 3333 550 3401 jam
575 3332 714 3387 olim
742 3331 894 3387 inter
924 3332 1184 3387 homines
1211 3330 1522 3387 inolescere
1547 3329 1720 3399 capit
1747 3343 1898 3385 com-

241 3421 506 3477 mutandi
561 3421 784 3477 scilicet
841 3421 1115 3491 quasdam
1169 3434 1260 3476 res
1317 3424 1548 3490 prOpter
1598 3418 1893 3474 ambarum

237 3509 703 3566 commoditatem
753 3509 1024 3580 partium,
1072 3509 1222 3580 quod
1267 3513 1323 3564 et
1366 3522 1518 3564 nunc
1563 3507 1743 3578 magis
1788 3520 1900 3561 ma-

239 3599 467 3670 gisque,
514 3599 759 3654 maxime
795 3603 987 3654 autem
1027 3598 1174 3668 apud
1216 3596 1438 3653 nobiles
1480 3595 1892 3667 frequentatur.

237 3688 350 3744 Hoc
405 3703 542 3759 ergo
592 3689 825 3759 quidam
875 3686 1134 3759 generosi
1182 3686 1316 3754 viri,
1370 3685 1582 3741 uterini
1632 3684 1898 3741 videlicet

239 3775 472 3845 fratres,
516 3777 812 3833 vocabulis
851 3775 1168 3845 nuncupati
1211 3775 1507 3830 Cundhart
1543 3778 1601 3829 et
1638 3773 1895 3843 Rathart,

238 3866 308 3921 ob
356 3880 525 3922 suam
574 3867 886 3922 utilitatem
938 3864 1231 3935 praterire
1274 3864 1600 3920 noluerunt.
1652 3864 1790 3918 Nam
1837 3862 1897 3917 hi

239 3955 468 4024 prafati
501 3956 612 4012 viri
646 3955 1010 4012 tradiderunt
1036 3954 1105 4009 ad
1137 3955 1193 4009 S.
1228 3955 1525 4023 Martyrem
1564 3953 1902 4008 Emmeram-

241 4060 399 4102 mum
449 4047 506 4101 in
549 4059 777 4101 manum
818 4044 1226 4101 Ambrichonis
1256 4057 1440 4100 vener.
1488 4057 1576 4112 ep.
1622 4042 1900 4112 illiusque

237 4135 504 4192 advocati
539 4134 770 4190 nomine
808 4133 1126 4190 Gundberti
1172 4133 1230 4188 in
1273 4133 1396 4188 loco
1433 4131 1642 4202 Atinga
1687 4143 1903 4186 nuncu-

242 4233 378 4295 pato
411 4229 604 4280 curtes
640 4223 787 4280 duas
811 4237 940 4279 cum
981 4222 1218 4279 totidem
1259 4219 1547 4289 domibus,
1589 4225 1752 4275 terra
1784 4232 1906 4274 ara-

240 4313 386 4369 bilis
431 4314 632 4384 jugera
673 4326 785 4367 Lxx
826 4318 886 4367 et
927 4311 1110 4367 noval.
1154 4312 1355 4382 jugera
1401 4323 1458 4378 x,
1499 4309 1569 4364 de
1605 4308 1788 4378 pratis
1830 4306 1898 4361 ad

237 4403 516 4459 carradas
553 4416 690 4472 xxv,
733 4402 803 4457 de
847 4401 988 4458 silva
1021 4401 1161 4456 bene
1202 4398 1430 4469 provisa
1470 4399 1670 4469 jugera
1708 4411 1804 4463 xx,
1847 4401 1982 4489 etD

241 4494 526 4548 molinam
573 4505 761 4547 unam.
814 4492 857 4546 E
905 4496 1104 4546 contra
1146 4503 1276 4544 vero
1322 4491 1672 4558 pranotatus
1713 4486 1903 4542 cultor

241 4581 596 4637 venerabilis
636 4586 692 4636 et
720 4581 1027 4636 advocatus
1065 4580 1189 4648 ejus
1217 4579 1286 4634 de
1318 4577 1488 4634 rebus
1531 4578 1587 4631 B.
1635 4575 1904 4646 martyris

239 4671 343 4726 Dei
374 4669 777 4725 Emmerammi
804 4669 1164 4724 tradiderunt
1196 4667 1318 4722 illis
1345 4666 1661 4737 nobilibus,
1693 4665 1905 4734 quippe

239 4761 310 4816 ad
355 4759 814 4816 Totinaccharon
850 4758 1196 4813 Cundhardo
1231 4770 1418 4812 casam
1462 4770 1592 4812 cum
1623 4760 1802 4824 curte,
1835 4754 1906 4809 de

241 4861 383 4904 rure
430 4849 630 4919 jugera
682 4861 782 4918 ιιι,
830 4847 899 4902 de
955 4846 1136 4916 pratis
1183 4846 1400 4901 carrad.
1453 4859 1492 4914 1,
1547 4849 1602 4898 et
1647 4841 1906 4898 Rathado

235 4950 439 4993 casam
483 4951 611 4992 cum
653 4942 836 5006 curte,
881 4935 1160 4991 territorii
1197 4935 1396 5006 jugera
1432 4947 1570 5001 XLII,
1615 4937 1906 5002 pratorum

238 5025 319 5081 all
348 5024 578 5081 carrad.
609 5038 715 5094 xu,
755 5023 826 5080 de
866 5023 1011 5079 silva
1040 5023 1242 5095 jugera
1277 5036 1364 5093 ιιι,
1394 5022 1452 5077 in
1495 5021 1618 5076 loco
1644 5019 1744 5090 qui
1777 5019 1911 5075 Vek-

247 5115 429 5187 kinga
458 5119 713 5170 vocatur.
755 5115 843 5187 Et,
884 5117 949 5169 ut
983 5113 1090 5169 hoc
1126 5111 1330 5168 stabile
1363 5113 1687 5182 permaneat
1724 5109 1781 5163 in
1823 5107 1905 5164 fu-

241 5211 382 5262 turo
425 5217 459 5259 a
504 5202 862 5273 posterisque
907 5202 1116 5258 melius
1161 5201 1444 5271 credatur,
1495 5198 1712 5271 placuit
1751 5197 1896 5254 duas

245 5291 554 5349 chartulas
600 5292 722 5362 pari
765 5297 959 5349 tenore
997 5289 1266 5347 scribere.

320 5418 454 5473 CAP.
489 5416 724 5472 XXXII.
748 5446 821 5457 —
857 5417 1209 5471 Commutatio
1239 5417 1382 5469 inter
1418 5413 1833 5469 Ambrichonem

567 5491 877 5558 episcopum
909 5494 958 5543 et
976 5487 1261 5544 Altoldum
1290 5486 1596 5540 diaconum.

326 5612 749 5670 Nonnullorum
791 5613 1102 5684 comperiat
1142 5610 1428 5668 industria
1473 5609 1724 5666 ﬁdelium
1772 5625 1907 5681 quo.

2002 690 2168 744 talem
2200 691 2603 760 proprietatem
2641 691 2864 761 qualem
2899 691 3101 746 habuit
3123 691 3191 745 ad
3224 689 3428 762 Atinga
3457 691 3516 746 in
3542 703 3652 744 ma-

2002 793 2138 834 num
2165 779 2432 836 videlicet
2449 779 2856 837 Ambrichonis
2875 795 2998 837 ven.
3024 794 3110 851 ep.
3135 780 3372 850 ejusque
3392 779 3649 836 advocati

1997 870 2359 939 Wicrammi,
2396 870 2451 926 id
2482 874 2569 927 est
2595 876 2759 927 terra
2783 870 3028 927 arabilis
3051 874 3108 926 et
3133 874 3424 941 pratorum
3448 870 3649 941 jugera

2001 973 2139 1030 xxx,
2171 963 2228 1016 et
2258 959 2497 1017 frutices
2529 962 2597 1018 ad
2640 961 3042 1032 exstirpandas
3067 962 3189 1033 jug.
3222 974 3294 1015 xv
3338 965 3393 1017 et
3437 973 3502 1016 eo
3540 973 3654 1015 am-

2001 1049 2174 1120 plius.
2220 1050 2263 1106 E
2303 1056 2499 1108 contra
2546 1066 2676 1108 vero
2721 1051 3028 1123 pradictus
3056 1051 3383 1121 advocatus,
3423 1049 3652 1106 nomine

2006 1141 2385 1204 Wicrammus,
2424 1141 2667 1198 tradidit
2703 1143 2774 1198 de
2801 1141 2973 1198 rebus
3000 1142 3053 1197 S.
3094 1140 3492 1197 Emmerammi
3519 1152 3649 1196 cum

2002 1228 2236 1285 licentia
2279 1230 2498 1286 domini
2541 1231 2794 1301 episcOpi
2841 1231 3023 1287 eidem
3054 1229 3365 1287 venerabili
3407 1229 3650 1286 diacono

2002 1321 2170 1373 terra
2212 1318 2454 1375 arabilis
2494 1321 2696 1392 jugera
2741 1334 2881 1391 xxx,
2925 1334 2990 1376 ac
3034 1321 3192 1377 silva
3229 1320 3430 1391 jugera
3475 1330 3554 1384 v1,
3595 1322 3653 1374 et

2006 1412 2298 1477 pratorum
2330 1410 2598 1465 carradas
2637 1424 2692 1465 1v
2736 1415 2792 1466 et
2819 1424 3006 1466 aream
3052 1425 3088 1465 1.
3124 1412 3192 1464 Et
3230 1410 3335 1465 hoc
3364 1413 3449 1464 est
3485 1409 3650 1478 juxta

2005 1496 2190 1552 lacum
2243 1497 2341 1568 qui
2394 1498 2615 1554 dicitur
2662 1500 2992 1568 Munituna,
3049 1504 3332 1569 quatenus
3383 1496 3651 1568 prafatus

2005 1591 2239 1642 sanctus
2257 1602 2605 1658 suarumque
2624 1603 2810 1645 rerum
2833 1589 3094 1658 provisor
3113 1589 3254 1644 illud
3279 1587 3562 1658 possideat
3579 1587 3648 1643 ad

2005 1674 2232 1746 Atinga,
2277 1681 2334 1730 et
2378 1677 2478 1732 ille
2524 1677 2760 1748 placida
2806 1678 3147 1748 praestantia
3185 1677 3462 1734 diaconus
3506 1675 3648 1731 illud

2008 1764 2250 1820 ﬁrmiter
2269 1765 2525 1822 obtineat
2547 1769 2617 1824 ad
2645 1769 2964 1824 Munituna.
2999 1770 3086 1830 Et,
3115 1772 3179 1823 ut
3205 1767 3323 1822 hac
3347 1769 3654 1822 commuta-

2007 1854 2090 1910 tio
2136 1854 2214 1910 ita
2243 1854 2402 1911 ﬁrma
2441 1858 2730 1926 persistat,
2776 1858 2992 1927 placuit
3017 1858 3162 1913 duas
3197 1856 3490 1912 chartulas
3525 1855 3648 1925 pari

2007 1946 2201 1999 tenore
2238 1943 2595 2015 conscriptas
2628 1945 2888 2001 exhiberi
2923 1960 3052 2001 cum
3085 1945 3329 2001 testibus
3362 1943 3653 2000 subnomi-

2004 2033 2178 2097 natis,
2227 2033 2282 2089 id
2328 2042 2415 2090 est
2460 2034 2614 2104 Polo,
2658 2033 2846 2106 Adolf,
2891 2033 3028 2104 Avo,
3074 2035 3301 2105 Strupo,
3350 2033 3648 2089 Karaheri.

2001 2121 2324 2192 Cotaperht,
2349 2122 2589 2194 Ilelfrih,
2610 2122 2894 2193 Liuthart,
2922 2124 3212 2189 Waltunc,
3237 2121 3647 2191 Erchanperht,

2002 2211 2244 2283 Hungis,
2271 2211 2578 2269 Adalhum.
2620 2212 2822 2268 Actum
2857 2217 3044 2268 autem
3077 2213 3146 2268 ad
3177 2211 3486 2284 Rockinga,
3518 2224 3654 2280 pra-

2003 2307 2160 2358 sente
2184 2302 2535 2375 Engilmaro,
2563 2307 2618 2357 et
2643 2303 2874 2359 Hittone
2909 2301 3236 2364 abbatibus,
3269 2315 3334 2356 ac
3371 2299 3649 2356 Sandrato

2001 2392 2496 2463 archipresbytero
2533 2395 2704 2463 atque
2733 2391 3021 2464 Reginone
3045 2391 3306 2447 diacono.

2070 2516 2198 2572 CAP.
2240 2515 2497 2571 XXXIII.
2525 2545 2598 2556 ——
2621 2514 2973 2569 Commutatio
2994 2517 3136 2569 inter
3163 2513 3579 2570 Ambrichonem

2427 2588 2731 2658 episcopum
2761 2592 2812 2642 et
2845 2587 3218 2656 Lantpcrtum.

2069 2711 2488 2768 Nonnullorum
2525 2712 2743 2767 noverit
2783 2711 3072 2767 industria
3108 2711 3365 2766 ﬁdelium
3403 2710 3654 2781 qualiter

2003 2802 2344 2858 reverendus
2382 2800 2482 2856 Dei
2515 2801 2703 2856 cultor
2737 2800 3049 2856 Ambriche
3088 2799 3483 2856 concambium
3522 2815 3651 2856 cum

2002 2890 2247 2960 quodam
2276 2889 2647 2959 manumisso,
2683 2889 2912 2945 nomine
2937 2890 3251 2958 Lantperto,
3287 2889 3520 2960 peregit.
3552 2889 3654 2944 Ille

2001 2991 2246 3047 namque
2272 2977 2361 3032 vir
2388 2990 2570 3046 nuper
2595 2981 2725 3031 ante
2751 2976 3080 3032 nominatus
3110 2975 3351 3032 tradidit
3379 2977 3448 3032 ad
3474 2977 3530 3032 S.
3563 2978 3655 3033 Pe-

1922 3067 1971 3130 C.
2005 3072 2155 3123 trum
2217 3071 2591 3136 sanctumque
2650 3066 2752 3121 Dei
2818 3071 3120 3135 martyrem
3177 3067 3654 3122 Emmerammum

2004 3155 2376 3227 proprietatis
2397 3169 2513 3210 sua
2532 3155 2603 3210 de
2629 3159 2777 3210 terra
2798 3153 3006 3210 arabili
3025 3154 3227 3225 jugera
3251 3166 3310 3208 CL
3335 3153 3393 3208 in
3421 3168 3652 3210 manum

2001 3244 2408 3315 Ambrichonis
2452 3257 2574 3298 ven.
2622 3256 2707 3312 ep.
2749 3248 2804 3298 et
2843 3242 3099 3299 advocati
3139 3242 3264 3311 ejus
3300 3239 3558 3312 Helfrici,
3597 3247 3655 3299 et

2005 3333 2110 3389 hoc
2149 3334 2297 3402 jacet
2326 3333 2490 3402 juxta
2524 3331 2824 3388 castellum
2861 3331 3121 3402 Erilinga
3157 3335 3567 3400 nuncupatum.
3611 3333 3655 3387 E

2004 3429 2203 3480 contra
2235 3436 2366 3478 vero
2397 3422 2708 3492 pradictus
2742 3421 3050 3477 advocatus
3078 3433 3207 3476 cum
3239 3433 3520 3476 consensu
3543 3421 3659 3490 epi-

2007 3514 2166 3583 sc0pi
2194 3511 2440 3568 tradidit
2463 3511 2648 3567 eidem
2678 3511 2982 3581 Lantperto
3010 3512 3079 3568 de
3110 3508 3281 3565 rebus
3301 3513 3651 3574 sanctorum,

2009 3615 2154 3672 quos
2180 3599 2512 3671 pranotavi,
2539 3604 2703 3656 terra
2723 3598 2965 3656 arabilis
2981 3601 3180 3672 jugera
3201 3611 3419 3653 cxxxul
3445 3597 3505 3653 in
3533 3598 3656 3654 loco

2006 3690 2416 3747 Eidratcshusa
2443 3694 2792 3758 nuncupato.
2835 3690 2905 3743 Et
2934 3694 2999 3744 ut
3025 3688 3141 3742 hac
3171 3687 3544 3743 commutatio
3570 3687 3660 3742 ﬁr-

2009 3793 2058 3834 m
2071 3779 2158 3834 ior
2173 3777 2468 3847 habeatur,
2491 3776 3170 3846 placuitduaschartulas
3186 3788 3302 3832 uno
3320 3779 3513 3831 tenore
3529 3787 3657 3831 con-

2009 3869 2256 3938 scriptas
2277 3866 2563 3923 exhibere.

2077 3992 2204 4047 CAP.
2232 3990 2488 4046 XXXIV.
2515 4019 2588 4029 —
2615 3989 2970 4044 Commutatio
3000 3991 3144 4043 inter
3171 3987 3588 4043 Ambrichonem

2471 4063 2780 4131 episcopum
2817 4065 2866 4114 et
2903 4061 3190 4127 Adolfum.

2080 4190 2183 4244 Per
2199 4185 2665 4257 compendiosum
2680 4185 2854 4254 hujus
2872 4185 3146 4242 chartula
3161 4190 3452 4241 narratum
3471 4185 3662 4255 cujus-

2013 4279 2165 4350 piam
2237 4275 2499 4332 affectum
2569 4273 3038 4330 commutationis
3106 4276 3349 4344 pandere
3415 4274 3664 4330 conabor

2013 4367 2168 4423 omni
2218 4379 2412 4422 aurem
2463 4362 2892 4420 accommodare
2939 4363 3169 4418 volenti.
3219 4363 3483 4420 Tradidit
3525 4378 3660 4437 ergo

2013 4457 2102 4511 vir
2151 4455 2382 4526 quidam
2433 4453 2667 4521 nobilis,
2722 4451 2952 4507 nomine
2989 4449 3176 4520 Adolf,
3219 4453 3286 4507 ad
3332 4453 3386 4507 S.
3431 4454 3656 4509 Petrum

2012 4549 2389 4612 sanctumque
2433 4541 2530 4596 Dei
2585 4545 2887 4610 martyrem
2932 4541 3404 4596 Emmerammum
3452 4541 3509 4596 in
3552 4555 3662 4598 ma-

2015 4645 2148 4687 num
2194 4629 2602 4685 Ambrichonis
2645 4642 2814 4683 vener
2842 4642 2927 4698 ep.
2971 4633 3026 4683 et
3067 4628 3467 4685 advocatorum
3512 4631 3656 4700 ejus.

2012 4719 2250 4777 Helfrici
2304 4717 2572 4774 videlicet
2622 4724 2793 4787 atque
2842 4717 3191 4788 Gundberti,
3252 4719 3655 4789 pr0prietatem

2016 4823 2175 4866 suam
2209 4819 2377 4878 quam
2411 4804 2617 4860 habuit
2645 4805 2712 4859 ad
2746 4806 2975 4876 Husun,
3007 4805 3063 4861 id
3109 4809 3195 4862 est
3224 4810 3388 4862 terra
3417 4807 3661 4866 arabilis

2012 4899 2214 4970 jugera
2260 4908 2399 4964 Lxu,
2455 4907 2644 4949 casam
2700 4907 2829 4949 cum
2869 4899 3051 4964 curte,
3093 4895 3363 4952 horreum
3410 4911 3660 4969 quoque,

2016 4992 2188 5056 atque
2216 4981 2559 5054 pomarium,
2596 4985 2888 5052 pratorum
2911 4982 3270 5054 carradasrx,
3291 4983 3448 5040 silva
3460 4986 3662 5058 jugera

2017 5087 2151 5130 xxv.
2185 5075 2414 5129 Necnon
2445 5070 2614 5127 etiam
2649 5070 2842 5126 omnia
2871 5084 2997 5141 qua
3027 5084 3131 5126 sua
3159 5076 3296 5127 sunt
3323 5072 3506 5130 eidem
3540 5074 3663 5130 loco

2016 5161 2395 5233 appendentia
2423 5159 2492 5215 ad
2528 5159 2827 5230 pradictos
2857 5164 3084 5216 sanctos
3111 5161 3465 5218 contradidit
3493 5166 3666 5232 atque

2020 5249 2353 5309 transfudit.
2396 5249 2439 5304 E
2476 5253 2674 5305 contra
2711 5261 2842 5304 vero
2879 5247 3165 5306 Helfricus
3196 5254 3254 5306 et
3295 5250 3664 5307 Gundbertus

2018 5356 2150 5399 cum
2179 5353 2462 5397 consensu
2489 5337 2742 5409 episcopi
2781 5338 3144 5396 tradiderunt
3174 5339 3447 5410 pradicto
3480 5339 3663 5395 nobili

2018 5429 2221 5486 Adolfo
2241 5430 2310 5486 de
2333 5427 2503 5485 rebus
2524 5434 2850 5484 sanctorum
2876 5427 2936 5483 in
2960 5428 3083 5485 loco
3108 5429 3312 5484 Altaha
3336 5433 3663 5496 nuncupato

2014 5531 2202 5576 casam
2240 5531 2368 5574 cum
2395 5521 2576 5587 curte,
2623 5517 2914 5588 horreum,
2957 5516 3294 5588 pomerium,
3336 5521 3500 5571 terra
3543 5527 3662 5572 ara-

2015 5609 2154 5666 bilis
2183 5613 2240 5664 et
2266 5613 2553 5677 pratorum
2582 5606 2781 5676 jugera
2814 5620 2906 5675 LX,
2939 5611 2996 5660 et
3023 5604 3332 5660 terminum
3371 5604 3428 5659 in
3456 5602 3658 5661 silvam
