4068 6178
427 276 534 336 949

1466 263 1784 325 ANAMODI
1822 256 2352 319 RATISPONENSIS
2389 256 2795 315 SUBDIACONI

3728 240 3838 301 920

427 405 744 478 copiosum.
777 403 962 472 Hujus
985 403 1175 458 autem
1203 394 1538 455 traditionis
1561 399 1734 451 testes
1757 394 1894 449 sunt
1919 388 2071 459 Polo,
2097 385 2156 446 A
2189 391 2283 447 nis
2305 390 2375 445 de
2405 393 2554 443 terra
2597 384 2804 442 arabili
2833 387 2888 439 et
2917 381 2986 438 de
3025 379 3206 478 pratis
3236 377 3440 448 jugera
3477 352 3847 478 ccxxx-juxta

428 499 563 566 Avo,
597 496 828 564 Strupo,
860 490 1140 562 Heidfolc,
1183 487 1516 559 Gataperht,
1547 483 1848 554 Irmperbt,
1879 479 2079 536 Pereb-

429 587 571 656 trib,
596 581 913 654 Isanperht,
939 579 1272 650 Sindperht,
1293 577 1598 644 Adalhum,
1621 572 1957 642 Hiltiprant,
1983 570 2080 624 Pa-

428 676 603 746 tarih,
639 674 854 744 Ilpunc.

500 801 627 856 CAP.
660 798 892 855 XXXV.
918 827 992 838 —
1016 794 1368 852 Commutatio
1411 794 1554 846 inter
1595 786 2009 844 Ambrichonem

892 871 1198 938 episCOpum
1230 870 1281 920 et
1307 865 1575 918 Polonem.
1888 887 1906 904 ο

500 979 815 1036 Multorum
863 977 1133 1048 agnoscat
1188 971 1478 1028 industria
1526 967 1780 1025 ﬁdelium
1831 964 2081 1035 qualiter

431 1070 666 1141 quidam
699 1066 846 1123 servi
881 1062 1274 1136 quarumlibet
1306 1073 1541 1116 suarum
1582 1071 1794 1125 rerum,
1827 1053 2081 1111 dominis

435 1159 658 1215 scilicet
710 1154 1120 1226 magistrisque
1177 1151 1303 1206 suis
1359 1162 1469 1205 non
1528 1143 2077 1212 contradicentibus,

433 1245 936 1304 commutationem
961 1244 1317 1313 peregerunt.
1343 1238 1513 1294 Dedit
1529 1251 1661 1308 ergo
1682 1235 1812 1291 Polo
1828 1234 2082 1290 vicarius

433 1336 586 1406 regis
614 1332 916 1390 dimidiam
948 1330 1150 1387 hobam
1172 1327 1464 1384 Cotabaldi
1494 1326 1602 1382 ﬁlii
1627 1322 1988 1396 Kaganhardi
2011 1321 2078 1376 ad

431 1419 913 1494 Chuningesdorf,
958 1425 1013 1475 et
1041 1433 1228 1474 aream
1274 1433 1290 1473 ι
1323 1422 1379 1473 et
1428 1416 1743 1486 pomerium
1785 1427 1801 1468 ι
1835 1425 1994 1468 servo
2023 1411 2076 1466 S.

430 1513 604 1582 Petri,
640 1511 870 1566 nomine
898 1510 1147 1570 Rincom’,
1183 1509 1241 1563 in
1283 1519 1517 1562 manum
1563 1519 1684 1560 ven.
1729 1517 1818 1573 ep.
1863 1499 2081 1556 Ambri-

433 1602 657 1671 chonis,
685 1604 856 1671 atque
882 1598 1137 1655 advocati
1171 1597 1336 1652 illius
1364 1595 1620 1652 Helfrici.
1647 1595 1688 1648 E
1722 1597 1918 1648 contra
1948 1602 2080 1645 vero

432 1692 741 1748 advocatus
777 1689 912 1745 Polo
959 1695 1088 1745 ante
1133 1688 1463 1743 nominatus
1494 1689 1769 1756 praesente
1809 1681 2077 1752 episcopo

431 1781 592 1837 dedit
623 1780 825 1836 hobam
860 1792 1030 1836 unam
1073 1791 1376 1848 areamque
1407 1790 1577 1833 unam
1619 1773 1897 1830 Rinconis
1927 1769 2073 1826 servi

431 1871 488 1926 S.
519 1871 670 1925 Petri
711 1869 1018 1925 Cotabaldo
1057 1866 1272 1923 famulo
1305 1867 1457 1938 regis
1490 1866 1549 1920 in
1583 1878 1812 1920 manum
1843 1861 2077 1918 Polonis

436 1959 495 2014 in
522 1958 661 2014 villa
688 1972 813 2028 qua?
839 1961 1074 2013 vocatur
1089 1957 1374 2012 Tanhusa.
1404 1957 1529 2010 Hrec
1553 1967 1686 2025 ergo
1706 1949 2078 2008 commutatio

429 2047 582 2103 facta
611 2051 699 2103 est
719 2046 1104 2102 Ambrichone
1124 2045 1390 2115 episcopo
1413 2044 1776 2114 permittente
1795 2046 1850 2096 et
1874 2039 2082 2096 Polone

437 2137 498 2192 in
527 2136 697 2192 domo
727 2135 982 2206 episcopi
1017 2135 1167 2190 inter
1195 2133 1467 2204 Erilapab
1497 2136 1553 2188 et
1591 2128 1926 2200 Menzinpah
1957 2138 2086 2183 con-

435 2227 670 2281 structa.

508 2350 634 2406 CAP.
664 2351 919 2406 XXXVI.
951 2379 1024 2390 -—
1052 2349 1404 2404 Commutatio
1431 2349 1573 2401 inter
1599 2344 2016 2400 Ambm’chonem

929 2423 1234 2491 episcopum
1262 2425 1313 2474 et
1339 2421 1612 2473 Posone-m.

508 2526 658 2582 Olim
690 2527 870 2599 igitur
900 2527 1069 2582 utilis
1092 2532 1148 2584 et
1173 2525 1466 2583 fructuosa
1499 2524 1648 2578 inter
1673 2522 1935 2578 homines
1959 2534 2088 2576 con-

440 2617 688 2672 suetudo
736 2615 1094 2671 subolescere
1139 2615 1333 2685 cespit,
1383 2612 1769 2668 commutandi
1818 2611 2086 2666 videlicet

442 2704 716 2774 quasdam
763 2716 853 2757 res
893 2716 993 2772 pro
1030 2702 1324 2756 ambarum
1365 2699 1767 2756 commoditate
1810 2699 2080 2768 partium,

443 2792 592 2862 quod
624 2797 682 2847 et
713 2792 968 2848 moderni
1001 2790 1285 2860 siquidem
1329 2789 1666 2859 plerumque
1705 2801 1969 2859 peragere
1998 2801 2085 2842 co-

442 2888 656 2939 nantur
702 2881 964 2938 crebrius
1005 2893 1070 2936 ac
1117 2879 1347 2936 crebius
1393 2881 1810 2934 commutantes
1845 2876 2086 2946 vestigia

444 2971 726 3028 imitando
767 2969 1223 3025 antecedentium
1268 2973 1514 3038 patrum.
1561 2967 1618 3021 Id
1650 2966 1819 3021 etiam
1853 2964 2086 3036 quidam

2189 481 2401 537 ﬂuenta
2430 478 2669 534 Fattarte
2699 475 2759 530 in
2792 473 2916 529 loco
2942 470 3234 541 Bozilinga
3256 467 3609 533 nuncupato.
3645 461 3689 514 E
3715 471 3848 514 con-

2188 575 2276 626 tra
2297 583 2427 625 vero
2452 565 2658 638 praesul
2680 561 3035 620 venerandus
3052 565 3107 615 et
3123 557 3378 614 vicarius
3399 567 3544 608 suus
3559 550 3848 606 dederunt

2187 660 2370 715 eidem
2410 656 2614 724 nobili,
2656 655 2726 710 de
2761 652 2931 709 rebus
2964 651 3017 705 S.
3057 643 3479 713 Emmerammi,
3517 647 3689 695 terrae
3730 649 3848 692 ara-

2187 748 2329 804 bilis
2345 748 2546 818 jugera
2574 758 2684 800 Lxx
2711 748 2767 798 et
2787 741 2946 797 silva:
2966 753 3034 794 ιχ
3061 738 3120 793 in
3145 736 3267 792 loco
3289 733 3389 804 qui
3417 729 3643 786 dicitur
3664 726 3850 818 Hitin-

2187 815 2384 905 chova,
2410 815 2574 906 juxta
2606 836 2822 889 [suram
2853 829 3114 886 ﬁuvium.
3142 827 3210 880 Et
3241 829 3304 878 ut
3330 822 3436 876 bac
3466 815 3846 906 commutatio

2192 903 2461 983 ﬁrma-ac
2509 921 2842 979 inconvulsa
2885 917 3183 983 habeatur,
3231 910 3452 982 placuit
3495 907 3646 962 duas
3688 903 3849 958 char-

2191 1017 2345 1074 tulas
2376 1014 2500 1086 pari
2533 1019 2726 1070 tenore
2755 1007 3111 1077 conscriptas
3138 1002 3412 1071 utrinque
3441 995 3765 1053 continere.

2329 1143 2456 1198 CAP.
2511 1138 2818 1195 XXXVIII.
2850 1165 2923 1175 —
2954 1131 3199 1187 Traditio
3247 1122 3580 1192 Hiltigardz
3628 1118 3708 1173 ad

2836 1201 3184 1274 Mencinpah.

2260 1320 2494 1378 Noverit
2518 1317 2896 1389 plurimorum
2915 1309 3202 1381 capacitas
3219 1303 3475 1361 ﬁdelium
3500 1313 3602 1370 per
3620 1297 3848 1389 chartu-

2192 1413 2260 1468 la:
2272 1412 2448 1480 hujus
2464 1388 2730 1466 notitiam
2745 1403 2993 1476 qualiter
3005 1392 3490 1470 Hiltigartdivino
3502 1402 3629 1444 com
3638 1388 3850 1480 puncta

2194 1476 2477 1557 instinctu
2509 1511 2611 1568 pro
2642 1509 2701 1552 se
2729 1503 3083 1562 suorumque
3126 1487 3421 1557 parentum
3461 1476 3735 1568 remedio
3762 1486 3850 1568 res

2192 1604 2328 1647 suas
2357 1563 2631 1645 tradendo
2661 1586 2891 1654 operata
2931 1583 3033 1634 est.
3077 1575 3266 1632 Talem
3302 1571 3496 1638 itaque
3533 1563 3852 1654 proprietaf

2193 1683 2305 1735 tem
2339 1678 2562 1749 qualem
2596 1652 2800 1730 habuit
2828 1672 2896 1726 ad
2938 1662 3296 1735 Menzinpah,
3338 1658 3538 1749 eadern-
3573 1652 3852 1749 Hiltigart

2108 1738 2161 1800 Β
2193 1738 2436 1834 tradidit
2463 1767 2533 1821 ad
2563 1765 2616 1820 S.
2648 1764 3125 1817 Emmerammum
3157 1754 3218 1809 in
3251 1761 3481 1806 manum
3513 1741 3852 1834 Ambricho-
3961 1765 3964 1769 -

2191 1829 2282 1912 nis
2313 1870 2435 1912 ven.
2471 1869 2558 1924 ep.
2592 1855 2830 1923 ejusque
2858 1845 3138 1912 advocati,
3183 1840 3415 1897 nomine
3441 1831 3711 1900 Helfrici,
3746 1829 3849 1883 hoc

2189 1954 2294 2018 est,
2328 1944 2687 2003 territorium
2719 1937 2937 1996 arabile
2975 1941 3032 1992 et
3062 1929 3364 1998 inarahile,
3415 1929 3598 1995 prata,
3642 1931 3843 2017 aquas,

2190 2049 2539 2110 aquarumve
2558 2033 2858 2099 decursus,
2876 2025 3186 2082 terminum
3210 2020 3387 2087 silvia,
3412 2024 3633 2070 necnon
3653 2020 3846 2063 omnia

2195 2102 2320 2200 quae
2351 2125 2565 2182 ibidem
2598 2119 2821 2184 habuit,
2855 2119 2923 2173 ad
2967 2113 3300 2186 praedictum
3331 2109 3593 2200 sanctum
3625 2102 3844 2200 contra-

2192 2192 2366 2286 didit,
2411 2213 2562 2270 nihil
2603 2210 2814 2281 quippe
2856 2202 3334 2286 praetermittens,
3363 2192 3478 2249 nisi
3521 2192 3749 2286 tantum
3791 2192 3847 2286 in

2197 2279 2442 2363 termino
2479 2279 2733 2372 ejusdem
2774 2298 2933 2354 silvae
2976 2293 3123 2367 ligni
3171 2285 3510 2372 incisionem
3552 2279 3625 2333 ad
3673 2285 3848 2372 unum

2196 2409 2444 2453 carrum.
2496 2363 2611 2448 Iioc
2662 2395 2851 2446 autem
2901 2363 3285 2442 testiﬁcantur
3332 2363 3658 2433 Berehtcoz,
3713 2363 3850 2453 Ogo,

2194 2451 2332 2552 Avo,
2391 2485 2620 2553 Strupo,
2676 2480 2985 2543 Rodmunt,
3050 2467 3370 2538 Liutperbt,
3429 2451 3850 2553 Erchan_perht.

2195 2541 2378 2645 Rupe,
2409 2541 2548 2642 Avo,
2580 2541 2880 2639 lliltipero,
2912 2541 3242 2627 Ambricho,
3285 2548 3589 2621 Adalpold,
3618 2541 3851 2609 Walah,

2268 2982 2741 3044 Commemoratio
2763 2975 3102 3036 traditionis
3119 2964 3440 3042 Engilparti
3467 2965 3639 3030 atque
3661 2953 3857 3010 Cund-

441 3060 677 3131 nobilis,
710 3060 801 3115 vir
830 3061 1060 3116 nomine
1098 3061 1238 3114 Poso
1270 3057 1701 3127 pmtermittere
1741 3055 1948 3124 noluit,
1991 3053 2083 3110 sed

2204 3079 2347 3150 perti
2366 3074 2597 3131 diaconi
2617 3086 2681 3128 ac
2699 3069 2924 3140 nepotis
2941 3065 3053 3121 sui.
3077 3057 3337 3150 Tradidit
3356 3043 3854 3150 igitur‘Engilper:

443 3155 673 3220 propter
702 3148 1013 3206 utilitatem
1041 3161 1199 3204 suam
1229 3148 1450 3203 tradere
1481 3147 1708 3203 studuit
1731 3145 1800 3201 ad
1830 3149 2089 3200 sanctum

440 3239 541 3294 Dei
571 3243 870 3309 martyrem
893 3239 1367 3293 Emmerammum
1395 3236 1696 3307 quamdam
1727 3239 1939 3304 partem
1970 3247 2093 3304 pro-

440 3327 706 3397 prietatis
733 3341 870 3397 suae,
905 3327 1054 3398 quod
1083 3332 1138 3382 et
1170 3325 1513 3396 perﬁciebat.
1548 3327 1661 3381 Hoc
1685 3329 1791 3394 est,
1820 3324 1889 3379 ad
1917 3325 2090 3395 Perga

442 3421 498 3472 et
546 3415 828 3486 Hasalpab
874 3416 1025 3471 inter
1065 3429 1232 3488 agros
1274 3415 1462 3471 cultos
1497 3420 1554 3470 et
1593 3413 1864 3485 incultos,
1911 3416 2092 3482 prato-

444 3519 685 3575 rumque
725 3505 1002 3560 terminos
1038 3505 1240 3576 jugera
1278 3517 1450 3558 cxvm
1485 3503 1544 3558 in
1589 3515 1819 3557 manum
1864 3513 2092 3572 quoque

442 3593 792 3648 venerabilis
819 3594 918 3648 Dei
948 3593 1192 3649 cultoris
1215 3591 1622 3647 Ambrichonis
1643 3605 1731 3660 ep.
1756 3596 1812 3645 et
1835 3588 2090 3644 advocati

442 3683 567 3751 ejus
596 3682 907 3739 Adalhuni.
943 3682 986 3735 E
1015 3686 1210 3736 contra
1243 3694 1374 3736 vero
1407 3680 1554 3735 idem
1580 3678 1926 3734 venerabilis
1958 3691 2093 3747 prae-

443 3771 534 3826 sul
567 3784 822 3842 suusque
852 3771 1159 3824 advocatus
1187 3769 1257 3824 de
1289 3768 1458 3824 rebus
1495 3769 1550 3823 S.
1590 3768 1987 3823 Emmerammi
2019 3767 2087 3822 ad

442 3859 738 3927 Hedinpah
769 3865 823 3914 et
851 3857 1208 3926 Tecchinpah
1253 3857 1615 3912 tradiderunt
1644 3855 1876 3926 praefato
1907 3856 2085 3912 nobili

443 3944 718 4014 aequalem
768 3950 984 4015 partem
1032 3958 1298 4016 agrorum
1342 3949 1513 4016 atque
1556 3951 1868 4016 pratorum.
1917 3947 1984 4001 Et
2027 3952 2092 4002 ut

446 4032 672 4088 ﬁrmius
696 4033 753 4088 in
781 4031 978 4089 futuro
1001 4038 1327 4104 permaneat
1342 4039 1639 4090 traxerunt
1657 4039 1828 4090 testes
1845 4048 2089 4106 quorum

445 4121 678 4178 nomina
719 4128 883 4178 sunt:
921 4121 1059 4195 Ogo,
1097 4120 1270 4178 Adolf
1323 4123 1650 4194 Sindperht,
1687 4125 1868 4184 Tevit.
1908 4123 2093 4179 Grim-

444 4210 629 4281 perht,
670 4209 998 4281 Embricbo,
1043 4211 1356 4284 Engilmar,
1402 4211 1666 4282 Otachar,
1714 4212 1931 4267 Rihker
1971 4211 2092 4266 Hel-

441 4297 581 4370 frih,
613 4297 843 4373 Albrih,
872 4299 1127 4368 Gammo,
1155 4300 1356 4364 Petilo,
1387 4301 1580 4371 Unlaz,
1613 4300 1922 4371 Cotahelm,
1955 4300 2088 4355 item

439 4388 766 4444 Embricho.

439 4568 443 4571 .
508 4515 636 4570 CAP.
665 4515 944 4571 XXXVII.
963 4515 1403 4570 -—Commutatio
1433 4516 1576 4568 inter
1602 4515 2016 4571 Ambrichonem

877 4589 1184 4656 episcopum
1222 4591 1272 4639 et
1307 4585 1649 4640 Hahardum.

510 4692 930 4748 Nonnullorum
969 4696 1272 4763 cognoscat
1304 4692 1593 4749 industria
1630 4693 1916 4764 ﬁdelium,
1950 4709 2086 4764 quo-

444 4794 801 4850 rumcunque
830 4780 1072 4836 auribus
1098 4780 1272 4849 hujus
1300 4781 1575 4839 chartula:
1603 4784 1939 4854 injungatur
1962 4783 2086 4839 eﬁ‘e—

441 4869 579 4938 ctio,
596 4881 764 4939 quam
780 4868 1007 4924 utiliter
1018 4881 1081 4924 ac
1099 4869 1331 4926 honeste
1346 4872 1718 4928 commutatio
1729 4871 2082 4943 subsequens

443 4957 821 5026 perﬁceretur.
858 4957 1102 5014 Karolus
1129 4959 1312 5030 igitur
1331 4960 1641 5030 imperator
1670 4960 1960 5017 licentiam
1989 4961 2085 5016 do-

442 5045 600 5100 navit
645 5046 874 5101 cuidam
923 5047 1127 5118 nobili,
1176 5049 1440 5105 Hahardo
1483 5050 1730 5112 nomine.
1781 5050 2081 5121 quamdam

441 5134 941 5190 commutationem
973 5135 1232 5193 beneﬁcii
1265 5139 1357 5194 sui
1389 5151 1573 5209 agere,
1609 5139 1928 5209 missosque
1958 5153 2088 5209 pru-

439 5222 639 5278 dentes
667 5222 883 5278 direxit
911 5237 1031 5279 eam
1060 5225 1222 5281 valde
1263 5231 1429 5283 caute
1471 5226 1752 5296 perﬁcere,
1798 5227 2087 5283 Willihel-

441 5327 595 5369 mum
626 5311 895 5368 videlicet
931 5317 1102 5382 atque
1129 5314 1525 5387 Sindbertum,
1570 5329 1786 5372 necnon
1816 5321 1871 5371 et
1911 5317 2088 5373 Hada-

441 5416 680 5458 marum.
709 5402 866 5457 Tunc
889 5402 1100 5473 quippe
1128 5401 1399 5472 praefatua
1421 5404 1636 5460 nobilis
1662 5406 1904 5462 tradidit
1928 5408 1997 5463 ad
2023 5408 2079 5464 S.

437 5493 912 5547 Emmerammum
938 5505 1068 5547 cum
1089 5505 1369 5548 consensu
1388 5491 1607 5548 domini
1636 5493 1728 5549 sui
1753 5494 1992 5553 Cmsaris
2014 5497 2071 5552 in

441 5595 668 5637 manum
700 5579 1107 5636 Ambrichonis
1141 5594 1323 5636 vener.
1368 5594 1455 5652 ep.
1489 5589 1544 5637 et
1583 5583 1786 5640 vicarii
1828 5587 1918 5641 sui
1951 5587 2092 5660 Ogo.

2201 3139 2296 3222 tus
2337 3171 2508 3235 atque
2545 3139 2869 3232 Cunpertus
2901 3167 3074 3224 nepos
3102 3151 3228 3219 eius
3259 3147 3318 3200 ίη
3351 3153 3493 3235 Ρλὲίξ
3516 3139 3854 3235 Rotffgéif‘?

2201 3256 2259 3311 in
2291 3224 2432 3310 villa
2458 3224 2786 3320 nuncupata
2811 3243 3063 3301 Skefowa
3091 3239 3162 3295 ad
3189 3229 3599 3320 monasterium
3629 3224 3855 3320 Maniu-

2199 3309 2294 3403 seo
2446 3309 2704 3399 sanctum
2745 3337 2846 3393 Dei
2884 3328 3288 3401 archangelum
3320 3316 3650 3378 Michaelem
3682 3309 3853 3381 quid-

2200 3437 2341 3508 quid
2366 3434 2577 3490 ibidem
2602 3432 2662 3485 in
2684 3428 2787 3483 illa
2807 3425 2946 3482 villa
2974 3421 3176 3476 habere
3194 3417 3356 3472 visus
3375 3414 3480 3508 est,
3503 3415 3695 3460 casam
3714 3411 3848 3499 cum

2199 3498 2380 3594 curte,
2414 3521 2768 3591 reliquisque
2801 3511 3084 3580 aediﬁciis,
3113 3505 3304 3575 terris,
3332 3498 3532 3572 pratis,
3567 3498 3846 3587 pomerio,

2200 3588 2458 3680 vivariis,
2484 3588 2732 3679 pascuis,
2755 3605 2941 3673 silvis,
2967 3595 3253 3665 mancipia
3270 3606 3324 3646 v1
3349 3597 3590 3680 quorum
3612 3588 3847 3680 uomlna

2202 3704 2321 3758 hmo
2352 3672 2519 3756 sunt:
2555 3672 2797 3764 Rodker,
2831 3672 3092 3758 Lantker,
3141 3683 3462 3746 Paldmunt,
3493 3672 3843 3764 Reginpum.

2199 3789 2484 3857 Rihdrud,
2517 3787 2748 3857 Rihger.
2783 3761 2988 3837 Omnia
3016 3780 3136 3834 haec
3161 3770 3499 3857 supradicta
3513 3761 3847 3857 exintegr‘o

2393 3843 2615 3938 ratione
2635 3843 2804 3933 nullo
2835 3867 3260 3928 contradicente
3293 3851 3617 3945 supradicti
3657 3843 3849 3945 Engil—

2200 3933 2662 4047 “scilicet
2705 3968 2875 4033 atque
2912 3933 3847 4047 CundpcrtustradideruntE-‘i‘llo

2200 4026 2383 4120 tamen
2414 4065 2629 4127 tenore,
2676 4058 2741 4111 ut
2776 4026 2883 4108 hoc
2922 4043 3260 4103 beneﬁcium
3293 4039 3352 4092 in
3380 4033 3520 4089 villa
3551 4026 3844 4127 nominata

2197 4116 2449 4225 litin—pub
2501 4154 2557 4206 et
2605 4116 2778 4204 etiam
2829 4142 3009 4212 ipsam
3057 4129 3444 4202 supradictam
3472 4116 3842 4225 traditipnem

2199 4209 2468 4313 Skefowa,
2507 4235 2764 4311 quandiu
2790 4209 2956 4287 ambo
2979 4225 3280 4288 vixissent,
3309 4209 3850 4313 proprioOjuE‘p-os:

2199 4286 2468 4393 siderent:
2509 4286 2621 4384 Isti
2667 4329 2802 4381 sunt
2830 4324 3003 4377 testes
3039 4327 3140 4386 per
3180 4321 3348 4366 aures
3393 4297 3600 4393 tracti:
3649 4286 3846 4393 .Ke‘rolLt

2118 4411 2173 4472 D
2199 4377 2646 4491 'Xe-rolt
2885 4377 3058 4478 ejus;
3079 4396 3271 4457 Ratolt‘
3289 4483 3299 4491 Δ
3314 4389 3598 4491 vicarius,

2733 4467 2897 4558 Cund
2907 4467 3091 4568 perht,
3117 4491 3250 4544 item
3273 4480 3501 4582 Antrih,
3522 4467 3841 4582 [saltue-rbi.

2193 4559 2838 4674 mastgiaeatm,
2873 4559 3352 4674 nouam-twn,
3392 4559 3839 4674 {9.3921531}.

2592 4651 2926 4752 hantperht,
2963 4651 3172 4741 Ratolt,
3213 4671 3378 4729 Saxo,
3416 4655 3661 4755 Wifrih,
3703 4651 3838 4755 Αἶα,

2191 4745 2436 4854 satam,
2482 4745 3092 4842 Notbart,-Cundhart,
3121 4764 3383 4854 Wirunt:
3428 4752 3698 4854 Οξξιαῒιῇτε
3725 4745 3845 4854 -ξῖῗ

2543 4833 2690 4925 iisan
2699 4833 2814 4936 ger,
2873 4859 3015 4915 Cuni
3027 4833 3208 4951 perht,
3272 4847 3434 4951 Dato,
3446 4833 3837 4951 “Engils‘ca'l‘b.

2191 4925 2637 5036 ὃίἰὶὲξᾚὸὶυιι,
2684 4925 2925 5024 δὶρέθῐδὶιῐ
2965 4925 3312 5036 Gisalmunt,
3353 4931 3619 5036 Matheri,
3659 4925 3841 5036 CLu‘nd-

2193 5018 2408 5126 et
2431 5018 2640 5107 cazteri.
2669 5018 3061 5112 Fid-ejussores
3085 5030 3309 5126 Pazrib,
3337 5034 3393 5083 et
3415 5018 3836 5126 Cundperhtfs

2196 5111 2437 5213 utraque
2462 5144 2638 5210 parte.
2674 5111 3008 5192 Erchanfrid
3020 5142 3088 5183 us
3115 5123 3419 5213 episc0pus
3447 5111 3841 5213 advocatus

2195 5197 2719 5302 ejuleun-dpertus
2764 5220 3104 5290 acceperunt
3143 5210 3302 5266 illam
3344 5197 3840 5302 tradition‘em,“et

2195 5286 2598 5378 concesserunt
2621 5286 3014 5384 supradictum
3035 5299 3373 5360 beneﬁcium
3403 5289 3703 5363 praedictis
3726 5286 3840 5341 dia-

2194 5411 2436 5469 conibus
2463 5406 2795 5480 Engilberto
2825 5406 2995 5470 atque
3032 5392 3517 5480 Cundbertocum
3558 5388 3838 5480 consensu

2194 5466 2620 5560 monachorum.
2661 5495 2863 5551 Actum
2893 5466 2962 5547 ad
2989 5492 3130 5544 Rota
3161 5485 3220 5540 in
3261 5475 3509 5537 ecclesia
3551 5482 3704 5525 anno
3741 5466 3840 5518 Do-

2189 5590 2414 5647 minicaa
2462 5584 2881 5642 lncarnationis
2925 5580 3049 5637 85%.
