4076 6154
239 226 339 285 921

1205 223 1663 283 TRADITIONES
1699 222 2340 282 EMMERAMMENSES.
2379 255 2454 267 -—
2485 226 2613 282 LIB.
2655 230 2694 283 Ι.

3552 223 3660 283 922

239 364 368 420 CAP.
410 333 522 418 XL.
565 388 639 400 —
667 358 1022 416 Commutatio
1058 359 1202 412 inter
1231 357 1648 412 Ambrichonem
1685 355 1977 428 episco—A
2001 355 2131 420 CAP,
2173 356 2360 414 XLIII.
2418 357 2768 414 Commutatio
2803 360 2948 414 inter
2997 358 3410 414 Ambrichonem
3448 359 3660 428 episco-

760 446 895 500 pum
925 435 973 484 et
1007 431 1392 485 Morenzonem.

312 561 625 615 Fructuosa
657 555 822 612 valde
846 560 902 610 et
932 555 1169 611 honesta
1192 555 1548 612 consuetudo
1572 553 1712 611 olim
1747 553 1896 609 inter

242 649 507 705 homines
547 646 859 702 inoleverat
888 645 1277 702 commutandi
1319 644 1587 701 videlicet
1622 644 1896 714 quasdam

241 753 334 796 res
380 751 480 808 pro
514 735 811 792 ambarum
851 735 1107 791 utilitate
1152 735 1421 805 partium.
1466 736 1543 790 Ea
1583 734 1764 805 igitur
1800 747 1899 790 ra—

241 829 400 885 tione
434 826 675 883 tradidit
701 826 961 882 Morenzo
991 838 1119 880 cum
1149 825 1382 880 licentia
1412 823 1758 880 venerabilis
1785 823 1900 893 epi-

241 917 401 988 scopi
457 915 866 971 Ambrichonis
907 914 978 970 de
1026 914 1195 970 rebus
1255 915 1308 969 S.
1371 913 1767 970 Emmerammi
1826 912 1894 967 ad

239 1006 659 1076 Otmuntingon
695 1005 895 1076 jugera
944 1017 1022 1059 vn
1072 1003 1300 1059 cuidam
1342 1003 1466 1060 viro
1510 1002 1693 1059 nobili
1729 1001 1900 1057 Wol-

241 1096 486 1152 frammo
543 1095 601 1150 in
645 1095 1063 1164 proprietatem.
1105 1095 1148 1148 E
1188 1098 1384 1149 contra
1422 1105 1552 1148 vero
1591 1091 1900 1163 prazdictus

239 1184 662 1240 Wolframmus
696 1183 937 1239 tradidit
961 1184 1028 1238 ad
1055 1183 1109 1238 S.
1128 1183 1606 1238 Emmerammum
1633 1182 1703 1236 de
1729 1180 1900 1236 rebus

243 1273 618 1346 proprietatis
647 1286 764 1328 sua:
795 1273 995 1343 jugera
1027 1287 1105 1327 v11
1137 1273 1207 1328 ad
1234 1269 1708 1328 Scussinchofun.
1743 1272 1810 1325 Et
1837 1275 1900 1324 ut

242 1365 365 1419 haec
405 1361 778 1418 commutatio
819 1361 1042 1416 ﬁrmior
1069 1368 1217 1417 esset
1250 1368 1304 1418 et
1338 1375 1371 1418 a
1413 1361 1659 1432 posteris
1693 1359 1901 1415 melius

240 1453 592 1521 crederetur,
609 1451 982 1521 placuitduas
993 1451 1220 1507 chartas
1242 1465 1356 1506 uno
1369 1449 1708 1507 tenoreinde
1721 1447 1904 1504 habe—

241 1543 292 1598 ri
325 1541 706 1610 conscriptas,
741 1553 911 1595 unam
943 1525 1020 1596 ad
1040 1544 1296 1596 sanctum
1329 1539 1452 1611 Dei,
1492 1543 1549 1594 et
1571 1539 1744 1594 aliam
1773 1537 1898 1592 viro

242 1630 542 1702 praedicto.

310 1773 446 1830 CAP.
470 1772 609 1837 XLI.
631 1800 705 1811 —
733 1771 1083 1827 Commutatio
1107 1775 1246 1826 inter
1263 1771 1679 1826 Ambrichonem
1704 1771 1901 1840 episco-

771 1859 908 1913 pum
941 1849 991 1898 et
1018 1845 1349 1898 Ekkiricum.

311 1971 467 2026 Usus
495 1971 612 2040 jam
657 1969 796 2024 olim
841 1969 991 2039 apud
1027 1974 1242 2026 veteres
1285 1970 1530 2026 nimium
1567 1968 1900 2024 fructuosus

241 2060 462 2132 pollere
482 2058 655 2128 coepit
683 2059 1072 2114 commutandi
1094 2059 1362 2115 videlicet
1384 2059 1654 2129 quasdam
1681 2071 1772 2127 res
1799 2070 1900 2126 pro

239 2149 542 2206 ambarum
613 2147 867 2202 utilitate
915 2148 1164 2217 partium
1208 2149 1614 2218 possessiones.
1656 2146 1900 2202 Proinde

240 2251 484 2311 quoque
526 2236 817 2292 modernis
855 2237 1209 2306 temporibus
1253 2237 1360 2293 hoc
1399 2238 1627 2292 inantea
1672 2237 1796 2294 ﬁeri
1839 2235 1900 2292 in

239 2325 664 2400 ecclesiasticis
681 2323 1145 2396 frequentissime
1162 2325 1536 2382 facultatibus
1559 2340 1752 2399 regum
1777 2340 1902 2383 san-

238 2418 336 2474 xit
357 2410 694 2484 auctoritas,
727 2413 898 2484 idque
924 2428 1106 2484 usque
1129 2415 1196 2470 ad
1223 2413 1480 2485 quinque
1501 2415 1776 2472 hobarum
1802 2429 1903 2472 nu—

243 2518 472 2563 merum
511 2506 773 2558 constare
803 2503 1080 2570 permisit.
1116 2504 1197 2558 Ex
1229 2503 1333 2559 hac
1369 2503 1550 2574 igitur
1580 2504 1903 2560 imitatione

243 2595 485 2666 quidam
527 2589 742 2647 nobilis
771 2591 1078 2648 Ekkiricus
1103 2593 1333 2648 nomine
1353 2592 1905 2648 inductu5°tradidit

242 2685 317 2740 ad
357 2689 617 2742 sanctum
655 2685 754 2740 Dei
788 2687 1090 2752 martyrem
1125 2683 1601 2736 Emmerammum
1639 2682 1906 2752 proprie-

250 2779 426 2829 tatem
469 2789 654 2845 suam,
687 2787 857 2844 quam
904 2770 1110 2826 habuit
1137 2771 1206 2826 ad
1247 2772 1531 2840 Homeres,
1571 2771 1629 2826 in
1673 2784 1902 2827 manum

245 2862 661 2920 Ambrichonis
683 2875 806 2918 ven.
835 2876 922 2930 ep.
951 2867 1009 2915 et
1035 2859 1292 2916 advocati
1319 2861 1444 2929 ejus
1470 2859 1816 2932 Reginhohi,
1846 2860 1901 2915 id

244 2956 356 3021 est,
400 2965 586 3007 casam
626 2965 757 3007 cum
801 2954 980 3018 curte,
1024 2957 1189 3004 terra!
1222 2947 1463 3003 arabilis
1502 2949 1703 3020 jugera
1745 2961 1899 3017 XLVI,

2569 465 2702 519 pum
2721 454 2771 503 et
2789 449 3084 503 Otmarum.

2075 555 2318 613 Multum
2353 570 2594 628 namque
2630 557 2797 614 utilis
2835 560 2892 613 et
2922 556 3166 613 nimium
3197 556 3491 613 commoda
3515 569 3657 613 con-

2008 647 2252 702 suetudo
2273 647 2388 716 jam
2422 647 2560 702 olim
2590 647 2739 703 inter
2770 647 3031 703 homines
3056 645 3365 701 inoleverat
3390 645 3538 716 quod
3572 658 3660 699 res

2008 747 2142 790 suas
2187 736 2336 791 inter
2364 750 2425 792 se
2455 751 2557 807 pro
2585 737 2740 807 aptis
2773 737 2985 792 ﬁnibus
3026 735 3277 792 locorum
3310 740 3660 790 commutare

2007 829 2318 894 cmperunt.
2364 827 2470 881 Pro
2517 827 2709 882 eadem
2755 826 3010 882 utilitate
3053 823 3347 880 ambarum
3408 825 3658 893 partium

2006 914 2444 983 convenitiinter
2472 929 2658 972 vener.
2690 930 2776 986 ep.
2806 915 3245 972 Ambrichonem
3275 917 3330 970 et
3360 913 3659 984 quemdam

2008 1003 2193 1058 virum
2266 1003 2535 1076 nobilem,
2599 1005 2893 1062 Otmarum
2957 1005 3204 1074 nomine,
3273 1008 3337 1058 ut
3405 1002 3659 1072 aliquam

2011 1105 2200 1148 rerum
2251 1107 2485 1152 suarum
2537 1095 2687 1150 inter
2729 1109 2788 1150 se
2839 1086 3340 1150 commutationem
3389 1091 3656 1163 facerent,

2011 1183 2158 1253 quod
2188 1188 2242 1239 et
2284 1184 2362 1239 ita
2402 1181 2677 1240 fecerunt.
2713 1184 2976 1240 Tradidit
3009 1183 3189 1254 igitur
3221 1183 3529 1252 praedictus
3553 1181 3662 1236 Ot-

2012 1284 2132 1326 mar
2161 1272 2228 1326 ad
2261 1273 2314 1328 S.
2346 1274 2818 1328 Emmerammum
2850 1273 2920 1328 de
2952 1271 3122 1327 rebus
3150 1270 3517 1341 proprietatis
3543 1284 3659 1326 sum

2007 1374 2195 1416 aream
2238 1375 2428 1432 unam,
2462 1368 2516 1418 et
2561 1363 2630 1418 de
2671 1368 2820 1418 terra
2849 1361 3057 1417 arabili
3097 1362 3298 1432 jugera
3339 1373 3398 1414 1x
3447 1360 3504 1414 in
3535 1359 3660 1414 colo

2011 1457 2337 1520 nuncupato
2355 1452 2507 1522 Ipah.
2527 1453 2840 1507 Etecontra
2853 1449 3300 1506 deditvenerand
3311 1465 3376 1504 us
3391 1446 3662 1517 praefatus

2009 1527 2313 1610 episcopus
2350 1541 2419 1596 de
2456 1541 2626 1597 rebus
2665 1541 2720 1595 S.
2754 1539 3150 1594 Emmerammi
3198 1539 3256 1593 in
3301 1539 3495 1593 eodem
3538 1537 3660 1592 loco

2011 1622 2146 1699 Ipab
2177 1629 2236 1684 in
2265 1630 2665 1700 proprietatem
2690 1629 3002 1685 habendam
3029 1628 3140 1698 ipsi
3165 1627 3396 1683 Otmaro
3420 1627 3489 1682 de
3512 1631 3661 1681 terra

1927 1691 1982 1754 Β
2011 1691 2220 1775 arabili
2248 1691 2447 1792 jugera
2470 1734 2526 1774 x.
2558 1721 2656 1776 Isti
2690 1724 2826 1776 sunt
2853 1723 3023 1774 testes
3048 1691 3356 1787 utriusque
3386 1716 3664 1772 traditio—

2012 1808 2138 1864 nis:
2161 1809 2298 1880 Ogo,
2330 1809 2623 1878 Pirihtilo,
2646 1808 2875 1873 Walah,
2893 1807 3184 1878 Terpiton,
3207 1806 3396 1878 Jacob,
3420 1805 3664 1860 Erchan-

2011 1896 2145 1967 frid,
2193 1898 2539 1969 Willihelm,
2576 1897 2904 1968 Willipold,
2938 1897 3124 1965 Parto,
3170 1895 3358 1962 Meiol,
3395 1894 3658 1962 Ekkirih,

2007 1986 2269 2059 Adalger,
2300 1988 2476 2056 Ludo,
2498 1989 2700 2060 Wago,
2729 1990 3014 2060 lsanpero,
3038 1985 3352 2056 Reginhart
3374 1983 3659 2040 Amalker.

2006 2074 2170 2132 Anno
2189 2077 2417 2132 Domini
2443 2075 2567 2132 865.

2184 2202 2312 2258 CAP.
2335 2201 2524 2258 XLIV.
2547 2233 2620 2242 —
2644 2201 2889 2256 Traditio
2917 2200 3124 2255 Otberti
3171 2198 3435 2254 Castaldi.

2079 2310 2248 2364 Breve
2269 2307 2861 2364 commemoratorium
2883 2307 2953 2362 de
2975 2305 3145 2361 rebus
3163 2303 3384 2360 Otberti
3405 2302 3658 2358 Castaldi

2007 2398 2077 2454 de
2123 2396 2535 2468 Longobardia,
2580 2410 2724 2466 quas
2756 2396 2917 2452 dedit
2953 2395 3022 2450 ad
3062 2395 3116 2450 S.
3162 2395 3661 2460 Emmerammum,

2011 2501 2137 2558 quae
2177 2491 2312 2541 sunt
2361 2486 2418 2540 in
2457 2485 2767 2541 Statuaras.
2817 2483 3110 2554 Imprimis
3151 2496 3312 2538 casas
3355 2481 3500 2536 duas
3530 2493 3664 2534 cum

2015 2576 2261 2631 introitu
2300 2589 2406 2631 suo
2443 2580 2498 2630 et
2543 2576 2793 2645 hortum,
2842 2574 3023 2630 olivas
3068 2586 3124 2642 x,
3166 2573 3236 2628 de
3281 2575 3440 2640 prato
3477 2573 3666 2639 partes

2015 2669 2149 2734 tres,
2179 2665 2358 2720 vineae
2390 2665 2636 2734 perticas
2673 2665 2838 2732 duas,
2881 2663 2950 2718 de
2995 2666 3142 2716 terra
3175 2660 3424 2716 aratoria
3452 2659 3667 2728 pertica

2013 2767 2092 2807 v1.
2145 2753 2216 2808 Et
2253 2753 2324 2808 de
2363 2753 2510 2823 ipsis
2548 2753 2719 2808 rebus
2765 2751 2880 2807 fuit
2917 2749 3224 2806 investitus
3263 2749 3322 2803 in
3365 2746 3666 2817 praesentia

2015 2841 2342 2912 Plagiverti,
2393 2847 2449 2898 et
2490 2841 2768 2908 Ratbcrti,
2819 2844 2876 2896 et
2919 2838 3182 2894 Batruini
3228 2837 3299 2893 de
3341 2833 3560 2904 Banilo,
3612 2839 3669 2890 et

2014 2930 2338 2999 Gunduini,
2371 2935 2427 2986 et
2453 2930 2714 2986 Gumarii
2751 2930 2820 2984 de
2853 2929 2975 2998 ipso
3003 2928 3145 2994 loco,
3185 2933 3239 2982 et
3267 2925 3370 2980 alii
3407 2925 3666 2980 homines

249 3012 543 3110 pratorum
581 3040 849 3096 carradas
891 3012 1050 3108 xxvi,
1091 3036 1292 3092 silvam
1341 3012 1651 3107 copiosam,
1695 3012 1901 3094 molam
1939 3017 2251 3110 C911??th
2297 3018 2376 3074 ibi
2422 3019 2491 3110 de
2521 3019 2818 3087 Βοωθηίὲν
2860 3017 3167 3110 Ὲιρνίηυξχ
3197 3012 3573 3110 “Nam”?
3609 3017 3670 3110 ξόί

248 3143 446 3198 unam,
470 3143 669 3200 aquas,
693 3139 1091 3198 aquarumque
1111 3127 1409 3195 decursus,
1435 3139 1546 3180 una
1569 3139 1697 3181 cum
1725 3127 1905 3182 omni-

246 3219 361 3274 bus
372 3218 440 3272 ad
456 3217 712 3274 eumdem
728 3217 914 3272 locum
935 3214 1339 3270 accedentibus
1350 3214 1417 3268 ad
1435 3215 1767 3283 praedictum
1782 3229 1905 3271 san-

246 3312 409 3362 ctum
433 3305 786 3362 contradidit
805 3309 976 3374 atque
987 3301 1320 3359 transfudit.
1347 3303 1390 3357 E
1405 3307 1602 3358 contra
1623 3316 1753 3358 vero
1775 3309 1904 3358 ante

247 3394 586 3452 nominatus
632 3394 940 3450 advocatus
979 3406 1109 3448 cum
1153 3391 1406 3462 episcopi
1445 3404 1725 3447 consensu
1778 3397 1903 3446 tra—

245 3483 406 3539 didit
430 3483 696 3539 Ekkirico
720 3483 789 3538 de
811 3481 982 3538 rebus
1001 3481 1056 3537 S.
1089 3480 1486 3535 Emmerammi
1507 3480 1576 3534 ad
1602 3479 1897 3550 Espilipab

247 3586 440 3628 casam
480 3585 608 3626 cum
662 3575 841 3642 curte,
895 3583 960 3626 ac
1011 3569 1247 3625 totidem
1291 3569 1491 3639 jugera
1534 3582 1800 3640 agrorum
1846 3573 1901 3623 et

248 3667 546 3732 pratorum
572 3662 630 3716 in
655 3664 924 3730 perpetuo
948 3658 1268 3714 habendum
1287 3658 1459 3714 simul
1481 3672 1609 3714 cum
1631 3657 1900 3714 omnibus

248 3750 397 3804 illuc
440 3748 880 3818 pertinentibus.
931 3748 1076 3803 Sunt
1119 3747 1347 3818 quidem
1399 3753 1569 3803 testes
1601 3761 1698 3816 per
1735 3760 1902 3803 aures

247 3839 425 3895 tracti
464 3840 716 3908 ejusdem
760 3837 1190 3894 vicissitudinis
1217 3837 1356 3908 Ogo,
1395 3836 1739 3906 Willihelm,
1771 3837 1899 3905 Oto,

245 3926 497 3997 Helfrih,
525 3927 856 3996 Adalperht.
881 3925 1194 3997 Sigiperht,
1223 3924 1506 3995 Helinger,
1529 3925 1784 3990 Gammo,
1808 3925 1903 3978 Er-

247 4015 560 4087 chanpold,
581 4017 744 4088 Pern,
771 4017 1095 4082 Gemmunt,
1124 4011 1332 4082 Rafolt,
1357 4013 1665 4069 Nidhartet
1685 4013 1896 4068 caeteri.

357 4176 485 4231 CAP.
511 4175 674 4231 XLII.
703 4205 778 4216 —
801 4174 1046 4229 Traditio
1088 4173 1398 4240 Engilmari
1429 4172 1754 4242 presbyteri.

324 4324 642 4433 Notumksit
674 4323 942 4433 omnibus
970 4323 1234 4433 ﬁdelibus
1259 4326 1467 4433 sancta:
1491 4323 1590 4378 Dei
1622 4323 1906 4394 Ecclesiae,
1942 4371 1999 4433 D

255 4412 640 4483 praesentibus
660 4413 883 4468 scilicet
902 4417 958 4467 et
989 4411 1224 4482 futuris,
1254 4411 1404 4482 quod
1428 4412 1662 4480 quidam
1691 4413 1913 4482 presby-

253 4505 372 4570 ter,‘
393 4502 624 4557 nomine
660 4502 1024 4572 Engilmarus
1050 4500 1292 4556 tradidit
1326 4501 1611 4570 mancipia
1641 4516 1716 4556 vn
1751 4503 1819 4556 ad
1853 4501 1908 4556 S.

252 4594 508 4652 Petrum,
539 4603 785 4660 quorum
812 4589 1041 4645 nomina
1073 4594 1210 4644 sunt
1239 4589 1392 4644 haec:
1432 4589 1610 4657 Zeiza,
1638 4589 1909 4661 Sigipire,

254 4678 473 4749 Wolfo,
503 4679 699 4748 Asﬁat,
725 4679 882 4748 Toto,
913 4678 1188 4749 Nordker,
1217 4677 1521 4748 Rodmunt,
1547 4683 1604 4734 et
1627 4679 1904 4734 concilia-

253 4769 342 4822 vit
373 4772 439 4822 ut
470 4767 629 4821 Zeiza
668 4770 924 4835 scoparet
953 4770 1175 4822 tantum
1213 4766 1509 4822 ecclesiam
1553 4767 1606 4820 S.
1642 4767 1815 4834 Petri,
1855 4772 1912 4822 et

257 4856 349 4912 illi
394 4854 814 4925 serviretquod
857 4853 1136 4922 potuisset
1170 4872 1184 4926 ;
1221 4855 1399 4910 Asﬁat
1438 4859 1625 4910 autem
1674 4855 1911 4910 serviret

254 4942 519 5000 Wolfoni
555 4942 765 4998 clerico
797 4947 854 4997 et
886 4940 1052 4996 fratri
1090 4956 1194 4998 suo
1235 4943 1302 4998 ad
1348 4942 1472 4998 dies
1509 4943 1639 4998 vita:
1685 4956 1821 5013 suae,
1855 4947 1911 4998 et

261 5038 389 5102 post
423 5031 646 5087 obitum
673 5031 798 5099 ejus
823 5031 892 5086 ad
919 5031 1173 5086 eamdem
1205 5030 1571 5087 traditionem
1601 5036 1905 5088 constaret.

260 5121 413 5175 Hanc
429 5118 797 5173 traditionem
823 5117 1046 5186 excepit
1086 5117 1350 5173 Salomon
1367 5131 1566 5174 vassus
1582 5118 1913 5175 Ambricho—

263 5208 353 5263 nis
400 5221 526 5262 ven.
569 5219 657 5276 ep.
699 5208 768 5261 Et
807 5206 903 5260 isti
948 5209 1086 5262 sunt
1134 5210 1305 5261 testes
1343 5219 1442 5275 per
1479 5220 1648 5262 aures
1686 5207 1854 5263 tracti
1890 5225 1904 5261 :

259 5295 636 5363 Durinchart,
683 5294 984 5364 Hiltipero,
1042 5293 1362 5362 Perehtcoz,
1415 5295 1636 5356 Pilunc.
1697 5295 1907 5366 Folrat,

262 5383 584 5455 Reginhoh,
627 5383 887 5453 Ekkirih,
919 5382 1186 5452 Arperht,
1231 5381 1496 5454 Egilt'rid,
1548 5383 1907 5454 Erchanfrid,

262 5473 526 5544 Adalger.
557 5471 792 5541 Wippo,
813 5470 1144 5540 Adalperht,
1168 5469 1332 5542 Otili,
1360 5469 1648 5541 Anthelm,
1679 5472 1908 5544 Strupo.

264 5561 495 5619 Factum
523 5565 609 5616 est
633 5560 691 5616 in
717 5559 955 5616 ecclesia
980 5559 1035 5614 S.
1067 5560 1237 5618 Petri.

2012 3108 2294 3178 Valerius,
2328 3112 2383 3163 et
2423 3109 2577 3178 ipsas
2601 3121 2692 3162 res
2731 3120 2832 3176 pro
2860 3106 3051 3160 anima
3080 3103 3298 3159 Otberti
3329 3102 3577 3158 Castaldi
3608 3101 3666 3156 in

2011 3210 2144 3252 casa
2187 3197 2241 3251 S.
2290 3196 2688 3250 Emmerammi
2735 3195 2955 3264 accepit
2985 3191 3248 3262 Liutpold
3298 3190 3588 3260 presbyter
3613 3193 3668 3244 et

2015 3285 2212 3340 lleimo
2234 3285 2418 3340 laicus
2441 3285 2511 3340 de
2532 3283 2953 3354 Ergoltespach.

2009 3409 2139 3465 CAP.
2167 3407 2328 3463 XLV.
2349 3437 2423 3447 —
2442 3406 2688 3461 Traditio
2714 3403 2988 3459 Einhardi
3014 3403 3317 3474 presbyteri
3336 3407 3384 3455 et
3402 3401 3664 3454 Erhardi.

2083 3519 2143 3572 In
2178 3515 2406 3572 nomine
2431 3511 2636 3582 Patris,
2669 3517 2726 3567 et
2749 3511 2906 3583 Filii,
2937 3516 2993 3567 et
3029 3510 3281 3580 Spiritus
3314 3509 3518 3565 sancti.
3551 3508 3668 3563 Co-

2012 3605 2246 3678 gitando
2303 3603 2682 3675 cogitavimus
2728 3615 2830 3672 ego
2891 3600 3218 3656 Einhardus
3262 3598 3555 3668 presbyter
3615 3596 3672 3652 et.

2012 3694 2305 3751 Erhardus
2330 3694 2400 3748 de
2429 3691 2626 3748 futura
2657 3691 3018 3746 beatitudine
3047 3687 3375 3745 et'illorum
3410 3686 3671 3742 retribu—

2013 3786 2169 3840 tione
2195 3784 2294 3854 qui
2322 3783 2496 3838 vitam
2522 3784 2854 3836 meruerunt
2878 3779 3084 3834 habere
3108 3781 3393 3832 mternam.
3427 3775 3673 3850 Ideoque

2015 3872 2364 3929 tradidimus
2417 3871 2681 3942 proprias
2725 3883 2815 3924 res
2853 3873 3076 3924 nostras
3124 3880 3266 3936 quas
3311 3863 3516 3919 habere
3559 3863 3668 3918 visi

2010 3978 2216 4020 sumus
2239 3961 2294 4016 in
2327 3961 2450 4016 vico
2474 3963 2838 4027 nuncupante
2863 3955 3371 4026 Wolfmumtingas
3391 3953 3458 4008 ad
3486 3965 3674 4008 mona~

2011 4052 2251 4108 sterium
2291 4048 2538 4104 Adlwini
2562 4047 2816 4116 episcopi
2842 4045 2990 4116 quod
3015 4045 3189 4099 situm
3212 4042 3477 4112 estjuxta
3500 4041 3681 4096 ﬂuen-

2014 4148 2092 4210 ta,
2125 4153 2250 4210 qua:
2280 4142 2514 4193 vocatur
2541 4135 2912 4189 llehtratanze
2942 4133 3010 4188 ad
3037 4136 3296 4187 sanctum
3327 4129 3671 4185 Salvatorem

2018 4243 2120 4301 pro
2169 4225 2417 4283 remedio
2468 4225 2789 4279 animarum
2840 4227 3188 4289 nostrarum,
3236 4219 3322 4274 vel
3374 4223 3672 4288 parentum

2023 4323 2370 4384 nostrorum,
2406 4312 2700 4369 ecclesiam
2751 4325 2880 4366 cum
2920 4309 3204 4378 aediﬁciis,
3246 4308 3438 4377 terris,
3485 4306 3670 4373 silvis,

2024 4407 2260 4477 campis,
2287 4405 2488 4475 pratis,
2515 4401 2879 4468 molendinis,
2907 4398 3370 4473 pascuis,laquis,
3395 4409 3672 4466 aquarum

2026 4511 2135 4568 que
2155 4491 2516 4560 decursibus,
2543 4489 2855 4547 mobilibus
2874 4493 2931 4544 et
2959 4485 3374 4553 immobilibus,
3405 4498 3565 4539 casas
3586 4484 3671 4539 vel

2023 4583 2266 4652 scurias,
2303 4587 2359 4637 et
2389 4582 2506 4636 haec
2545 4581 2766 4636 ﬁrmata
2795 4592 2916 4634 esse
2946 4576 3211 4633 volumus
3241 4573 3670 4645 perpetualiter.

2021 4672 2386 4729 Postmodum
2442 4673 2719 4725 venerunt
2776 4666 3109 4724 Adalwinus
3179 4666 3486 4734 episcopus
3543 4677 3672 4719 cum

2019 4762 2220 4818 multis
2241 4759 2535 4815 nobilibus
2558 4757 2702 4812 viris
2733 4757 2790 4812 in
2820 4757 2943 4827 ipso
2959 4756 3085 4811 vico
3111 4755 3211 4824 qui
3238 4758 3472 4809 vocatur
3494 4751 3676 4808 Wolf-

2021 4850 2367 4920 muntingas,
2392 4852 2447 4903 et
2470 4853 2605 4902 tunc
2625 4847 2684 4902 in
2718 4847 3015 4916 praesentia
3039 4858 3235 4902 eorum
3267 4842 3597 4898 Einhardus
3619 4847 3676 4899 et

2017 4938 2310 4995 Erhardus
2353 4941 2410 4992 et
2440 4950 2585 4991 uxor
2618 4936 2742 5004 ejus
2771 4934 3086 5003 Willipurc
3127 4932 3496 4988 traditionem
3534 4929 3673 4987 fece-

2020 5033 2154 5085 runt
2169 5040 2357 5082 coram
2378 5025 2522 5095 ipsis
2537 5038 2664 5079 cum
2679 5023 2936 5091 ecclesia,
2951 5022 3031 5077 aed
3043 5021 3236 5091 iﬁciis,
3260 5021 3453 5091 terris,
3484 5019 3671 5089 silvis,

2017 5117 2254 5186 campis,
2303 5115 2504 5184 pratis,
2552 5111 2918 5179 molendinis,
2965 5109 3216 5179 pascuis,
3253 5109 3445 5180 aquis,
3487 5121 3675 5178 aqua—

2020 5218 2261 5275 rumque
2277 5202 2638 5270 decursibus,
2659 5198 2972 5256 mobilibus
2989 5203 3045 5254 et
3072 5198 3490 5266 immobilibus,
3512 5209 3673 5252 casas

2021 5295 2106 5350 vel
2132 5294 2375 5364 scurias,
2409 5297 2465 5347 et
2494 5290 2684 5347 omnia
2714 5288 2956 5344 mdiﬁcia
2987 5293 3042 5343 et
3071 5292 3393 5360 tegumenta
3425 5285 3674 5340 tradide-

2023 5389 2157 5439 runt
2186 5384 2254 5438 ad
2295 5382 2349 5436 S.
2391 5380 2756 5448 Salvatorem,
2785 5378 2940 5433 sicut
2966 5376 3060 5432 hic
3091 5377 3360 5446 superius
3391 5373 3667 5440 scriptum

2021 5480 2126 5528 est.
2163 5473 2232 5526 Et
2260 5469 2664 5526 vestitudinem
2706 5465 2962 5523 fecerunt
2987 5464 3281 5521 Adalwino
3304 5461 3570 5530 episcopo
3600 5459 3670 5514 de

2025 5561 2118 5616 bis
2155 5559 2422 5615 omnibus
2459 5569 2701 5628 quorum
2740 5555 2832 5610 hic
2871 5549 3454 5614 commemoravimus,
3496 5559 3671 5601 exce—
