4068 6178
401 256 508 318 923
1432 259 1750 321 ANAMODI
1794 254 2053 315 RATISPt

2170 255 2326 314 TNSIS
2363 257 2770 318 SUBDIACONI
3710 263 3821 326 924

405 399 521 469 ptis
564 397 707 456 locis
750 413 876 470 quae
913 397 1193 455 dicuntur
1227 393 1540 453 Turunfeld
1587 404 1656 446 en
1702 385 1929 444 Altstat.
1985 381 2054 438 Et
2081 377 2133 438 A
2160 377 2357 448 jussor
2383 387 2439 440 et
2461 385 2625 442 testis
2645 391 2799 458 erat;
2825 387 2881 444 et
2909 385 3014 444 alii
3051 401 3181 446 vero
3218 388 3386 448 multi
3408 394 3620 450 testes:
3654 395 3825 452 Pern-

403 489 720 559 Willipurc
765 489 1008 544 tradidit
1047 487 1329 556 mancipia
1371 490 1634 556 quatuor.
1676 481 1744 534 Et
1789 473 2055 533 convenit
2168 470 2477 546 hart,0go.
2511 477 2880 550 Reginperht,
2914 480 3232 552 Isanperht,
3263 483 3565 555 Terpaton,
3601 485 3820 550 Walto,

405 591 528 649 nos,
561 583 626 634 ut
657 579 1017 634 Pernhardus
1039 578 1197 633 ﬁlius
1221 575 1462 632 Erhardi
1487 571 1689 628 habeat
1716 567 1923 622 ibidem
1951 576 2054 620 suo
2164 561 2328 632 Saxo,
2363 564 2558 637 Uzant,
2591 567 2838 640 Sihholf,
2882 570 3251 637 Durinchart,
3294 573 3531 644 Hiltrih,
3577 575 3828 631 Ercban-

406 669 594 737 pecori
621 682 827 738 pascua
845 669 980 724 etde
999 667 1141 723 silva
1158 666 1465 722 utilitatem
1488 663 1556 717 ad
1581 673 1748 716 suum
1777 668 1965 719 usum,
1995 653 2052 708 in
2167 651 2305 724 frid,
2336 655 2560 723 Pazrih,
2609 658 2901 730 Sigivuns,
2934 661 3220 733 Salomon,
3262 663 3538 735 Sigihart,
3574 665 3821 737 Folcrat,

404 771 466 813 ea
494 772 624 814 vero
664 760 884 816 ratione
916 765 998 828 ut,
1035 757 1291 829 quandiu
1318 754 1616 820 vixissent,
1653 751 1711 805 in
1743 759 1937 804 eorum
1976 744 2056 799 sit
2167 743 2464 818 Dancholt‘,
2498 746 2819 820 Liutperht,
2849 751 3178 822 Lantperht.
3207 751 3346 809 Acta
3369 759 3503 810 sunt
3531 754 3655 810 haec
3677 768 3826 812 anno

407 852 700 917 potestate.
735 851 866 905 Post
893 862 1025 904 vero
1053 849 1372 904 discessum
1413 855 1608 900 eorum
1638 841 1847 907 redeat,
1897 836 2052 892 sicut

405 941 673 1007 superius
715 939 772 994 in
810 938 1119 994 traditione
1152 936 1499 1003 continetur,
1535 932 1604 988 ad
1639 924 2050 985 monasterium

402 1026 455 1081 S.
495 1027 807 1084 Salvatoris
832 1028 980 1099 quod
1016 1026 1350 1082 Adalwinus
1388 1023 1694 1094 episcopus
1734 1016 2050 1090 gubernare

403 1118 566 1173 visus
594 1122 698 1188 est,
729 1118 797 1173 ad
831 1117 1140 1172 utilitatem
1173 1127 1464 1170 servorum
1500 1111 1600 1167 Dei
1635 1108 1735 1180 qui
1763 1108 1823 1162 in
1854 1103 2048 1160 eodem

405 1209 530 1266 loco
555 1211 666 1264 Deo
699 1207 910 1264 servire
941 1211 1275 1263 noscuntur.
1307 1204 1369 1259 Si
1397 1203 1531 1274 quis
1555 1215 1706 1272 vero,
1741 1200 1890 1271 quod
1925 1197 2048 1254 ﬁeri

406 1313 516 1355 non
540 1297 849 1364 credimus,
875 1300 975 1352 aut
997 1309 1099 1352 nos
1124 1295 1259 1366 ipsi,
1281 1299 1382 1350 aut
1401 1293 1619 1363 aliquis
1638 1293 1707 1348 de
1729 1288 2055 1346 haeredibus

404 1387 638 1452 nostris,
653 1392 753 1442 aut
773 1387 890 1441 ulla
912 1385 1172 1455 opposita
1192 1397 1452 1454 persona,
1478 1382 1628 1453 quod
1653 1380 1910 1437 futurum
1933 1391 2059 1434 esse

403 1491 513 1534 non
531 1477 838 1544 credimus,
853 1481 1048 1531 contra
1063 1475 1209 1530 hanc
1221 1472 1541 1528 chartulam
1556 1470 1893 1526 traditionis
1909 1469 2060 1524 inire

359 1566 379 1580 ’
406 1566 727 1634 tentaverit,
759 1578 866 1620 non
897 1564 1080 1619 valeat
1101 1563 1412 1631 vindicare,
1438 1562 1532 1617 sed
1560 1562 1668 1616 ista
1694 1560 1890 1614 charta
1912 1572 1944 1613 a
1964 1558 2061 1614 die

407 1654 671 1724 praesenti
695 1658 747 1709 et
769 1655 1038 1723 deinceps
1064 1652 1224 1708 ﬁrma
1247 1652 1400 1708 omni
1427 1654 1677 1720 tempore
1698 1653 1751 1705 et
1780 1648 2052 1704 inviolata
2088 1698 2095 1708 ,
2173 1648 2188 1666 ⁸
2207 1648 2297 1666 “¹“
2319 1648 2410 1714 ἒ¹“,¹
2429 1648 2571 1715 “,¹¹¹
2597 1648 2655 1669 ⁸³⁸
2681 1648 2849 1715 ‘°”“,°
2871 1648 2994 1670 °“‘°
3014 1648 3817 1716 W"‘“‘““‘""."“"‘,‘“W'6""

407 1748 628 1775 mum“
669 1741 1043 1775 οηηηιηηηηο
1087 1742 1330 1775 ww”
1403 1741 1528 1775 "mn
1576 1743 1760 1775 “Mm
1817 1737 2053 1775 ,Μυκη
2085 1699 2133 1770 Β
2165 1701 2626 1774 Tradiditigitur
2648 1705 2956 1773 praedictus
2977 1705 3590 1775 Gerpertusquidquid
3615 1704 3823 1760 habere

406 1748 632 1799 maneat
669 1741 1044 1812 stipulatione
1087 1742 1352 1797 subnixa.
1403 1741 1530 1795 Haec
1575 1743 1763 1795 autem
1817 1737 2053 1793 traditio

406 1831 553 1888 facta
579 1835 665 1887 est
691 1832 749 1886 in
785 1831 1086 1901 praisentia
1114 1829 1396 1885 Adalwini
1429 1828 1684 1898 episcopi
1723 1833 1778 1882 et
1807 1827 2054 1883 aliorum

409 1922 714 1992 nobilium,
741 1935 985 1990 quorum
1011 1920 1240 1976 nomina
1264 1920 1382 1974 haec
1403 1923 1573 1974 sunt:
1609 1918 1887 1988 lladager,
1921 1915 2058 1970 Wi—

405 2010 582 2079 cterb,
619 2009 894 2081 Sigihart,
927 2008 1260 2080 Adalperht,
1294 2008 1512 2075 Wicco,
1541 2006 1832 2077 Grimuni,
1865 2005 2054 2072 Meiol,

404 2099 762 2169 Waldperht,
794 2098 1134 2168 Erchanloh,
1170 2099 1440 2168 Haswart,
1473 2101 1577 2154 etc.

407 2226 535 2282 CAP.
568 2225 754 2281 XLVI.
789 2255 863 2265 —
905 2224 1258 2279 Commutatio
1306 2225 1450 2277 inter
1477 2224 1895 2278 Ambrichonem
1936 2224 2057 2293 epi—

902 2311 1118 2365 scopum
1143 2300 1192 2350 ct
1215 2296 1576 2350 Ammodum.

474 2423 795 2493 Comperiat
837 2422 1147 2479 multorum
1203 2421 1490 2478 industria
1521 2421 1774 2478 vriorum
1809 2421 2058 2492 qualiter

405 2512 751 2569 venerabilis
771 2512 869 2567 Dei
888 2511 1078 2568 cultor
1095 2510 1404 2566 Ambricho
1425 2511 1730 2581 episcopus
1743 2524 1807 2566 ac
1820 2509 2053 2582 quidam

407 2601 623 2657 nobilis
659 2599 982 2656 Arnmodus
1031 2601 1273 2656 invicem
1319 2604 1745 2656 commutarunt
1794 2612 2055 2655 ressuas

406 2690 478 2747 ob
505 2689 798 2746 ambarum
828 2689 1136 2745 utilitatem
1184 2689 1534 2760 portionum.
1563 2689 1830 2745 Tradidit
1861 2689 2056 2760 itaque

408 2779 682 2851 priefatur
704 2779 794 2835 vir
825 2778 1040 2834 nobilis
1064 2779 1131 2834 ad
1163 2779 1216 2833 S.
1245 2780 1343 2834 Dei
1379 2784 1679 2848 martyrem
1717 2780 2054 2834 Emmeram-

410 2883 562 2924 mum
598 2867 966 2938 proprietatis
989 2882 1103 2922 suae
1129 2871 1342 2937 partem
1373 2881 1560 2923 unam.
1587 2868 1701 2923 Hoc
1724 2872 1860 2923 sunt
1889 2873 2053 2923 terrm

409 2956 868 3028 arabilisjugera
891 2970 972 3011 x11
1009 2955 1067 3011 in
1099 2955 1223 3012 loco
1243 2957 1344 3026 qui
1367 2956 1588 3011 dicitur
1626 2955 1961 3029 Lipolﬁnga,
1994 2957 2053 3012 in

2162 833 2582 894 Incarnationis
2604 840 2832 896 Domini
2871 838 2995 896 868.

2158 957 2284 1014 CAP.
2350 960 2585 1018 XLVIII.
2641 995 2714 1006 ——
2777 965 3130 1023 Commutatio
3182 972 3326 1023 inter
3396 969 3823 1025 Ambrichonem

2588 1038 2891 1108 episcopum
2947 1044 2997 1094 et
3047 1041 3385 1112 Gerpertum.

2233 1161 2407 1218 Valde
2432 1168 2667 1220 venusta
2693 1168 2748 1220 et
2782 1165 2948 1221 utilis
2980 1165 3222 1224 nimium
3249 1169 3366 1238 jam
3385 1167 3524 1223 olim
3554 1167 3712 1224 inter
3736 1167 3827 1224 h0‘

2167 1253 2350 1309 mines
2378 1254 2614 1310 inolevit
2646 1257 2999 1313 consuetudo
3027 1263 3090 1313 ut
3116 1271 3205 1313 res
3246 1273 3384 1314 suas
3412 1257 3522 1314 sub
3555 1258 3826 1314 reconci-

2170 1342 2408 1399 liatione
2459 1350 2890 1402 commutarent.
2939 1347 3294 1418 Quapropter
3339 1348 3610 1404 convenit
3675 1348 3825 1403 inter

2170 1435 2550 1490 venerandum
2582 1435 2912 1506 episcopum
2938 1435 3379 1493 Ambrichonem
3411 1443 3467 1492 et
3504 1437 3822 1507 Kerpetum

2172 1533 2396 1578 vassum
2423 1539 2615 1595 suum,
2649 1529 2713 1580 ut
2737 1530 2792 1580 et
2816 1526 2926 1595 ipsi
2961 1525 3109 1580 inter
3138 1540 3198 1581 se
3217 1541 3316 1596 pro
3353 1526 3613 1583 utilitate
3639 1526 3824 1582 amba-

2171 1625 2297 1666 rum
2323 1613 2571 1681 partium
2597 1614 2655 1669 in
2680 1615 2849 1670 rebus
2870 1615 2994 1670 suis
3014 1615 3518 1672 commutationem
3544 1615 3817 1672 facerent.

2167 1790 2328 1848 visus
2358 1796 2443 1847 est
2474 1793 2843 1863 proprietatis
2876 1793 2932 1848 in
2965 1793 3125 1864 villa,
3152 1807 3278 1864 qua)
3305 1793 3528 1850 dicitur
3548 1794 3819 1863 Sempin-

2168 1884 2362 1954 cbova,
2393 1897 2608 1939 necnon
2631 1887 2685 1938 et
2708 1884 2766 1938 in
2795 1884 2931 1939 villa
2956 1899 3081 1955 qua:
3106 1879 3343 1940 vocatu‘r
3365 1884 3608 1952 Altaha;
3634 1885 3693 1940 id
3717 1889 3818 1954 est,

2169 1987 2420 2029 servosu
2455 1986 2698 2043 quorum
2743 1973 3012 2029 nomina:
3062 1972 3320 2030 Frumolt
3370 1977 3426 2029 et
3475 1974 3739 2046 Walger,
3765 1979 3815 2030 et

2169 2067 2397 2132 terram,
2428 2067 2718 2133 prataque,
2751 2067 2808 2119 et
2836 2062 3048 2133 omnia,
3083 2065 3147 2118 ut
3190 2075 3365 2132 supra
3395 2062 3687 2132 scriptum
3715 2069 3817 2134 est,

2168 2167 2294 2224 quae
2318 2152 2376 2208 in
2401 2152 2494 2208 his
2513 2151 2740 2208 duobus
2761 2151 2904 2208 locis
2929 2153 3091 2208 visus
3117 2151 3450 2223 esthabere,
3477 2157 3680 2209 sancto
3701 2153 3820 2208 Em-

2167 2255 2472 2298 merammo
2495 2241 2736 2297 tradidit
2763 2241 2823 2296 in
2860 2255 3062 2297 manus
3082 2241 3337 2311 episc0pi
3362 2247 3420 2297 et
3438 2241 3704 2297 advocati
3727 2241 3819 2297 sui

2165 2330 2525 2401 Wicrammi,
2559 2335 2614 2385 et
2641 2331 2710 2385 de
2744 2333 2896 2386 terra
2924 2329 3132 2385 arabili
3155 2331 3358 2401 jugera
3389 2343 3466 2384 xx
3496 2334 3556 2385 et
3578 2330 3652 2386 de
3686 2344 3819 2400 pra-

2167 2419 2244 2475 tis
2269 2421 2535 2475 carradas
2567 2433 2722 2488 xxx;
2753 2419 2883 2489 plus
2925 2419 3168 2474 tradidit
3195 2419 3506 2488 Gerpertus
3533 2433 3706 2490 quam
3738 2433 3823 2475 ac-

2167 2509 2426 2578 cepisset.
2457 2510 2499 2563 E
2531 2512 2727 2564 contra
2767 2508 3138 2564 tradiderunt
3177 2508 3484 2578 episcopus
3505 2512 3562 2563 et
3588 2509 3822 2564 advoca-

2166 2604 2260 2654 tus
2279 2600 2404 2668 ejus
2435 2598 2828 2653 Wicrammus
2869 2598 2979 2667 ipsi
3019 2599 3293 2667 Gerperto
3323 2597 3383 2652 in
3411 2598 3819 2667 proprietatem

2159 2689 2289 2758 jure
2320 2687 2554 2757 perenni
2585 2687 2872 2757 quidquid
2923 2690 3158 2742 sanctus
3186 2688 3640 2742 Emmerammus
3662 2688 3823 2744 visus

2163 2783 2249 2834 est
2275 2776 2481 2832 habere
2507 2776 2568 2831 in
2599 2775 2736 2831 villa
2768 2789 2892 2846 quae
2915 2780 3148 2832 vocatur
3167 2775 3417 2847 Pilinga,
3444 2780 3501 2831 et
3531 2789 3730 2832 servos
3752 2792 3818 2846 ιι,

2165 2867 2384 2935 Lupum
2415 2871 2470 2920 et
2497 2865 2910 2920 Winimarum.
2934 2866 3003 2920 Et
3029 2865 3128 2920 isti
3152 2869 3288 2920 sunt
3309 2870 3480 2921 testes
3512 2869 3825 2937 utriusque

2167 2954 2534 3010 traditionis:
2561 2955 2861 3025 Lantpero,
2894 2953 3090 3024 Uzant,
3122 2954 3819 3026 Engilscalc,Adalperht,

410 3059 641 3102 manum
665 3059 890 3117 quoque
914 3044 1320 3101 Ambrichonis
1349 3045 1694 3102 venerabilis
1713 3046 1967 3117 episc0pi
1999 3053 2053 3102 et
2083 3059 2132 3122 α
2166 3043 2494 3114 Lantperht,
2559 3043 2845 3114 Liut-hart,
2907 3045 3179 3106 Fastmot,
3233 3043 3427 3115 Otker,
3489 3046 3820 3116 Horscmot,

407 3135 663 3190 advocati
687 3134 811 3205 ejus
849 3134 1072 3190 Atonis.
1095 3135 1139 3190 E
1188 3140 1385 3190 contra
1412 3148 1541 3190 vero
1573 3134 1664 3189 bis
1687 3135 2055 3205 prmscriptus

409 3223 614 3294 prmsul
663 3237 792 3279 cum
822 3223 1094 3279 advocato
1147 3236 1252 3279 suo
1284 3222 1529 3279 tradidit
1558 3223 1741 3278 eidem
1772 3223 1953 3279 nobili
1985 3225 2054 3280 de

406 3313 578 3369 rebus
601 3312 654 3368 S.
688 3312 1086 3370 Emmerammi
1119 3312 1178 3367 in
1214 3311 1405 3368 eodem
1440 3310 1563 3368 loco
1595 3312 1830 3368 totidem
1852 3314 2052 3384 jugera

411 3402 482 3458 de
513 3407 662 3457 terra
700 3406 882 3458 curta.
931 3403 998 3456 Et
1029 3407 1094 3457 ut
1123 3401 1228 3457 hoc
1261 3401 1657 3457 inconvulsum
1707 3407 2050 3471 permaneat,

407 3491 626 3562 placuit
649 3491 820 3547 etiam
837 3492 982 3548 duas
998 3490 1294 3546 chartulas
1311 3490 1579 3546 exhibere
1594 3503 1707 3547 uno
1724 3495 1917 3546 tenore
1929 3503 2057 3545 con-

405 3583 672 3652 scriptas.

403 3706 530 3762 CAP.
566 3704 776 3760 XLVII.
811 3734 884 3744 —
914 3704 1320 3774 Complacitatio
1366 3720 1531 3773 quam
1572 3704 1758 3758 Thevit
1804 3707 1855 3758 et
1877 3702 2058 3757 Erbilt

921 3808 1062 3846 umor
1111 3793 1229 3860 ejus
1285 3795 1550 3859 fecerunt.

475 3898 1076 3953 Commemoratorium
1105 3897 1494 3953 renovationis
1514 3897 1676 3954 illius
1697 3897 2048 3970 traditionis,

408 4000 578 4057 quam
613 3985 815 4042 Thevit
839 3986 1072 4056 quidam
1098 3985 1312 4042 nobilis
1343 3991 1398 4042 et
1427 3987 1616 4043 Erbilt
1642 4001 1787 4044 uxor
1806 3989 2057 4059 ejusjam

410 4075 628 4146 pridem
670 4076 737 4131 ad
764 4079 1021 4131 sanctum
1061 4077 1534 4132 Emmerammum
1561 4076 1935 4146 perfecerunt.
1964 4079 2063 4135 Ve-

415 4165 504 4221 nit
522 4179 764 4236 namque
781 4164 1088 4221 Ambricho
1116 4165 1461 4222 venerabilis
1486 4167 1789 4236 episcopus
1808 4167 1864 4222 in
1888 4167 2060 4223 eccle-

407 4256 550 4312 siam
577 4255 629 4311 S.
682 4255 1105 4324 Emmerammi,
1148 4260 1204 4310 et
1245 4256 1608 4312 Pernhardus
1650 4261 1706 4311 et
1751 4256 1855 4310 alii
1886 4255 2052 4312 multi

406 4345 659 4417 ejusdem
682 4343 994 4415 provincia:
1025 4344 1247 4401 nobiles
1267 4345 1398 4400 viri.
1422 4345 1578 4399 Tunc
1596 4344 1904 4415 praedictus
1918 4345 2056 4401 The-

406 4437 489 4492 vit
519 4435 760 4492 accessit
801 4434 868 4491 ad
923 4447 1076 4491 aram
1125 4435 1178 4489 S.
1232 4433 1628 4496 Emmerammi
1679 4438 1734 4489 et
1766 4433 2133 4496 renovavitD

408 4527 774 4582 traditionem
791 4538 949 4580 suam
969 4525 1287 4594 antiquam,
1309 4523 1582 4578 tradendo
1599 4522 1865 4579 videlicet
1882 4523 2049 4580 talem

409 4615 811 4684 proprietatem
854 4618 919 4667 ut
951 4611 1156 4667 habuit
1184 4612 1251 4667 ad
1285 4611 1571 4681 Hornpah,
1605 4617 1660 4667 et
1687 4625 1740 4666 ιν
1767 4613 2051 4682 mancipia

408 4715 650 4771 quorum
670 4700 900 4757 nomina
913 4707 1077 4756 sunt:
1100 4699 2049 4772 Hucimor,Gamanhilt,Deotfrid,

405 4789 706 4843 Walahilt.
740 4789 896 4844 Nihil
928 4790 997 4843 de
1019 4788 1287 4846 omnibus
1311 4795 1471 4845 extra
1498 4790 1799 4846 dimittens
1829 4803 1957 4859 quae
1993 4789 2051 4843 in

410 4877 515 4932 hoc
553 4877 674 4933 loco
729 4877 997 4948 Hornpah
1030 4877 1234 4934 habere
1271 4879 1430 4935 visus
1479 4885 1582 4935 est.
1633 4881 1710 4934 Ea
1742 4883 1926 4934 tamen
1956 4894 2055 4934 ra—

410 4965 596 5034 tione;
627 4971 691 5022 ut
711 4980 814 5022 sua
846 4965 1120 5023 beneﬁcia
1151 4968 1342 5024 omnia
1373 4967 1434 5023 in
1457 4967 1863 5038 proprietatem
1894 4967 2056 5023 habe-

409 5059 495 5110 ret
519 5069 699 5125 usque
741 5055 808 5110 ad
853 5054 1018 5110 ﬁnem
1061 5056 1192 5111 vitae
1231 5071 1368 5126 sum,
1418 5061 1472 5112 et
1515 5057 1721 5116 Erbilt.
1752 5057 2054 5113 sidiutius

407 5144 640 5210 viveret,
672 5143 730 5197 in
763 5144 1166 5213 proprietatem
1197 5145 1551 5216 possideret;
1598 5151 1727 5215 post
1750 5145 2046 5202 amborum

409 5247 652 5302 namque
703 5231 924 5288 obitum
973 5233 1165 5288 omnia
1217 5234 1485 5302 praedicta
1535 5234 1866 5291 emeliorata
1920 5249 2050 5291 cum

410 5320 795 5393 acquisitione
840 5319 1073 5375 illorum
1118 5322 1243 5377 sine
1291 5322 1472 5378 ullius
1503 5322 1954 5379 contradictione
1980 5326 2048 5380 ad

413 5416 670 5467 sanctum
696 5409 794 5465 Dei
819 5412 1144 5466 constarent
1183 5410 1311 5478 jure
1344 5411 1597 5481 perenni.
1632 5412 1784 5467 Hanc
1811 5425 2055 5468 renova—

413 5500 624 5555 tionem
653 5506 709 5555 et
733 5499 1066 5554 vestituram
1107 5499 1327 5568 accepit
1369 5499 1676 5570 praedictus
1701 5505 2053 5560 venerandus

411 5587 715 5660 episcopus
737 5595 792 5644 et
813 5585 1096 5645 Helfricus
1122 5589 1428 5645 advocatus
1469 5590 1611 5660 ejus.
1637 5590 1901 5661 Erlapold
1928 5593 2060 5649 tide-

2168 3131 2414 3188 Helt‘ant.

2163 3239 2290 3296 CAP.
2349 3240 2542 3296 XLIX.
2585 3270 2659 3281 —
2710 3239 3067 3296 Commutatio
3109 3241 3253 3296 inter
3301 3241 3722 3298 Ambrichonem
3771 3250 3823 3299 et

2832 3313 3150 3369 Witotdum.

2234 3418 2655 3489 Noverithujus
2669 3419 2944 3476 chartula:
2967 3418 3299 3476 relationem
3325 3420 3712 3490 plurimorum
3729 3423 3818 3478 im

2162 3507 2388 3564 dustria
2402 3508 2656 3564 ﬁdelium
2672 3508 2921 3580 qualiter
2942 3509 3329 3580 quarumlibet
3343 3523 3533 3566 rerum
3549 3525 3822 3568 commu—

2165 3599 2307 3653 tatio
2337 3597 2631 3653 ambarum
2663 3597 2734 3653 ob
2787 3598 3094 3654 utilitatem
3130 3599 3379 3670 partium
3440 3608 3670 3669 peracta
3720 3603 3818 3657 sit.

2164 3686 2429 3742 Tradidit
2453 3686 2648 3758 itaque
2691 3688 2965 3743 Witoldus
2992 3687 3225 3758 quidam
3251 3687 3467 3744 nobilis
3491 3689 3559 3744 ad
3593 3690 3647 3744 S.
3682 3691 3824 3745 Em-

2171 3789 2539 3832 merammum
2559 3777 2761 3848 jugera
2790 3790 2848 3832 v1
2872 3777 2930 3831 in
2962 3791 3190 3833 manum
3212 3776 3622 3834 Ambrichonis
3643 3793 3826 3835 vene-

2169 3867 2288 3922 rab.
2347 3880 2432 3936 ep.
2495 3872 2551 3921 et
2607 3866 2864 3922 advocati
2915 3867 3008 3923 sui
3067 3867 3363 3934 Rodkarii,
3414 3869 3581 3936 juxta
3632 3869 3822 3925 Filsca

2170 3968 2396 4026 quoque
2427 3955 2486 4009 in
2535 3954 2658 4009 loco
2707 3954 2806 4025 qui
2861 3954 3082 4010 dicitur
3119 3955 3464 4010 Niwinhusa.
3526 3958 3570 4012 E
3620 3965 3823 4014 contra

2169 4057 2300 4099 vero
2334 4043 2394 4098 in
2431 4043 2624 4099 eodem
2663 4042 2927 4113 termino,
2970 4043 3235 4113 piissimo
3271 4058 3400 4117 rege
3432 4045 3821 4103 Karlomanno

2171 4133 2550 4203 permittente,
2577 4131 2820 4188 tradidit
2841 4132 3150 4202 praedictus
3171 4134 3480 4189 advocatus
3510 4135 3699 4191 eidem
3730 4150 3824 4191 no-

2167 4221 2274 4278 bili
2306 4223 2375 4277 de
2403 4221 2572 4278 rebus
2597 4222 2782 4278 sancti
2807 4223 2907 4277 Dei
2932 4223 3202 4294 martyris
3230 4224 3658 4295 Emmerammi,
3695 4239 3823 4281 con-

2167 4312 2448 4367 sentiente
2485 4311 2788 4381 Episcopo,
2829 4312 3032 4383 jugera
3073 4325 3157 4366 m.
3214 4312 3416 4368 Actum
3450 4318 3537 4368 est
3565 4327 3705 4386 ergo
3747 4316 3817 4370 ad

2168 4401 2353 4458 locum
2375 4401 2693 4456 Chirichun
2721 4401 2779 4456 in
2816 4401 3115 4471 praesentia
3135 4400 3819 4472 GcionisatqueRumoldi

2162 4491 2459 4560 comitum,
2509 4489 2835 4546 astantibus
2866 4489 3212 4560 primatibus
3239 4491 3368 4562 pagi
3393 4490 3578 4547 illius.
3609 4493 3680 4547 Et
3714 4493 3817 4548 isti

2163 4585 2298 4635 sunt
2346 4583 2515 4634 testes
2572 4577 2670 4648 qui
2725 4577 2830 4634 hoc
2877 4578 3186 4634 testiﬁcant
3231 4592 3330 4648 per
3377 4593 3546 4635 aures
3606 4581 3812 4636 tracti:

2161 4667 2319 4734 Milo,
2346 4667 2696 4739 Perehtheri,
2723 4667 3050 4734 Perehteoz,
3073 4667 3214 4730 Oﬁ‘o,
3258 4666 3480 4739 Rodolf,
3507 4671 3811 4740 Lantperh,

2163 4757 2452 4828 Egilpern,
2472 4756 2745 4827 Hadager,
2776 4757 2930 4812 Pero.
2963 4756 3189 4811 Placuit
3211 4758 3384 4812 etiam
3414 4758 3560 4813 duas
3586 4759 3813 4814 chartu-

2165 4845 2250 4900 las
2285 4845 2356 4900 de
2399 4844 2505 4900 hoc
2533 4843 2803 4900 exhibere
2846 4858 2960 4900 uno
2991 4849 3185 4900 tenore
3215 4847 3482 4917 scriptas,
3527 4852 3814 4918 quatenus

2166 4934 2374 4991 melius
2399 4935 2684 4991 credatur.

2375 5038 2503 5094 CAP.
2530 5040 2589 5094 L.
2623 5069 2692 5078 —
2739 5039 2983 5094 Traditio
3023 5037 3328 5095 Chocilonis
3367 5043 3596 5097 comitis.

2233 5149 2294 5203 In
2327 5147 2556 5202 nomine
2572 5146 2802 5202 Domini
2840 5145 3021 5202 nostri
3043 5145 3175 5202 Jesu
3198 5146 3437 5203 Christi.
3461 5151 3675 5206 Notum
3707 5152 3810 5224 igi-

2162 5240 2258 5292 tur
2275 5234 2396 5291 ﬁeri
2417 5234 2681 5292 volumus
2708 5233 2934 5290 cunctis
2948 5234 3296 5290 Christianis
3315 5235 3585 5294 ﬁdelibus
3609 5245 3667 5294 et
3693 5240 3814 5294 inﬁ-

2160 5325 2408 5394 delibus,
2460 5323 2837 5395 praesentibus
2893 5338 2972 5379 sc.
3015 5329 3071 5379 et
3115 5323 3470 5395 absentibus,
3507 5340 3728 5384 necnon
3759 5333 3814 5384 et

2161 5414 2400 5486 futuris,
2426 5415 2574 5485 quod
2601 5427 2703 5485 ego
2722 5411 2916 5469 Chozil
2949 5412 3314 5470 humillimus
3334 5427 3524 5470 comes
3547 5415 3620 5472 de
3646 5418 3813 5472 haere-

2161 5503 2340 5558 ditate
2362 5515 2481 5556 mea
2500 5501 2714 5557 tradidi
2733 5501 2800 5557 ad
2824 5501 2877 5557 S.
2912 5503 3384 5558 Emmerammum
3414 5503 3473 5558 in
3499 5507 3814 5575 proprieta-

2163 5597 2272 5648 tem
2295 5591 2360 5646 ad
2402 5590 2724 5661 Stromogin
2751 5595 3027 5660 quantum
3071 5590 3459 5659 Gundpoldus
3509 5591 3718 5650 habuit
3748 5595 3804 5648 in
