4076 6154
266 278 375 342 925

1225 266 1686 332 TRADITIONES
1717 260 2360 326 EMMEBAMMENSES.
2399 295 2475 309 —-
2502 265 2626 322 LIB.
2671 266 2714 322 Ῑ.

274 411 677 487 proprietatem
717 409 862 468 etin
898 407 1236 467 beneﬁcium
1280 408 1339 464 in
1374 405 1513 463 villa
1558 403 1924 473 nuncupante
1945 395 2003 459 A
2037 404 2299 464 advocati
2314 405 2441 477 ejus
2459 405 2673 463 Avonis
2695 417 2864 478 agros
2883 417 2948 460 ιιι
2968 404 3029 462 in
3056 404 3181 461 loco
3205 404 3306 476 qui
3331 403 3552 461 dicitur
3569 398 3688 460 Sal-

270 498 811 576 Reginwartesdorf,
833 499 971 557 etin
1000 495 1264 568 Rosdorf,
1297 509 1426 553 cum
1464 499 1636 564 terra,
1667 495 1920 560 aratura,

268 592 472 663 vineis,
500 595 675 663 atque
699 589 901 661 pratis,
928 588 1177 659 pascuis,
1201 585 1390 657 aquis,
1419 594 1816 655 aquarumque
1834 580 1926 635 de-

267 680 559 750 cursibus,
589 678 958 744 molendinis,
982 680 1038 733 et
1068 678 1127 733 in
1149 675 1420 733 omnibus
1437 672 1706 728 marchis.
1724 672 1786 726 In
1813 683 1926 725 no-

268 772 426 828 mine
452 768 704 827 Domini.
733 768 930 825 Amen.
962 767 1033 823 Hi
1066 769 1202 823 sunt
1240 768 1447 822 testes:
1478 764 1686 833 Ratpot
1712 772 1920 829 comes,

265 860 562 919 Gundram
598 872 805 929 comes,
852 856 1158 928 Gundpold
1187 868 1397 925 comes,
1430 854 1647 924 Huogo.
1688 846 1920 919 Hunolf,

266 950 565 1024 Engildeo,
597 947 924 1020 Gundpold,
957 949 1162 1018 Puoso,
1182 943 1495 1002 Cotahelm.

264 1077 394 1133 CAP.
424 1077 508 1132 LI.
530 1104 603 1116 —
643 1074 997 1130 Commutatio
1050 1075 1193 1127 inter
1240 1069 1657 1125 Ambrichonem
1712 1065 1926 1137 episco—

587 1162 721 1218 pum
765 1150 814 1201 ct
858 1145 1168 1200 Alawicum
1204 1143 1602 1214 presbyterum.

343 1275 659 1331 Fructuose
686 1276 739 1329 et
762 1272 1002 1328 honesta.
1024 1284 1087 1326 ac
1110 1268 1356 1325 nimium
1378 1265 1547 1325 utilis
1570 1264 1925 1323 consuetudo

263 1367 386 1437 jam
422 1367 572 1421 inter
597 1362 859 1421 homines
894 1361 1205 1419 inoleverat
1245 1356 1635 1416 commutandi
1660 1355 1926 1413 videlicet

272 1456 550 1526 quasdam
596 1467 687 1510 res
738 1466 841 1524 pro
875 1451 1172 1508 ambarum
1212 1449 1614 1506 commoditate
1651 1445 1920 1517 partium.

269 1545 358 1601 Ex
384 1545 489 1601 hac
523 1544 705 1617 igitur
728 1540 1147 1599 consuetudine
1172 1539 1408 1612 quidam
1437 1537 1528 1593 vir
1553 1536 1789 1605 nobilis,
1819 1549 1929 1591 no—

272 1635 433 1691 mine
455 1633 678 1691 Alawih
717 1645 947 1711 quoque
974 1629 1265 1703 presbyter
1300 1631 1657 1699 provocatus,
1685 1625 1929 1682 tradidit

2034 495 2277 566 loh0pit.
2302 496 2345 551 Ε
2365 500 2563 552 contra
2595 507 2822 567 quoque
2844 493 2961 551 Avo
2976 495 3290 552 advocatus
3312 492 3531 564 praefati
3554 493 3688 563 epi—

2033 586 2192 657 scopi
2246 586 2489 643 tradidit
2528 586 2588 642 in
2627 585 2819 642 eodem
2871 585 2994 641 loco
3037 585 3107 640 de
3163 584 3333 640 rebus
3379 584 3434 639 S.
3475 584 3689 639 Emme-

2034 675 2237 731 rammi
2263 676 2379 746 jam
2401 676 2557 733 dicto
2576 674 2942 732 Truhthardo
2966 687 3167 745 agrum
3198 686 3397 730 unum.

2245 783 2373 839 CAP.
2408 785 2537 839 LIV.
2569 814 2643 825 —-
2666 784 3018 839 Commutatio
3060 785 3206 838 inter
3243 781 3469 837 eosdem.

2102 873 2324 929 Notitia
2342 873 2591 945 qualiter
2606 873 2876 931 dominus
2892 871 3200 928 Ambricho
3216 884 3302 941 ep.
3327 866 3686 926 etTruhthad

2034 962 2101 1017 ad
2109 966 2343 1020 vocatus
2352 963 2648 1020 Waltrata:
2660 977 2782 1020 com
2793 962 3158 1030 mutationem
3179 976 3278 1032 pro
3291 959 3693 1017 commoditate

2034 1050 2332 1108 amborum
2359 1050 2634 1110 fecerunt.
2669 1053 2837 1110 Dedit
2861 1065 3036 1123 supra
3064 1052 3258 1107 dictus
3282 1064 3369 1122 ep.
3395 1048 3688 1118 ancillam,

2034 1154 2160 1211 quae
2215 1147 2452 1199 vocatur
2484 1144 2744 1201 Deotmot
2804 1143 2863 1198 in
2918 1141 3324 1213 proprietatem
3370 1139 3687 1196 Waltrataa.

2033 1230 2104 1286 Et
2131 1243 2162 1286 e
2190 1237 2389 1290 contra
2414 1234 2984 1291 tradiditadvocatus
3039 1232 3165 1303 ejus
3206 1232 3265 1288 in
3296 1243 3525 1287 manum
3578 1225 3695 1297 epi-

2035 1324 2193 1394 scopi
2224 1327 2280 1380 et
2303 1325 2561 1382 advocati
2593 1325 2686 1382 sui
2718 1323 2953 1381 Helfrici
2994 1324 3232 1381 alteram
3260 1320 3551 1388 ancillam,
3582 1330 3695 1373 no-

2038 1417 2191 1473 mine
2220 1417 2525 1487 Deotpurc,
2559 1417 2687 1472 sine
2715 1419 3091 1487 utrarumque
3116 1413 3276 1469 ﬁliis.
3314 1412 3382 1467 Et
3415 1408 3513 1466 isti
3560 1412 3695 1464 sunt

2036 1508 2173 1564 inde
2201 1510 2370 1564 testes
2423 1521 2522 1578 per
2556 1521 2725 1564 aures
2769 1506 2977 1563 tracti:
3016 1504 3153 1576 Avo,
3182 1503 3416 1575 Bihger,
3447 1497 3691 1566 Alawib,

2036 1597 2262 1669 Alprih,
2300 1596 2452 1670 Atto,
2479 1597 2835 1654 Ermenhart.

270 1727 349 1784 ad
371 1726 424 1782 S.
459 1699 936 1781 Emmerammum
966 1699 1078 1777 una
1102 1699 1232 1776 cum
1257 1718 1528 1775 advocato
1546 1731 1653 1775 suo
1680 1716 1930 1774 Gundal-
1956 1724 2009 1791 Β
2038 1706 2165 1763 CAP.
2190 1708 2293 1763 LV.
2318 1739 2388 1746 —
2406 1707 2760 1791 Commutatio
2785 1707 2929 1790 inter
2951 1703 3368 1791 Ambrichorzem
3392 1699 3700 1790 episcopum

270 1821 439 1888 perto
466 1815 528 1872 in
550 1827 783 1870 manum
811 1808 1218 1867 Ambricbonis
1239 1806 1690 1864 reverentissimi
1723 1820 1936 1877 praesu-

268 1906 353 1965 lis
386 1909 443 1962 et
497 1901 754 1961 advocati
812 1902 938 1971 ejus
996 1897 1251 1954 Adalrici
1309 1896 1478 1952 talem
1528 1895 1933 1967 proprietatem

271 1994 507 2068 qualem
561 1991 766 2049 habuit
810 1990 879 2046 ad
934 1988 1210 2059 Ottarpah
1254 2000 1424 2059 quam
1468 1985 1520 2041 ei
1566 1984 1935 2041 Hludowicus

271 2083 585 2157 piissimus
613 2095 712 2138 rex
742 2083 1023 2152 praecepto
1067 2074 1435 2134 auctoritatis
1464 2087 1582 2130 suae
1612 2073 1935 2130 condonare

273 2174 556 2246 dignatus
592 2175 679 2227 est
705 2168 763 2225 in
803 2172 1130 2240 perpetuam
1180 2163 1617 2236 possessionem.
1653 2163 1697 2218 E
1740 2166 1937 2218 contra

275 2276 415 2319 vero
464 2258 768 2316 Adalricus
808 2271 937 2313 cum
967 2268 1253 2312 consensu
1299 2253 1522 2309 domini
1555 2251 1647 2308 sui
1678 2249 1935 2321 episcopi

277 2348 531 2408 tradidit
551 2348 620 2403 de
650 2346 822 2403 rebus
848 2345 903 2401 S.
936 2341 1336 2399 Emmerammi
1366 2340 1551 2396 eidem
1581 2339 1826 2394 Alawico
1856 2337 1937 2393 il-

274 2439 398 2496 lam
452 2436 763 2494 Ecclesiam
801 2434 869 2490 ad
901 2432 1186 2489 Holzhusa
1215 2443 1344 2487 cum
1391 2428 1689 2485 territorio
1719 2436 1942 2497 appen-

274 2528 454 2585 dente
505 2527 565 2583 in
596 2514 893 2597 proprium
937 2523 1181 2579 ﬁrmiter
1228 2519 1571 2589 habendum,
1608 2517 1757 2589 quod
1789 2517 1940 2587 Popo

278 2616 582 2690 presbyter
606 2616 722 2686 jam
764 2612 1048 2687 quondam
1091 2612 1150 2666 in
1190 2608 1465 2666 beneﬁcio
1494 2607 1716 2663 habuit.
1757 2606 1941 2675 Hujus

277 2720 419 2763 vero
477 2705 560 2761 rei
593 2704 764 2761 testes
799 2706 971 2773 sunt:
1024 2699 1182 2763 Polo,
1208 2698 1348 2770 Ogo,
1394 2695 1691 2767 Deotpold,
1744 2692 1941 2756 Jacob,

277 2796 491 2868 Wago,
519 2792 837 2865 Reginboh,
861 2788 1192 2861 Odalperht,
1213 2785 1517 2857 Gozperht,
1547 2784 1740 2854 Unlaz,
1774 2783 1943 2853 Epar-

284 2884 444 2953 hart,
495 2880 757 2953 Sigifrid,
789 2877 1121 2949 Adalperht.
1161 2876 1421 2947 Gammo,
1449 2872 1573 2944 Job,
1608 2870 1939 2940 Ambricbo,

281 2970 516 3028 Albrih.
565 2970 875 3026 Vestitores
920 2972 1110 3024 autem
1140 2964 1446 3021 Adalricus
1474 2961 1785 3018 advocatus
1813 2957 1945 3029 epi-

2507 1784 2559 1833 et
2600 1779 2917 1832 Heinricum
2971 1777 3231 1831 comitem.

2114 1867 2433 1924 Fructuosa
2460 1866 2624 1923 valde
2649 1879 2714 1922 ac
2732 1865 2977 1921 nimium
3002 1862 3169 1921 utilis
3184 1862 3539 1919 consuetudo
3561 1860 3699 1917 olim

2047 1958 2199 2015 inter
2256 1956 2520 2013 homines
2568 1955 2878 2011 inoleverat
2940 1951 3362 2009 transmutandi
3433 1950 3702 2007 videlicet

2049 2047 2323 2119 quasdam
2369 2060 2461 2103 res
2494 2060 2595 2117 pro
2636 2044 2932 2101 ambarum
2966 2042 3222 2100 utilitate
3266 2039 3535 2111 partium.
3569 2041 3701 2096 Pro-

2050 2138 2185 2194 inde
2210 2149 2440 2208 quoque
2468 2134 2781 2192 Ambricho
2804 2147 2929 2189 ven.
2960 2132 3267 2203 episcopus
3291 2135 3464 2202 atque
3482 2128 3705 2185 Heinri-

2046 2241 2150 2283 cus
2180 2239 2370 2282 comes
2398 2225 2470 2281 ob
2494 2224 2955 2281 commoditatem
2978 2220 3374 2294 quorumlibet
3393 2219 3703 2291 mancipio-

2047 2330 2176 2372 rum
2207 2314 2712 2371 commutationem
2743 2311 3018 2369 fecerunt.
3049 2312 3240 2368 Porro.
3276 2309 3581 2367 Heinricus
3611 2320 3710 2367 co-

2048 2419 2168 2461 mes
2223 2404 2467 2461 tradidit
2520 2404 2591 2459 ad
2642 2404 2696 2459 S.
2756 2390 3233 2460 Emmerammum
3288 2400 3577 2470 mancipia
3634 2414 3698 2468 ιι,

2047 2493 2349 2551 Cirninum
2396 2497 2568 2564 atque
2605 2492 2905 2560 Razonem,
2936 2491 2996 2546 in
3036 2503 3267 2547 manum
3316 2488 3536 2560 praefati
3571 2502 3708 2558 pra:-

2050 2583 2200 2641 sulis
2237 2585 2294 2639 et
2322 2580 2578 2638 advocati
2618 2581 2746 2650 ejus
2778 2579 3037 2636 Helfrici.
3066 2580 3109 2635 E
3147 2583 3347 2635 contra
3393 2591 3528 2633 vero
3554 2577 3705 2633 idem

2050 2673 2356 2742 episcopus
2380 2684 2509 2727 cum
2537 2670 2733 2726 eodem
2758 2669 3030 2726 advocato
3054 2680 3158 2724 suo
3178 2665 3419 2723 tradidit
3438 2664 3708 2722 Heinrico

2054 2760 2114 2816 in
2146 2772 2379 2816 manum
2408 2757 2666 2815 advocati
2699 2756 2793 2814 sui
2820 2754 3112 2813 Rodhardi
3144 2755 3484 2811 Hadaricum
3520 2753 3712 2810 Sciur—

2055 2862 2195 2905 ram.
2227 2848 2524 2918 Quatenus
2546 2847 2665 2903 haec
2685 2844 3061 2902 commutatio
3088 2843 3250 2900 ﬁrma
3273 2842 3568 2912 habeatur,
3597 2842 3709 2912 pla-

2053 2936 2180 2994 cuit
2203 2937 2349 2993 duas
2381 2933 2672 2992 chartulas
2700 2948 2814 2991 uno
2845 2938 3040 2990 tenore
3069 2932 3318 3004 scriptas
3347 2931 3634 2988 exhibere.

284 3061 477 3131 sc0pi,
508 3064 679 3131 atque
708 3055 1135 3115 Gundalbertus
1168 3054 1478 3111 advocatus
1500 3050 1736 3107 Alawici
1778 3061 1947 3120 pres—
1975 3056 2025 3120 α
2052 3045 2180 3101 CAP.
2203 3044 2332 3101 LVI.
2349 3041 3384 3131 —Commutgtio,tuterj.ftmbﬁchonern
3403 3041 3712 3110 episcopum

285 3150 501 3223 byteri.

284 3260 421 3315 CAP.
464 3258 571 3314 LII.
611 3287 685 3298 —
732 3255 1086 3312 Commutatio
1128 3253 1273 3306 inter
1300 3246 1717 3305 Ambrichonem
1753 3246 1950 3316 episco-

819 3342 954 3397 pum
983 3330 1035 3380 et
1065 3322 1388 3380 Rodoldum.

364 3439 428 3493 In
452 3436 684 3493 nomine
707 3434 918 3492 summi
936 3438 993 3489 et
1007 3430 1205 3488 teterni
1232 3429 1356 3486 Dei.
1377 3425 1653 3484 Convenit
1674 3425 1825 3480 inter
1848 3437 1951 3479 ve—

287 3525 489 3584 nerab.
522 3526 711 3581 virum
749 3521 1190 3579 Ambrichonem
1216 3533 1304 3590 ep.
1337 3523 1393 3574 et
1423 3514 1723 3588 quemdam
1754 3513 1952 3569 homi—

286 3631 444 3689 nem,
473 3617 642 3686 cujus
680 3627 883 3671 nomen
928 3611 1155 3681 Rodolt,
1184 3609 1256 3665 de
1283 3604 1803 3665 commutabilitate
1830 3602 1949 3659 ali-

286 3719 540 3779 quarum
572 3718 783 3776 rerum,
803 3703 1027 3784 quod'et
1057 3701 1137 3756 ita
1170 3698 1443 3755 fecerunt.
1467 3694 1731 3751 Tradidit
1757 3690 1953 3764 praefa-

284 3803 388 3854 tus
419 3796 511 3851 vir
524 3794 731 3851 Rodolt
754 3794 822 3849 ad
851 3795 1111 3849 sanctum
1134 3790 1609 3845 Emmerammum
1647 3787 1951 3854 martyrem

284 3886 513 3945 Christi
561 3898 739 3941 unum
785 3896 1030 3949 servum,
1083 3879 1313 3936 nomine
1366 3875 1743 3942 Arndeonem,
1785 3877 1841 3929 et
1882 3872 1953 3928 de

287 3983 450 4034 terra
473 3972 683 4030 arahili
710 3973 913 4044 jugera
952 3983 1025 4026 xv
1054 3969 1113 4024 in
1147 3968 1270 4024 loco
1301 3965 1402 4037 qui
1429 3964 1649 4020 dicitur
1676 3963 1745 4019 ad
1778 3963 1955 4018 Prun-

288 4050 432 4123 non.
459 4064 504 4118 E
531 4060 1070 4132 contra-praedictus
1096 4055 1425 4124 Ambricho,
1454 4052 1811 4109 venerandus
1839 4050 1955 4121 epi-

289 4169 507 4225 scopus
535 4156 592 4209 et
620 4151 928 4208 advocatus
950 4150 1095 4219 ejus,
1125 4145 1353 4203 nomine
1372 4143 1614 4214 Rodker,
1647 4155 1779 4198 cum
1810 4154 1957 4197 con—

291 4258 473 4302 sensu
492 4241 898 4299 monachorum
914 4244 970 4295 et
985 4237 1169 4295 totius
1189 4233 1438 4305 familiae;
1456 4231 1820 4289 tradiderunt
1842 4230 1952 4300 ipsi

290 4331 541 4391 Rodolto
600 4331 660 4386 in
705 4329 1108 4400 proprietatem
1167 4337 1338 4380 unam
1389 4316 1681 4389 ancillam,
1723 4319 1955 4375 nomine

2519 3118 2571 3168 et
2614 3113 2903 3167 Altoldum
2931 3112 3241 3166 diaconum.

2127 3207 2335 3262 Notum
2357 3203 2716 3262 sitomnibus
2738 3201 3007 3259 fidelibus
3024 3201 3161 3272 quia
3179 3196 3447 3257 Altoldus
3464 3198 3712 3271 quilibet

2056 3296 2338 3353 diaconus
2369 3296 2440 3351 de
2482 3292 2664 3350 nobili
2698 3299 2861 3349 ortus
2891 3291 3159 3362 prosapia
3205 3290 3277 3346 od
3317 3288 3708 3362 Munolﬁngon

2059 3384 2428 3457 proprietatis
2468 3397 2587 3440 suae
2617 3395 2818 3454 agrum
2851 3394 3028 3437 unum
3058 3379 3128 3435 ad
3166 3381 3426 3434 sanctum
3455 3378 3556 3433 Dei
3586 3379 3710 3433 Em-

2060 3488 2431 3533 merammum
2471 3471 2716 3528 tradidit
2762 3470 2822 3527 in
2869 3483 3100 3526 manum
3141 3466 3549 3524 Ambrichonis
3583 3479 3707 3522 ven.

2059 3579 2147 3636 ep.
2203 3565 2443 3635 ejusque
2481 3561 2736 3618 advocati
2785 3558 3008 3629 Otonis,
3066 3558 3193 3628 ipso
3223 3569 3451 3627 quoque
3479 3553 3712 3625 praefato

2060 3653 2328 3724 episcOpo
2352 3656 2409 3708 et
2437 3650 2718 3707 Rumoldo
2747 3643 3381 3717 comite'prtesentibus.
3414 3645 3478 3699 In
3508 3657 3716 3700 recom-

2063 3741 2394 3814 pensatione
2418 3754 2549 3797 vero
2569 3738 2761 3795 eadem
2784 3736 3029 3793 tradidit
3052 3736 3398 3806 praenotatus
3421 3731 3629 3803 praesul
3659 3738 3716 3788 et

2059 3831 2367 3887 advocatus
2394 3827 2559 3884 illius
2587 3828 2658 3883 de
2683 3826 2853 3883 rebus
2882 3827 2936 3881 S.
2964 3822 3365 3880 Emmerammi
3396 3820 3581 3878 eidem
3622 3834 3719 3877 no-

2063 3918 2170 3975 bili
2216 3919 2426 3975 clerico
2467 3918 2526 3973 in
2569 3916 2762 3973 eodem
2794 3914 2920 3971 loco
2953 3927 3154 3986 agrum
3187 3925 3387 3968 unum.
3442 3909 3543 3966 Isti
3582 3914 3719 3966 sunt

2065 4011 2237 4064 testes
2272 4020 2371 4077 per
2421 4020 2590 4062 aures
2635 4004 2838 4060 tracti:
2886 3991 3187 4074 Kerperht,
3218 3999 3484 4070 Ekkirih,
3535 3999 3719 4055 Gota—

2067 4097 2251 4169 perbt,
2310 4094 2588 4164 Wicram,
2637 4091 3008 4165 Reginperht,
3054 4089 3400 4163 Reginwart,
3445 4086 3711 4159 Rihpeld,

2063 4184 2377 4256 Rodperht,
2398 4180 2746 4251 Willihelm,
2773 4180 3040 4236 Askarih.

2064 4276 2192 4331 CAP.
2249 4274 2401 4331 LVII.
2451 4302 2525 4312 —
2571 4269 2924 4325 Commutatio
2994 4269 3137 4323 inter

2741 4342 3030 4395 Floricum.

3200 4266 3619 4323 Ambrz’chonem
3672 4268 3722 4319 et

290 4422 554 4491 Amm“!
586 4425 641 4476 θί
688 4419 757 4476 de
787 4421 939 4474 terra
967 4413 1401 4484 arabilijugem
1439 4424 1535 4480 xv?
1576 4408 1759 4501 ίῖἷῨΡδ
1832 4409 1954 4501 ¹ίῖ⁰⁰
1981 4407 2038 4470 Ῑ)
2136 4432 2557 4491 Nonnullorum
2601 4429 2914 4501 comperiat
2963 4427 3251 4484 industria
3296 4425 3551 4482 ﬁdelium
3584 4424 3723 4496 quia

295 4510 403 4583 qui
430 4513 667 4567 vocatur
688 4508 757 4564 ad
793 4506 1084 4572 Prunnon,
1116 4516 1182 4559 ac
1213 4504 1484 4573 perpetua
1510 4497 1828 4555 stabilitate
1866 4496 1957 4552 ﬁr-

297 4600 499 4656 mavit.

295 4708 430 4762 CAP.
484 4705 616 4760 LIII.
665 4733 736 4746 —
765 4702 1119 4759 Commutatio
1146 4702 1291 4753 inter
1321 4696 1604 4759 Ambn'ch,
1650 4696 1959 4765 episcopum

876 4778 926 4829 et
959 4770 1384 4828 Truhthardum.

373 4884 551 4941 Utilis
577 4885 634 4939 et
664 4881 910 4937 nimium
936 4878 1233 4935 fructuosa
1258 4873 1616 4931 consuetudo
1640 4870 1781 4928 olim
1809 4869 1962 4926 inter

302 4966 571 5031 homines
592 4969 925 5040 inoleverat,
959 4972 1015 5024 et
1037 4967 1226 5024 adhuc
1257 4963 1594 5035 plerumque
1622 4960 1772 5032 apud
1796 4972 1965 5032 quos-

300 5065 435 5122 dam
469 5059 693 5118 nobiles
734 5057 876 5115 bene
923 5061 1204 5127 cauteque
1247 5052 1662 5125 frequentatur,
1713 5061 1960 5106 commu—

303 5149 471 5209 tandi
500 5148 766 5206 videlicet
808 5145 1080 5219 quasdam
1126 5157 1217 5199 res
1249 5154 1351 5214 pro
1380 5140 1675 5198 ambarum
1704 5150 1965 5196 commo-

301 5240 490 5299 ditate
516 5236 788 5310 partium.
820 5234 1037 5292 Deinde
1067 5233 1179 5289 ista
1207 5230 1578 5288 commutatio
1611 5243 1735 5300 quat
1773 5226 1965 5285 subse-

307 5332 554 5402 quenter
623 5325 948 5396 explicatur
1007 5322 1156 5394 apud
1224 5318 1663 5376 Ambrichonem
1727 5330 1839 5387 ep.,
1909 5320 1966 5372 et

311 5415 614 5491 quemdam
646 5413 917 5483 nobilem,
962 5411 1193 5469 nomine
1240 5406 1691 5473 Truhthardum,
1740 5409 1966 5475 peracta

311 5512 415 5563 est.
449 5504 717 5562 Tradidit
760 5503 956 5577 itaque
1007 5500 1107 5558 ille
1150 5497 1555 5556 Trubthardus
1583 5496 1652 5551 ad
1706 5498 1967 5551 sanctum

314 5598 793 5653 Emmerammum
821 5592 880 5649 il
930 5604 1160 5648 manum
1195 5586 1451 5660 episcOpi
1481 5584 1890 5642 Ambrichonis
1912 5589 1967 5640 et

2066 4525 2157 4580 vir
2209 4522 2442 4593 quidam
2496 4519 2732 4591 nobilis,
2785 4517 3016 4575 nomine
3058 4514 3306 4586 Folcrib,
3358 4513 3603 4570 tradidit
3649 4513 3720 4570 ad

2066 4612 2121 4669 S.
2170 4610 2648 4667 Emmerammum
2685 4608 2746 4664 in
2777 4607 2900 4664 loco
2926 4604 3159 4677 Pisinga
3199 4605 3528 4673 nuncupato
3572 4601 3724 4658 inter

2069 4704 2276 4757 terram
2315 4697 2590 4755 arabilem
2640 4702 2697 4753 et
2742 4700 2904 4767 prata
2942 4694 2995 4751 ei
3023 4693 3225 4750 silvam
3257 4692 3457 4764 jugera
3504 4704 3620 4746 xxv
3662 4689 3723 4746 in

2071 4802 2300 4846 manum
2376 4785 2784 4842 Ambrichonis
2846 4798 2970 4841 ven.
3022 4798 3109 4854 ep.
3171 4787 3228 4839 et
3290 4780 3551 4837 advocati
3599 4779 3725 4850 ejus

2069 4877 2410 4937 Gundberti.
2461 4876 2505 4931 E
2534 4881 2730 4932 contra
2768 4887 2900 4931 vero
2938 4874 3087 4929 idem
3131 4873 3441 4929 advocatus
3477 4884 3609 4928 cum
3640 4870 3726 4927 li-

2071 4968 2261 5027 centia
2302 4966 2558 5037 episcopi
2619 4963 2862 5021 tradidit
2900 4962 3172 5032 praedicto
3220 4959 3404 5017 nobili
3433 4959 3505 5017 de
3554 4959 3727 5016 rebus

2071 5060 2126 5116 S.
2155 5055 2554 5115 Emmerammi
2595 5055 2796 5126 jugera
2825 5065 2999 5123 χχιιι,
3047 5050 3108 5107 ἱη
3138 5050 3374 5123 proprio
3412 5054 3727 5122 perpetua-

2076 5147 2209 5205 liter
2239 5145 2580 5203 habendum.
2613 5145 2683 5199 Et
2715 5148 2781 5199 ut
2812 5141 2931 5198 haec
2954 5140 3328 5198 commutatio
3353 5138 3576 5196 ﬁrmior
3617 5135 3727 5191 ba-

2074 5238 2277 5296 beatur
2314 5250 2347 5293 a
2378 5233 2736 5307 posterisque
2760 5232 2971 5289 melius
2999 5231 3288 5301 credatur,
3323 5228 3539 5301 placuit
3581 5226 3726 5282 duas

2074 5327 2367 5387 chartulas
2411 5339 2526 5383 uno
2568 5329 2765 5381 tenore
2799 5322 3158 5395 conscriptas
3183 5319 3474 5379 exhibere.

2072 5421 2199 5476 CAP.
2279 5417 2454 5474 LVIII.
2500 5445 2574 5457 —
2646 5413 3000 5471 Commutatlo
3069 5414 3214 5466 inter
3284 5403 3725 5475 Engilscalchum

2656 5490 2707 5542 et
2746 5487 3140 5554 Engilbertum.

2145 5582 2353 5636 Notum
2374 5578 2455 5637 sit
2473 5576 2743 5635 omnibus
2763 5573 3032 5631 ﬁdelibus
3049 5569 3187 5641 quia
3204 5560 3563 5637 Engilscalcb
3584 5560 3726 5632 qui-
