4068 6178
449 266 556 326 927
1495 269 1812 327 ANAMODI
1850 267 2379 327 RATISPONENSIS
2415 271 2822 332 SUBDIACONI
3712 285 3796 346 938

449 395 579 451 dam
613 394 836 452 nobilis
867 395 1109 452 tradidit
1139 396 1508 467 praprietatis
1537 411 1654 453 sua:
1694 411 1894 468 agrum
1927 409 2103 452 unum
2132 394 2188 454 A
2214 401 2308 452 tus
2338 411 2480 454 suus
2507 399 2727 457 Helfrih
2756 402 3118 460 tradiderunt
3144 404 3215 460 de
3242 404 3411 460 rebus
3429 405 3482 460 S.
3511 406 3800 466 Emmeram-

446 484 609 554 juxta
637 485 832 540 villam
860 485 1195 556 Aespilipah
1221 487 1288 542 ad
1321 487 1374 542 S.
1410 489 1884 542 Emmerammum
1914 487 1972 540 in
1997 499 2108 542 ma-
2216 487 2292 542 mi
2336 487 2394 543 in
2432 489 2556 546 loco
2585 491 2684 561 qui
2716 491 2937 548 dicitur
2977 493 3230 564 Mezinga
3261 494 3471 550 eisdem
3497 497 3800 567 prmscriptis

451 587 585 630 num
635 573 976 644 Engilberti,
1006 575 1106 645 qui
1149 575 1254 632 hoc
1289 575 1627 632 beneﬁcium
1659 575 1862 631 habuit
1894 575 1950 628 in
1984 574 2105 630 loco
2214 575 2359 632 viris
2382 577 2614 635 domum
2631 594 2757 636 cum
2788 581 2922 638 ﬁsco
2947 585 3156 654 acjug.
3187 597 3364 638 xxvu.
3387 583 3496 638 Hoc
3521 597 3801 655 namqueex

451 662 744 732 praedicto.
771 663 814 717 Ε
833 667 1028 718 contra
1051 677 1182 719 vero
1209 663 1356 718 idem
1380 664 1746 736 Engilbertus
1774 662 2013 718 tradidit
2035 662 2106 718 de
2218 670 2460 736 utraque
2491 672 2651 736 parte
2671 670 2739 725 ad
2767 671 3191 727 testiﬁcandum
3224 671 3320 727 isti
3363 686 3459 741 per
3490 686 3642 728 aures
3666 677 3801 731 tracti

451 750 622 806 rebus
641 751 695 806 S.
725 752 1122 807 Emmerammi
1148 751 1381 822 prrefato
1401 752 1796 825 Engilscalcho
1827 766 1952 807 cum
1980 763 2108 808 con‘
2219 758 2383 810 sunt:
2428 756 2670 831 Helfrih,
2699 761 2997 831 Lantpero,
3039 760 3416 831 Erchanpold,
3452 761 3691 836 Sindiho,
3714 765 3804 821 lie-

451 853 626 895 sensu
651 838 1060 896 Ambrichonis
1084 855 1208 896 ven.
1249 855 1335 912 ep.
1371 847 1596 912 pratum
1624 855 1800 898 unum
1819 842 1983 911 juxta
2015 839 2106 895 la—
2218 843 2421 916 ginolt,
2444 847 2736 918 Froperht.

451 929 620 984 ticem
651 943 778 1000 quae
799 929 979 985 Alaha
1002 934 1253 988 vocatum
2213 951 2340 1007 CAP.
2398 955 2561 1010 LXII.
2605 986 2681 998 —
2728 957 3079 1013 Commutatio
3132 961 3276 1013 inter
3333 959 3719 1014 Ambrichoncm
3762 969 3800 1017 ct

447 1054 573 1110 CAP.
613 1057 750 1111 LIX.
782 1086 856 1097 —
889 1057 1133 1111 Traditio
1165 1056 1454 1152 cujusdam
1478 1059 1696 1124 feminae
1737 1072 1859 1125 qua:
1881 1059 2107 1109 vocatur
2286 1131 2350 1152 Ν
2426 1132 2440 1152 1
2517 1135 2532 1152 ¹
2697 1136 2711 1152 Α
2787 1136 2802 1152 ⁸
2861 1136 2873 1149 ⁸
2904 1030 3166 1152 Έῗίεαξωηῖ
3664 1151 3669 1152 7
3734 1140 3743 1152 ι

1183 1129 1356 1182 Sicca.
2285 1131 2478 1189 Gisala
2500 1135 2657 1190 dedit
2681 1136 3051 1194 Ambrichoni
3073 1138 3341 1208 episcopo
3363 1152 3597 1209 servum,
3619 1140 3803 1196 nomine

519 1233 752 1288 Noverit
803 1232 1184 1301 plurimorum
1236 1233 1526 1289 industria
1567 1233 1825 1288 virorum
1859 1231 2106 1302 qualiter
2213 1220 2564 1291 Βθῐρθτιιιηιο
2603 1227 2640 1280 Ε
2678 1228 2968 1283 contrario
3003 1228 3308 1298 episcopus
3331 1226 3489 1283 dedit
3515 1227 3700 1282 (“531$
3720 1229 3804 1283 Pe-

444 1321 605 1376 Sicca
627 1325 681 1375 et
701 1321 1008 1376 advocatus
1025 1322 1348 1390 ejusRicho
1371 1323 1668 1378 desierunt
1690 1327 1902 1393 partem
1930 1320 2105 1376 unius
2213 1313 2419 1366 ῐοηθῐη-
2480 1313 2632 1368 Hanc
2695 1317 2868 1418 etiam
2923 1317 3424 1418 commutationem
3451 1331 3600 1418 ‘cum
3656 1317 3804 1418 wadio

448 1408 700 1465 ecclesiae
745 1410 1018 1480 rurisque
1055 1412 1123 1466 ad
1154 1411 1311 1467 illam
1355 1413 1653 1483 pendentis
1699 1411 1991 1483 inquirere
2033 1410 2101 1465 ad
2215 1407 2553 1504 Peregerllm
2580 1403 2838 1506 W01ng
2857 1405 3065 1507 Gisala}
3085 1404 3376 1506 θῑΗθιξΓίῒι
3399 1404 3805 1507 τίςῘνοξιαξΗξῃερξ-

447 1497 743 1570 Erininga.
791 1497 1355 1557 Abrenuntiaverunt
1397 1517 1455 1558 se
1497 1507 1685 1558 autem
1729 1501 1979 1572 portioni
2011 1500 2105 1555 ei—
2213 1491 2400 1594 Sfﬁpii
2442 1492 2499 1546 ίη
2550 1495 2852 1594 ιξςωεθηιὶει
2881 1495 3150 1594 finalem
3197 1494 3474 1594 e‘PiS‘EQP}
3502 1495 3804 1594 “ﬁnitionis

445 1586 591 1652 dem,
653 1593 710 1642 et
751 1588 837 1643 sic
891 1589 1226 1645 laxaverant
1260 1605 1380 1646 eam
1413 1591 1480 1647 ad
1517 1593 1570 1647 S.
1605 1593 2098 1658 Emmerammum,
2213 1578 2508 1636 abbatiset
2535 1581 2896 1654 aliorumqui
2920 1581 3799 1654 νοοὶιηῑυΡΑάοιῖιΟὲοιΨῖοτθηιτ

446 1675 700 1731 dicentes
720 1689 840 1732 eam
873 1678 1125 1748 amplius
1143 1693 1436 1751 nunquam
1467 1695 1589 1736 sese
1613 1680 1754 1736 velle
1786 1679 2097 1749 inquirere.
2131 1725 2185 1786 B
2213 1668 2544 1742 Odalperht,
2595 1671 2939 1786 Sindperhrt,‘
2969 1674 3378 1786 Viestargowo,
3417 1671 3692 1786 Ger‘perht:
3715 1673 3802 1726 Hoc

459 1763 524 1786 ΛΔ
593 1765 693 1786 1.-..
752 1766 1190 1786 Α-..Ω.....-...ι--..,
1262 1774 1390 1786 ΔΑΛΑ
1444 1773 1608 1786 4_,.-,
1697 1769 1784 1786 A,,_
1869 1768 2070 1786 neu“---
2215 1763 2398 1786 nultum
2423 1765 2608 1786 nni“...
2641 1767 2720 1786 ιιι-ι
2751 1777 2802 1786 ..ν
2891 1776 2915 1786 Α
3053 1763 3104 1786 ..Ε
3196 1763 3255 1786 ε..
3287 1766 3447 1786 ..ι-Λευ.
3477 1775 3502 1786 Α
3624 1774 3780 1786 A_.n...

444 1763 526 1819 Ad
593 1765 696 1819 hoc
745 1766 1197 1823 conﬁrmandum
1257 1774 1394 1824 sum
1444 1773 1616 1825 testes
1681 1769 1819 1839 Avo,
1869 1768 2098 1836 Str-“po,
2132 1761 2185 1786 υ
2214 1763 2400 1813 autem
2422 1765 2611 1816 actum
2638 1767 2724 1818 est
2751 1777 2808 1817 ιιι
2839 1763 2962 1818 Kal.
2999 1763 3152 1832 Mai,
3196 1763 3258 1817 in
3287 1766 3449 1832 prato
3477 1761 3540 1816 ad
3571 1761 3798 1832 Mozinga.

445 1854 806 1924 Gundperht’
866 1855 1276 1928 Emhanperma
1345 1859 1640 1930 WOIadeOv
1696 1859 1929 1930 Rihgerv
1987 1856 2102 1912 Ar‘
2283 1883 2409 1939 CAP.
2484 1887 2672 1941 LXIII.
2719 1918 2793 1927 —
2853 1887 3206 1942 Commutatio
3260 1888 3404 1941 inter
3445 1886 3803 1940 Ambrichoncm

446 1943 630 2014 perht,
698 1943 965 2015 Hiltigoz,
1030 1948 1284 2018 Gammo,
1353 1948 1679 2020 Embricho,
1746 1948 2097 2018 Amalperht,
2666 1961 2974 2029 episcopum
3009 1965 3060 2015 et
3115 1962 3392 2014 Tatoncm.

446 2030 748 2102 Rihperht:
781 2033 983 2104 Peli"),
1027 2035 1279 2108 Wallah,
1304 2035 1563 2108 Αάίιιςεικ
2282 2063 2342 2116 In
2375 2065 2603 2120 nomine
2633 2066 2731 2122 Dei
2764 2067 2993 2122 summi.
3024 2067 3309 2122 Placitum
3335 2071 3501 2136 atque
3520 2068 3801 2121 conventum

441 2154 567 2210 CAP.
592 2157 703 2211 LX.
722 2185 798 2198 -—-
818 2157 1171 2253 Commutatio
1193 2162 1776 2253 tute-rECchanfridum
1797 2163 2090 2232 episcopum

2213 2151 2362 2208 inter
2413 2168 2534 2209 ven.
2569 2169 2656 2226 ep.
2711 2155 3151 2212 Ambrichonem
3196 2161 3252 2211 et
3308 2154 3596 2227 quemdam
3626 2153 3799 2253 ﬁdelem

999 2235 1050 2284 et
1082 2232 1530 2288 Perehthardum.
2211 2254 2400 2310 suum,
2431 2243 2662 2300 nomine
2705 2245 2993 2313 Tatonem,
3027 2244 3281 2300 nobilem
3327 2244 3510 2298 virum
3541 2248 3599 2297 ut
3620 2241 3803 2310 aliquas

512 2335 824 2392 Fructuosa
847 2336 1007 2391 valde
1037 2341 1091 2392 et
1119 2338 1363 2393 nimium
1394 2339 1560 2395 utilis
1580 2341 1935 2396 consuetudo
1961 2340 2098 2396 olim
2211 2342 2300 2384 res
2350 2330 2500 2386 inter
2536 2346 2596 2388 Se
2645 2348 2747 2404 ρτο
2789 2334 3078 2390 Communi
3133 2333 3391 2388 υῐίιίὶειῑθ
3435 2337 3488 2387 εἴ
3523 2330 3803 2401 (“impendio

440 2424 592 2491 apud
622 2423 883 2480 homines
915 2425 1223 2480 inoleverat
1252 2429 1638 2483 commutandi
1667 2429 1935 2484 videlicet
1964 2443 2090 2499 qua-

2209 2425 2640 2477 commutarent.
2675 2423 2845 2478 Dedit
2862 2424 3043 2495 igitur
3065 2423 3379 2493 praedictus
3405 2423 3560 2477 Tatto
3585 2421 3647 2475 de
3671 2419 3805 2520 rebus

444 2510 717 2565 rumlibet
747 2525 936 2567 rerum
967 2513 1258 2582 portiones
1293 2529 1394 2585 pro
1422 2516 1716 2571 ambarum
1750 2517 2090 2586 opportuni-

2211 2510 2577 2578 proprietatis
2607 2525 2724 2568 sum
2759 2511 2957 2568 uxoris
2987 2511 3052 2567 ad
3076 2512 3130 2566 S.
3160 2513 3639 2579 Emmerammum,
3671 2507 3716 2563 id
3738 2511 3802 2562 est

441 2603 554 2652 tate
584 2600 852 2666 partium.
897 2602 1042 2672 Ergo
1084 2616 1252 2672 quam
1289 2604 1361 2659 ob
1410 2618 1526 2658 rem
1582 2604 1816 2673 quidam
1857 2605 2092 2672 nobilis,
2211 2607 2358 2662 inter
2387 2607 2595 2658 terram
2648 2601 2922 2656 arabilem
2966 2606 3022 2698 et
3061 2600 3266 2698 silvam
3299 2599 3698 2698 exstirpat-imm
3720 2599 3802 2664 ju—

442 2687 672 2742 nomine
699 2689 1098 2760 Perethardus,
1133 2692 1374 2747 tradidit
1403 2693 1469 2747 ad
1497 2693 1550 2748 S.
1587 2695 1810 2748 Petrum
1838 2707 1926 2764 ap.
1958 2709 2098 2749 san—
2207 2705 2338 2765 gera
2369 2704 2450 2760 CL,
2484 2690 3065 2787 insuper-separatim
3092 2689 3311 2787 silvam
3337 2703 3354 2744 ι
3403 2689 3460 2743 in
3486 2686 3614 2787 villa
3635 2687 3802 2787 Perge

442 2782 712 2845 ctumque
758 2777 857 2831 Dei
939 2783 1242 2849 martyrem
1309 2781 1645 2836 Emmeram.
1705 2783 2093 2838 molendinum
2206 2786 2271 2837 ut
2297 2795 2326 2836 e
2350 2784 2546 2835 contra
2575 2779 2883 2848 praedictus
2911 2779 3220 2835 Ambricho
3249 2793 3375 2834 ven.
3407 2792 3490 2847 ep.
3520 2777 3684 2875 sive'a‘
3702 2785 3802 2875 rege

444 2879 618 2919 unum
650 2865 719 2920 ad
746 2864 952 2938 Atinga
997 2867 1055 2921 in
1081 2882 1307 2924 manum
1335 2869 1701 2925 Erchanfridi
1750 2871 2097 2927 venerabilis
2207 2885 2335 2926 cum
2369 2873 2644 2939 praecepto
2677 2869 2736 2959 in
2764 2869 3536 2959 proprietatemacquireret,
3566 2859 3800 2959 quidquid

440 2965 528 3021 ep.
560 2957 617 3006 et
657 2953 914 3009 advocati
951 2955 1076 3023 ejus
1113 2955 1424 3026 Odalperti.
1459 2960 1500 3013 E
1547 2965 1742 3014 contra
1772 2974 1902 3016 vero
1947 2961 2094 3015 idem
2203 2961 2274 3015 de
2303 2960 2422 3028 ipsa
2455 2963 2649 3013 sancta
2683 2957 2755 3012 ab
2789 2957 3058 3028 praedicta
3086 2958 3186 3012 Dei
3218 2957 3462 3013 ecclesia
3497 2957 3554 3010 in
3577 2951 3803 3008 beneﬁcio

439 3041 750 3097 advocatus
780 3057 909 3098 cum
958 3057 1239 3100 consensu
1285 3046 1538 3116 episcopi
1566 3048 1731 3117 juxta
1760 3049 2093 3118 praedictum
2127 3059 2174 3119 (ς
2205 3053 2369 3104 antea
2419 3047 2623 3103 habere
2670 3047 2970 3102 videbatur
2995 3048 3067 3141 ad
3100 3044 3574 3141 Fatiragimundi,
3613 3041 3798 3141 idﬂest

440 3129 629 3184 vicum
655 3131 897 3208 tradidit
926 3133 1109 3188 eidem
1138 3134 1320 3190 nobili
1356 3136 1480 3191 viro
1505 3137 1704 3208 jugera
1749 3153 1834 3208 ιιι,
1871 3139 1930 3192 in
1958 3153 2098 3208 pro—
2205 3138 2525 3207 ecclesiam,
2554 3137 2623 3192 de
2653 3141 2804 3192 terra
2829 3135 3035 3192 arabili
3059 3137 3264 3208 jugera
3299 3150 3465 3200 Lxxv,
3486 3135 3552 3190 de
3569 3130 3724 3202 pratis
3747 3126 3799 3180 ad

442 3217 569 3288 prio
603 3207 941 3276 habendum.
979 3223 1222 3278 Proinde
1254 3238 1478 3295 quoque
1510 3207 1727 3295 placuit
1755 3207 1900 3282 duas
1919 3207 2097 3283 char—
2207 3226 2473 3282 carradas
2498 3239 2626 3295 Vill,
2659 3226 2728 3280 de
2771 3225 2913 3279 silva
2930 3207 3225 3295 jugera”.
3260 3225 3362 3280 Isti
3405 3227 3534 3279 sunt
3565 3233 3652 3290 per
3668 3227 3801 3272 aures

439 3305 591 3362 tulas
614 3321 727 3363 uno
771 3313 965 3366 tenore
993 3312 1352 3382 conscriptas
1397 3313 1668 3370 exhibere
1699 3320 1760 3372 ut
1791 3317 1907 3372 haec
1932 3331 2096 3372 com—
2207 3315 2374 3371 tracti
2405 3333 2417 3368 :
2452 3315 2708 3383 Arnmot,
2748 3314 2990 3383 Folcrat,
3022 3313 3279 3385 Dultinc,
3319 3313 3491 3380 Tevit,
3522 3304 3796 3378 Cotaperht.

440 3396 684 3451 mutatio
711 3397 930 3454 ﬁrmior
957 3400 1233 3456 habeatur
1261 3407 1317 3457 et
1341 3416 1372 3457 a
1403 3405 1650 3474 posteris
1672 3405 1879 3461 melius
1908 3407 2098 3461 creda-
2205 3405 2452 3468 Vulvilo,
2506 3405 2826 3475 Wichram,
2883 3403 3020 3475 Ogo,
3070 3403 3212 3497 Oto,
3243 3403 3556 3497 Waltunct
3575 3395 3793 3497 Otachan

437 3487 552 3538 tur.
588 3485 655 3540 Et
678 3486 775 3542 isti
802 3493 938 3544 sunt
968 3495 1174 3547 testes:
1207 3492 1502 3562 Pernhart,
1541 3494 1794 3565 Dultinc,
1826 3493 2093 3550 Anthelm
2205 3497 2473 3565 Fastmot,
2499 3493 2783 3561 Perehart,
2811 3493 3133 3548 Gemmunt.
3170 3492 3420 3559 llunrih,
3466 3490 3559 3560 qui
3586 3493 3636 3543 et
3670 3485 3801 3540 inve—

436 3578 492 3628 et
510 3575 615 3629 alii
655 3576 844 3632 multi.
2204 3584 2428 3639 stiturae
2478 3582 2607 3638 ﬁdei
2647 3583 2844 3651 jussor
2887 3581 3248 3651 Waldperht,
3300 3581 3562 3637 similiter
3594 3571 3796 3638 Gerwih,

435 3700 564 3754 CAP.
582 3699 719 3754 LXI.
735 3731 809 3740 —
823 3701 1176 3757 Commutatio
1196 3705 1340 3776 inter
1358 3704 1773 3760 Ambrichonem
1789 3708 2094 3776 episcopum
2205 3672 2489 3776 “mimi
2761 3671 2970 3776 testist
2987 3670 3208 3776 ³,πί,¹¹,’
3453 3663 3800 3776 θὶξὶὴζέζίξξ-

1072 3751 2094 3828 enataui}:""""""*'"""""'
2207 3762 2390 3832 perht,
2448 3761 2791 3832 Engilhelm,
2863 3758 3226 3830 Odalpcrrht,
3284 3759 3574 3830 Salagrim,
3625 3751 3794 3816 Folrat,

2203 3851 2509 3920 Rodmunt,
2544 3851 2717 3905 Otker
2751 3850 3008 3919 Wisunt,
3051 3849 3341 3917 Ililtimot,
3389 3849 3620 3913 Lantrat,
3665 3838 3799 3896 Salo—

2204 3953 2356 4009 mon,
2383 3940 2751 4010 Durinchart,
2783 3939 3012 4007 Pillinc,
3055 3939 3306 4009 Samuel,
3354 3939 3602 4007 Ratpero,
3633 3940 3798 3985 mona—

2201 4029 2364 4100 chus,
2414 4028 2692 4084 Wolfram
2743 4029 3075 4096 monachus,
3132 4027 3384 4101 Adalger
3431 4021 3712 4081 monachus
3753 4019 3796 4069 et

2199 4118 2463 4173 Wichart
2499 4117 2790 4189 presbyter
2825 4118 3332 4174 commutationem
3362 4112 3590 4172 scrutati
3615 4107 3794 4165 suntet

2201 4207 2604 4278 probaverunt.

509 3879 568 3931 In
623 3878 884 3947 antiquis
913 3879 1094 3950 igitur
1141 3885 1330 3950 patres
1358 3883 1458 3952 qui
1487 3880 1720 3938 fuerunt
1741 3886 2094 3954 temporibus

439 3977 847 4034 nonnunquam
895 3981 995 4036 pro
1027 3969 1367 4025 necessariis
1391 3971 1784 4043 cogitaverunt
1809 3987 2093 4030 commer—

436 4052 548 4108 ciis
567 4053 924 4125 terrenisque
947 4056 1304 4113 utilitatibus
1335 4060 1460 4115 suis
1486 4061 1729 4117 invicem
1751 4077 2088 4120 consensum

439 4139 754 4210 praebentes
781 4144 1171 4212 quarumlibet
1195 4161 1384 4203 rerum
1417 4147 1716 4207 facultates
1740 4152 1979 4207 vendere
2004 4153 2088 4208 vel

436 4243 783 4299 comparare,
816 4233 1039 4300 tradere
1065 4239 1167 4290 aut
1195 4236 1366 4291 etiam
1412 4237 1570 4294 aliud
1604 4239 1663 4293 in
1703 4239 1862 4295 aliud
1895 4245 2091 4297 trans—
2202 4233 2604 4278 Ρ¹ὐυί¹ν⁶¹’“¹¹ι’
3697 4323 3706 4333 Ι

437 4322 675 4374 mutare.
712 4319 867 4376 Unde
909 4327 963 4377 et
1010 4324 1264 4380 moderni
1297 4340 1654 4382 successores
1686 4328 1918 4384 illorum
1949 4329 2094 4385 imi-
2199 4333 2325 4388 CAP.
2361 4333 2546 4387 LXIV.
2577 4361 2650 4371 —
2674 4331 3028 4414 Commutatio
3047 4330 3611 4414 intcr'Ambrichoncm
3633 4323 3794 4392 episco-

436 4412 622 4464 tantes
672 4408 1072 4468 institutiones
1102 4413 1362 4470 crebrius
1390 4415 1444 4470 id
1482 4416 1668 4484 ipsum
1698 4415 1880 4474 facere
1909 4420 2090 4476 solent

2583 4419 2720 4472 pum
2757 4409 2807 4457 et
2836 4403 3120 4458 Altoldum
3145 4404 3453 4457 diaconum.

439 4511 542 4566 pro
569 4497 822 4555 locorum
845 4503 1250 4559 commoditate
1272 4517 1539 4559 arvorum
1567 4508 1973 4578 pratorumque
2001 4511 2092 4579 ju-
2271 4509 2545 4565 Perutilis
2563 4523 2630 4564 ac
2655 4509 2899 4565 nimium
2927 4509 3220 4566 fructuosa
3241 4509 3381 4565 olim
3410 4508 3552 4563 inter
3577 4497 3790 4598 homin?

434 4597 567 4654 gera
596 4585 864 4644 domibus
885 4594 939 4644 et
973 4590 1422 4660 proprietatibus
1451 4593 1576 4647 suis
1605 4593 1799 4662 aptius
1825 4597 2094 4666 copulan.
2201 4598 2553 4654 consuetudo
2587 4598 2896 4654 inolescere
2927 4599 3183 4654 initiavit
3203 4593 3580 4654 commutandi
3609 4582 3789 4644 scilicet

433 4678 518 4726 tes
537 4678 980 4733 commutatione
1001 4679 1292 4734 concordi.
1319 4681 1430 4735 Hoc
1458 4685 1516 4735 et
1542 4683 1694 4738 enim
1717 4697 1830 4741 non
1868 4692 2093 4756 praeter-
2202 4701 2303 4756 pro
2350 4687 2642 4744 ambarum
2689 4689 3088 4744 commoditate
3141 4689 3390 4759 partium
3440 4679 3698 4755 quaslibet
3722 4681 3789 4725 res

435 4760 713 4816 miserunt
739 4763 1048 4821 Ambricho
1077 4766 1291 4824 electus
1335 4770 1435 4824 Dei
1471 4771 1743 4843 pontifex,
1775 4779 1830 4830 et
1858 4776 2088 4845 quidam
2199 4776 2320 4831 sive
2352 4777 2747 4832 hmreditatum
2780 4791 3026 4848 quoque,
3060 4792 3159 4833 seu
3194 4776 3589 4832 beneﬁciorum
3615 4768 3790 4855 aula?

435 4848 657 4904 nobiles
683 4851 793 4906 viri
830 4853 1017 4909 Rihho
1042 4856 1278 4928 ejusque
1312 4858 1468 4915 ﬁlius
1503 4863 1691 4930 Freso,
1725 4863 1820 4918 sed
1854 4863 2088 4921 illorum
2175 4865 2522 4920 cedentium
2576 4866 3008 4935 proprietatum.
3063 4869 3365 4936 Propterea
3433 4875 3556 4918 vero
3614 4848 3788 4925 piaculi

432 4950 712 4994 consensu
745 4940 863 4996 haec
889 4941 1242 5014 subsequens
1272 4950 1646 5005 commutatio
1689 4952 2088 5010 convenienter
2198 4953 2426 5008 cuidam
2453 4953 2842 5010 ecclesiastico
2874 4955 3141 5026 diacono,
3169 4955 3441 5010 videlicet
3459 4944 3665 5042 Altoldo
3690 4944 3787 5042 ῐξίγ

434 5031 659 5095 peracta
697 5034 799 5084 est.
849 5031 1230 5090 Tradiderunt
1260 5037 1578 5106 supradicti
1608 5038 1827 5095 nobiles
1851 5041 1919 5096 ad
1949 5055 2089 5098 san-
2196 5043 2544 5113 derejugera
2569 5046 2730 5098 terra:
2767 5043 3006 5098 arabilis
3033 5043 3143 5099 tria
3173 5044 3238 5099 ad
3271 5045 3524 5098 sanctum
3549 5032 3636 5089 Dei
3662 5035 3786 5080 m3!“

431 5119 586 5168 ctum
633 5115 729 5170 Dei
771 5118 1243 5178 Emmerammum
1296 5125 1354 5179 in
1401 5137 1629 5182 manum
1681 5126 2086 5186 Ambrichonis
2196 5137 2373 5202 tyrem
2399 5133 2870 5188 Emmerammum
2889 5133 3138 5202 jacentia
3166 5133 3226 5188 in
3252 5129 3487 5202 planitie
3506 5121 3783 5188 camporum

323 5226 336 5233 ‘
432 5215 554 5294 γθη-
586 5218 675 5274 θρα
722 5209 778 5260 et
805 5206 1061 5264 advocati
1093 5212 1217 5279 eius
1251 5213 1486 5269 Hcm‘ici
1519 5215 1575 5269 in
1604 5216 1727 5272 1000
1758 5224 2084 5288 nuncupato
2190 5223 2354 5292 juxta
2385 5221 2573 5276 vicum
2619 5221 2718 5292 qui
2749 5222 2970 5278 dicitur
2997 5221 3206 5294 Atinga
3248 5222 3304 5276 in
3337 5228 3555 5274 manum
3584 5220 3689 5264 ven.
3713 5212 3782 5294 ei)-

430 5291 636 5364 Atinga
662 5307 846 5349 casam
879 5309 1008 5351 cum
1027 5304 1187 5354 curte
1215 5314 1279 5355 ac
1296 5303 1498 5374 jugera
1523 5317 1678 5359 xxvn
1699 5306 1804 5361 hac
1831 5307 2084 5378 ratione;
2195 5291 2602 5367 Ambrichonis
2633 5311 2872 5381 ejusque
2900 5291 3179 5379 advocati,
3224 5308 3448 5366 nomine
3469 5301 3782 5391 W’icraniinl:

431 5385 494 5436 ut
543 5382 592 5437 si
625 5384 758 5454 quis
791 5385 897 5441 hoc
923 5387 1202 5442 resolvere
1231 5389 1528 5461 voluisset,
1559 5399 1841 5462 quatenus
1867 5397 1918 5452 S.
1950 5399 2090 5452 Em—
2198 5401 2372 5455 Porro
2397 5412 2427 5453 e
2456 5405 2650 5454 contra
2684 5399 2806 5469 ipse
2827 5401 3134 5456 advocatus
3163 5413 3289 5456 cum
3319 5393 3546 5451 licentia
3567 5381 3784 5469 praedicti

429 5481 771 5528 merammus
839 5489 1009 5530 suum
1055 5475 1357 5546 obtineret,
1411 5485 1468 5533 et
1519 5480 1607 5536 illi
1665 5482 1889 5540 nobiles
1935 5488 2092 5543 reci—
2202 5487 2487 5543 antistitis
2518 5465 2758 5544 tradidit
2787 5489 2970 5545 eidem
3011 5489 3192 5547 nobili
3231 5465 3786 5575 Altoltojugel'fiflhdi3

431 5565 643 5631 perent.
671 5562 928 5621 Econtra
967 5579 1112 5637 saepe
1154 5567 1349 5625 dictus
1397 5570 1605 5640 praesul
1636 5577 1808 5643 atque
1835 5575 2097 5634 advoca-
2205 5577 2378 5633 rebus
2426 5577 2480 5633 S.
2531 5579 2951 5635 Emmerammi.
3003 5578 3272 5635 Testium.
3315 5583 3506 5642 nempe
3533 5563 3625 5638 qui
3664 5558 3783 5614 idem
