4068 6178
256 254 369 314 929

1223 256 1680 314 TRADITIONES
1717 257 2350 320 EMMERAMMENSES.
2389 294 2463 307 —
2500 264 2626 323 LIB.
2667 270 2710 324 Ι.

3569 271 3679 331 930

257 380 636 438 testiﬁcaturi
685 385 841 452 sunt,
887 381 1119 438 nomina
1167 379 1633 452 subsequuntur;
1686 381 1743 437 id
1801 384 1916 437 est:
1946 383 2004 444 A
2032 384 2218 442 turico
2244 386 2511 458 episcopo
2548 393 2605 444 et
2633 389 2904 446 advocato
2945 392 3073 461 ejus
3119 394 3380 464 Immoni,
3427 399 3484 450 et
3525 395 3677 451 Idem

257 471 556 544 Hiltimar,
586 471 890 541 Gerperht,
931 473 1215 543 Deotmar,
1263 470 1434 539 lrinc,
1468 472 1676 541 Nanzo,
1716 470 1923 543 Engil—

259 561 440 633 helm,
457 561 754 632 Cozperht,
774 559 1056 616 Adalhoh.

253 667 388 722 CAP.
437 667 598 723 LXV.
640 697 715 708 —
752 666 1107 722 Commutatio
1150 668 1294 722 inter
1351 665 1758 722 Ambrichonem
1801 667 1924 737 epi-

728 754 946 808 scopum
971 744 1022 793 et
1061 739 1466 808 Ellinpurgam.

335 845 394 898 In
425 844 656 900 nomine
703 844 912 898 summi
955 849 1012 900 et
1051 844 1251 899 aeterni
1296 843 1417 899 Dei.
1448 843 1723 899 Convenit
1770 842 1922 898 inter

251 945 384 987 ven.
415 932 603 988 virum
627 932 1066 988 Ambrichonem
1103 946 1189 1002 ep.
1221 937 1276 988 et
1301 933 1602 1002 quamdam
1625 929 1916 1004 feminam,

257 1021 502 1077 nomine
543 1021 874 1091 Ellanpurc,
921 1023 991 1077 de
1039 1020 1556 1077 commutabilitate
1592 1020 1920 1091 aliquarum

257 1123 484 1172 rerum,
511 1110 660 1180 quod
693 1114 748 1164 et
779 1109 859 1164 ita
885 1108 1158 1166 fecerunt.
1190 1109 1454 1164 Tradidit
1481 1107 1711 1179 praefata
1739 1108 1922 1163 Ellan-

259 1213 411 1267 purc
443 1203 498 1253 et
523 1198 832 1254 advocatus
867 1199 991 1268 ejus
1018 1199 1247 1254 nomine
1277 1198 1501 1253 Folcrat
1525 1198 1593 1253 ad
1621 1199 1675 1252 S.
1710 1199 1924 1254 Emme-

255 1301 546 1342 rammum
568 1287 637 1342 de
660 1294 810 1343 terra
830 1287 1038 1342 arabili
1057 1288 1256 1359 jugera
1275 1301 1314 1342 ιι
1350 1288 1556 1343 inloco
1578 1287 1680 1358 qui
1702 1288 1923 1342 dicitur

256 1377 714 1433 Murcilashaha.
740 1379 807 1432 Et
835 1390 866 1432 e
903 1381 1100 1433 contra
1131 1377 1376 1432 tradidit
1424 1378 1646 1433 ltodker
1673 1377 1924 1433 advoca-

255 1473 360 1522 tus
392 1466 447 1521 S.
477 1466 876 1522 Emmerammi
916 1467 1038 1538 jug.
1093 1479 1131 1536 I,
1166 1466 1530 1537 Ellanpurgae
1553 1469 1610 1520 et
1649 1466 1921 1520 advocato

253 1555 392 1624 ejus
421 1569 552 1610 cum
591 1568 872 1611 consensu
897 1555 1203 1610 venerandi
1235 1554 1512 1624 episcopi,
1541 1558 1598 1608 et
1619 1553 1922 1609 monacho-

257 1659 393 1700 rum
425 1650 481 1699 et
525 1643 708 1700 totius
749 1642 987 1699 familia:
1019 1643 1079 1698 in
1130 1644 1255 1713 ipso
1294 1643 1628 1712 supradicto
1672 1642 1797 1698 loco
1847 1641 1916 1696 ad

2033 475 2207 531 Immo
2255 477 2387 533 inde
2428 477 2500 534 ab
2527 478 2614 534 eis
2660 478 2994 536 vestituram
3043 481 3284 553 accepit.
3337 482 3442 538 Sed
3489 489 3682 553 postea

2032 577 2229 620 eorum
2257 564 2371 622 fuit
2402 568 2606 638 petitio
2635 568 3001 640 aliorumque
3027 569 3306 627 bonorum
3358 571 3678 644 hominum,

2033 657 2098 707 ut
2119 653 2225 710 hoc
2253 654 2441 725 ipsum
2471 657 2681 713 iterum
2703 658 2790 714 eis
2813 658 2870 714 in
2890 657 3229 715 beneﬁcium
3253 660 3680 717 concederetur.

2032 740 2308 814 Quodque
2345 744 2674 818 benignitas
2698 747 2953 803 Baturici
2981 747 3236 819 episcopi
3270 749 3356 805 eis
3386 749 3575 805 noluit
3594 749 3687 804 de-

2033 844 2254 904 negare,
2289 835 2383 890 sed
2432 836 2512 891 ita
2565 836 2686 892 illis
2729 838 3019 893 concessit
3069 839 3175 894 hoc
3234 838 3292 894 in
3341 837 3682 894 beneﬁcium

2034 933 2215 992 usque
2237 923 2306 978 ad
2347 924 2472 980 dies
2506 926 2636 982 vita:
2667 941 2785 983 suae
2827 932 3024 984 contra
3048 941 3281 984 censum
3307 927 3683 999 condignum,

2031 1008 2217 1065 ethoc
2244 1008 2380 1067 fecit
2428 1027 2541 1070 una
2583 1029 2713 1070 cum
2764 1029 3048 1072 consensu
3104 1015 3571 1089 congregationis
3623 1015 3680 1072 S.

2031 1099 2452 1165 Emmerammi,
2479 1109 2534 1159 et
2571 1104 2659 1160 illi
2699 1109 2930 1175 accepto
2973 1106 3105 1160 inde
3147 1105 3423 1180 beneﬁcio
3454 1105 3524 1160 ab
3554 1105 3688 1175 epi—

2031 1200 2202 1257 scopo
2233 1191 2498 1247 Baturico
2538 1199 2592 1248 et
2613 1194 2683 1249 ab
2727 1195 2999 1250 advocato
3029 1195 3154 1263 ejus
3183 1196 3434 1250 Immone
3462 1194 3688 1249 wadia-

2031 1279 2383 1336 veruntinde
2395 1296 2626 1338 censum
2643 1288 2890 1354 quatuor
2906 1284 3222 1340 solidorum
3252 1283 3687 1354 annissingulis

2033 1368 2350 1435 persolvere
2369 1373 2438 1426 ad
2473 1370 2838 1428 festivitatem
2861 1376 2914 1428 S.
2936 1375 3360 1442 Emmerammi,
3388 1378 3444 1429 et
3467 1373 3684 1428 nullam

2033 1455 2164 1510 inde
2188 1457 2592 1529 negligentiam
2622 1460 2804 1517 facere
2837 1462 3166 1534 nullamque
3190 1462 3443 1532 amplius
3463 1467 3688 1518 contro-

2031 1544 2273 1601 versiam
2297 1548 2416 1604 ullo
2441 1551 2605 1606 modo
2645 1552 2975 1620 pastoribus
2994 1553 3046 1607 S.
3076 1551 3474 1608 Emmerammi
3500 1563 3685 1621 neque

2034 1632 2270 1691 familiae
2315 1638 2458 1706 ejus.
2522 1639 2681 1708 Quod
2739 1641 2789 1696 si
2841 1640 3108 1712 facerent,
3162 1642 3476 1697 secundum
3507 1640 3683 1711 legem

255 1733 796 1805 Murcilashaba,ac
814 1733 1062 1789 ﬁrmavit
1082 1746 1209 1788 cum
1239 1732 1503 1789 testibus.
1531 1734 1741 1789 Iterum
1765 1731 1921 1788 fece—
1955 1723 2004 1785 Β
2030 1725 2266 1781 omnino
2291 1733 2635 1797 componant
2675 1743 2857 1800 neque
2896 1730 3017 1786 ullo
3063 1731 3228 1786 modo
3287 1730 3530 1786 habeant
3577 1742 3690 1800 po—

255 1828 407 1879 runt
428 1823 825 1879 concambium
856 1822 914 1878 in
953 1823 1165 1893 placito
1199 1835 1388 1878 coram
1413 1821 1622 1893 populo
1646 1827 1922 1892 prasente

255 1912 516 1978 Othelm,
585 1912 786 1983 Wago,
873 1911 1166 1982 Pirihtilo,
1240 1914 1558 1982 lsanspero,
1641 1911 1917 1982 lladager,

257 1997 896 2070 Willihelm,Snellolf,
940 1999 1195 2068 lsandeo,
1253 1999 1544 2070 Ellandeo,
1587 1997 1727 2072 Ogo,
1786 1999 1924 2054 Pal—

257 2091 450 2160 dram,
509 2089 784 2158 Francho,
851 2088 1173 2159 Ermperht,
1233 2089 1549 2160 Isanperht,
1615 2088 1918 2158 Gozperht,

257 2179 598 2249 Willipold,
623 2178 980 2250 Engilperht,
1020 2177 1398 2248 Chuniperht.
1427 2176 1720 2248 Chuntilo,
1761 2177 1923 2246 Rupo

261 2273 328 2324 et
357 2267 462 2322 alii
492 2267 704 2338 plures.

267 2376 404 2431 Cvp.
438 2375 620 2431 LXVI.
661 2404 736 2413 —
765 2373 1116 2429 Commutatio
1165 2376 1309 2428 inter
1348 2373 1763 2428 Ambrz‘chonem
1801 2373 1925 2443 epi—

770 2461 988 2516 scopum
1029 2451 1079 2500 ct
1121 2447 1452 2500 Paldricum.

343 2555 660 2609 Fructuosa
681 2557 735 2608 et
762 2553 1007 2607 nimium
1036 2551 1205 2607 utilis
1231 2552 1585 2608 consuetudo
1605 2551 1743 2606 olim
1771 2550 1922 2620 apud

271 2642 543 2698 homines
593 2641 900 2698 rationales
959 2640 1268 2696 inolescere
1318 2640 1492 2710 cmpit
1532 2639 1920 2695 commutandi

261 2731 541 2786 videlicet
585 2730 857 2801 quasdam
913 2743 1002 2785 res
1051 2742 1151 2799 pro
1197 2727 1490 2784 ambarum
1524 2727 1926 2783 commoditate

267 2822 547 2890 partium.
585 2819 683 2874 Illa
722 2817 928 2874 etenim
976 2819 1350 2888 antiquorum
1394 2816 1748 2872 consuetudo
1776 2815 1926 2870 inter

262 2909 538 2979 juniores
567 2908 777 2977 saapius
807 2907 1132 2977 saepiusque
1161 2905 1500 2962 celebratur.
1527 2905 1791 2960 Tradidit
1822 2904 1924 2959 ita-

266 3011 382 3068 que
404 2997 638 3067 quidam
665 2998 755 3051 vir
772 2996 1008 3066 nobilis,
1030 2995 1325 3051 Baldricus
1345 2995 1592 3064 nomine,
1609 2993 1925 3064 proprieta.

2033 1818 2286 1870 testatem
2308 1814 2413 1871 hoc
2447 1818 2516 1872 de
2541 1817 2664 1888 ipsa
2681 1832 2810 1874 casa
2827 1819 2926 1874 Dei
2951 1820 3222 1890 alienare,
3243 1820 3338 1876 sed
3361 1819 3684 1889 meliorare,

2034 1908 2312 1972 quantum
2369 1905 2729 1974 praevaleant.
2786 1909 2853 1962 Et
2910 1908 3038 1964 ideo
3084 1908 3218 1962 inde
3259 1908 3405 1963 duas
3434 1906 3687 1963 cartulas

2035 2005 2148 2046 uno
2191 1996 2384 2047 tenore
2408 1995 2766 2064 conscriptas
2791 1996 2858 2051 ad
2904 1995 3229 2051 ﬁrmitatem
3257 1999 3428 2065 atque
3461 2009 3683 2050 memo—

2035 2080 2178 2136 riam
2211 2083 2458 2150 posteris
2489 2083 2611 2139 ﬁeri
2648 2085 2900 2140 decrevit
2937 2085 3306 2155 supradictus
3357 2083 3682 2154 episcopus.

2033 2171 2099 2224 Et
2122 2169 2219 2225 isti
2245 2170 2325 2225 ibi
2365 2177 2670 2241 praesentes
2711 2180 2873 2230 erant
2918 2175 3019 2245 qui
3069 2173 3175 2229 hoc
3200 2173 3468 2228 viderunt
3492 2176 3548 2227 et
3576 2185 3690 2228 au-

2036 2257 2295 2313 dierunt:
2317 2258 2648 2331 Odalperht,
2664 2261 2932 2333 Salahho,
2957 2263 3149 2331 Immo,
3167 2261 3435 2330 Rihhart,
3453 2260 3685 2332 Pillinc,

2035 2346 2446 2420 Cundalperht,
2470 2350 2719 2420 Marcho,
2742 2348 2933 2422 Otger,
2964 2351 3168 2421 Mauri,
3193 2349 3455 2421 Adalger,
3481 2351 3686 2420 Puoso,

2035 2435 2202 2507 Aopi,
2237 2436 2452 2507 Ritant,
2485 2438 2772 2509 Wichart,
2808 2437 3110 2510 Cundfrid,
3142 2437 3467 2511 Engilpald,
3509 2437 3692 2493 Adal—

2035 2523 2216 2594 perht,
2266 2525 2444 2596 Appo,
2515 2526 2744 2599 Antrih,
2811 2528 3076 2600 Winiho,
3138 2528 3287 2598 Atto,
3359 2525 3686 2596 Cotaperht,

2033 2612 2343 2686 Sigiperht,
2377 2615 2982 2687 Ratperht,Truhthad
3013 2616 3219 2686 Ratolt,
3253 2613 3462 2686 Ratolf,
3498 2613 3688 2669 Amal-

2037 2701 2150 2772 rih,
2232 2701 2545 2775 Wolfbero,
2631 2705 2891 2775 llatpald,
2961 2705 3223 2776 Nidhart,
3308 2704 3510 2775 Egino,
3584 2704 3694 2758 Be-

2038 2790 2310 2861 rehttold,
2377 2793 2670 2865 Waldger,
2721 2793 2988 2850 Rahholf.
3034 2794 3236 2851 Actum
3286 2798 3372 2850 est
3448 2794 3554 2849 hoc
3619 2792 3688 2848 ad

2036 2879 2438 2951 Reganaspurc
2456 2895 2605 2938 anno
2628 2883 3047 2940 Incarnationis
3063 2883 3290 2941 Domini
3307 2880 3435 2952 822,
3457 2881 3688 2952 imperii

2035 2981 2165 3023 vero
2205 2969 2521 3026 Hludowici
2554 2976 2772 3040 octavo,
2814 2973 2884 3028 ad
2932 2973 3165 3029 missam
3198 2973 3381 3029 sancti
3430 2971 3686 3041 Martini,

263 3056 349 3142 {is
400 3056 520 3141 s'ua,
548 3086 616 3141 ad
663 3089 921 3141 sanctum
953 3056 1052 3139 D'e,
1100 3088 1400 3154 martyrem
1444 3056 1921 3138 Emmém'nmum
1955 3063 2004 3128 ο
2038 3056 2353 3154 ἰθύ-16110118
2376 3058 2960 3154 prima,tertia_feria,
2987 3065 3043 3116 et
3066 3074 3167 3154 ego
3188 3061 3410 3154 Dignus
3457 3059 3689 3154 nomine

269 3190 454 3232 unum
483 3181 707 3246 pratum
740 3188 870 3231 cum
903 3172 1230 3229 molendino
1275 3173 1399 3227 loco
1429 3172 1606 3227 situm
1637 3171 1694 3225 in
1725 3171 1925 3226 dextro

269 3265 493 3321 littoris
519 3266 627 3321 ﬁne
651 3265 815 3320 illius
835 3277 996 3334 aqua:
1019 3277 1144 3334 quae
1168 3262 1389 3318 dicitur
1410 3261 1586 3316 Filisa
1607 3261 1774 3330 juxta
1791 3259 1924 3329 Opi-

267 3354 520 3410 rinhusa
546 3354 606 3409 in
638 3365 866 3409 manum
898 3365 1126 3423 quoque
1154 3364 1278 3406 ven.
1313 3363 1397 3419 ep.
1441 3348 1848 3404 Ambrichonis
1872 3351 1929 3403 et

268 3443 531 3499 advocati
559 3444 684 3513 ejus
715 3432 1008 3498 Rodkarii.
1037 3439 1394 3518 Cujus'prati
1427 3437 1730 3508 longitudo
1761 3437 1929 3508 quin-

269 3533 552 3604 quaginta
594 3530 832 3601 perticis
854 3533 1108 3599 constat,
1134 3534 1305 3598 atque
1328 3526 1576 3583 latitudo
1596 3525 1922 3582 duodecim.

270 3626 448 3679 Porro
473 3619 741 3690 praefatus
756 3618 1105 3674 venerabilis
1125 3618 1214 3672 vir
1239 3617 1337 3672 Dei
1365 3621 1421 3671 et
1452 3616 1763 3671 advocatus
1783 3629 1926 3670 suus

269 3711 392 3766 Rod
405 3710 602 3765 karius
623 3722 653 3763 e
673 3713 868 3764 contra
891 3705 1256 3762 tradiderunt
1284 3704 1467 3760 eidem
1496 3702 1678 3759 nobili
1705 3702 1761 3758 in
1789 3702 1932 3757 sini-

268 3806 394 3855 stro
412 3799 664 3869 ejusdem
685 3797 916 3852 ﬂuentis
935 3794 1189 3865 margine
1205 3794 1447 3849 alterum
1477 3799 1697 3863 pratum
1721 3789 1928 3862 aequali

267 3901 545 3944 mensura
564 3886 635 3942 de
682 3885 856 3941 rebus
911 3883 1170 3954 prmdicti
1204 3883 1387 3938 sancti
1418 3882 1538 3938 Dei.
1592 3883 1681 3950 Et,
1735 3886 1799 3937 ut
1824 3881 1928 3936 hoc

268 3991 406 4035 vero
430 3977 656 4032 ﬁrmius
695 3975 809 4045 ﬁat,
843 3973 1060 4044 placuit
1084 3973 1229 4028 duas
1271 3971 1567 4027 chartulas
1601 3983 1714 4026 uno
1737 3974 1931 4025 tenore

272 4066 636 4135 conscriptas
678 4063 947 4120 exhibere
975 4075 1042 4117 ac
1092 4066 1266 4117 testes
1311 4059 1601 4115 adhibere.
1637 4059 1703 4114 lli
1754 4063 1926 4114 sunt:

269 4155 521 4223 Othelm,
556 4154 756 4225 Wago,
799 4151 1120 4223 Heriperht,
1153 4150 1410 4220 Paldrih,
1453 4148 1714 4220 Einhart,
1741 4147 1932 4203 Arna-

272 4259 421 4315 mar,
454 4243 757 4315 Isangrim,
783 4242 1064 4314 Heimger,
1094 4240 1357 4298 Gerhart.

458 4372 586 4425 CAP.
630 4368 838 4424 LXVII.
871 4397 946 4408 -—
985 4368 1234 4422 Traditio
1258 4364 1522 4435 R-ihpaldi
1549 4363 1783 4418 abbatis.

2037 3146 2246 3215 scripsi
2276 3146 2420 3202 hanc
2436 3146 2689 3204 chartam
2712 3148 2780 3204 ad
2803 3149 3292 3205 conﬁrmationem
3311 3147 3548 3218 jubente
3578 3147 3693 3202 Ba-

2038 3235 2226 3291 turico
2257 3248 2344 3305 ep.

2105 3324 2578 3381 Commemoratio
2620 3325 2776 3382 brevi
2809 3339 3068 3383 sermone
3095 3326 3364 3382 conclusa
3407 3326 3477 3381 de
3501 3325 3688 3381 hatre-

2035 3413 2215 3469 ditate
2238 3413 2508 3484 Rihpaldi
2534 3413 2760 3470 abbatis
2787 3428 2955 3485 quam
2998 3415 3240 3470 tradidit
3269 3413 3337 3469 ad
3369 3414 3424 3469 S.
3458 3415 3691 3468 Emme-

2039 3516 2319 3559 rammum
2343 3504 2403 3559 in
2425 3503 2570 3560 locis
2589 3504 2701 3575 his,
2728 3504 2784 3560 id
2810 3509 2895 3560 est
2919 3523 2932 3560 :
2953 3505 3022 3560 ad
3040 3504 3188 3574 Ahu,
3209 3509 3266 3560 et
3280 3503 3349 3558 ad
3370 3502 3688 3575 vainpab,

2037 3594 2156 3650 sive
2184 3595 2254 3650 ad
2306 3595 2607 3666 Phetereh,
2657 3608 2944 3666 quamque
3003 3599 3200 3665 postea
3261 3592 3588 3664 Engilmon,
3635 3597 3692 3648 et

2039 3684 2271 3741 lsandeo
2303 3685 2591 3741 invasores
2623 3685 2827 3755 injusti
2857 3685 3230 3741 reddiderunt
3253 3683 3494 3739 Immoni
3528 3682 3696 3738 advo-

2038 3780 2164 3830 cato
2209 3774 2265 3830 S.
2318 3774 2738 3843 Emmerammi,
2784 3775 3098 3830 secundum
3155 3773 3306 3842 quod
3357 3771 3694 3842 placitatum

2040 3863 2365 3920 habuerunt
2396 3863 2766 3933 persolvendo
2789 3876 2887 3933 per
2916 3862 3180 3934 singulos
3209 3875 3391 3918 annos
3431 3861 3490 3915 in
3513 3873 3692 3930 censu

2037 3960 2169 4010 ante
2217 3951 2574 4009 Cotafridum
2613 3952 2903 4025 comitem,
2957 3953 3014 4008 id
3064 3955 3151 4008 est
3191 3955 3440 4022 quatuor
3468 3949 3697 4006 solido-

2041 4056 2188 4099 rum.
2238 4041 2439 4097 Actum
2467 4045 2657 4097 autem
2684 4054 2874 4097 coram
2907 4041 3002 4096 his
3041 4041 3332 4112 omnibus,
3380 4041 3435 4096 id
3469 4046 3553 4095 est
3577 4039 3699 4094 Ga—

2042 4129 2274 4202 manolf,
2326 4129 2552 4201 Salaho,
2610 4130 2807 4201 Sahso,
2858 4130 3119 4201 Adalrih,
3174 4129 3507 4201 lteginhart,
3559 4128 3700 4182 Wi-

2041 4220 2222 4292 chart,
2269 4219 2496 4288 Kerrih,
2529 4218 2908 4289 Erchanpald,
2942 4218 3198 4290 Rihlant,
3254 4216 3542 4289 Frehholf,
3585 4209 3699 4272 Gi—

2041 4307 2265 4378 salfrid,
2307 4307 2630 4380 Engilpald,
2676 4306 2992 4378 Odalscalc,
3047 4307 3305 4378 Herigoz,
3354 4297 3702 4375 Staracholf,

1956 4398 2316 4477 DRodicho,
2389 4396 2663 4464 Wolfrid,
2744 4395 2944 4465 Adalo,
3017 4396 3232 4466 Heimo,
3307 4395 3693 4464 Cundbertus,

348 4495 634 4564 Quoniam
679 4492 889 4563 priscis
921 4491 1277 4562 temporibus
1303 4489 1521 4546 nobilis
1551 4488 1786 4560 quidam
1816 4488 1925 4560 vir,
2036 4487 2253 4557 Cozzol,
2287 4486 2566 4543 Frumolt.
2594 4485 2758 4542 Missi
2798 4485 2952 4541 enim
2980 4490 3117 4541 sunt
3143 4484 3223 4539 ibi
3249 4484 3307 4538 in
3336 4483 3430 4539 his
3455 4482 3600 4538 locis
3624 4482 3694 4538 ad

276 4584 513 4642 nomine
560 4582 804 4652 Rihpald
870 4581 1065 4650 abbas,
1131 4586 1188 4636 et
1248 4579 1425 4635 amita
1482 4580 1629 4651 ejus,
1701 4578 1931 4634 nomine
2041 4577 2445 4647 possidendam
2495 4575 2832 4632 vestituram
2907 4575 3075 4630 istam
3140 4573 3200 4629 bi
3254 4578 3370 4630 tres
3437 4571 3698 4628 homines

274 4672 569 4740 Deotlind,
610 4672 978 4727 tradiderunt
1027 4672 1140 4726 Deo
1167 4675 1224 4725 et
1277 4670 1332 4725 S.
1389 4671 1800 4724 Emmerammo
1841 4681 1931 4724 res
2040 4665 2700 4735 nostri:Cundperhtad
2731 4665 2880 4736 Ahu,
2921 4669 2977 4721 et
3002 4663 3324 4734 Stephanus
3344 4661 3592 4719 clericus
3626 4661 3696 4720 ad

275 4761 653 4833 proprietatis
698 4774 814 4816 suae
865 4773 966 4830 pro
1009 4760 1262 4815 remedio
1305 4758 1628 4814 animarum
1670 4770 1927 4828 suarum,
2038 4753 2348 4825 Jupinpab,
2379 4753 2724 4809 Cadenchilo
2745 4755 2815 4810 ad
2850 4753 3128 4810 Phetarah
3163 4753 3307 4809 hanc
3349 4752 3688 4809 vestituram

277 4851 571 4924 quidquid
596 4848 1005 4905 habueruntad
1029 4848 1330 4918 Phetarah,
1360 4849 1479 4903 sive
1495 4846 1564 4901 ad
1610 4845 1926 4916 vainpah,
2042 4843 2320 4901 consedit.
2349 4844 2418 4897 Et
2467 4842 2548 4898 ita
2581 4841 2742 4898 ﬁnita
2788 4847 2925 4899 sunt
2955 4843 3167 4913 placita
3211 4844 3329 4899 haec
3358 4846 3414 4899 et
3441 4845 3699 4899 revocata

275 4955 384 4998 seu
409 4940 480 4995 ad
506 4940 657 5006 Abu,
691 4940 840 5010 quod
889 4944 1080 5008 postea
1121 4938 1242 5007 ipse
1287 4935 1531 5006 Bihpald
1560 4934 1744 4991 voluit
1772 4948 1935 4990 com—
2046 4934 2105 4990 in
2140 4932 2526 4990 concordiam.

277 5029 562 5102 placitare
603 5028 906 5097 nepotibus
937 5028 1064 5084 suis
1110 5027 1445 5098 Engilmone
1495 5029 1551 5080 et
1605 5024 1923 5096 lsandeone,

2043 5042 2171 5097 CAP.
2231 5042 2463 5096 LXVIII.
2527 5067 2600 5080 --
2659 5039 3013 5095 Commutatio
3078 5041 3224 5094 inter
3269 5038 3692 5096 Ambrichonem

277 5119 379 5176 sed
423 5131 536 5173 non
579 5115 837 5188 perfecit,
873 5117 1140 5187 quodque
1194 5116 1274 5171 ita
1317 5116 1388 5170 ab
1435 5115 1522 5171 eis
1562 5112 1675 5170 fuit
1720 5113 1935 5182 injuste
2329 5114 2636 5182 episcopum
2692 5117 2742 5166 et
2794 5111 3100 5167 Rodoldum
3149 5114 3412 5168 comitem.

278 5209 586 5278 abreptum
633 5207 703 5262 de
749 5211 1025 5276 potestate
1075 5207 1130 5260 S.
1193 5203 1616 5276 Emmerammi,
1669 5203 1937 5273 quodque
2116 5202 2356 5273 Notitia,
2395 5201 2645 5273 qualiter
2670 5200 2981 5258 Ambricho
3007 5202 3536 5273 Radasponensium
3567 5197 3700 5268 epi-

281 5297 592 5353 Baturicus
611 5295 916 5365 episcopus
939 5300 995 5350 et
1017 5295 1324 5350 advocatus
1354 5293 1481 5361 ejus
1519 5295 1693 5348 Immo
1725 5291 1940 5362 exqui—
2047 5306 2256 5362 scopus
2281 5296 2338 5347 et
2362 5291 2640 5347 Rodoltus
2669 5305 2858 5347 comes
2889 5287 3055 5363 [Cod.
3092 5291 3189 5348 hic
3218 5304 3473 5361 semper:
3498 5281 3688 5359 comis}

281 5388 515 5444 sierunt
538 5385 608 5441 ab
641 5386 726 5440 eis
753 5385 812 5440 in
861 5384 1031 5439 mallo
1063 5383 1291 5453 publico
1322 5382 1391 5438 ad
1441 5382 1718 5438 Phetarah
1749 5395 1936 5437 coram
2047 5382 2596 5453 complacitaverunt
2631 5383 2780 5439 inter
2811 5396 2888 5438 se.
2917 5381 3087 5437 Dedit
3108 5382 3300 5452 itaque
3327 5377 3696 5449 supradictus

282 5475 580 5534 Cotafrido
605 5475 813 5531 comite
838 5473 1154 5544 multisque
1182 5472 1318 5528 aliis
1350 5471 1430 5527 ibi
1461 5473 1859 5543 praesentibus,
1881 5477 1938 5530 et
2045 5474 2353 5545 episcopus
2387 5487 2560 5544 supra
2589 5477 2896 5530 memorato
2925 5471 3125 5528 comiti
3151 5469 3374 5539 inloco,
3409 5465 3510 5537 qui
3537 5477 3700 5521 voca-

291 5568 379 5623 illi
405 5567 529 5638 lege
571 5571 803 5638 cogente
831 5564 937 5622 hoc
970 5565 1157 5636 ipsum
1207 5567 1386 5620 totum
1425 5563 1798 5620 reddiderunt
1827 5565 1940 5622 Ba—
2048 5573 2144 5624 tur
2174 5561 2573 5636 Umpalasdorf
2591 5563 2660 5620 de
2687 5571 2835 5620 terra
2863 5558 3070 5618 arabili
3111 5559 3312 5631 jugera
3340 5568 3586 5612 Lxxxui.
3629 5557 3699 5612 Et
