4076 6154
483 280 582 339 934

1515 279 1833 339 ANAMODI
1869 279 2402 338 RATISPONENSIS
2437 280 2848 346 SUBDIACONI
3727 285 3811 346 ωε

481 408 737 460 econtra
770 403 932 460 dedit
976 403 1255 462 Rodoltus
1282 417 1470 462 eomes
1515 405 1888 462 Amhrichoni
1935 419 2023 476 ep.
2073 403 2133 460 in
2162 403 2218 464 Α
2245 417 2374 460 cum
2425 403 2512 460 eis
2563 403 2756 462 Ratolf
2801 407 2858 460 et
2916 402 3062 476 Ano,
3121 409 3180 460 et
3225 403 3528 462 vestierunt
3565 406 3816 465 Immolet:

486 506 717 552 manum
745 493 1003 549 advocati
1032 494 1124 550 sui
1161 493 1479 551 Perahtrici
1513 494 1573 550 in
1614 495 1736 552 loco
1784 495 1888 566 qui
1917 493 2138 550 dicitur

481 583 766 655 Stupinga
801 583 1004 654 jugera
1049 597 1139 654 xx,
1191 589 1248 642 et
1287 585 1347 640 in
1388 584 1512 642 loco
1542 585 1642 656 qui
1676 584 2007 640 nominatur
2035 582 2138 638 Pi-

486 672 851 729 rihhinwanc
881 671 1174 729 similiter.
1224 675 1339 730 Hoc
1384 678 1574 730 autem
1628 673 1841 731 factum
1873 677 1960 730 est
1987 685 2136 728 anno

485 762 910 819 lncarnationis
934 763 1163 819 Domini
1193 760 1320 835 874,
1358 763 1563 821 lndict.
1610 761 1665 836 7,
1698 768 1754 820 et
1781 763 1841 820 in
1869 776 1976 819 vui
2007 761 2130 818 Kal.

484 851 666 908 Junii.

590 975 716 1034 CAP.
751 977 945 1034 LXIX.
978 1008 1052 1018 —
1078 979 1154 1034 De
1181 981 1370 1035 Marca
1399 979 1474 1034 ad
1500 981 1753 1034 Bramam
1779 978 2022 1047 ﬂuvium.

557 1084 682 1140 llam
719 1085 866 1142 ratio
901 1085 985 1142 vel
1028 1086 1236 1142 notitia
1265 1085 1593 1144 manifestat
1621 1087 1690 1142 de
1722 1098 1910 1141 marca
1941 1088 2132 1140 nostra

487 1173 548 1230 in
597 1173 720 1230 loco
759 1175 858 1245 qui
917 1183 1153 1232 vocatur
1198 1177 1453 1245 Braama,
1515 1191 1640 1248 quae
1695 1174 2014 1246 pertinebat
2064 1173 2137 1229 ab

483 1263 814 1320 Sconinowe
844 1269 900 1320 et
939 1265 1346 1322 monasterium
1377 1266 1430 1321 S.
1467 1265 1720 1336 Martini,
1751 1278 1875 1335 quae
1924 1263 2136 1332 injuste

484 1351 590 1410 diu
640 1353 806 1409 nobis
842 1352 1031 1410 ablata
1057 1359 1181 1422 est;
1213 1354 1311 1410 sed
1343 1367 1494 1410 nunc
1544 1354 1768 1410 tandem
1800 1351 2022 1408 reddita
2053 1355 2138 1406 est

487 1455 586 1512 per
613 1442 960 1500 Anawanum
987 1448 1042 1500 et
1069 1443 1301 1500 fratrem
1324 1444 1450 1512 ejus
1476 1443 1834 1498 Rihwassum
1856 1461 1870 1512 ς
1892 1441 1998 1498 hoc
2027 1445 2132 1511 est,

483 1531 554 1590 de
583 1531 756 1589 fluvio
790 1533 889 1604 qui
921 1533 1141 1590 dicitur
1165 1535 1420 1605 Braama,
1472 1546 1653 1602 usque
1699 1531 1768 1586 ad
1816 1531 2001 1588 locum
2034 1530 2134 1601 qui

485 1619 707 1676 dicitur
734 1621 981 1678 Tiufbah
1033 1621 1182 1678 inter
1226 1622 1438 1678 cultam
1491 1626 1547 1677 et
1601 1621 1878 1676 incultam
1928 1624 2134 1676 terram

480 1709 607 1780 jug.
629 1722 757 1780 cxx,
781 1715 836 1765 et
869 1709 973 1766 hoc
996 1708 1108 1766 fuit
1135 1709 1346 1768 factum
1374 1723 1563 1766 coram
1601 1709 1924 1766 Wichelmo
1959 1709 2134 1765 misso

485 1798 717 1854 comitis
758 1799 988 1855 Geroldi
1051 1799 1108 1855 in
1165 1800 1288 1869 ipsa
1346 1813 1532 1855 marca
1567 1806 1759 1856 nostra
1808 1813 1994 1855 coram
2044 1799 2136 1854 his

485 1887 775 1958 omnibus,
815 1903 1058 1960 quorum
1103 1889 1336 1952 nomina
1381 1894 1515 1945 sunt
1547 1890 1675 1960 ista,
1722 1895 1777 1945 et
1814 1889 2137 1945 Ellenricus

483 1977 709 2033 exstitit
735 1978 1043 2034 advocatus
1071 1983 1262 2035 noster
1282 1992 1350 2035 ex
1378 1983 1535 2049 parte
1555 1979 1886 2036 monasterii
1912 1979 1967 2034 S.
1994 1981 2136 2034 Mar-

485 2066 632 2121 tini:
687 2067 1133 2140 Erchanpertus,
1210 2068 1384 2139 Eigil,
1451 2067 1709 2138 Paturih,
1780 2069 2132 2139 Cundperht,

481 2154 817 2226 Cuniperht,
852 2156 1159 2226 Rodperht,
1205 2156 1492 2229 Anthelm,
1532 2157 1862 2228 Reginhart,
1898 2158 2132 2230 Regino,

482 2243 839 2316 Engilperht,
876 2245 1053 2318 Tevit,
1090 2245 1398 2318 Rodperht,
1445 2247 1632 2315 lletin,
1684 2247 1971 2317 llelmuni,
2018 2248 2140 2302 En-

487 2333 727 2405 gilpero,
787 2335 1044 2404 Friccho,
1106 2335 1332 2407 Rodolt,
1410 2337 1723 2408 Egilmunt,
1784 2336 2133 2397 Willihelm.

483 2423 654 2494 Etilo,
689 2425 1056 2496 Reginperht.
1095 2425 1296 2481 Actum
1325 2439 1426 2480 vm
1456 2427 1533 2482 Id.
1588 2425 1802 2496 Martii,
1854 2426 2015 2481 Feria
2047 2439 2132 2496 ιιι,

487 2513 546 2568 in
575 2513 1013 2585 quadragesima
1054 2514 1112 2569 in
1163 2515 1309 2588 loco,
1355 2520 1419 2570 ut
1468 2529 1661 2585 supra.
1696 2514 1911 2585 Scripsi
1943 2519 2133 2570 autem

483 2615 586 2674 ego
608 2603 979 2660 Ellinhardus
996 2604 1461 2676 diaconusjussu
1485 2605 1706 2662 domini
1738 2605 1847 2661 mei
1878 2604 2132 2661 Baturici

482 2705 759 2763 episcopi.

479 2801 608 2856 CAP.
642 2801 812 2857 LXX.
843 2831 918 2842 —
949 2803 1194 2858 Traditio
1237 2802 1500 2874 Rihpaldi
1527 2803 1742 2858 abbatis
1795 2803 1869 2858 ad
1902 2804 2128 2874 Sezpah.

555 2909 615 2964 In
637 2909 869 2964 nomine
886 2909 1090 2982 Patris,
1118 2913 1176 2966 et
1193 2909 1350 2976 Filii,
1378 2915 1434 2966 et
1451 2911 1706 2981 Spiritus
1723 2912 1926 2968 sancti.
1949 2912 2134 2983 Igitur

482 2997 542 3052 in
574 2997 673 3053 Dei
702 2999 932 3054 nomine
961 3012 1063 3070 ego
1094 2999 1415 3069 Rihpaldus
1442 2999 1618 3056 abbas
1647 3001 1861 3057 tradidi
1900 3001 2135 3057 haeredi-

2244 491 2577 550 advocatum
2608 493 2890 550 Adalwini
2935 507 3022 564 ep.
3074 496 3133 550 et
3158 493 3551 550 Wicrammum
3579 495 3818 566 presbyte-

2246 597 2371 638 rum
2391 586 2448 638 et
2468 583 2841 654 Praepositum
2864 583 2935 640 de
2973 582 3066 639 his
3095 582 3321 639 duobus
3351 581 3507 653 locis,
3547 583 3639 640 hoc
3659 589 3748 656 est,
3765 585 3817 648 ad

2242 670 2454 740 Sezpah
2485 676 2542 727 et
2579 671 2978 743 Niwinhuson,
3023 676 3081 728 et
3117 684 3381 728 concessa
3405 675 3534 728 sunt
3568 671 3670 728 haec
3708 673 3816 729 loca.

2242 757 2323 814 Ad
2355 759 2565 829 Sezpah
2589 760 2819 816 sedebat
2843 759 3038 817 Ratolf
3071 759 3382 816 monachus
3421 774 3543 816 cum
3567 761 3723 816 servis
3745 763 3818 817 do-

2246 846 2387 904 mini
2409 847 2662 920 episcopi
2681 848 2994 921 Adalwini;
3014 848 3084 906 ad
3107 848 3477 905 Niwinhuson
3492 848 3818 906 Wicrammus

2244 937 2586 1008 praepositus
2636 937 2979 996 Precabatur
3006 939 3179 994 etiam
3232 934 3543 1008 Rihp'aldus
3593 937 3740 994 abbas
3767 940 3819 995 ad

2242 1025 2601 1083 Adalwinum
2643 1027 2846 1101 episc.,
2877 1033 2942 1085 ut
2980 1028 3039 1083 in
3092 1027 3217 1098 ipsa
3262 1040 3446 1084 marca
3488 1040 3592 1083 una
3633 1027 3822 1082 ecclesia

2245 1113 2515 1170 fabricari
2541 1115 2852 1189 debuisset,
2889 1117 2994 1174 hoc
3017 1122 3123 1188 est,
3182 1117 3252 1173 ad
3305 1116 3528 1187 Sezpah,
3570 1121 3622 1172 et
3657 1115 3819 1172 ibidem

2246 1204 2534 1275 posuisset
2563 1205 2815 1277 aliquem
2845 1207 3204 1265 sacerdotum
3253 1206 3354 1277 qui
3384 1205 3584 1262 ibidem
3610 1211 3765 1261 cantet
3781 1211 3822 1261 et

2244 1308 2374 1351 cum
2405 1294 2674 1352 omnibus
2693 1296 2747 1351 S.
2782 1297 3194 1353 Emmerammo
3224 1295 3478 1352 serviret.
3515 1295 3821 1351 Praesentium

2247 1383 2479 1440 nomina
2513 1385 2612 1455 qui
2664 1385 2966 1442 viderunt:
3014 1385 3409 1455 Erchanperht
3447 1384 3714 1451 diaconus,
3738 1383 3824 1438 Re-

2246 1473 2515 1543 ginperbt
2541 1473 2840 1545 diaconos,
2873 1474 3064 1532 Welto
3091 1473 3360 1544 clericus,
3384 1472 3662 1544 Heriperht
3686 1471 3826 1526 cleri-

2246 1575 2370 1633 cus,
2442 1562 2671 1634 Pillinc,
2746 1563 3024 1635 Frumolt,
3095 1563 3399 1634 Cunthart,
3463 1562 3707 1618 Paldmot.
3761 1557 3822 1614 Ad

2248 1651 2533 1708 tumulum
2557 1652 2611 1707 S.
2637 1653 3038 1709 Emmerammi
3088 1651 3303 1709 factum
3346 1657 3432 1708 est
3469 1651 3583 1708 hoc.
3612 1651 3696 1706 Isti
3723 1654 3825 1705 sunt

2165 1749 2218 1812 Β
2249 1740 2349 1811 qui
2382 1741 2689 1811 viderunt;
2719 1744 2870 1813 quod
2905 1741 3149 1813 Rihpald
3180 1741 3424 1798 tradidit
3455 1741 3510 1796 in
3541 1753 3714 1796 manus
3735 1738 3826 1793 Ab-

2247 1828 2416 1886 bonis
2445 1831 2715 1901 aliorum,
2772 1833 2923 1902 quod
2975 1845 3147 1902 supra
3195 1831 3474 1901 diximus,
3506 1829 3824 1885 hereditatem

2245 1932 2448 1974 suam:
2512 1920 2773 1991 Gerhart,
2831 1920 3150 1991 Liutperht,
3220 1918 3566 1992 Engilperht,
3629 1916 3821 1985 Pillunc,

2244 2007 2435 2079 Ogast.
2458 2009 2584 2064 Haec
2604 2014 2741 2065 sunt
2761 2010 2994 2066 nomina
3019 2009 3255 2066 testium
3281 2009 3379 2081 qui
3406 2022 3502 2079 per
3523 2020 3674 2063 aures
3694 2003 3822 2060 tracti

2246 2103 2424 2153 sunt:
2466 2098 2845 2170 Chuniperht,
2886 2098 3216 2170 Ambricho,
3247 2098 3490 2168 Pillunc,
3516 2099 3687 2166 Immo,
3724 2092 3826 2149 Cri-

2247 2187 2429 2259 muni,
2462 2188 2824 2259 Fridaperht,
2861 2188 3278 2260 Erchanherht,
3310 2181 3821 2256 lladamar,Gerpald,

2244 2277 2401 2345 Toto,
2459 2277 2724 2349 Sipihho,
2779 2277 3095 2350 Wolfpero,
3150 2277 3414 2346 Adalrih,
3469 2275 3642 2344 Unolz,
3683 2274 3822 2340 lluno,

2245 2363 2552 2436 Altiperbt,
2581 2366 2798 2438 Hegilo,
2832 2366 3108 2422 Wiclant.
3161 2365 3332 2422 Facta
3363 2364 3473 2421 fuit
3506 2365 3612 2420 haec
3641 2360 3824 2417 traditio

2244 2454 2311 2508 ad
2359 2454 2836 2512 Cundaresbuson
2891 2469 3040 2512 anno
3115 2453 3225 2510 814
3305 2451 3694 2511 lncarnationis
3736 2451 3824 2503 D0-

2246 2543 2388 2599 mini
2447 2544 2629 2600 nostri
2681 2546 2813 2601 .lesu
2858 2545 3115 2616 Christi;
3165 2559 3321 2602 anno
3369 2543 3601 2600 secundo
3646 2537 3825 2608 imperii

2243 2631 2463 2687 domini
2504 2633 2821 2690 llludowici
2853 2634 3120 2706 Augusti,
3170 2635 3376 2692 indict.
3417 2629 3468 2704 7,
3498 2647 3526 2689 v
3571 2629 3678 2688 Kal.
3701 2629 3823 2692 Nom,

2243 2720 2338 2777 die
2361 2722 2678 2779 Dominico.
2729 2725 2894 2780 Facta
2923 2723 3204 2780 vestitura
3234 2725 3304 2780 ad
3336 2725 3391 2781 S.
3424 2724 3826 2778 Emmerammum

2241 2811 2337 2868 die
2385 2813 2574 2884 Lunaa,
2623 2813 2773 2884 quod
2825 2820 2911 2871 est
2939 2829 3018 2871 xu
3064 2815 3188 2870 Kal.
3242 2813 3497 2871 Decemb.
3524 2813 3576 2867 in
3623 2810 3726 2879 ipsa
3753 2819 3829 2860 ec-

2241 2900 2417 2956 clesia
2443 2901 2498 2956 S.
2541 2904 2965 2960 Emmerammi.
3010 2903 3306 2960 Ellinhart
3341 2901 3826 2969 diaconusjussnsa

2240 2989 2474 3047 domino
2506 3005 2628 3049 meo
2671 2992 2967 3050 Adalwiuo
3007 2994 3280 3065 episcopo
3311 2993 3488 3066 ipsam
3517 2988 3824 3046 traditionem

482 3090 653 3142 tatem
696 3100 874 3143 meam
901 3101 1070 3159 quam
1104 3087 1278 3145 habui
1311 3089 1380 3144 ad
1411 3089 1646 3161 Sezpah,
1679 3094 1735 3146 et
1785 3091 1853 3146 ad
1904 3091 2134 3148 Niwin—
2163 3071 2212 3144 β
2243 3079 2472 3152 Scripsi.

483 3175 691 3232 husum
709 3177 767 3232 in
783 3191 984 3232 manus
1001 3177 1322 3234 Abhoniset
1334 3179 1693 3251 Engilmonis
1709 3184 1765 3235 et
1778 3181 2129 3254 lsandeonis,

479 3268 535 3319 et
565 3265 840 3336 Paldrici,
876 3271 933 3322 et
961 3266 1165 3323 Ratolfi
1219 3272 1276 3322 et
1300 3268 1521 3339 Anoni;
1553 3272 1615 3325 ut
1654 3269 1703 3324 si
1735 3283 1838 3342 ego
1870 3275 2134 3328 mortuus

482 3351 718 3410 fuissem
745 3355 804 3410 in
827 3356 940 3412 isto
967 3356 1174 3412 itinere
1199 3359 1266 3413 ad
1297 3357 1574 3428 palatium
1605 3359 1814 3430 eundo,
1848 3365 1985 3417 tunc
2017 3361 2131 3431 ipsi

480 3443 591 3498 viri
620 3444 737 3500 haec
765 3445 960 3502 omnia
984 3459 1085 3516 pro
1108 3446 1300 3502 anima
1333 3461 1451 3504 mea
1482 3449 1550 3504 ad
1582 3449 1635 3503 S.
1660 3450 2133 3506 Emmerammum

479 3532 876 3606 tradidissent,
948 3539 1188 3606 petoque
1229 3535 1588 3592 Adalwinum
1653 3537 1983 3606 episcolium
2045 3539 2131 3595 vel

477 3623 604 3692 ejus
642 3637 1020 3693 successores,
1051 3631 1115 3678 ut
1140 3625 1258 3678 hac
1294 3624 1410 3679 duo
1434 3625 1578 3688 loca,
1609 3624 1665 3680 id
1689 3631 1794 3694 est,
1822 3627 1891 3682 ad
1918 3628 2133 3696 Sezpah

477 3717 534 3766 et
557 3711 626 3766 ad
658 3712 1042 3767 Niwinhusun
1073 3725 1295 3782 semper
1322 3713 1391 3768 ad
1415 3713 1470 3768 S.
1504 3715 1978 3770 Emmerammum
2006 3730 2136 3771 ser—

478 3800 657 3870 viant,
686 3806 741 3854 et
776 3799 992 3856 nemini
1029 3800 1086 3854 in
1119 3799 1393 3856 beneficio
1435 3802 1741 3873 donentur,
1763 3809 1816 3858 et
1844 3810 2134 3862 manentes

480 3888 592 3958 ipsi
627 3901 737 3944 non
762 3893 1057 3944 mutentur
1085 3889 1180 3945 sed
1211 3894 1474 3946 maneant
1506 3890 1564 3945 in
1599 3889 1739 3948 locis
1769 3892 1894 3949 suis
1921 3898 1979 3949 et
2011 3894 2133 3964 ipsa

484 3977 788 4046 mancipia.
836 3975 1114 4034 Defuncto
1171 3991 1304 4034 vero
1355 3978 1638 4050 Rihpaldo
1695 3981 1917 4052 abbate,
1977 3985 2135 4041 venit

477 4065 635 4122 Abbo
657 4080 770 4122 una
791 4080 920 4123 cum
944 4067 1205 4124 Paldrico
1241 4072 1296 4124 et
1319 4067 1563 4141 Ratolfo,
1597 4070 1873 4128 similiter
1907 4077 1963 4128 et
2009 4073 2133 4131 Ano

475 4155 544 4211 ad
569 4157 622 4211 S.
652 4157 1150 4228 Emmerammum,
1191 4162 1248 4214 et
1275 4158 1528 4214 eamdem
1560 4160 1932 4218 traditionem
1959 4177 2130 4234 quam

477 4243 720 4315 Rihpald
753 4244 929 4301 abbas
960 4245 1018 4301 in
1041 4259 1237 4302 eorum
1284 4260 1488 4305 manus
1536 4249 1732 4318 posuit
1762 4251 2132 4307 tradiderunt

475 4335 530 4390 S.
556 4335 967 4394 Emmerammo
1005 4349 1106 4406 pro
1133 4335 1403 4407 Rihpaldi
1444 4336 1671 4394 abbatis
1692 4337 1897 4394 anima:
1922 4344 2132 4396 aeterna

2382 3222 2510 3278 CAP.
2547 3223 2739 3280 LXXI.
2772 3253 2846 3265 —
2878 3225 3124 3280 Τναάἰίἰο
3169 3225 3488 3282 Willihelmi
3514 3221 3714 3277 comitis.

2313 3347 2545 3404 Constat
2565 3347 2834 3406 omnibus
2857 3349 3198 3406 mortalibus
3220 3351 3362 3422 quia
3385 3351 3498 3406 haec
3512 3348 3618 3405 vita
3632 3341 3823 3401 nimium

2244 3434 2432 3493 brevis
2452 3443 2556 3508 est,
2577 3437 2672 3494 sed
2697 3437 2864 3510 longa
2885 3436 3100 3496 futura.
3121 3440 3480 3512 Quapropter
3493 3433 3826 3496 Willihelmus

2244 3539 2432 3582 comes
2459 3527 2831 3584 considerans
2859 3527 2977 3586 haec
3009 3529 3089 3584 ita
3119 3542 3179 3584 se
3208 3529 3419 3586 habere
3445 3542 3540 3600 pro
3563 3528 3657 3597 (sic
3692 3518 3823 3585 Cod.)

2243 3615 2600 3686 adipiscendi
2616 3617 2826 3689 gaudia
2850 3619 3198 3689 sempiterna
3217 3624 3278 3675 et
3299 3615 3824 3676 remedioanimaesua

2244 3706 2487 3762 tradidit
2511 3707 2580 3762 ad
2619 3709 2673 3762 S.
2708 3709 3182 3764 Emmerammum
3228 3724 3321 3765 res
3361 3704 3704 3780 proprietatis
3739 3710 3824 3754 sua:

2244 3809 2388 3865 quas
2420 3796 2625 3852 habere
2653 3797 2955 3853 videbatur
2984 3799 3042 3854 in
3072 3797 3194 3855 loco
3229 3799 3520 3854 nominato
3555 3789 3822 3853 Bersnicha,

2245 3883 2302 3939 id
2335 3889 2420 3940 est
2440 3885 2736 3942 ecclesiam
2776 3891 2830 3942 et
2857 3900 3044 3943 casam
3070 3901 3199 3942 cum
3245 3893 3425 3959 curte,
3452 3893 3610 3957 atque
3636 3876 3825 3948 reliquis

2242 3974 2506 4030 aediliciis
2527 3989 2656 4032 cum
2676 3976 2984 4046 mancipiis
3008 3975 3157 4033 infra
3173 3977 3430 4049 domum,
3453 3981 3507 4032 et
3527 3965 3823 4029 manentibus

2243 4063 2568 4135 servilibus,
2600 4065 2790 4136 terris,
2813 4067 3016 4139 pratis,
3037 4067 3292 4139 pascuis,
3317 4072 3373 4124 et
3393 4065 3623 4123 dimidio
3644 4059 3821 4118 foreste,

2240 4153 2428 4224 aquis,
2457 4166 2852 4226 aquarumque
2870 4155 3242 4228 decursibus,
3285 4156 3589 4214 mobilibus
3607 4156 3656 4206 et
3675 4150 3822 4239 imme-

2241 4239 2480 4313 bilibus,
2511 4243 2706 4315 cultis,
2731 4244 2816 4300 vel
2849 4245 3109 4318 incultis,
3140 4246 3427 4318 quidquid
3458 4243 3568 4301 dici
3593 4239 3666 4296 vel
3690 4245 3824 4291 nomi-

2241 4330 2367 4386 nari
2396 4336 2582 4401 potest
2613 4346 2744 4389 cum
2792 4335 2948 4390 omni
2988 4335 3149 4391 lucro
3179 4336 3332 4406 quod
3377 4347 3522 4391 nunc
3567 4331 3619 4385 in
3655 4321 3821 4381 eisdem

478 4426 753 4497 mercede,
812 4429 870 4481 et
915 4426 1233 4482 vestierunt
1280 4439 1469 4482 casam
1513 4427 1571 4481 S.
1621 4428 2019 4485 Emmerammi
2061 4430 2133 4486 de
2156 4419 2213 4495 ι)
2243 4421 2436 4476 causis
2461 4435 2584 4478 esse
2600 4423 2829 4479 Videtur
2847 4423 3240 4494 veldeinceps,
3261 4424 3329 4480 ad
3355 4437 3480 4495 qua:
3495 4421 3654 4477 situm
3669 4408 3819 4469 fuerit.

484 4514 756 4570 omnibus
799 4528 1156 4585 quaecunque
1209 4514 1596 4584 tradiderunt,
1666 4515 1722 4571 id
1795 4521 1902 4588 est,
1964 4532 2136 4574 man-

477 4607 562 4658 tes
593 4604 737 4675 XIV,
767 4605 836 4659 ad
881 4604 1116 4674 Sezpah,
1147 4603 1218 4659 ad
1259 4603 1638 4661 Niwinhuson
1673 4619 1751 4677 ιν,
1796 4621 1925 4663 cum
1981 4622 2132 4665 man-

474 4691 651 4760 cipiis
670 4692 1031 4762 etdomibus,
1053 4698 1247 4748 curtes
1271 4692 1544 4749 similiter
1573 4700 1629 4750 et
1660 4701 1860 4768 terras,
1884 4699 2123 4771 campis,

474 4778 661 4849 silvis,
698 4780 897 4849 pratis,
929 4781 1180 4851 pascuis,
1211 4781 1402 4853 aquis,
1434 4783 1747 4840 mobilibus
1784 4792 1839 4840 et
1868 4786 2128 4842 immobi-

477 4867 650 4924 libus.
685 4869 888 4925 Omnia
919 4869 1074 4924 culta
1100 4871 1184 4926 vel
1237 4871 1488 4944 inculta;
1517 4874 1728 4929 omnia.
1786 4875 1945 4931 Nihil
1977 4891 2128 4946 prae-

475 4958 1016 5029 termisitRihpald,
1047 4968 1276 5030 excepto
1326 4961 1503 5018 hobas
1547 4977 1610 5019 Ill
1665 4977 1808 5034 quas
1854 4980 2128 5022 concam-

473 5047 656 5103 biavit
702 5062 830 5103 cum
878 5049 1248 5120 Meginhardo
1279 5049 1513 5122 abbate;
1571 5053 1678 5108 hoc
1731 5058 2124 5113 tantummodo

475 5138 860 5208 praetermisit.
889 5139 956 5193 Et
985 5139 1110 5195 ideo
1139 5154 1242 5212 ego
1272 5141 1517 5211 Rihpald
1546 5143 1760 5198 tradidi
1786 5143 1891 5200 hoc
1924 5145 1981 5199 in
2013 5150 2122 5201 tam

474 5227 784 5284 multorum
826 5241 1028 5284 manus
1067 5229 1384 5301 hominum,
1421 5231 1474 5285 id
1530 5237 1616 5286 est
1653 5246 1751 5288 sex
1805 5233 2121 5308 hominum,

473 5321 536 5373 ut
553 5317 884 5388 quicunque
898 5331 966 5374 ex
986 5318 1077 5375 his
1103 5320 1440 5391 voluissent,
1463 5325 1573 5376 tam
1600 5335 1773 5392 unus,
1796 5336 1965 5392 quam
1984 5323 2121 5397 duo,

2242 4510 2391 4566 nihil
2421 4518 2577 4568 extra
2601 4511 2922 4584 dimittens,
2957 4517 3014 4569 et
3042 4513 3251 4570 eaedem
3281 4527 3466 4570 causa:
3495 4511 3550 4566 in
3569 4508 3680 4577 ejus
3711 4503 3822 4571 Ροῐθ

2240 4605 2384 4657 state
2405 4600 2605 4657 ﬁerent
2630 4616 2812 4673 usque
2831 4603 2970 4659 dum
2991 4603 3204 4659 viveret
3226 4603 3374 4674 ipsa,
3402 4607 3458 4658 et
3475 4593 3710 4667 conjugis
3727 4588 3820 4656 eius

2235 4690 2558 4762 Engilradae
2596 4691 2776 4748 donec
2809 4693 2935 4762 ipsa
2973 4692 3235 4764 vixisset,
3262 4697 3322 4748 et
3362 4688 3608 4763 quandiu
3639 4681 3817 4738 thorum

2237 4780 2553 4836 maritalem
2579 4787 2956 4853 conservaret,
2979 4788 3036 4838 et
3065 4782 3184 4838 haec
3209 4782 3481 4838 omnibus
3510 4773 3676 4834 modis
3697 4767 3820 4866 firma

2237 4871 2625 4943 persisterent,
2659 4871 2707 4928 si
2740 4871 2852 4928 sibi
2890 4873 3068 4929 haeres
3103 4887 3215 4929 non
3261 4875 3598 4929 nasceretur.
3629 4864 3724 4918 Hoc
3747 4864 3821 4943 mf

2235 4976 2408 5032 super
2431 4942 2841 5032 complacitans
2869 4977 3000 5020 cum
3037 4965 3306 5020 Baturico
3335 4975 3457 5019 ven.
3503 4942 3819 5039 pontifice,-

2235 5051 2302 5106 ad
2330 5052 2666 5109 Eskitunam
2694 5057 2751 5108 et
2793 5053 2994 5109 Wesin
3025 5055 3219 5110 omnia
3250 5066 3378 5125 quae
3423 5049 3619 5105 ibidem
3642 5033 3814 5134 illa???

2238 5142 2503 5211 praesulis
2528 5141 2726 5198 fierent
2767 5143 2826 5198 in
2872 5142 3210 5199 beneficium
3261 5143 3449 5212 ipsius
3484 5138 3549 5194 ad
3594 5127 3816 5226 ἀίω-γῆξ

2236 5246 2353 5287 suae
2385 5232 2761 5302 possiderent,
2793 5237 2850 5288 et
2884 5238 3012 5303 post
3061 5233 3295 5290 illorum
3326 5231 3498 5286 vitam
3535 5219 3818 5316 supralde

2235 5335 2326 5377 res
2349 5335 2475 5392 quae
2499 5321 2570 5376 ab
2609 5336 2674 5378 eo
2699 5323 2925 5379 traditae
2950 5328 3105 5394 sunt,
3147 5323 3232 5380 vel
3264 5335 3392 5392 quae
3444 5321 3501 5374 in
3532 5309 3811 5394 beneﬁcium

470 5406 589 5463 sive
610 5413 744 5477 tres,
778 5422 878 5465 seu
917 5423 1113 5466 omnes
1150 5410 1325 5466 simul
1354 5388 1435 5466 ad
1457 5416 1717 5468 sanctum
1761 5388 2124 5471 'Emmeram-L
2231 5388 2472 5484 accepit,
2505 5427 2605 5485 per
2645 5414 2840 5470 omnia
2886 5414 3234 5472 emelioratze
3279 5413 3350 5469 ad
3400 5407 3703 5480 praedictum

470 5511 624 5555 mum
668 5498 930 5556 tradendi
963 5499 1202 5557 liberam
1243 5503 1576 5570 potestatem
1610 5500 1670 5559 in
1694 5503 1964 5560 omnibus
2011 5505 2122 5562 ha-
2230 5481 2488 5560 sanctum
2506 5481 2762 5562 firmiter
2792 5505 3113 5562 consistant
3139 5504 3357 5574 absque
3386 5498 3561 5557 ullius
3587 5481 3818 5550 contradi-

469 5587 748 5646 buissent.
778 5591 910 5646 Post
944 5589 1063 5646 haec
1108 5603 1238 5646 vero
1263 5589 1420 5647 venit
1467 5589 1623 5650 Abho
1661 5596 1716 5650 et
1766 5592 2023 5666 Paldrih,
2063 5599 2119 5653 et
2227 5594 2436 5652 ctione.
2461 5595 2614 5652 Hanc
2638 5609 2771 5654 vero
2792 5595 3163 5655 traditionem
3184 5591 3438 5663 suscepit
3457 5585 3727 5648 Baturicus
3743 5585 3810 5642 eP-
