4076 6154
255 258 369 319 933

1219 266 1676 328 TRADITIONES
1711 271 2350 334 EIIMEBAMMENSES.
2389 308 2464 322 -—
2498 281 2624 337 LIB.
2669 285 2707 338 I.

3557 291 3665 354 936

259 397 374 440 una
418 397 548 442 cum
592 384 896 455 Erinperto
935 388 1203 448 advocato
1249 406 1373 450 suo.
1417 395 1486 454 Et
1526 398 1698 452 testes
1743 397 1918 469 hujus
1945 401 2006 462 A
2029 399 2145 457 haec
2176 402 2414 461 traditio
2451 403 2599 461 facta
2629 411 2715 462 est
2745 421 2988 479 quorum
3019 425 3088 468 ex
3119 419 3275 484 parte
3304 417 3536 474 nomina
3571 420 3672 477 in-

256 473 600 530 traditionis
629 488 729 545 per
757 489 924 534 aures
967 479 1131 538 tracti
1165 485 1302 538 sunt
1331 502 1342 538 :
1373 483 1646 558 Hilpung,
1679 487 1913 561 Fezzilo,

253 561 620 634 Madalhelm,
677 564 776 636 qui
834 570 889 622 et
942 566 1050 624 ﬁde
1096 570 1355 640 jussores
1412 575 1706 632 vestitum:
1758 583 1913 650 sunt,

252 651 483 724 Pazrih,
555 652 812 722 Arnmot,
885 657 1213 734 Mahalfrid,
1289 662 1549 732 Alaman,
1606 667 1914 740 Adalwart,

251 742 421 812 Poso,
524 742 867 817 Reginwart,
954 747 1156 822 Eckeo,
1240 753 1564 826 Ermperht,
1651 757 1913 830 Kerhart,

250 831 462 902 Eccho,
533 832 828 903 Odalbart,
907 836 1289 912 Erchanpald,
1369 843 1622 915 Kerhoh,
1693 846 1914 918 Wldar,

251 919 607 994 Willihelm,
672 924 982 995 Trostmar,
1041 927 1215 1000 Eigil,
1275 930 1523 1004 Pillunc,
1584 933 1914 1007 Erinperht,

250 1008 586 1082 Cotaperht,
651 1011 786 1067 item
852 1015 1213 1090 Madalhelm,
1282 1021 1578 1094 Engildeo,
1638 1023 1916 1080 Odalhart

249 1099 565 1170 Wolfhart,
613 1100 944 1173 Reginhart,
987 1106 1320 1181 Gewilbald,
1366 1111 1778 1185 Erchanperht,
1811 1113 1917 1169 El—

251 1185 539 1260 lenperht,
610 1189 887 1264 Sigibald,
937 1192 1156 1267 Albrat,
1209 1195 1538 1269 Adalperht.
1589 1201 1728 1258 Acta
1781 1210 1917 1259 sunt

252 1277 374 1332 haec
402 1277 472 1332 ad
511 1277 902 1339 Sconinowam
937 1287 1366 1344 monasterium.
1395 1288 1558 1347 Anno
1601 1291 1915 1348 Dominicis

249 1367 678 1424 lncarnationis
713 1366 837 1425 834.

391 1492 521 1548 CAP.
557 1495 775 1550 LXXII.
807 1526 882 1537 —
909 1498 1154 1554 Traditio
1190 1502 1510 1558 Willihelmi'
1538 1507 1764 1560 comitis.

319 1616 604 1690 Quisquis
644 1619 704 1675 in
736 1619 839 1677 hac
865 1623 981 1679 vita
1012 1640 1138 1696 qua:
1169 1628 1396 1685 cunctis
1439 1631 1778 1687 mortalibus
1813 1631 1911 1687 in—

2028 492 2394 549 notescimus.
2475 496 2683 552 Ernost
2754 498 2952 554 comis.
3038 502 3390 576 Werinheri,
3485 507 3666 582 Timo,

2025 581 2296 654 Ermfrid,
2384 585 2674 657 Ratperht,
2755 587 2879 660 Uto,
2961 591 3231 664 Waning,
3321 595 3668 668 Willihelm,

2027 671 2290 744 Rihheri,
2356 674 2712 748 Wolfdrigil,
2783 679 2944 751 Poso,
3015 680 3264 753 Eginolf,
3337 684 3667 760 Perehttolt,

2028 761 2216 818 Rihho
2247 776 2416 834 com.,
2457 764 2656 837 Adalo,
2701 767 2910 841 Ratolt,
2943 769 3152 843 Popili,
3183 771 3407 846 Rodolt,
3441 775 3667 848 Fritilo,

2029 849 2394 924 Reginperht,
2472 853 2754 928 Adalhoh,
2821 858 3127 931 Managolt,
3197 862 3364 934 Papo,
3437 863 3666 921 Alblter.

2024 937 2192 995 Facta
2238 945 2325 996 est
2367 941 2486 999 huic
2530 944 2772 1002 traditio
2820 945 2880 1002 in
2929 947 3052 1004 loco
3098 964 3272 1021 supra
3318 951 3476 1010 dicto
3520 966 3671 1010 anno

2025 1027 2252 1085 Domini
2283 1027 2408 1087 837.

2023 1135 2150 1191 CAP.
2213 1139 2454 1195 LXXIV.
2505 1171 2580 1218 j—
2627 1142 2981 1199 Commutatio
3042 1147 3185 1202 inter
3238 1148 3671 1218 Erchanfridum

2445 1215 2750 1284 episcopum
2793 1222 2844 1270 et
2883 1218 3248 1290 Eparhohum.

2095 1297 2157 1352 In
2189 1299 2417 1354 nomine
2456 1307 2663 1357 sanctae
2701 1309 2757 1358 et
2798 1297 2982 1360 unicis
3031 1307 3355 1365 Trinitatis.
3401 1310 3672 1382 Compla-

2023 1385 2145 1440 cuit
2173 1386 2324 1442 inter
2351 1389 2792 1448 Erchanfridum
2824 1407 3009 1450 vener.
3044 1397 3375 1467 episcopum
3406 1406 3462 1454 et.
3486 1402 3673 1471 Epar—

2025 1473 2235 1530 hohum
2265 1475 2452 1533 virum
2486 1478 2735 1536 nobilem
2766 1496 2867 1551 pro
2897 1484 3195 1541 amborum
3229 1486 3483 1544 utilitate
3507 1503 3672 1546 com-

2023 1564 2397 1621 mutationem
2448 1569 2748 1638 quamdam
2784 1570 2926 1627 fieri.
2975 1573 3238 1630 Tradidit
3279 1577 3670 1634 Wicrammus

2020 1653 2326 1711 advocatus
2356 1656 2610 1728 episcOpi
2649 1672 2778 1714 cum
2805 1660 3066 1730 jussione
3095 1667 3151 1718 et
3179 1663 3416 1722 licentia
3444 1666 3666 1722 domini

246 1716 406 1764 certa
454 1714 541 1764 est
582 1715 745 1766 caute
793 1714 1162 1784 semetipsum
1205 1721 1321 1775 tota
1364 1720 1569 1776 mentis
1612 1721 1910 1778 devotione

2025 1742 2338 1800 llludowici
2382 1714 3062 1818 regis-praedictoﬁlaico—
3095 1714 3252 1808 illam
3299 1755 3667 1812 traditionem

246 1798 672 1868 circumspicit,
705 1800 774 1855 ad
805 1800 963 1857 illam
992 1803 1116 1860 sine
1141 1805 1320 1863 dubio
1347 1809 1638 1878 perveniet
1665 1809 1914 1866 feliciter

243 1888 426 1942 vitam
461 1887 561 1943 ubi
595 1888 684 1944 illi
720 1904 851 1946 cum
880 1891 1109 1949 Christo
1142 1903 1382 1966 regnant
1412 1898 1511 1969 qui
1549 1899 1643 1955 hic
1675 1900 1914 1970 provide

246 1983 552 2049 gesserunt
597 1985 876 2050 praecepta
928 1983 1156 2040 Domini
1203 1987 1294 2042 sui
1343 1991 1749 2047 conservando.
1798 1993 1913 2046 Hac

245 2065 475 2122 cautela
516 2073 893 2138 compunctus
937 2072 1170 2142 quidam
1220 2076 1421 2147 comis,
1478 2079 1708 2135 nomine
1751 2079 1912 2135 Wil-

241 2153 544 2227 lihelmus,
569 2160 644 2228 et,
679 2162 742 2212 ut
764 2157 1124 2230 refrigerium
1158 2163 1362 2220 anima:
1393 2180 1509 2222 suae
1535 2180 1599 2222 ac
1629 2173 1911 2238 perpetuae

244 2243 631 2300 beatitudinis
678 2246 917 2318 gloriam
963 2251 1306 2325 acquireret,
1353 2255 1420 2310 ad
1463 2256 1517 2310 S.
1559 2258 1914 2312 Emmeram-

246 2348 408 2388 mum
463 2334 562 2389 Dei
619 2341 921 2406 martyrem
985 2341 1176 2396 omnia
1222 2357 1347 2412 qua:
1406 2343 1610 2400 habuit
1661 2346 1718 2401 in
1765 2346 1910 2402 locis

243 2422 452 2478 subter
493 2425 729 2494 scriptis
771 2427 1052 2483 tradidit:
1085 2430 1349 2503 nihilque
1393 2435 1760 2504 proprietatis
1795 2451 1912 2493 suae

248 2516 415 2566 extra
467 2513 694 2569 dimisit
759 2517 908 2586 quod
961 2531 1072 2573 non
1132 2520 1381 2576 traderet
1430 2521 1488 2577 in
1533 2523 1678 2580 vicis
1728 2525 1908 2596 istis;

241 2600 661 2674 Sconheringa,
708 2603 1105 2662 Cheminatum
1136 2613 1192 2663 et
1231 2610 1553 2684 Purcheim,
1587 2627 1650 2668 ea
1688 2615 1913 2671 scilicet

244 2690 513 2745 ratione:
550 2697 612 2748 ut
657 2697 784 2762 post
838 2693 1058 2751 obitum
1103 2712 1270 2753 suum
1323 2698 1564 2756 firmiter
1608 2703 1676 2758 ad
1722 2703 1910 2774 ipsum

244 2785 526 2844 sanctum
580 2781 678 2836 Dei
727 2781 849 2852 ipsa
899 2785 1233 2842 traditionis
1279 2801 1451 2846 causa
1508 2796 1811 2859 constaret,
1859 2793 1908 2848 si

245 2868 532 2924 hieredem
601 2884 713 2927 non
774 2871 1024 2945 haberet,
1095 2880 1150 2930 et
1211 2882 1396 2933 tamen
1457 2881 1666 2950 conjux
1727 2881 1912 2952 ipsius

241 2957 472 3013 easdem
501 2973 592 3015 res
633 2960 691 3016 in
721 2960 944 3018 ditione
983 2977 1086 3019 sua
1133 2969 1347 3022 teneret
1396 2969 1653 3038 quandiu
1698 2970 1910 3027 lectum

243 3062 418 3103 suum
467 3056 842 3106 conservaret.
889 3052 947 3106 Si
997 3066 1127 3108 vero
1175 3053 1424 3112 humano
1475 3072 1628 3114 more
1673 3061 1911 3116 contin—

240 3140 405 3206 geret
435 3145 498 3192 ut
529 3137 736 3195 lectum
770 3154 939 3197 suum
980 3155 1092 3198 non
1123 3145 1464 3218 custodiret,
1510 3161 1638 3203 mox
1671 3149 1910 3207 traditio

238 3225 314 3280 ad
364 3225 550 3281 locum
601 3243 771 3284 suum
828 3236 1220 3288 reverteretur.
1277 3235 1335 3290 Si
1387 3242 1575 3291 autem
1629 3237 1909 3295 hmredem

240 3315 612 3384 superstitem
643 3317 866 3388 habeat,
902 3325 967 3375 ut
994 3321 1115 3392 ipse
1145 3324 1481 3392 potestative
1513 3325 1904 3384 haereditatem

239 3416 410 3458 suam
466 3406 757 3474 possideat
804 3408 1017 3481 absque
1066 3411 1248 3468 ullius
1309 3415 1781 3472 contradictione.
1835 3419 1905 3473 Et

239 3498 420 3548 testes
462 3495 716 3571 ejusdem
760 3497 1094 3558 traditionis
1136 3501 1232 3556 isti
1279 3503 1669 3560 exstiterunt:
1698 3507 1906 3576 Ratpot

241 3582 448 3651 comis,
518 3584 835 3658 Cundpald,
908 3589 1244 3663 Cuniperht,
1309 3593 1543 3648 Orendil
1615 3595 1903 3667 comites;

239 3672 569 3744 lleriperht,
647 3675 932 3748 Crimuni,
1010 3680 1368 3753 Madalhelm,
1445 3681 1669 3755 Rodolf,
1742 3687 1904 3758 Poso,

238 3761 599 3834 Cundperht,
655 3764 803 3822 Outo
851 3767 1125 3835 vicarius,
1177 3771 1370 3844 Mezzi,
1427 3773 1654 3844 Vitalis,
1704 3775 1902 3847 Sahso,

237 3851 516 3923 Ilihpald,
546 3853 745 3924 Rubo;
775 3858 1078 3930 Isangrim,
1101 3859 1378 3931 Cotafrid,
1411 3862 1646 3934 Ougast,
1680 3864 1904 3934 Scroth,

242 3941 585 4012 lteginhart,
619 3943 849 4016 Egilolf,
883 3947 1158 4019 Iladager,
1192 3949 1539 4023 Willihelm,
1574 3952 1903 4024 Mahalfrid,

238 4029 430 4099 llessi,
479 4029 659 4103 Urolt,
700 4033 900 4105 Trogo,
945 4036 1212 4108 Graman,
1263 4039 1562 4096 Cundwin.
1603 4042 1907 4099 Baturicus

239 4132 331 4187 ep.
364 4132 480 4174 una
503 4133 633 4175 cum
660 4123 889 4179 Pazrico
909 4125 1178 4181 advocato
1201 4141 1304 4184 suo
1329 4129 1509 4198 ipsam
1537 4131 1907 4187 traditionem

241 4208 485 4277 accepit.
523 4209 754 4266 Factum
793 4217 880 4268 est
911 4213 1017 4269 hoc
1047 4215 1113 4270 ad
1157 4217 1560 4290 Reganesburg
1597 4233 1746 4277 anno
1789 4222 1911 4278 Do-

243 4295 477 4352 minicae
509 4299 928 4358 Incarnationis
955 4300 1080 4358 833.

416 4405 546 4462 CAP.
582 4408 824 4465 LXXIII.
857 4440 932 4451 —
963 4412 1209 4466 Traditio
1238 4415 1476 4484 Ratpodi
1506 4419 1734 4473 comitis.

315 4513 627 4584 Postquam
679 4529 812 4588 ergo
866 4518 924 4576 in
963 4519 1063 4576 Dei
1114 4521 1344 4578 nomine
1389 4524 1686 4592 Itatpodus
1729 4526 1910 4584 comis

238 4603 314 4657 ad
348 4609 612 4662 sanctum
646 4607 890 4664 tradidit
919 4610 1412 4682 Emmerammum,
1443 4613 1596 4670 sicut
1627 4615 1686 4671 in
1712 4616 1909 4674 charta

245 4692 588 4750 traditionis
600 4695 880 4766 scriptum
901 4698 1212 4771 invenitur,
1236 4701 1518 4773 quidquid
1541 4706 1910 4774 proprietatis

239 4781 315 4837 ad
346 4781 637 4838 Tullinam
688 4785 894 4842 habere
938 4787 1257 4859 videbatur,
1296 4791 1354 4846 in
1397 4795 1756 4861 praesentiam
1791 4797 1911 4851 L‘u—

239 4870 440 4927 dovici
493 4872 644 4944 regis
687 4874 1085 4946 Regauesburc
1128 4879 1302 4951 venit,
1350 4887 1406 4936 et
1443 4883 1635 4938 omnia
1676 4897 1802 4953 qua:
1837 4884 1907 4940 ad

241 4960 543 5022 Tullinam
571 4963 729 5020 visus
750 4972 836 5022 est
861 4967 1154 5036 possidere
1178 4969 1248 5024 ad
1282 4971 1618 5039 praedictum
1648 4979 1908 5031 sanctum

237 5050 348 5104 Dei
395 5051 548 5107 nihil
585 5060 744 5110 extra
781 5056 1085 5113 dimittens
1125 5060 1386 5131 tradidit,
1437 5062 1514 5118 ita
1559 5063 1801 5135 scilicet,
1846 5069 1911 5122 ut

241 5139 296 5193 si
352 5138 536 5195 haeres
579 5141 692 5198 sibi
741 5157 850 5200 non
900 5155 1250 5220 nasceretur,
1302 5156 1426 5218 post
1474 5151 1696 5208 obitum
1740 5169 1909 5211 suum

243 5231 447 5283 statim
475 5228 584 5286 ista
607 5233 941 5290 traditionis
958 5249 1129 5293 causa
1157 5238 1398 5295 ﬁrmiter
1421 5241 1491 5296 ad
1515 5241 1701 5298 locum
1724 5243 1907 5299 sancti

243 5318 349 5372 Dei
385 5324 696 5375 constaret.
741 5323 800 5377 Si
840 5328 1029 5380 autem
1079 5326 1254 5383 haeres
1289 5328 1403 5384 sibi
1446 5339 1773 5388 nasceretur
1804 5351 1820 5403 ;
1849 5337 1914 5390 ut

246 5420 382 5464 cum
420 5408 692 5465 ducentis
729 5411 939 5469 solidis
978 5429 1070 5472 res
1098 5417 1350 5488 ejusdem
1388 5419 1722 5477 traditionis
1753 5423 1915 5479 redi—

250 5501 525 5562 meretur,
574 5501 640 5556 ut
675 5499 832 5558 sicut
873 5517 1048 5574 supra
1092 5505 1311 5568 dictum
1352 5513 1456 5578 est,
1503 5508 1559 5564 in
1608 5513 1911 5580 praesentia

253 5587 408 5660 regis
429 5593 490 5645 et
513 5588 856 5659 optimatum
881 5592 1027 5666 ejus,
1055 5596 1426 5668 omniumque
1455 5597 1568 5656 sibi
1595 5601 1908 5662 astantium

2022 1845 2189 1902 quam
2232 1832 2367 1889 fecit
2405 1836 2649 1906 Pernger
2697 1837 2945 1894 clericus
2982 1840 3051 1894 ad
3091 1841 3146 1896 S.
3193 1843 3668 1900 Emmerammum

2024 1926 2324 1992 martyrem
2378 1924 2595 1979 Christi
2640 1925 2698 1980 in
2750 1925 2874 1983 loco
2929 1929 3026 1998 qui
3079 1929 3300 1986 dicitur
3348 1932 3664 2004 Tahhinga.

2019 2011 2062 2065 E
2113 2016 2311 2068 contra
2368 2026 2499 2068 vero
2555 2014 2797 2070 tradidit
2853 2015 3124 2086 praefatus
3180 2020 3444 2088 Eparhoh
3499 2021 3667 2076 talem

2022 2101 2428 2170 baereditatem,
2458 2109 2521 2158 ut
2546 2103 2604 2158 in
2628 2104 2884 2176 Atingun
2912 2107 3134 2182 habuit,
3159 2123 3225 2164 ex
3250 2110 3490 2182 integro,
3517 2111 3666 2166 nihil

2021 2197 2180 2247 extra
2221 2191 2543 2263 dimittens,
2587 2193 2683 2248 sed
2716 2196 2910 2252 omnia
2949 2197 3070 2269 lege
3103 2198 3433 2255 firmissima
3474 2204 3670 2256 trans—

2023 2279 2285 2337 fundens.
2340 2281 2439 2336 Isti
2489 2295 2623 2353 ergo
2684 2289 2857 2340 testes
2905 2292 3041 2341 sunt
3089 2301 3187 2356 per
3229 2302 3398 2345 aures
3446 2290 3661 2346 tracti:

2021 2369 2216 2440 Unolz,
2295 2370 2706 2443 Erchanperht,
2782 2374 3046 2447 Otperht,
3124 2376 3332 2450 Ratolf,
3404 2380 3663 2452 Herigoz,

2021 2460 2298 2531 Wicram,
2353 2459 2478 2527 A10,
2529 2461 2802 2534 Swidker,
2860 2464 3122 2536 Udalger,
3178 2467 3418 2539 Rodker,
3475 2470 3662 2541 Freso,

2021 2547 2237 2621 Wlfilo,
2304 2549 2513 2620 Ratolt,
2580 2549 2827 2623 Vulfrih,
2904 2554 3114 2624 Rihho,
3193 2555 3440 2628 Richolf,
3509 2557 3665 2630 Sigo,

2019 2639 2311 2708 Deotpato.
2359 2640 2446 2708 Et,
2497 2642 2560 2694 ut
2603 2639 2826 2697 firmius
2870 2642 2989 2698 haec
3029 2645 3401 2701 commutatio
3441 2660 3671 2716 perma—

2022 2733 2180 2782 neret
2227 2731 2282 2783 et
2328 2729 2541 2798 posteri
2585 2731 2805 2786 certius
2851 2732 3086 2804 scirent,
3132 2735 3481 2804 complacuit
3522 2737 3669 2794 duas

2021 2815 2249 2872 chartas
2303 2830 2416 2874 uno
2479 2823 2673 2874 tenore
2729 2821 3040 2893 conscribi,
3101 2828 3384 2893 quatenus
3429 2829 3668 2895 uterque

2023 2919 2201 2960 unum
2229 2905 2460 2962 haberet
2487 2911 2543 2962 et
2577 2908 2704 2964 sine
2745 2909 2861 2964 ulla
2892 2911 3354 2969 contradictione
3394 2919 3666 2984 perpetua

2024 3000 2292 3050 maneret.

1937 3057 1992 3130 c
2018 3101 2145 3156 CAP.
2198 3101 2414 3158 LXXV.
2463 3132 2538 3144 —
2588 3104 2994 3174 Complacitatio
3048 3108 3194 3162 inter
3247 3108 3665 3166 Ambr-ichonem

2436 3176 2743 3247 episcopum
2776 3181 2826 3230 et
2860 3178 3244 3245 Adalfridum.

2087 3263 2409 3332 Comperiat
2422 3263 2804 3333 plurimorum
2821 3267 3103 3338 sagacitas
3120 3267 3400 3341 fidelium,
3417 3270 3668 3341 qualiter

2017 3351 2251 3422 quidam
2275 3353 2426 3423 regis
2449 3366 2666 3425 vassus,
2692 3355 2781 3410 vir
2800 3368 3026 3426 quoque
3046 3357 3410 3431 venerabilis,
3436 3359 3667 3414 nomine

2014 3440 2371 3509 Adalfridus,
2411 3442 2654 3498 tradidit
2681 3443 2750 3509 ad
2777 3445 2829 3499 S.
2867 3447 3340 3503 Emmerammum
3373 3448 3665 3518 portiones

2020 3529 2375 3587 bwreditatis
2413 3546 2547 3602 sum,
2592 3533 2797 3588 exinde
2827 3535 3281 3604 complacitando
3321 3536 3662 3592 beneficium

2018 3621 2323 3692 quoddam.
2352 3621 2615 3677 Tradidit
2644 3623 2824 3694 igitur
2845 3623 3015 3692 paulo
3041 3625 3315 3694 superius
3335 3639 3666 3682 commemo-

2019 3715 2180 3767 ratus
2220 3711 2437 3766 nobilis
2477 3712 2544 3767 ad
2580 3711 2876 3782 praefatum
2922 3720 3181 3770 sanctum
3221 3717 3321 3770 Dei
3363 3719 3663 3786 martyrem

2019 3801 2400 3871 proprietates
2429 3815 2564 3857 suas
2593 3802 2792 3872 quales
2823 3802 3029 3859 habuit
3057 3805 3125 3860 ad
3160 3805 3484 3861 Gimundin
3515 3809 3572 3861 et
3594 3806 3663 3861 ad

2017 3890 2310 3946 Adinhard
2338 3889 2476 3945 Cum
2508 3891 2660 3946 areis
2687 3905 2931 3962 namque
2955 3905 3021 3949 ac
3046 3893 3401 3966 dominibus,
3426 3895 3668 3950 territo-

2019 3978 2147 4050 riis,
2164 3979 2417 4050 pascuis,
2435 3979 2625 4051 aquis,
2643 3994 2992 4050 aquarumve
3008 3982 3374 4056 decursibus,
3389 3988 3444 4038 et
3460 3983 3670 4038 manci-

2019 4068 2136 4138 piis
2159 4082 2284 4140 vui,
2320 4068 2376 4122 id
2403 4072 2488 4123 est
2507 4067 2704 4136 Ditolf,
2732 4070 3025 4144 Ililtipirc,
3053 4072 3300 4143 Rihhilt,
3326 4078 3382 4128 et
3409 4072 3516 4127 filii
3543 4073 3669 4142 ejus

2017 4155 2151 4226 duo,
2175 4155 2388 4228 Liutto,
2408 4156 2656 4226 Gerhoh,
2681 4159 3030 4214 l’erehtman.
3057 4161 3262 4216 Omnia
3286 4161 3586 4232 integriter
3603 4160 3669 4215 il-

2018 4236 2113 4292 luc
2133 4241 2444 4300 transfudit
2468 4245 2527 4300 in
2547 4261 2774 4302 manum
2795 4249 3240 4304 reverentissimi
3261 4251 3526 4318 priesulis
3541 4251 3669 4307 Am-

2021 4329 2319 4390 brichonis
2335 4335 2706 4408 advocatique
2721 4338 2769 4407 ej
2781 4337 3194 4394 usGundberti.
3213 4343 3288 4395 Ea
3301 4341 3568 4397 videlicet
3585 4356 3671 4397 ra-

1937 4396 1997 4470 D
2025 4419 2197 4492 tione,
2239 4431 2521 4494 quatenus
2558 4396 2898 4482 beneficium
2939 4427 3008 4482 ad
3049 4428 3304 4500 Utilinga
3335 4396 3664 4486 firmiterin

2021 4511 2254 4580 proprio
2279 4513 2534 4571 obtineat
2556 4529 2738 4587 usque
2767 4517 2834 4571 ad
2869 4515 3034 4572 ﬁnem
3062 4531 3251 4572 suum.
3288 4519 3420 4597 Post
3443 4518 3666 4576 obitum

2020 4613 2150 4656 vero
2189 4615 2358 4658 suum
2389 4617 2456 4658 ex
2499 4605 2720 4678 integro
2754 4605 3042 4664 relaxetur
3072 4605 3131 4662 in
3167 4607 3469 4676 pristinam
3501 4613 3669 4678 pote—

2021 4693 2241 4744 statem.
2273 4693 2384 4747 lloc
2413 4700 2600 4749 autem
2621 4701 2811 4750 actum
2833 4700 2921 4752 est
2944 4710 3073 4752 cum
3101 4710 3382 4753 consensu
3406 4697 3666 4767 pradicti

2022 4780 2338 4846 provisoris
2377 4787 2584 4838 sancta
2622 4784 2723 4838 Dei
2763 4785 3057 4858 Ecclesia,
3103 4787 3508 4844 strenuissimo
3540 4801 3670 4859 rege

2020 4871 2401 4928 Karlomanno
2433 4874 2792 4942 permittente
2810 4875 2927 4944 jam
2949 4889 3096 4932 anno
3119 4878 3368 4934 secundo
3400 4883 3669 4950 regnante

2023 4961 2082 5016 in
2139 4961 2523 5018 Bawariorum
2590 4963 2840 5035 regione,
2918 4965 2978 5020 in
3047 4967 3668 5039 Longobardorumque

2023 5053 2228 5123 primo.
2259 5056 2328 5110 Et
2366 5054 2462 5110 isti
2497 5060 2648 5118 sunt,
2679 5056 2779 5126 qui
2815 5056 2920 5113 hoc
2948 5071 3046 5127 per
3073 5071 3241 5113 aures
3273 5060 3440 5115 tracti
3471 5060 3668 5117 testifi-

2022 5149 2264 5200 cantur:
2300 5143 2584 5217 Regiuolf,
2628 5146 2853 5218 Albrih,
2902 5147 3209 5219 Perehtolt,
3257 5149 3501 5222 Pillunc,
3551 5153 3667 5206 Ar-

2025 5234 2210 5306 perht,
2246 5235 2437 5308 Unlaz,
2480 5237 2736 5309 Gammo,
2781 5237 3133 5312 Amalperht,
3179 5239 3500 5312 Liutperht,
3545 5245 3667 5298 Ma-

2022 5327 2230 5399 chelm,
2271 5326 2614 5398 Wolfmunt,
2655 5329 2844 5402 Freso,
2887 5330 3006 5402 Ogo
3044 5335 3100 5387 et
3135 5331 3368 5401 reliqui.

2020 5436 2148 5492 CAP.
2200 5437 2440 5495 LXXVI.
2479 5467 2553 5480 -—
2608 5414 2962 5494 Commutatio
3024 5441 3168 5494 inter
3235 5436 3665 5506 Erchanfridum

2475 5515 2525 5567 et
2565 5511 2885 5579 Harwigum
2927 5513 3217 5581 episcopos.

2095 5601 2156 5656 In
2181 5598 2280 5655 Dei
2316 5600 2561 5658 nomine.
2597 5601 2819 5657 Placuit
2841 5604 3013 5670 atque
3035 5597 3300 5656 convenit
3322 5598 3472 5655 inter
3491 5609 3667 5656 vene-
