4068 6178
437 322 545 382 935

1479 316 1678 374 ΑΝΑΜ
1691 317 1810 375 ODI
1847 313 2378 372 RATISPONENSIS
2413 311 2823 370 SUBDIACONI
3749 311 3847 371 936

437 445 675 504 rabilem
701 443 888 500 virum
914 437 1356 498 Erchanfridum
1386 437 1944 512 Reganesburgensis
1967 435 2082 490 Ec—
2114 430 2173 492 A
2202 440 2359 503 perto
2375 435 2442 491 ad
2463 449 2630 493 suum
2651 435 2948 506 praprium
2973 433 3295 491 habendum
3318 434 3377 490 in
3397 449 3538 507 pago
3559 435 3844 492 nominato

436 536 625 592 clesiae
689 533 1044 604 episcopum,
1099 545 1314 589 necnon
1359 537 1413 586 et
1455 530 1642 602 virum
1705 525 2080 584 venerabilem

436 624 827 695 Harduvigum
885 622 1238 678 Pataviensis
1293 619 1558 676 Ecclesiae
1611 618 1962 688 episcopum,
2019 618 2083 668 ut

436 714 664 784 aliquas
708 727 798 768 res
846 727 947 782 pro
998 709 1288 768 communi
1351 709 1604 765 utilitate
1651 712 1706 764 et
1746 701 2082 775 compendio

439 802 590 857 inter
618 816 679 857 se
716 805 1065 857 commutare
1092 799 1379 871 deberent,
1419 798 1568 869 quod
1604 796 1684 852 ita
1717 800 1772 851 et
1806 795 2078 850 fecerunt.

435 891 604 947 Dedit
634 891 817 964 igitur
849 893 1196 945 memoratus
1235 888 1540 958 episcopus
1570 883 1986 941 Erchanfridus
2014 883 2085 938 de

439 981 609 1038 rebus
636 977 1004 1050 pr0prietatis
1024 991 1160 1050 suae,
1185 982 1239 1033 et
1258 976 1566 1033 advocatus
1593 974 1779 1044 ipsius
1803 971 2084 1028 Nordheri

432 1072 549 1141 jam
579 1069 735 1125 dicto
774 1067 1004 1138 praesuli
1039 1067 1104 1122 ad
1144 1069 1355 1136 partem
1400 1063 1730 1120 monasterii
1764 1061 1856 1117 sui
1892 1060 2082 1116 Sancti

436 1159 667 1229 Quirini
697 1158 754 1212 in
783 1161 1118 1227 perpetuum
1147 1155 1482 1210 tenendum:
1508 1153 1566 1208 in
1589 1152 1712 1207 loco
1739 1151 1839 1222 qui
1865 1150 2086 1206 dicitur

435 1247 910 1318 Hunolzenghova
938 1245 1206 1315 hoham..1,
1231 1248 1286 1299 et
1310 1257 1517 1312 casam,
1542 1247 1596 1297 et
1615 1242 1684 1296 de
1707 1245 1854 1296 terra
1876 1239 2083 1295 arabili

431 1337 634 1409 jugera
672 1349 872 1403 xxxlx,
906 1334 974 1389 de
1007 1333 1207 1403 pratis,
1251 1331 1349 1388 ubi
1385 1336 1621 1401 possunt
1659 1329 1856 1401 colligi
1893 1327 2082 1383 fenum

436 1424 654 1481 carrad.
690 1437 831 1494 xxx,
864 1428 921 1478 et
949 1423 1018 1478 de
1049 1421 1342 1478 fructuosa
1382 1420 1526 1476 silva
1561 1419 1762 1490 jugera
1793 1431 1984 1472 xxuu.
2019 1417 2087 1471 Et

437 1527 467 1568 e
497 1519 693 1569 contra
734 1513 794 1568 in
838 1511 1299 1581 compensatione
1342 1509 1665 1566 earumdem
1704 1521 1892 1563 rerum
1927 1506 2088 1562 dedit

439 1602 709 1675 przefatus
765 1603 1068 1672 episcopus
1125 1599 1461 1671 Hardwigus
1507 1602 1564 1654 et
1611 1599 1736 1667 ejus
1778 1597 2085 1652 advocatus

440 1691 811 1748 Liuthardus
875 1689 1209 1761 praescripto
1265 1685 1645 1743 Erchanfrido
1701 1686 1967 1756 episcopo
2015 1684 2085 1738 de

438 1782 610 1838 rebus
622 1780 953 1837 monasterii
969 1778 1262 1835 suiSancti
1281 1776 1511 1846 Quirini
1535 1789 1645 1832 una
1659 1789 1788 1832 cum
1802 1787 2083 1830 consensu

438 1875 495 1928 et
523 1869 892 1926 conhibentia
937 1867 1343 1923 monachorum
1396 1866 1452 1920 in
1497 1865 1692 1921 eodem
1739 1864 2086 1920 monasterio

437 1959 786 2031 degentium,
811 1956 982 2012 etiam
1009 1961 1064 2011 et
1088 1969 1185 2026 per
1207 1954 1500 2010 licentiam
1522 1953 1745 2009 domini
1767 1952 2085 2009 Illudowici

437 2046 847 2122 gloriosissimi
881 2045 1034 2118 regis
1062 2045 1130 2100 ad
1159 2059 1327 2100 suum
1363 2043 1658 2113 proprium
1693 2044 1998 2098 tenendum
2029 2043 2087 2098 in

439 2139 583 2209 loco,
633 2135 910 2192 vocabulo
954 2133 1414 2206 Bodolunghova,
1465 2146 1652 2188 casam
1702 2145 1892 2203 unam,
1930 2138 1986 2188 et
2019 2132 2089 2188 de

440 2232 590 2284 terra
623 2227 798 2282 hobas
825 2240 888 2297 ιι,
920 2225 991 2281 de
1021 2225 1203 2295 pratis
1234 2223 1332 2279 ubi
1367 2227 1607 2293 possunt
1631 2222 1828 2294 colligi
1861 2223 1931 2278 de
1961 2221 2087 2278 feno

438 2317 687 2374 carradze
718 2330 817 2387 xx,
859 2315 944 2371 vel
979 2314 1263 2386 quidquid
1298 2313 1379 2369 ibi
1420 2313 1478 2368 in
1512 2313 1635 2368 loco
1675 2310 1990 2367 Heitfolcus
2019 2325 2088 2367 ex

438 2421 543 2463 suo
576 2405 807 2476 proprio
836 2405 904 2459 ad
948 2402 1356 2459 monasterium
1387 2403 1440 2457 S.
1476 2401 1707 2470 Quirini
1749 2400 2083 2456 tradiderat.

438 2495 598 2550 Unde
624 2499 678 2550 et
698 2495 844 2549 duas
867 2491 1344 2548 commutationes
1370 2490 1493 2560 pari
1519 2495 1711 2545 tenore
1733 2489 2088 2558 conscriptas

442 2581 591 2636 inter
620 2596 679 2637 se
710 2581 831 2636 ﬂeri
865 2585 920 2636 et
945 2579 1225 2636 affirmare
1255 2583 1596 2651 rogaverunt
1623 2595 1637 2647 ;
1668 2582 1730 2633 ut
1762 2576 2088 2647 unusquis-

440 2683 551 2741 que
573 2669 678 2725 hoc
705 2669 853 2740 quod
887 2682 918 2723 a
951 2682 1084 2738 pare
1109 2683 1213 2724 suo
1239 2667 1458 2736 accepit
1483 2670 1671 2721 teneat
1693 2670 1865 2736 atque
1893 2664 2089 2735 possi-

439 2760 591 2829 deat,
643 2761 698 2814 et
742 2756 917 2813 faciat
962 2757 1168 2812 exinde
1218 2755 1503 2825 quidquid
1553 2754 1665 2810 sibi
1713 2753 1998 2825 libuerit;
2031 2758 2088 2810 et

440 2848 634 2903 taliter
671 2848 822 2902 inter
846 2860 942 2902 eos
981 2846 1074 2900 hic
1108 2845 1356 2900 inserere
1392 2844 1713 2915 placuerit;
1741 2848 1804 2899 ut
1831 2843 1880 2899 si
1909 2841 2086 2901 fuerit

441 2941 568 3006 post
596 2937 748 2994 hunc
772 2935 922 2991 diem
957 2933 1112 2991 ullus
1137 2948 1204 2989 ex
1230 2933 1393 3005 ipsis,
1423 2937 1524 2988 aut
1543 2932 1654 2988 alia
1680 2932 1952 3004 quaelibet
1977 2945 2082 3002 op—

441 3025 645 3094 posita,
681 3028 780 3080 aut
799 3023 1026 3092 emissa,
1060 3021 1142 3076 vel
1177 3021 1483 3092 subrogata
1514 3034 1752 3090 persona
1785 3035 1910 3091 quae
1941 3035 2087 3078 con-

2198 522 2413 580 Feldun
2454 525 2513 580 in
2550 524 2673 582 loco
2713 525 2813 596 qui
2844 524 3065 581 dicitur
3102 524 3307 580 Jazaha
3342 523 3644 580 ecclesiam
3686 539 3845 581 unam

2199 625 2329 668 cum
2372 627 2549 670 mans.
2589 629 2674 684 Ill,
2705 615 2760 670 id
2807 618 2911 685 est,
2957 614 3027 671 de
3055 620 3208 670 terra
3235 615 3358 687 jug.
3393 627 3440 684 c,
3473 615 3543 671 de
3576 615 3758 684 pratis
3784 615 3842 670 ad

2201 715 2394 758 carras
2423 717 2519 758 xv.
2550 705 2619 760 Et
2643 718 2672 760 e
2696 710 2894 761 contra
2927 704 2986 761 in
3017 704 3482 774 compensatione
3518 704 3725 760 harum
3760 719 3845 760 re-

2205 806 2328 848 rum
2353 792 2512 849 dedit
2535 792 2804 865 praefatus
2828 795 3253 865 Erchanpertus
3277 808 3346 850 ex
3367 809 3472 850 suo
3496 795 3730 865 proprio
3751 809 3848 850 su—

2207 881 2464 950 pradicto
2516 883 2826 939 venerabili
2880 883 3148 954 episcopo
3205 884 3472 941 Baturico
3520 884 3589 940 ad
3638 887 3846 954 partem

2204 970 2570 1042 episcopatus
2607 973 2700 1028 sui
2743 973 2803 1029 in
2835 985 2978 1044 pago
3009 973 3111 1044 qui
3142 973 3362 1029 dicitur
3401 973 3764 1045 Tonahgewi,
3794 973 3846 1028 in

2206 1058 2329 1116 loco
2383 1061 2674 1118 nominato
2731 1062 3070 1134 Hahalinga,
3122 1076 3351 1119 mansos
3395 1076 3484 1134 III,
3536 1063 3593 1118 id
3638 1066 3742 1132 est,
3785 1062 3850 1117 de

2207 1154 2355 1205 terra
2382 1152 2503 1221 jug.
2534 1164 2582 1222 c,
2609 1151 2678 1207 de
2706 1152 2887 1222 pratis
2911 1152 2980 1208 ad
3009 1165 3201 1208 carras
3229 1167 3280 1222 L,
3309 1153 3378 1208 de
3407 1152 3553 1208 silva
3571 1152 3694 1224 jug.
3730 1165 3845 1206 cxx.

2203 1238 2360 1294 Unde
2381 1243 2436 1294 et
2455 1239 2599 1295 duas
2624 1242 3099 1297 commutationes
3126 1241 3247 1312 pari
3281 1246 3478 1296 tenore
3496 1240 3849 1310 conscriptas

2206 1327 2357 1383 inter
2390 1343 2449 1384 se
2489 1329 2612 1384 fieri
2653 1334 2708 1384 et
2750 1329 3030 1385 aﬁirmare
3078 1335 3461 1402 rogaverunt;
3496 1343 3668 1385 unam
3708 1343 3850 1399 pra!-

2202 1417 2397 1473 dictus
2434 1418 2738 1489 episcopus
2775 1420 2842 1475 ad
2888 1424 3102 1489 partem
3142 1420 3396 1475 ecclesia
3430 1433 3548 1475 sum
3590 1432 3761 1489 penes
3797 1433 3852 1474 se

2208 1505 2409 1562 habeat
2431 1526 2445 1573 ;
2469 1513 2525 1563 et
2553 1507 2812 1581 alteram,
2845 1523 3013 1580 quam
3043 1509 3166 1580 ipse
3195 1509 3640 1578 Erchampertus
3674 1522 3774 1578 pro
3798 1521 3854 1564 se

2207 1595 2486 1666 retineat;
2521 1602 2580 1651 ut
2621 1595 2680 1652 in
2730 1595 3018 1670 futurum,
3068 1597 3354 1668 quidquid
3399 1611 3530 1667 pars
3567 1597 3640 1652 ab
3682 1596 3855 1652 altera

2204 1684 2424 1754 accepit
2455 1689 2631 1757 parte,
2668 1685 2889 1758 habeat,
2922 1691 3130 1757 teneat,
3158 1691 3331 1757 atque
3359 1686 3669 1756 possideat,
3699 1691 3755 1740 et
3784 1685 3856 1740 fa-

2121 1757 2175 1820 B
2205 1771 2321 1827 ciat
2349 1773 2558 1830 exindo
2583 1757 2884 1845 quidquid
2903 1775 3144 1832 utilitati
3173 1790 3290 1831 suae
3313 1775 3685 1846 perspexerit,
3708 1781 3762 1830 et
3785 1780 3858 1829 ta-

2208 1861 2342 1918 liter
2365 1861 2449 1917 eis
2477 1863 2572 1918 hic
2598 1863 2848 1919 inserere
2877 1863 3130 1935 placuit;
3157 1869 3240 1934 ut,
3273 1864 3322 1920 si
3351 1862 3529 1919 fuerit
3551 1868 3681 1934 post
3709 1864 3855 1919 hunc

2205 1950 2357 2006 diem
2387 1951 2542 2007 ullus
2572 1966 2639 2007 ex
2673 1951 2836 2023 ipsis,
2869 1958 2970 2008 aut
2998 1953 3113 2008 alia
3143 1952 3411 2025 quaelibet
3439 1952 3729 2023 opposita,
3758 1959 3853 2008 aut

2207 2042 2414 2098 emissa
2465 2056 2704 2112 persona
2749 2057 2875 2113 quae
2922 2047 3118 2099 contra
3164 2043 3308 2097 hanc
3351 2043 3854 2098 commutationem

2206 2131 2276 2186 de
2307 2145 2417 2202 qua
2445 2133 2572 2188 dua:
2602 2130 2837 2187 cartula:
2863 2145 2980 2187 uno
3021 2137 3215 2188 tenore
3247 2131 3588 2202 conscripta:
3613 2145 3736 2186 esse
3766 2132 3858 2186 vi—

2205 2237 2433 2306 dentur,
2479 2237 2671 2292 venire
2715 2237 3037 2309 tentaverit,
3083 2243 3184 2293 aut
3231 2251 3352 2294 eam
3396 2238 3515 2294 ullo
3559 2237 3727 2293 modo
3765 2238 3859 2292 in-

2208 2323 2455 2397 fringere
2497 2331 2737 2382 conatus
2775 2325 2970 2397 fuerit,
3015 2325 3224 2382 inferat
3262 2327 3411 2397 parti
3451 2333 3646 2382 contra
3690 2340 3856 2396 quam

2208 2396 2365 2451 litem
2390 2397 2654 2452 intulerit
2677 2396 3058 2470 distringente
3082 2399 3214 2454 ﬁsca
3234 2396 3362 2454 auri
3390 2399 3568 2454 libras
3589 2413 3654 2464 ιι,
3681 2398 3856 2453 multa

2205 2491 2524 2558 componat,
2549 2490 2603 2542 et
2621 2501 2723 2542 sua
2745 2486 3010 2556 repetitio
3036 2487 3259 2543 nullum
3282 2487 3537 2542 obtineat
3557 2485 3854 2553 effectum;

2208 2577 2302 2632 sed
2337 2589 2584 2645 praesens
2623 2576 2992 2633 commutatio
3031 2577 3187 2632 omni
3233 2584 3483 2648 tempore
3514 2577 3679 2632 firma
3723 2589 3857 2646 per-

2208 2670 2430 2722 maneat
2471 2681 2599 2723 cum
2633 2667 3008 2737 stipulatione
3045 2667 3313 2723 subnixa.
3359 2668 3563 2725 Actum
3603 2667 3860 2739 Regane-

2207 2755 2384 2828 sburg
2419 2755 2652 2812 civitate
2692 2757 2798 2813 sub
2829 2757 2922 2814 die
2952 2755 2986 2813 4
3013 2759 3154 2814 Νοιι.
3197 2759 3348 2829 Sept.
3384 2758 3484 2814 Isti
3517 2762 3657 2814 sunt
3691 2761 3860 2812 testes

2208 2858 2307 2915 per
2336 2858 2504 2900 aures
2535 2847 2703 2901 tracti
2732 2847 2832 2917 qui
2866 2846 2970 2903 hoc
3000 2847 3270 2904 viderunt
3298 2852 3353 2903 et
3377 2848 3709 2903 audierunt.
3741 2847 3860 2903 Ro—

2205 2933 2382 3004 dhoh,
2427 2933 2670 3006 Cozzilo,
2720 2935 2935 3008 Macho,
2986 2935 3250 3006 Cundolf,
3296 2935 3534 3005 Altram,
3577 2935 3856 3007 Sigihart,

2207 3021 2470 3094 Kisalolt,
2501 3023 2867 3098 Erchanmar,
2908 3026 3100 3095 Immo,
3141 3024 3465 3096 Willibato,
3503 3024 3858 3094 Cundperht,

440 3119 526 3169 tra
560 3114 704 3168 hanc
731 3111 1232 3168 commutationem
1265 3110 1334 3165 de
1368 3124 1476 3181 qua
1507 3110 1635 3165 duae
1665 3110 1942 3166 chartulae
1973 3125 2086 3168 uno
2126 3100 2176 3164 Ο
2208 3111 2459 3184 Heririh,
2493 3112 2696 3183 Petilo,
2729 3113 2854 3186 Oto,
2889 3115 3174 3186 Isanpero,
3209 3116 3399 3187 Immo,
3428 3113 3720 3184 Wicbald,
3757 3115 3860 3169 Ro-

439 3209 632 3260 tenore
677 3201 1002 3271 conscripta
1049 3213 1172 3256 esse
1217 3199 1485 3255 videntur
1527 3198 1720 3254 venire
1765 3200 2084 3272 tentaverit,

437 3297 538 3349 aut
561 3305 683 3348 eam
717 3305 814 3361 per
839 3289 1138 3360 quodlibet
1172 3287 1465 3359 ingenium
1500 3287 1818 3358 irrumpere
1846 3295 2089 3345 conatus

437 3379 636 3452 fuerit,
666 3379 874 3437 inferat
899 3379 1047 3450 parti
1075 3383 1272 3434 contra
1301 3391 1466 3449 quem
1495 3377 1653 3434 litem
1683 3378 1969 3449 intulerit,
1997 3376 2085 3433 di-

438 3471 753 3543 stringente
791 3469 924 3524 fisco
953 3467 1083 3523 auri
1119 3466 1250 3522 libr.
1291 3480 1354 3537 ιι,
1387 3467 1608 3538 argenti
1643 3467 1891 3536 pondera
1921 3480 1956 3520 v
1983 3481 2089 3523 co—

436 3567 600 3617 actus
623 3559 897 3628 exsolvat,
919 3561 974 3614 et
995 3569 1098 3613 sua
1125 3556 1393 3626 repetitio
1421 3555 1644 3612 nullum
1669 3555 1924 3612 obtineat
1948 3555 2090 3612 effe—

437 3654 592 3705 ctum
615 3666 630 3718 ;
657 3649 751 3703 sed
781 3659 1030 3717 praesens
1059 3644 1433 3701 commutatio
1457 3644 1613 3700 omni
1642 3647 1894 3714 tempore
1923 3644 2087 3700 ﬁrma

437 3745 493 3794 et
531 3737 761 3793 stabilis
821 3737 1148 3805 permaneat
1197 3747 1329 3788 cum
1385 3732 1764 3803 stipulatione
1817 3733 2081 3790 subnixa.

435 3828 640 3883 Actum
671 3824 1073 3897 Reganesburg
1113 3823 1364 3877 civitate.
1408 3820 1648 3892 Signum
1679 3823 1964 3895 Hardwigi
1995 3837 2081 3894 ep.

437 3917 539 3986 qui
574 3917 720 3970 hanc
745 3912 1246 3970 commutationem
1281 3911 1403 3966 fieri
1436 3916 1492 3966 et
1521 3909 1801 3968 afﬁrmare
1841 3914 2082 3985 rogavit.

435 4007 506 4061 Et
540 4004 640 4060 isti
673 4008 809 4060 sunt
847 4005 1018 4058 testes
1060 4015 1159 4072 per
1195 4014 1365 4057 aures
1397 4001 1564 4057 tracti
1599 4003 1700 4073 qui
1737 4002 2007 4059 viderunt
2032 4007 2089 4060 et

437 4095 750 4152 audierunt
770 4093 997 4164 quando
1018 4093 1127 4148 ista
1155 4092 1526 4150 commutatio
1544 4091 1656 4148 fuit
1675 4107 1866 4149 coram
1888 4094 2083 4150 domni

437 4184 754 4241 Illudowici
787 4183 1196 4256 gloriosissimi
1229 4183 1398 4256 regis.
1428 4184 1540 4239 Hoc
1569 4187 1655 4239 est
1683 4201 1695 4238 :
1726 4183 1960 4254 Eginolf
1983 4199 2085 4240 ve-

437 4281 623 4338 nator,
655 4273 1045 4346 Engilscaldh,
1086 4272 1313 4342 Uzzaut,
1346 4273 1640 4342 Bernhart,
1677 4273 1932 4343 Patager,
1965 4275 2086 4329 En—

440 4365 648 4438 gildeo,
669 4363 918 4433 Rumolt,
940 4365 1120 4433 Batto,
1139 4362 1400 4421 Odalrih.
1418 4361 1744 4433 Engilbold,
1763 4363 2080 4437 Isanperht,

2207 3201 2350 3272 dolt,
2381 3200 2657 3274 Helmrih,
2685 3202 2882 3275 Sahso,
2911 3203 3236 3275 Warmunt,
3264 3203 3492 3276 Albker,
3515 3202 3853 3274 Adalperht,

2207 3291 2320 3360 Epa
2331 3291 2560 3346 rswind.

2277 3397 2404 3451 CAP.
2439 3397 2730 3453 LXXVIII.
2760 3427 2835 3438 —
2863 3397 3218 3453 Commutatio
3256 3400 3398 3454 inter
3427 3399 3795 3468 Apollonium

2439 3469 2709 3534 abbatem,
2751 3475 2802 3524 et
2837 3470 3273 3539 Erchanfridum
3311 3469 3621 3525 diaconum.

2281 3557 2339 3612 In
2369 3557 2470 3612 Dei
2500 3558 2748 3614 nomine.
2783 3558 3004 3615 Placuit
3028 3564 3200 3631 atque
3229 3559 3495 3616 convenit
3523 3559 3680 3616 inter
3703 3573 3863 3616 vene-

2209 3643 2445 3700 rabilem
2472 3645 2661 3702 virum
2692 3647 3096 3719 Abpollonium
3122 3647 3401 3720 abbatem,
3437 3662 3660 3705 necnon
3686 3656 3743 3704 et
3771 3651 3864 3704 Er-

2208 3733 2573 3790 chanfridum
2605 3737 2932 3809 diaconum,
2969 3743 3032 3793 ut
3056 3737 3285 3809 aliquas
3314 3752 3403 3795 res
3430 3752 3531 3808 pro
3562 3739 3864 3794 communi

2209 3823 2462 3880 utilitate
2491 3831 2546 3880 et
2571 3827 2904 3896 compendio
2927 3827 3078 3883 inter
3102 3841 3162 3884 se
3183 3833 3531 3885 commutare
3563 3828 3862 3896 deberent,

2209 3913 2358 3982 quod
2385 3919 2441 3968 et
2467 3913 2545 3968 ita
2576 3912 2850 3971 fecerunt.
2880 3915 3048 3972 Dedit
3070 3915 3252 3988 igitur
3271 3916 3661 3986 Abpollonius
3687 3917 3865 3972 abbas

2206 4014 2275 4056 ex
2308 4002 2528 4057 ratione
2567 4004 2898 4060 monasterii
2931 4005 3023 4060 sui
3055 4005 3229 4076 Perga
3259 4018 3374 4060 una
3411 4019 3542 4062 cum
3575 4020 3867 4062 consensu

2205 4093 2261 4145 et
2298 4090 2668 4148 conhibentia
2711 4093 3118 4151 monachorum
3162 4094 3222 4149 in
3266 4093 3462 4151 eodem
3507 4096 3865 4151 monasterio

2204 4180 2553 4253 degentium,
2587 4181 2758 4237 etiam
2788 4187 2843 4238 et
2865 4196 2963 4253 per
2987 4183 3279 4239 licentiam
3310 4184 3504 4240 domni
3535 4182 3865 4241 llludowiei

2206 4271 2359 4342 regis
2389 4275 2698 4327 memorato
2725 4270 3105 4328 Erchanfrido
3135 4273 3379 4329 diacono
3408 4273 3479 4329 ad
3506 4287 3682 4329 suum
3719 4287 3869 4343 pro—

2207 4360 2394 4430 prium
2428 4359 2749 4416 habendum
2784 4361 2841 4416 in
2874 4375 3016 4434 pago
3045 4363 3145 4434 qui
3171 4363 3392 4418 dicitur
3422 4363 3773 4434 Tonahgewi
3807 4363 3869 4418 in

437 4451 755 4526 Gamanolf,
805 4451 1079 4525 Waning,
1123 4451 1330 4521 Eccho,
1373 4451 1570 4522 David,
1614 4451 1872 4526 Rihmar,
1916 4455 2086 4511 Wic—
2123 4459 2179 4524 D
2208 4449 2330 4506 loco
2369 4450 2642 4507 vocabulo
2679 4451 3094 4522 Ginginchova,
3139 4451 3195 4507 id
3237 4456 3342 4523 est,
3388 4456 3541 4508 terra
3585 4452 3768 4519 culta,
3811 4457 3869 4507 et

436 4544 589 4601 bold.

511 4650 638 4705 CAP.
695 4647 957 4705 LXXVII.
987 4676 1061 4686 —
1088 4645 1442 4701 Commutatio
1506 4647 1650 4700 inter
1695 4647 2014 4704 Baturicum

819 4721 1122 4788 episcopum
1159 4721 1210 4771 et
1244 4717 1694 4788 Erchanpertum.

509 4810 570 4864 In
591 4807 690 4863 Dei
719 4807 966 4864 nomine.
997 4806 1219 4862 Placuit
1242 4810 1412 4877 atque
1442 4807 1708 4863 convenit
1734 4807 1884 4864 inter
1907 4822 2083 4865 vene-

440 4897 676 4954 rabilem
691 4897 878 4954 virum
891 4895 1221 4954 Baturicum
1238 4896 1798 4969 Reganesburgensis
1813 4899 2082 4956 Ecclesia:

439 5001 506 5056 ep
536 5028 551 5055 ,
596 5000 811 5043 necnon
844 4989 900 5042 et
934 4985 1232 5057 quemdam
1279 4985 1565 5042 hominem
1607 4987 2075 5061 Erchanpertum,

439 5081 504 5132 ut
549 5090 651 5146 pro
697 5076 986 5132 communi
1029 5076 1282 5132 utilitate
1324 5080 1380 5131 et
1422 5077 1756 5146 compendio
1805 5078 2077 5149 quasdam

439 5178 530 5220 res
555 5164 704 5220 inter
733 5177 792 5220 se
817 5169 1249 5235 commutarent,
1278 5165 1427 5235 quod
1458 5165 1535 5220 ita
1570 5171 1626 5220 et
1656 5165 1930 5222 fecerunt.
1965 5169 2082 5224 De—

436 5255 526 5311 dit
542 5255 724 5326 igitur
745 5253 1052 5323 praadictus
1075 5252 1419 5309 venerabilis
1439 5255 1528 5309 vir
1548 5255 1848 5312 Baturicus
1867 5258 2080 5326 episco-

437 5360 544 5416 pus
574 5359 640 5400 ex
667 5343 889 5401 ratione
917 5342 1170 5398 ecclesiae
1200 5343 1382 5398 sancti
1406 5345 1556 5400 Petri
1582 5348 1638 5399 et
1658 5345 1839 5400 sancti
1868 5348 2079 5404 Emme-

435 5435 639 5491 rammi
655 5447 768 5490 una
779 5447 908 5490 cum
920 5447 1203 5491 consensu
1213 5437 1268 5488 et
1281 5432 1647 5490 conhibentia
1669 5435 2075 5496 canonicorum

431 5530 487 5583 et
503 5525 910 5583 monachorum
930 5524 1140 5582 ibidem
1157 5523 1506 5596 degentium,
1525 5523 1695 5580 etiam
1715 5529 1772 5580 et
1789 5539 1886 5596 per
1905 5526 2077 5584 licen-

433 5615 572 5672 tiam
601 5616 823 5674 domini
843 5615 1160 5674 Hludowici
1187 5614 1425 5687 gloriosi
1453 5615 1605 5687 regis
1627 5616 1809 5674 eidem
1831 5617 2076 5675 Erchan-

2207 4539 2445 4610 inculta,
2469 4540 2705 4611 campis,
2742 4541 2942 4612 pratis,
2978 4541 3162 4613 silvis,
3189 4542 3439 4613 pascuis,
3462 4541 3657 4612 aquis,
3690 4554 3871 4612 aqua-

2205 4643 2398 4685 rumve
2434 4628 2793 4701 decursibus,
2839 4630 3198 4701 adjacentiis,
3242 4631 3476 4701 perviis,
3516 4629 3785 4687 exitibus
3810 4634 3870 4684 et

2205 4717 2558 4790 regressibus
2589 4719 2895 4789 quaesitum
2931 4725 2987 4775 et
3010 4719 3520 4790 adinquirendum,
3545 4719 3635 4775 vel
3665 4733 3870 4791 quan-

2203 4813 2554 4880 tumcunque
2580 4809 3030 4878 prtenominatus
3058 4808 3439 4878 Abpollonius
3467 4808 3648 4864 abbas
3683 4808 3769 4863 ibi
3803 4807 3870 4862 in

2203 4895 2327 4953 loco
2352 4911 2421 4953 ex
2444 4912 2549 4955 suo
2579 4897 2856 4955 beneficio
2894 4898 3101 4955 habere
3142 4898 3466 4955 videbatur.
3491 4900 3565 4956 Et
3592 4912 3622 4954 e
3655 4903 3870 4954 contra

2202 4987 2259 5042 in
2291 4988 2752 5058 compensatione
2796 4989 2996 5045 harum
3044 5002 3232 5045 rerum
3280 4989 3442 5045 dedit
3480 4991 3871 5059 praascriptus

2198 5076 2616 5134 Erchanfridus
2650 5079 2929 5134 diaconus
2952 5079 3023 5134 de
3050 5079 3219 5135 rebus
3245 5078 3623 5148 proprietatis
3650 5093 3777 5133 sua:
3802 5079 3868 5133 in

2196 5167 2390 5224 eodem
2419 5182 2559 5240 pago
2580 5167 2917 5240 Tonahgewi
2947 5168 3153 5225 inloco
3191 5168 3291 5238 qui
3322 5167 3546 5224 dicitur
3572 5167 3869 5238 Scampah

2197 5257 2380 5314 eidem
2413 5258 2755 5329 Abpollonio
2798 5257 2991 5314 abbati
3025 5259 3094 5314 ad
3130 5263 3344 5328 partem
3387 5258 3731 5314 monasterii
3764 5256 3868 5314 sui

2198 5348 2605 5418 perpetualiter
2645 5347 2969 5420 tenendum,
3006 5348 3258 5417 idipsum
3290 5354 3442 5404 terra
3473 5347 3635 5404 culto
3668 5353 3728 5403 et
3759 5348 3872 5402 in-

2194 5438 2369 5510 culta,
2410 5437 2650 5510 campis,
2693 5437 2878 5508 silvis,
2914 5438 3114 5509 pratis,
3151 5437 3401 5509 pascuis,
3433 5438 3627 5510 aquis,
3664 5452 3870 5509 aqua—

2194 5542 2388 5585 rumve
2423 5528 2786 5601 decursibus,
2832 5527 3191 5599 adjacentiis,
3237 5527 3475 5599 perviis,
3505 5527 3773 5584 exitibus
3803 5530 3868 5582 et

2193 5618 2565 5693 regressibus,
2599 5621 2905 5692 quaesitum
2939 5626 2995 5676 et
3031 5619 3538 5691 adinquirendum,
3565 5618 3651 5675 vel
3688 5616 3869 5690 quid-
