4068 6178
191 285 296 345 937

1201 292 1658 350 TRADlTlONES
1694 293 2332 352 EMMERAMMENSES.
2388 299 2513 354 LIB.
2555 255 2598 354 ἱ.

3494 297 3601 354 938

191 413 326 485 quid
354 413 500 470 inibi
528 427 596 471 ex
621 428 725 472 suo
752 416 988 488 proprio
1014 417 1275 491 legaliter
1298 420 1503 477 habere
1519 419 1838 477 videbatur.
1873 417 1931 477 A
1956 419 2184 492 Strupo,
2213 423 2442 494 Sanuel,
2476 423 2823 494 Amalperht,
2864 423 3223 495 Fridaperht,
3254 424 3432 496 Appo,
3466 427 3608 481 Lan-

195 503 352 559 Unde
375 508 432 559 et
454 504 601 561 duas
621 507 1096 564 commutationes
1126 509 1248 579 pari
1273 514 1466 566 tenore
1489 510 1844 580 conscriptas

195 591 254 646 in
287 592 668 664 manibusque
699 593 979 651 bonorum
1017 595 1314 654 hominum
1359 598 1658 656 roboratas
1696 598 1846 653 inter

189 695 250 736 se
281 681 403 738 ﬁeri
437 687 493 738 et
537 681 818 740 afﬁrmare
861 693 1234 758 rogaverunt;
1270 693 1333 744 ut
1357 688 1759 760 unusquisque
1786 687 1845 743 in

187 769 450 828 futurum
478 771 586 829 hoc
623 774 775 844 quod
815 789 847 830 a
875 789 1008 845 pare
1038 791 1142 834 suo
1171 779 1412 848 accepit,
1442 782 1646 848 teneat,
1675 781 1847 848 atque

191 859 481 930 possideat
502 865 558 917 et
586 859 760 918 faciat
793 864 1018 935 exinde,
1045 865 1331 936 quidquid
1359 866 1474 923 sibi
1507 865 1767 936 libuerit,
1790 868 1847 920 et

191 949 388 1006 taliter
406 951 557 1007 inter
575 965 674 1009 eos
692 951 786 1009 hic
813 953 1063 1011 inserere
1085 955 1320 1029 placuit,
1355 960 1420 1012 ut
1439 956 1488 1012 si
1514 955 1691 1013 fuerit
1717 959 1845 1025 post

189 1039 345 1096 hunc
370 1041 523 1098 diem
548 1041 706 1098 ullus
729 1057 800 1099 ex
817 1043 983 1118 ipsis,
1004 1050 1105 1102 aut
1119 1046 1234 1102 alia
1253 1045 1525 1117 quaslibet
1553 1045 1838 1117 opposita,

188 1134 292 1187 aut
321 1139 527 1188 emissa
558 1147 660 1189 seu
693 1133 998 1207 subrOgata
1025 1149 1264 1206 persona
1296 1151 1423 1208 quae
1453 1142 1652 1192 contra
1696 1136 1841 1192 hanc

189 1222 694 1278 commutationem
745 1224 816 1278 de
867 1237 977 1294 qua
1033 1224 1161 1281 dua:
1205 1225 1438 1282 cartulaa
1491 1240 1602 1282 uno
1648 1230 1840 1282 tenore

189 1310 529 1380 conscriptae
571 1324 695 1367 esse
766 1312 1052 1381 videntur,
1112 1315 1305 1370 venire
1365 1315 1688 1384 tentaverit,
1739 1319 1841 1370 aut

188 1411 310 1454 eam
340 1412 440 1468 per
460 1400 758 1470 quodlibet
783 1401 1077 1473 ingenium
1109 1403 1428 1474 irrumpere
1456 1411 1696 1461 conatus
1725 1402 1842 1459 fue-

189 1486 290 1556 rit,
337 1485 545 1543 inferat
596 1489 742 1558 parti
789 1494 986 1547 contra
1013 1505 1177 1563 quem
1220 1491 1378 1549 litem
1424 1492 1714 1566 intulerit,
1738 1492 1842 1548 di-

186 1574 504 1647 stringente
535 1576 692 1648 ﬁsco,
723 1578 852 1634 auri
877 1578 976 1634 lib.
1019 1595 1082 1652 ιι,
1109 1581 1334 1652 argenti
1367 1582 1616 1652 pondera
1655 1594 1710 1652 v,
1735 1594 1841 1638 co—

185 1667 354 1720 actus
391 1665 662 1737 exsolvat,
696 1671 750 1723 et
775 1681 880 1724 sua
917 1669 1183 1738 repetitio
1209 1669 1434 1726 nullum
1465 1669 1719 1726 obtineat
1746 1667 1841 1725 ef-

1957 509 2096 581 trih,
2129 513 2423 582 Gomarih,
2447 511 2779 583 Adalperht,
2820 513 3128 583 Rodmunt,
3155 513 3439 585 Odolung,
3467 515 3610 571 Ter—

1959 598 2138 670 piton,
2169 600 2491 673 Cotaperht,
2519 604 2645 673 Ato,
2679 604 2947 673 Fastmot,
2979 602 3330 672 Amalperht,
3365 601 3614 656 Erchan-

1956 684 2093 750 frid,
2121 689 2332 758 Walto,
2362 691 2646 760 Anthelm,
2679 691 2972 754 Waltunc,
3005 690 3290 760 Adalhun,
3335 689 3461 762 Alo,
3498 691 3606 746 Pe-

1958 776 2083 848 tilo,
2118 777 2375 849 Rihholt,
2409 779 2690 848 Hiltimot,
2723 781 3038 853 Engilmar,
3087 781 3425 850 Hardperht,
3458 781 3610 834 Irm—

1957 865 2142 939 perht,
2163 868 2348 940 Part0,
2373 869 2698 942 Perehtgoz,
2723 869 3010 941 Ellinpald
3040 871 3241 942 Trogo,
3266 868 3599 941 Reginhart.

1955 956 2111 1028 Pigo,
2189 959 2455 1029 Harpold,
2537 959 2774 1029 Patirih,
2848 960 3152 1028 Rodmunt,
3200 958 3604 1029 Erchanpoldt.

1951 1043 2156 1102 Actum
2198 1051 2286 1103 est
2336 1047 2443 1104 hoc
2492 1061 2641 1106 anno
2692 1049 3111 1106 Incarnationis
3139 1048 3369 1105 Domini
3422 1047 3600 1104 nostri

1949 1133 2082 1190 Jesu
2104 1133 2320 1192 Christi
2340 1134 2466 1208 866,
2492 1137 2549 1192 in
2568 1137 2692 1194 loco
2714 1138 2814 1208 qui
2835 1141 3202 1208 nuncupatur
3226 1136 3594 1194 Letinchoua.

2019 1241 2146 1297 CAP.
2212 1243 2421 1298 LXXX
2462 1274 2535 1286 —
2602 1244 2954 1300 Commutatio
3009 1248 3154 1300 inter
3204 1247 3528 1300 Baturicum

2378 1318 2681 1386 episcopum
2714 1321 2765 1370 et
2816 1317 3164 1372 Ucciandum.

2021 1401 2081 1456 In
2097 1402 2197 1458 Dei
2229 1404 2476 1460 nomine.
2512 1405 2736 1461 Placuit
2758 1409 2929 1477 atque
2953 1406 3218 1463 convenit
3249 1406 3399 1462 inter
3427 1417 3602 1460 vene-

1952 1487 2069 1544 rab.
2113 1491 2302 1547 virum
2350 1492 2680 1550 Baturicum
2732 1494 3291 1567 Reganesburgensis
3332 1493 3598 1550 Ecclesize

1948 1590 2036 1648 ep.
2065 1583 2122 1634 et
2148 1577 2431 1637 illustrem
2457 1581 2647 1638 virum
2673 1582 3022 1640 Ucciandum
3049 1588 3115 1640 ut
3133 1583 3361 1655 aliquas
3378 1597 3468 1638 res
3499 1595 3601 1652 pro

1948 1667 2239 1722 communi
2267 1667 2522 1724 utilitate
2549 1674 2604 1725 et
2624 1671 2960 1741 compendio
2992 1671 3142 1727 inter
3167 1685 3226 1727 se
3245 1675 3597 1727 commutare

188 1751 430 1824 fectum;
455 1754 549 1810 sed
582 1769 828 1825 prasens
842 1758 1215 1814 commutatio
1237 1759 1391 1815 omni
1411 1762 1660 1830 tempore
1677 1759 1840 1816 ﬁrma
1869 1747 1922 1809 B
1947 1753 2236 1828 deberent,
2271 1757 2418 1828 quod
2473 1758 2552 1814 ita
2582 1763 2636 1814 et
2675 1758 2948 1817 fecerunt.
2981 1760 3148 1817 Dedit
3175 1761 3356 1833 igitur
3382 1759 3598 1830 praedi-

185 1846 248 1899 et
300 1842 528 1899 stabilis
594 1850 919 1914 permaneat
969 1860 1099 1904 cum
1155 1847 1530 1919 stipulatione
1569 1847 1832 1906 subnixa.

186 1931 390 1988 Actum
410 1933 803 2004 Reganesburc
819 1936 1052 1993 civitate
1080 1937 1188 1994 sub
1207 1937 1305 1994 die
1324 1935 1358 1992 7
1383 1938 1616 1994 Kalend.
1649 1937 1833 2010 April.

191 2021 433 2086 Uzzand,
465 2024 721 2098 Deotrih,
753 2026 983 2097 Strupo,
1013 2026 1243 2100 Egilolf,
1289 2022 1532 2100 We‘rilo,
1565 2029 1834 2103 Hartwig,

190 2110 467 2180 Hiltiroh,
526 2113 797 2187 Rodhart,
844 2117 1036 2190 Unolz,
1112 2117 1524 2188 Erchanperht,
1577 2120 1833 2189 Haguno,

191 2200 379 2271 Ishad,
399 2202 690 2275 Waltunc,
712 2206 911 2276 Trogo,
944 2205 1233 2279 Eckibart,
1256 2209 1530 2278 Hartmot,
1562 2207 1834 2281 Florenti,

190 2290 480 2361 Folcpold,
521 2294 798 2368 lsanhart,
829 2296 966 2368 Avo,
1002 2297 1217 2367 Walto,
1257 2297 1547 2354 Deothart.

187 2398 317 2455 CAP.
368 2400 617 2456 LXXIX.
673 2432 747 2443 -—
809 2402 1168 2458 Commutatio
1232 2405 1378 2459 inter
1421 2404 1836 2461 Ambrichonem

620 2476 923 2545 episcopum
951 2480 1002 2530 et
1036 2477 1400 2531 Eckilindam.

267 2560 328 2616 In
373 2560 476 2616 Dei
504 2562 749 2619 nomine.
795 2563 1073 2621 Placitum
1113 2569 1285 2637 atque
1313 2570 1651 2623 conventum
1684 2566 1836 2622 inter

190 2648 631 2707 Ambrichonem
660 2665 784 2709 ven.
817 2666 903 2724 ep.
938 2667 1155 2711 necnon
1181 2660 1237 2710 et
1253 2655 1554 2726 quamdam
1585 2654 1834 2712 nobilem

190 2739 443 2811 viduam,
477 2741 708 2798 nomine
752 2741 1023 2800 Ekkilind
1055 2747 1119 2800 ut
1142 2743 1370 2815 aliquas
1392 2757 1499 2814 _res
1543 2758 1644 2815 pro
1674 2757 1838 2801 com—

193 2829 355 2884 muni
395 2827 646 2886 utilitate
671 2829 821 2887 inter
843 2845 903 2888 se
929 2831 1347 2904 conﬁrmarent,
1381 2833 1531 2904 quod
1561 2833 1640 2889 ita
1664 2837 1720 2889 et
1747 2831 1838 2889 fe-

191 2921 411 2973 cerunt.
444 2917 706 2974 Tradidit
731 2919 912 2991 igitur
926 2920 1020 2977 vid
1031 2934 1100 2976 ua
1119 2919 1390 2977 Ekkilind
1406 2920 1478 2976 de
1504 2920 1674 2978 rebus
1700 2933 1839 2992 pro-

193 3006 458 3075 prietatis
485 3021 603 3063 sua;
623 3008 692 3064 ad
717 3007 771 3064 S.
799 3010 1276 3067 Emmerammum
1302 3009 1476 3067 simul
1503 3024 1632 3067 cum
1658 3010 1839 3066 advo—

1949 1848 2076 1900 ctus
2116 1859 2240 1900 ven.
2292 1859 2380 1916 ep.
2429 1847 2733 1904 Baturicus
2780 1863 2845 1905 ex
2907 1849 3127 1906 ratione
3173 1848 3428 1905 ecclesiae
3481 1862 3598 1904 sua:

1949 1933 2130 1990 sancti
2154 1935 2304 1990 Petri
2323 1937 2576 1992 etsancti
2603 1938 3000 1994 Emmerammi
3025 1952 3139 1994 una
3165 1953 3294 1995 cum
3312 1951 3596 1994 consensu

1946 2027 2003 2079 et
2039 2022 2368 2080 cohibentia
2399 2024 2642 2082 fratrum
2692 2025 2904 2083 ibidem
2943 2028 3293 2099 degentium,
3326 2027 3498 2083 etiam
3538 2035 3596 2082 et

1949 2112 2350 2182 perlicentiam
2370 2115 2564 2170 domni
2584 2116 2899 2172 Hludowici
2926 2117 3163 2188 gloriosi
3187 2117 3340 2188 regis
3357 2115 3592 2186 praefato

1947 2201 2232 2259 Ucciando
2249 2205 2317 2259 ad
2346 2218 2515 2260 suum
2545 2205 2612 2260 ad
2647 2205 2968 2262 habendum
3002 2206 3060 2261 in
3093 2206 3218 2262 loco
3243 2207 3344 2276 qui
3375 2205 3596 2263 dicitur

1946 2291 2521 2363 Mahalgozzinhovon
2553 2307 2778 2350 mansos
2808 2299 2923 2350 tres
2951 2309 3079 2351 cum
3111 2296 3352 2352 ecclesia
3379 2295 3593 2351 ibidem

1945 2385 2292 2452 constructa,
2321 2387 2376 2438 et
2400 2395 2530 2438 cum
2544 2383 2788 2454 reliquis
2803 2384 3069 2440 aediﬁciis
3092 2384 3339 2455 desuper
3363 2385 3592 2457 positis,

1945 2483 2076 2526 cum
2101 2471 2293 2541 terris,
2319 2471 2504 2542 silvis,
2530 2473 2730 2544 pratis,
2760 2474 3010 2545 pascuis,
3032 2475 3222 2546 aquis,
3245 2488 3596 2546 aquarumve

1944 2558 2307 2632 decursibus,
2334 2561 2620 2632 quidquid
2649 2563 2708 2618 in
2742 2563 3012 2634 praedicto
3038 2563 3162 2620 loco
3203 2564 3408 2620 habere
3432 2565 3597 2621 visus

1943 2653 2049 2706 est.
2076 2651 2146 2706 Et
2171 2663 2202 2706 e
2240 2656 2437 2708 contra
2473 2658 2817 2710 memoratus
2843 2653 3170 2711 Ucciandus
3199 2651 3266 2711 ex
3311 2669 3414 2712 suo
3455 2671 3579 2727 pro-

1946 2740 2095 2811 prio,
2152 2741 2483 2812 praescripto
2514 2755 2636 2799 ven.
2671 2743 2794 2800 viro
2835 2744 3100 2801 Baturico
3138 2759 3225 2816 ep.
3276 2746 3344 2802 ad
3379 2745 3591 2817 partem

1946 2830 2292 2900 supradicta
2321 2831 2575 2888 ecclesia
2604 2847 2721 2889 suae
2765 2833 2822 2888 in
2851 2833 2974 2893 loco
3017 2840 3383 2908 nuncupante
3419 2835 3595 2894 Atin-

1948 2919 2111 2989 hard,
2146 2933 2373 2976 mansos
2400 2933 2456 2975 v1
2490 2935 2619 2976 cum
2651 2923 2822 2993 casis,
2859 2927 2916 2979 et
2949 2924 3194 2996 reliquis
3223 2925 3507 2998 aediﬁciis,
3540 2931 3595 2983 et

1947 3005 2267 3078 curtiferis,
2299 3022 2428 3065 cum
2459 3009 2649 3079 terris,
2668 3011 2875 3081 pratis,
2905 3013 3091 3085 silvis,
3117 3016 3368 3087 pascuis,
3401 3017 3592 3089 aquis,

193 3073 322 3153 cato
357 3110 461 3154 suo
513 3098 836 3156 Bernhardo
867 3100 1155 3172 quidquid
1199 3101 1407 3157 habere
1449 3100 1751 3158 videbatur
1776 3099 1838 3156 in
1867 3073 1916 3136 (ἶ
1949 3073 2296 3168 aquarumve
2343 3073 2706 3170 decursibus,
2736 3073 3242 3174 quantumcunque
3291 3073 3368 3160 in,
3399 3073 3593 3164 eodem

191 3186 320 3243 vico
345 3187 444 3258 qui
464 3187 1081 3260 diciturUcchinpiunt
1100 3204 1229 3246 cum
1258 3190 1567 3260 mancipiis
1591 3204 1668 3244 vn
1689 3203 1842 3260 quo—

193 3291 323 3332 rum
351 3277 577 3333 nomina
602 3283 737 3336 sunt
765 3279 914 3336 haec:
941 3278 1182 3353 ilelfrih,
1211 3280 1495 3352 Ellanrih,
1518 3279 1838 3351 Maganrih,

190 3367 482 3437 Rodimar,
510 3368 830 3440 Willipirc,
854 3369 1207 3441 Regindrud,
1231 3369 1621 3442 Reginswind,
1647 3374 1704 3424 et
1731 3369 1843 3424 ho—

190 3457 322 3513 bam
351 3459 392 3529 Ι,
429 3458 487 3513 in
535 3458 660 3514 vico
689 3458 788 3530 qui
820 3459 1042 3515 dicitur
1091 3459 1508 3531 Talamazinga,
1553 3465 1610 3514 et
1637 3459 1838 3515 silvam

191 3561 364 3603 unam
383 3560 554 3617 pr0pe
574 3547 762 3603 vicum
781 3548 880 3618 qui
909 3552 1271 3618 nuncupatur
1294 3548 1613 3620 Tuzilinga.
1630 3550 1698 3604 Et
1723 3549 1842 3604 haec

192 3630 385 3688 omnia
427 3639 563 3690 sunt
591 3634 652 3691 in
697 3649 837 3708 pago
891 3637 991 3707 qui
1022 3638 1242 3694 dicitur
1282 3638 1640 3710 Tonahgewi.
1687 3640 1841 3694 Hanc

193 3719 561 3778 traditionem
587 3724 804 3794 accepit
849 3725 1160 3795 praedictus
1187 3725 1496 3783 Ambricho
1537 3727 1842 3798 episcopus

193 3816 364 3882 atque
394 3809 614 3867 Helfrih
661 3812 968 3870 advocatus
1014 3815 1159 3886 ejus,
1187 3816 1452 3873 Helmoni
1473 3821 1527 3872 et
1569 3817 1843 3874 Waltunc

193 3902 302 3958 ﬁde
327 3903 602 3972 jussores.
635 3904 702 3958 Et
735 3917 764 3959 e
793 3908 991 3960 contra
1011 3905 1256 3961 tradidit
1284 3905 1506 3962 Helfrih
1536 3907 1844 3964 advocatus

191 3991 261 4047 de
289 3990 459 4047 rebus
499 3991 554 4046 S.
597 3992 993 4047 Emmerammi
1035 4006 1147 4050 una
1173 4007 1302 4049 cum
1356 4008 1635 4050 consensu
1657 4002 1712 4051 et
1738 4009 1845 4052 vo—

191 4082 415 4138 luntate
438 4079 695 4150 praedicti
734 4081 986 4152 episcopi
1018 4086 1384 4139 etservorum
1424 4085 1522 4139 Dei
1557 4084 1615 4139 in
1650 4085 1842 4140 eadem

192 4170 328 4226 sede
369 4170 696 4240 degentium
742 4171 1028 4242 quidquid
1079 4171 1324 4241 Billunc,
1372 4176 1531 4243 pater
1561 4173 1845 4242 praedicta:

188 4260 402 4328 viduae,
435 4259 493 4314 in
522 4259 794 4315 beneﬁcio
818 4260 1022 4316 habuit
1051 4260 1110 4317 in
1142 4262 1268 4318 vico
1298 4261 1397 4332 qui
1429 4262 1650 4318 dicitur
1673 4262 1847 4318 Tala-

189 4349 456 4420 mazinga
494 4361 624 4403 cum
673 4349 980 4418 mancipiis
1013 4364 1135 4421 xxx,
1171 4363 1414 4420 quorum
1451 4350 1681 4406 nomina
1712 4355 1849 4407 sunt

1951 3185 2071 3242 loco
2103 3185 2308 3241 habere
2337 3185 2498 3241 visus
2526 3185 2658 3242 fuit.
2691 3187 2848 3243 Unde
2877 3193 2932 3244 et
2960 3191 3103 3246 duas
3119 3194 3596 3250 commutationes

1952 3274 2074 3346 pari
2107 3279 2300 3331 tenore
2329 3274 2684 3345 conscriptas
2714 3275 2864 3332 inter
2888 3291 2947 3332 se
2975 3278 3096 3333 ﬁeri
3124 3284 3179 3335 et
3207 3279 3486 3337 amrmare
3512 3297 3599 3339 ro-

1952 3368 2259 3437 gaverunt;
2292 3369 2356 3420 ut
2386 3366 2787 3436 unusquisque
2813 3366 2918 3422 hoc
2960 3368 3106 3437 quod
3134 3381 3164 3423 a
3197 3383 3330 3439 pare
3360 3384 3465 3425 suo
3493 3384 3598 3426 ac-

1951 3452 2104 3524 cepit
2144 3452 2216 3509 ab
2250 3453 2525 3509 hodierno
2563 3454 2658 3509 die
2687 3458 2743 3510 et
2768 3459 3017 3525 tempore
3047 3461 3231 3512 teneat
3263 3463 3432 3530 atque
3459 3473 3599 3528 pos-

1953 3542 2155 3612 sideat,
2184 3541 2268 3598 vel
2292 3542 2576 3612 quidquid
2598 3543 2804 3599 exinde
2823 3544 2894 3600 ob
2916 3544 3226 3601 utilitatem
3248 3547 3334 3602 vel
3357 3561 3601 3604 commo-

1950 3631 2187 3687 ditatem
2218 3628 2402 3687 facere
2434 3627 2532 3705 [sic
2557 3632 2727 3703 __Con.]
2772 3633 2888 3704 sui,
2928 3633 3011 3689 vel
3041 3634 3300 3703 judicare
3326 3636 3591 3709 voluerit,

1952 3719 2190 3776 liberam
2244 3721 2303 3776 in
2334 3721 2605 3778 omnibus
2637 3721 2839 3778 habeat
2871 3727 3200 3792 potestatem
3233 3723 3511 3795 faciendi;
3541 3733 3598 3784 et

1951 3809 2145 3865 taliter
2166 3809 2317 3866 inter
2331 3824 2427 3866 eos
2445 3811 2741 3868 convenit:
2769 3811 2894 3867 utsi
2925 3811 3103 3868 fuerit
3124 3817 3250 3882 post
3271 3814 3421 3870 hunc
3442 3815 3594 3870 diem

1952 3899 2110 3956 ullus
2134 3913 2202 3955 ex
2226 3900 2390 3971 ipsis,
2409 3905 2510 3955 aut
2529 3901 2642 3956 alia
2673 3901 2941 3973 quaalibet
2961 3902 3224 3972 Opposita
3247 3917 3486 3972 persona
3508 3903 3596 3960 vel

1951 3988 2160 4044 emissa
2181 3995 2515 4059 quaecontra
2540 3990 2684 4045 hanc
2707 3992 3207 4047 commutationem
3237 3992 3307 4047 de
3339 4007 3449 4063 qua
3469 3994 3598 4050 duae

1953 4077 2187 4133 cartulas
2218 4091 2332 4134 uno
2365 4085 2556 4133 tenore
2579 4079 2917 4150 conscripta:
2954 4093 3076 4135 esse
3107 4080 3372 4137 videntur
3399 4083 3594 4140 venire

1955 4167 2275 4238 tentaverit,
2299 4171 2399 4223 aut
2427 4181 2548 4223 eam
2573 4167 2886 4240 infringere
2916 4170 3183 4240 voluerit,
3213 4169 3422 4227 inferat
3445 4174 3595 4243 parti

1954 4261 2151 4313 contra
2169 4271 2335 4327 quem
2353 4256 2512 4313 litem
2536 4257 2820 4328 intulerit,
2841 4259 2968 4314 auri
2993 4258 3225 4314 librasu
3254 4261 3430 4316 multa
3453 4276 3610 4318 com-

1956 4352 2146 4417 ponat,
2166 4352 2221 4402 et
2241 4360 2344 4403 sua
2372 4347 2638 4416 repetitio
2662 4347 2882 4403 nullum
2911 4347 3167 4403 obtineat
3191 4347 3470 4419 effectum,
3499 4351 3594 4406 sed

102 4426 143 4474 ’-
191 4439 346 4495 haec:
396 4438 704 4508 Cundram,
759 4438 1062 4510 Mahhelm,
1128 4439 1374 4508 Cristan,
1432 4439 1657 4510 Salvan,
1699 4426 1930 4496 Ger—D
1959 4450 2206 4508 praesens
2225 4435 2594 4492 commutatio
2624 4435 2779 4492 omni
2811 4440 3060 4506 tempore
3089 4437 3247 4492 ﬁrma
3275 4445 3605 4507 permaneat

186 4530 362 4599 linto,
387 4529 662 4597 Folcmar,
690 4528 962 4600 Paldhilt,
994 4529 1254 4601 Ratpirn,
1286 4528 1593 4602 Wolfpirc,
1639 4530 1849 4586 Wald-

183 4619 367 4690 cund,
397 4618 637 4690 Frohilt,
670 4618 928 4689 Sonpirc,
971 4619 1260 4691 Peinhart,
1309 4621 1677 4692 Lantswinto,
1725 4623 1850 4676 Me-

185 4712 365 4783 rigis,
395 4708 604 4778 Rodni,
649 4708 952 4779 Mahtheri,
983 4707 1209 4781 Magolf,
1245 4709 1560 4781 Ceizperht.
1609 4709 1848 4781 Insuper

180 4801 258 4857 de
290 4805 448 4856 terra
477 4797 682 4853 arabili
711 4799 830 4869 jug.
860 4811 1000 4868 xvn,
1032 4801 1089 4854 et
1116 4798 1186 4854 de
1212 4799 1394 4868 pratis
1410 4801 1477 4856 ad
1501 4800 1768 4856 carradas
1786 4813 1845 4855 1x

178 4890 465 4959 adjacens
484 4887 610 4943 vico
626 4886 724 4958 qui
746 4886 966 4942 dicitur
991 4887 1366 4960 Leichilinga,
1392 4893 1456 4944 ut
1488 4889 1593 4944 hoc
1616 4890 1675 4945 in
1710 4902 1850 4958 pro-

178 4978 497 5050 prietatem
519 4975 720 5031 habeat
735 4975 1006 5046 praedicta
1017 4976 1309 5047 Ekkilind,
1332 4977 1417 5034 vel
1438 4981 1614 5034 mater
1636 4977 1845 5051 ipsius,

177 5070 232 5124 si
258 5066 506 5138 longius
534 5065 761 5121 vixerit.
797 5067 864 5121 Et
896 5065 1000 5122 hoc
1023 5079 1088 5122 ea
1119 5067 1341 5124 ratione
1369 5067 1740 5124 conciliatum
1762 5072 1850 5124 est

176 5163 269 5227 ut,
303 5157 357 5212 si
383 5154 668 5226 quislibet
687 5168 981 5211 successor
1004 5155 1409 5213 Ambrichonis
1433 5170 1519 5228 ep.
1552 5157 1656 5214 hoc
1681 5157 1850 5227 placi-

174 5250 312 5302 tum
334 5245 660 5301 dissolvere
674 5245 984 5316 conaverit,
1018 5250 1156 5301 tunc
1183 5247 1450 5316 praedicta
1481 5247 1654 5303 vidua
1684 5246 1853 5302 Ekki-

173 5337 310 5393 liud
346 5338 687 5406 potestatem
727 5349 902 5404 supra
947 5336 1193 5407 scriptas
1237 5351 1326 5393 res
1363 5350 1464 5393 seu
1497 5336 1722 5406 habere,
1748 5351 1850 5393 seu

1957 4541 2087 4583 cum
2119 4526 2492 4595 stipulatione
2522 4525 2784 4581 subnixa.
2817 4525 3020 4581 Actum
3047 4526 3448 4599 Reganesburg
3464 4528 3602 4583 civi-

1957 4618 2072 4671 tate
2092 4615 2198 4672 sub
2213 4616 2308 4671 die
2337 4629 2369 4668 v
2392 4615 2514 4670 Kal.
2545 4615 2850 4685 Septemb.,
2883 4629 3031 4672 anno
3062 4630 3118 4671 Iv
3145 4617 3396 4687 propitio
3425 4618 3597 4674 Chri-

1957 4708 2046 4760 sto
2063 4705 2222 4775 regni
2242 4704 2436 4760 domni
2459 4703 2774 4760 llludowici
2796 4704 2948 4775 regis
2975 4704 3033 4760 in
3047 4705 3314 4782 orientali
3338 4707 3597 4779 Francia,

1958 4793 2158 4850 indict.
2197 4791 2264 4848 45
2288 4793 2347 4847 in
2373 4793 2471 4847 Dei
2504 4792 2735 4848 nomine
2756 4791 3019 4850 feliciter.
3057 4794 3296 4866 Signum
3325 4795 3601 4852 Ucciandi

1959 4884 2058 4955 qui
2099 4884 2244 4938 hanc
2272 4882 2771 4938 commutationem
2812 4882 2935 4938 ﬁeri
2963 4888 3019 4939 et
3046 4883 3325 4941 afﬁrmare
3356 4886 3599 4957 rogavit.

1956 4973 2192 5045 Signum
2219 4971 2501 5028 Meilonis.
2534 4972 2770 5043 Signum
2792 4971 3066 5028 Alberati.
3099 4974 3336 5045 Signum
3363 4975 3606 5033 Swarza—

1960 5062 2100 5118 lohi.
2127 5063 2366 5134 Signum
2388 5059 2682 5117 Odalfriti.
2711 5061 2948 5134 Signum
2975 5063 3216 5135 Hugolﬁ.
3246 5063 3484 5136 Signum
3507 5067 3608 5120 ile-

1959 5153 2135 5209 rardi.
2163 5153 2399 5224 Signum
2417 5151 2690 5223 Billungi.
2715 5152 2952 5224 Signum
2978 5153 3345 5211 Berehttoldi.
3367 5155 3603 5225 Signum

1957 5242 2228 5297 Alberici.
2243 5241 2478 5312 Signum
2494 5241 2648 5297 Rand
2660 5241 2776 5297 ulﬁ.
2791 5241 3029 5314 Signum
3041 5243 3352 5314 Adalperti.
3369 5243 3604 5313 Signum

1961 5330 2294 5388 Wolfharii.
2335 5331 2572 5403 Signum
2615 5332 2897 5388 Grimoni.
2953 5332 3189 5405 Signum
3230 5329 3474 5404 Egilolﬁ.
3507 5329 3608 5384 Si—

171 5425 422 5482 tradere
477 5423 576 5480 cui
633 5423 892 5481 delectet.
943 5425 1043 5482 Isti
1093 5430 1230 5483 sunt
1280 5430 1450 5482 testes
1501 5439 1569 5482 ex
1609 5430 1853 5497 utraque
1964 5435 2137 5496 gnum
2169 5421 2460 5490 Rodperli.
2492 5421 2728 5494 Signum
2759 5421 2976 5494 Ogasti.
3012 5422 3249 5494 Signum
3288 5416 3602 5474 Wieconis.

171 5519 351 5585 parte
402 5527 504 5586 per
533 5527 704 5571 aures
735 5515 936 5570 tracti:
988 5516 1314 5589 Engilpero,
1346 5515 1682 5586 Cuniperht,
1716 5515 1855 5571 Hel—
1961 5513 2199 5584 Signum
2240 5511 2458 5567 Unlazi.
2509 5511 2746 5583 Signum
2777 5511 3012 5567 Albuni.
3048 5509 3284 5579 Signum
3337 5505 3608 5562 Hildrici.

171 5604 382 5678 muni,
436 5605 577 5677 Avo,
618 5604 757 5677 Ogo,
801 5605 1121 5679 Perehtrih,
1173 5605 1460 5678 Salomon,
1487 5602 1851 5677 Erchanfrid,

575 5720 808 5780 Punon.
851 5721 1103 5780 CXXIX.

1962 5601 2301 5660 Dominicus
2329 5600 2575 5657 clericus
2613 5602 2813 5670 jussus
2842 5598 3070 5668 scripsi.

3259 5707 3329 5766 30
