4068 6178
402 224 509 284 939
779 203 784 209 ’
1408 221 1725 280 ANAMODI
1772 211 2302 277 nmsrommsns
2335 204 2746 266 sunmacom
3705 195 3818 256 sto

402 372 530 428 CAP.
566 373 815 430 LXXXI.
846 404 919 416 —
945 373 1189 430 Traditio
1216 371 1546 428 Anda-rbodi
1573 366 2047 442 archipresbyteri.
2077 343 2135 404 Α
2164 341 2278 399 Sibi
2311 338 2551 442 ίυεξτθηξ

2167 429 2450 504 quomodo
2473 427 2620 483 nihil
2639 425 2918 482 voluisset
2936 435 3118 493 neque
3135 420 3415 491 potuisset
3429 420 3827 476 contradicere

480 517 542 571 In
578 516 808 573 nomine
837 517 1046 588 Patris,
1071 520 1128 572 et
1151 515 1309 587 Filii,
1347 521 1404 571 et
1425 513 1682 585 Spiritus
1711 509 1916 568 sancti.
1939 509 2054 578 Ego
2166 521 2236 577 de
2267 519 2359 574 his
2379 515 2648 574 omnibus
2678 528 2804 586 quam,
2833 511 3008 568 frater
3026 511 3152 580 ejus
3187 509 3243 564 in
3280 509 3536 565 Βειυιιίοί
3563 522 3652 578 ορ,
3694 522 3822 562 ma.

410 605 717 662 Baturicus
744 605 1020 679 largiente
1050 605 1445 675 Redemptoris
1474 602 1690 659 Christi
1722 599 1907 673 gratia
1943 594 2059 666 epi-
2171 608 2344 666 nibus
2386 605 2827 674 commendaret,
2863 600 2959 657 sed
2992 599 3174 670 magis
3220 612 3317 669 per
3361 598 3557 655 cuncti
3585 611 3821 654 consen.

411 708 618 765 scopus
640 694 785 751 hanc
807 696 1289 767 conscriptionem
1317 692 1441 749 ﬁeri
1471 690 1711 763 praecepi
1732 691 1800 746 ad
1825 698 2064 745 comme-

2226 701 2310 753 ret
2330 695 2660 764 ubicunque
2690 706 2754 749 ea
2769 692 2906 748 dare
2927 688 3212 745 voluisset
3240 687 3546 744 Baturicus
3565 701 3654 758 ep.
3674 689 3832 743 Tunc

416 783 751 839 morandum
779 789 1064 855 quatenus
1088 795 1283 839 omnes
1305 781 1590 838 scirentet
1609 781 1914 850 praesentes
1939 774 2067 831 sci—

2226 785 2402 842 indem
2423 783 2615 840 eodem
2647 781 2832 838 vvadio
2862 786 2916 838 et
2954 777 3285 836 testimonio
3319 777 3620 833 convictus
3639 783 3748 847 est,
3777 781 3832 832 et

418 871 554 928 licet
581 877 634 928 et
684 870 867 928 futuri
910 873 1159 940 qualiter
1206 871 1294 926 vir
1331 869 1678 927 venerabilis
1704 865 2069 924 Antarbodus
2180 889 2291 933 non
2313 871 2714 942 crediditsibi,
2740 865 3839 939 etdeditwadiumjuxmtegemetjudi-

421 959 882 1031 archipresbyter
922 959 1156 1016 Romam
1203 959 1413 1030 eundo,
1449 971 1550 1028 pro
1581 956 1832 1014 remedio
1867 954 2075 1010 animae
2184 965 2340 1021 cium
2380 961 2578 1033 populi
2625 974 2726 1032 pro
2753 973 2814 1017 se
2837 963 2894 1016 et
2941 958 3061 1015 ﬁlio
3104 971 3210 1013 suo
3256 955 3631 1028 Engilhardo,
3675 960 3740 1011 ut
3769 969 3837 1012 ex

435 1062 552 1105 suae
581 1053 908 1105 sanctorum
947 1049 1098 1104 Petri
1147 1052 1202 1104 et
1251 1047 1414 1104 Pauli
1453 1045 1842 1118 apostolorum
1874 1041 2078 1098 limina

2229 1067 2294 1109 ac
2334 1050 2527 1108 eadem
2562 1063 2734 1106 causa
2778 1048 3026 1105 ulterius
3053 1045 3203 1102 nihil
3237 1045 3650 1117 inquietarent.
3679 1044 3841 1100 Unde

435 1151 714 1208 quaerens,
747 1137 892 1193 mihi
928 1136 1120 1194 omnia
1161 1136 1436 1192 nimirum
1482 1148 1598 1192 suae
1629 1131 1998 1206 proprietatis
2019 1129 2080 1185 in

2226 1140 2435 1198 lidhart
2473 1144 2530 1196 et
2578 1138 3000 1208 Erchanpertus
3056 1135 3110 1191 ei
3161 1132 3292 1190 ﬁdei
3342 1134 3602 1204 jussores
3654 1132 3840 1190 effecti

436 1230 764 1296 potestatem
793 1225 1110 1282 donaviteo
1142 1225 1343 1282 modo:
1369 1228 1434 1281 ut
1453 1225 1504 1281 si
1527 1224 1722 1282 obitus
1750 1223 1938 1295 ipsius
1967 1219 2081 1277 sibi

435 1314 730 1370 adveniret
779 1313 839 1369 in
885 1313 1078 1370 eodem
1130 1314 1358 1386 itinere,
1417 1314 1568 1370 sicut
1609 1313 1749 1384 proh
1802 1309 2000 1368 dolori
2029 1313 2086 1364 et

437 1401 650 1459 factum
680 1406 786 1474 est,
819 1417 919 1474 pro
960 1404 1209 1460 remedio
1235 1403 1483 1475 spiritus
1514 1403 1702 1474 ipsius
1737 1401 1932 1459 omnia
1955 1400 2088 1456 dis-

439 1506 732 1563 pensarem
765 1507 863 1563 per
904 1493 1025 1549 loca
1077 1499 1274 1550 sancta
1303 1506 1646 1565 quocunque
1691 1492 1813 1562 ipse
1863 1495 2090 1561 pertra-

440 1589 652 1639 ctarem
684 1583 993 1638 maximum
1015 1584 1139 1653 ejus
1161 1581 1340 1640 fuisse
1363 1581 1696 1654 profectum.
1727 1579 1885 1637 Unde
1914 1578 2090 1636 frater

2193 1233 2350 1300 sunt,
2385 1235 2442 1286 et
2473 1228 2579 1285 hoc
2621 1228 2788 1284 modo
2833 1226 3063 1282 ﬁnitum
3108 1229 3212 1280 est.
3260 1223 3364 1279 llic
3395 1222 3455 1278 in
3482 1221 3842 1294 beneplacito

2195 1318 2430 1376 fuerunt
2479 1318 2782 1374 Baturicus
2821 1316 2995 1386 episc.
3051 1313 3244 1370 Walto
3290 1326 3497 1384 comes,
3543 1311 3842 1384 Machelm,

2195 1411 2390 1480 Immo,
2423 1407 2680 1478 Eckirih,
2718 1406 2965 1472 Billunc,
3008 1403 3196 1474 Jacob,
3229 1403 3410 1474 Tevit,
3437 1402 3687 1475 Rodgoz,
3726 1403 3850 1458 Me—

2197 1497 2470 1572 ginhelm,
2503 1497 2732 1566 Hunolt,
2761 1494 3048 1564 Heribald,
3072 1495 3259 1562 Freso,
3284 1493 3552 1562 Rihhart,
3577 1492 3848 1562 Nidhart,

2197 1587 2416 1660 Hegilo,
2463 1587 2654 1651 Mezzi,
2705 1584 3007 1656 Rihperht,
3065 1582 3274 1652 Ratolt,
3326 1581 3586 1653 Adalrih,
3631 1582 3856 1655 Regin-

442 1674 568 1744 ejus
595 1673 811 1729 Ternod
835 1673 1214 1730 consentienti
1236 1673 1508 1730 charitati
1541 1673 1704 1728 testis
1732 1675 1838 1742 est,
1860 1669 2090 1727 collau—
2119 1678 2174 1742 Β
2205 1678 2351 1750 part,
2384 1682 2491 1734 etc.
2519 1677 2722 1732 Actum
2753 1663 2851 1732 est
2869 1687 3018 1730 anno
3034 1671 3261 1729 Domini
3291 1670 3418 1744 822,

442 1763 586 1818 dans
623 1762 794 1817 etiam
827 1761 933 1818 hoc
969 1763 1122 1818 omni
1152 1762 1316 1819 modo
1339 1763 1420 1817 ita
1449 1761 1590 1818 bene
1615 1774 1738 1818 esse
1774 1764 1830 1816 et
1857 1758 2092 1816 sibimet

447 1851 560 1922 ipsi
593 1851 830 1921 placere.
865 1851 1198 1922 Deniquein
1228 1852 1420 1907 eadem
1447 1851 1540 1908 via
1571 1850 1843 1921 pradicto
1870 1848 2090 1905 illustri

443 1941 568 1997 viro
599 1953 667 1996 ex
689 1941 793 1996 hac
819 1940 966 2011 luce,
993 1941 1144 1996 sicut
1177 1941 1377 1996 mortis
1404 1940 1662 1996 debitum
1693 1943 1943 2011 urgerat,
1975 1937 2095 1993 mi—

449 2034 666 2102 grante,
694 2035 751 2085 et
777 2029 846 2085 ad
875 2043 975 2086 nos
999 2029 1105 2085 hoc
1127 2029 1332 2086 nuntio
1365 2029 1555 2086 delato
1588 2028 1956 2099 pervenisset,
1987 2041 2096 2082 su-

449 2119 572 2175 bito
625 2119 694 2174 ad
739 2118 1108 2190 Ergeltesbah
1154 2119 1387 2175 veniens
1430 2117 1585 2190 misi)
1607 2123 1665 2174 et
1705 2116 2093 2173 Bernhardum

449 2208 627 2264 alium
653 2205 886 2263 fratrem
916 2207 1240 2278 Antarboti,
1273 2207 1393 2264 sive
1428 2207 1615 2264 ﬁlium
1639 2207 1765 2276 ejus
1784 2205 2099 2278 Engilhar—

451 2296 587 2353 dum
621 2300 678 2353 et
705 2301 940 2353 caeteros
985 2303 1246 2366 parentes
1269 2295 1463 2352 venire
1489 2295 1787 2368 precabar;
1822 2299 1886 2352 ut
1918 2293 2100 2365 quid-

454 2398 581 2440 nam
625 2389 681 2440 et
721 2384 834 2455 ipsi
864 2384 1072 2440 exinde
1097 2385 1277 2440 velint
1297 2389 1354 2439 et
1393 2384 1651 2440 dicerent
1682 2384 1830 2441 scire
1871 2383 2101 2452 potuis-

453 2487 610 2543 sem;
663 2473 768 2529 hoc
796 2477 913 2528 est:
963 2479 1156 2528 utrum
1213 2472 1671 2529 contradicerent
1710 2471 1974 2542 potestati
2011 2470 2099 2526 illi

455 2575 581 2630 quae
596 2561 713 2630 jam
737 2561 796 2615 in
830 2561 971 2616 meis
1003 2561 1268 2617 manibus
1301 2561 1486 2630 posita
1505 2561 1669 2616 erat?
1696 2560 1780 2617 An
1807 2560 1954 2617 bono
1983 2550 2106 2615 ani-4

460 2661 548 2704 mo
581 2648 661 2704 ita
695 2648 901 2705 stabile
946 2649 1066 2705 ﬁeri
1093 2649 1537 2719 permisissent?
1563 2648 1766 2706 Actum
1797 2657 1882 2706 est
1904 2650 2017 2721 ita;
2048 2652 2106 2705 et

460 2741 732 2794 venerunt
754 2738 824 2793 ad
858 2751 964 2809 me,
999 2743 1054 2793 et
1079 2738 1226 2794 idem
1258 2737 1620 2795 Bernhardus
1657 2743 1780 2795 erat
1810 2739 1916 2796 hoc
1939 2753 2105 2796 ama-

454 2825 655 2881 biliter
673 2827 1055 2897 consentiens,
1080 2827 1199 2883 sive
1216 2827 1408 2882 caateri
1441 2827 1686 2898 proximi
1715 2828 1860 2900 ejus,
1894 2829 2050 2886 sicut
2072 2843 2106 2886 a

456 2915 729 2986 praedicto
754 2915 1012 2988 benignae
1041 2915 1165 2972 viro
1196 2916 1482 2973 memoriae
1520 2921 1850 2986 potestatem
1889 2916 2102 2989 accepi,

457 3004 628 3106 ita‘de
654 3005 782 3106 suis
800 3005 968 3106 rebus
995 3019 1095 3106 pro
1116 3019 1185 3106 se.
1197 3003 1437 3106 facerem
1461 3006 1745 3078 quidquid
1772 3007 2102 3106 voluissem.
2133 3008 2182 3074 C
2214 3044 2341 3100 CAP.
2389 3041 2688 3098 LXXXIII.
2719 3040 2802 3106 τ-
2851 3039 3204 3096 Commutatio

463 3092 666 3150 Actum
703 3099 790 3151 est
813 3099 1002 3151 autem
1035 3095 1142 3152 hoc
1171 3095 1232 3151 in
1281 3095 1406 3152 loco
1451 3109 1626 3167 supra
1675 3097 2000 3168 conscripta
2044 3097 2106 3154 in

459 3183 761 3252 praesentia
785 3197 980 3241 eorum
1008 3198 1252 3255 quorum
1287 3183 1402 3240 haec
1433 3185 1665 3242 nomina
1693 3191 1862 3242 sunt:
1895 3187 2110 3257 primi-

458 3279 556 3329 tus
577 3271 679 3329 Job
707 3273 962 3330 vicarius
988 3279 1045 3330 et
1075 3289 1276 3330 vassus
1294 3273 1594 3332 Cotafridi:
1621 3289 1838 3332 necnon
1867 3282 1923 3332 et
1948 3276 2110 3333 Cun-

456 3361 753 3432 dalpertus
777 3362 936 3419 ﬁlius
959 3362 1240 3428 Helmoni,
1274 3365 1448 3420 Immo
1476 3364 1784 3421 advocatus
1815 3369 2024 3436 noster,
2052 3368 2110 3421 et

461 3450 724 3524 Billunc,
758 3451 928 3508 Mezzi
963 3465 1136 3522 nepos
1154 3451 1412 3508 Waltoni
1433 3453 1684 3524 comitis,
1709 3455 1958 3526 llunger,
1980 3454 2107 3525 Ato,

459 3539 872 3611 Erchanpreht,
903 3539 1201 3610 Antarbot,
1233 3541 1534 3612 Isangrim,
1561 3541 1824 3612 Suidger.

534 3631 718 3702 Igitur
770 3630 874 3686 hac
931 3629 1329 3686 convenientia
1377 3629 1529 3685 inter
1567 3643 1672 3686 nos
1719 3629 1905 3702 ﬁnita,
1957 3629 2116 3687 venit

463 3718 830 3777 Bernhardus
852 3718 912 3773 in
937 3717 1210 3788 placitum
1239 3717 1532 3787 publicum
1552 3717 1612 3774 in
1634 3718 1757 3774 loco
1788 3724 2115 3789 nuncupata

464 3805 1006 3864 Rodhoheskirihha
1057 3819 1229 3875 super
1275 3809 1510 3877 Lapara,
1554 3807 1652 3863 ubi
1691 3807 1884 3864 Walto
1931 3822 2118 3865 comes

467 3911 597 3953 cum
622 3897 779 3952 omni
809 3910 914 3952 suo
954 3895 1279 3950 ministerio
1306 3895 1612 3966 residebat,
1657 3901 1714 3952 et
1741 3911 1869 3954 cum
1897 3912 1962 3954 eo
1992 3901 2120 3954 Ma-

471 3985 678 4053 chelm,
712 3984 868 4039 ﬁlius
905 3981 1138 4053 Otleipi,
1181 3983 1482 4040 assistente
1519 3985 1692 4041 etiam
1743 3986 1921 4044 multa
1953 3987 2120 4044 turba

474 4075 770 4133 hominum
800 4071 1103 4143 nobilium,
1136 4072 1397 4129 Baturico
1429 4078 1704 4143 praesente
1735 4075 2121 4132 nihilominus

472 4165 761 4236 episcopo,
793 4165 849 4216 et
881 4159 960 4215 ibi
995 4160 1251 4216 mallavit
1281 4161 1644 4218 Bernhardus
1671 4164 1997 4220 Baturicum
2029 4178 2116 4233 ep.

2448 1811 2573 1866 CAP.
2606 1809 2880 1865 LXXXII.
2906 1838 2978 1848 --
3007 1807 3255 1862 Traditio
3283 1807 3574 1861 Hawardi.

2273 1937 2430 1994 Felix
2450 1941 2536 1992 est
2566 1936 2683 1991 haec
2703 1934 2821 1990 vita
2849 1933 3069 2004 activa;
3112 1933 3208 1989 sed
3239 1932 3418 1990 multo
3462 1931 3695 1989 felicior
3713 1946 3862 1990 con-

2203 2025 2552 2097 templativa.
2578 2024 2659 2080 Ad
2695 2023 2840 2079 hanc
2879 2022 3062 2095 igitur
3106 2022 3344 2079 tendens
3369 2021 3606 2093 quidam
3641 2023 3862 2079 nobilis

2206 2115 2436 2172 nomine
2482 2115 2724 2183 l—lawart,
2780 2111 3024 2168 tradidit
3065 2111 3134 2167 ad
3171 2111 3228 2166 S.
3283 2111 3764 2167 Emmerammum
3802 2111 3859 2167 in

2207 2218 2436 2264 manum
2461 2201 2751 2259 Arnimari
2768 2201 2994 2272 cognati
3023 2200 3116 2256 sui
3144 2199 3310 2256 talem
3347 2205 3564 2270 partem
3594 2200 3865 2270 pr0prie-

2209 2293 2347 2350 tatis
2377 2305 2494 2348 suae
2519 2289 2741 2362 qualem
2766 2287 2969 2344 habuit
2988 2287 3056 2343 ad
3079 2285 3462 2360 Tegarindorf
3481 2288 3710 2343 nemine
3733 2302 3864 2344 con-

2211 2381 2557 2447 tradicente;
2596 2381 2878 2450 quatenus
2904 2376 3174 2432 Arnimar
3201 2377 3323 2447 ipse
3349 2377 3604 2432 eamdem
3647 2380 3862 2448 partem

2213 2468 2582 2544 proprietatis
2605 2466 2780 2523 simul
2814 2479 2943 2522 eum
2975 2465 3282 2535 mancipiis
3322 2466 3561 2521 vestiret
3610 2467 3680 2522 ad
3713 2481 3866 2538 prte—

2212 2559 2432 2616 dictum
2485 2560 2744 2614 sanctum
2794 2568 2895 2626 pro
2942 2559 3073 2610 ante
3121 2554 3413 2610 nominato
3465 2555 3766 2627 Hawardo,
3815 2563 3868 2613 et

2213 2646 2537 2706 Odalhardo
2579 2653 2637 2702 et
2659 2644 3050 2717 Meginhardo.
3083 2645 3152 2700 Et
3182 2643 3282 2699 isti
3326 2648 3463 2700 sunt
3493 2649 3667 2701 testes
3705 2646 3870 2716 ejus-

2213 2739 2340 2794 dem
2381 2735 2750 2792 traditionis:
2802 2733 3048 2806 Pillunc,
3083 2731 3354 2805 Gozpold,
3405 2734 3718 2805 Wanninc,
3756 2737 3872 2791 Im-

2217 2841 2328 2899 mo,
2375 2828 2677 2898 Liupoton,
2723 2824 3080 2895 Perethtuni,
3133 2823 3434 2896 Salamari,
3479 2825 3868 2896 Chuniperht,

2217 2913 2492 2987 Horscolf,
2543 2914 2848 2987 Gisalmar,
2894 2909 3150 2984 Eginolf.

3259 3039 3403 3094 inter
3451 3037 3875 3096 Ambrichonem

2641 3115 2946 3184 episcopum
2969 3116 3021 3166 et
3053 3111 3440 3167 Swidkarium.

2286 3219 2559 3277 Convenit
2603 3219 2754 3275 inter
2791 3218 3169 3275 venerabilem
3208 3219 3397 3276 virum
3427 3217 3870 3275 Erchanfridum

2218 3310 2573 3381 episcopum,
2609 3314 2665 3365 et
2696 3307 2994 3380 quemdam
3023 3307 3332 3380 hominem,
3372 3307 3604 3364 nomine
3632 3308 3877 3364 Swidke-

2222 3413 2373 3470 rum,
2403 3399 2472 3454 de
2494 3397 2738 3468 quadam
2771 3396 3217 3453 commutatione
3236 3396 3566 3467 aliquorum
3593 3396 3874 3466 locorum,

2222 3488 2372 3559 quod
2395 3491 2452 3543 et
2479 3487 2558 3542 ita
2579 3485 2854 3542 fecerunt.
2889 3485 3056 3541 Dedit
3078 3483 3348 3556 praefatus
3376 3486 3739 3542 venerandus
3767 3486 3880 3557 epi-

2223 3589 2431 3646 scopus
2461 3588 2562 3645 pro
2590 3574 2845 3630 utilitate
2869 3573 3166 3630 ambarum
3200 3574 3450 3646 partium
3481 3588 3614 3630 cum
3643 3574 3879 3630 licentia

2226 3666 2397 3737 regis,
2445 3663 2790 3720 venerabilis
2828 3663 3172 3734 Hludowici,
3215 3671 3271 3720 et
3309 3663 3722 3720 monachorum
3754 3679 3883 3721 om-

2227 3754 2390 3810 nium
2430 3753 2777 3810 morantium
2825 3753 2894 3808 ad
2931 3752 3343 3809 monasterium
3378 3752 3432 3807 S.
3473 3754 3882 3809 Emmerammi

2230 3841 2500 3913 prtedicto
2547 3840 2836 3896 Swidkero
2869 3841 2926 3895 in
2973 3840 3096 3896 loco
3138 3845 3464 3910 nuncupato
3520 3840 3886 3897 Wolamota~

2228 3930 2386 4002 saha,
2419 3929 2704 4002 quidquid
2749 3930 2942 3986 Otram
2972 3929 3030 3984 in
3071 3928 3410 3985 beneﬁcium
3447 3928 3657 3985 habuit
3686 3931 3746 3985 in
3788 3930 3886 3987 illo

2231 4020 2373 4076 loco.
2423 4020 2492 4073 Et
2520 4032 2550 4073 e
2593 4022 2792 4074 contra
2833 4017 3076 4074 tradidit
3125 4017 3246 4088 ipse
3284 4018 3539 4074 Swidker
3595 4021 3884 4090 propriam

2233 4107 2619 4164 haireditatem
2658 4120 2819 4162 suam
2869 4107 2938 4163 ad
2969 4107 3022 4162 S.
3071 4108 3571 4180 Emmerammum,
3609 4109 3767 4180 quod
3806 4115 3889 4164 est

2233 4210 2406 4268 prope
2438 4196 2646 4252 ﬁumen
2670 4196 2818 4267 quod
2837 4195 3058 4251 dicitur
3082 4195 3328 4266 Apansa,
3362 4197 3651 4268 quidquid
3685 4211 3719 4253 a
3750 4199 3892 4254 ﬁliis

473 4261 530 4358 εξ
565 4251 2119 4358 ίίῗῖίῗῗηῖἮῇίξΪφξδδῄξΨῗξ-Ῡξῗὲ,(ξῖοῗῗδίέέλῖῖιπξνοναξίτ
2147 4336 2202 4358 η
2232 4251 2532 4358 ἑίςῖηειωί
2581 4298 2610 4339 e
2643 4251 2842 4340 inlendo
2884 4251 3216 4356 acquisivit.
3268 4251 3460 4341 Tesies.
3511 4251 3719 4342 ilionei
3753 4251 3892 4343 an;

473 4349 532 4401 et
560 4345 760 4398 contra
788 4340 1070 4396 directum
1101 4340 1170 4395 de
1184 4339 1396 4410 placito
1422 4341 1538 4410 jam
1581 4340 1639 4396 in
1674 4346 1864 4413 caput,
1897 4346 1954 4398 et
1981 4356 2125 4399 con-
2147 4336 2203 4401 D

474 4429 764 4488 venientia
792 4427 1106 4484 constituto
1127 4442 1315 4484 coram
1350 4427 1683 4484 hominibus
1708 4442 1883 4500 supra
1910 4444 2129 4487 memo-

477 4520 640 4577 ratis.
664 4521 821 4574 Tunc
838 4517 1091 4574 surrexit
1129 4518 1304 4572 Immo
1333 4522 1390 4571 et
1411 4516 1571 4572 dedit
1599 4517 1854 4575 Waltoni
1881 4519 2126 4576 wadium

480 4623 652 4666 suum
683 4607 832 4679 quod
867 4606 1015 4662 idem
1050 4604 1412 4660 Bernhardus
1440 4611 1638 4661 contra
1658 4605 1836 4679 legem
1867 4613 2128 4679 pacatum

483 4696 758 4768 placitum
783 4693 1161 4765 prazsumebat
1188 4693 1529 4766 inquietare,
1552 4699 1610 4751 et
1630 4695 1835 4754 habuit
1863 4699 2132 4756 testimo-

487 4785 585 4840 nia
616 4797 719 4839 sua
750 4784 809 4838 in
838 4781 1102 4852 praesenti
1129 4787 1185 4838 et
1211 4783 1454 4840 adduxit
1481 4797 1596 4856 eos,
1633 4785 1688 4841 id
1733 4790 1846 4843 est:
1881 4787 2128 4860 Billunc,

486 4871 965 4944 Mezzi,Nidhart,
1007 4871 1236 4944 Hunolt,
1277 4873 1692 4947 Erchanperht,
1737 4877 1997 4949 Hunger;
2035 4878 2132 4936 sed

488 4961 850 5017 Bernhardus
877 4960 1067 5017 noluit
1106 4961 1212 5017 hoc
1244 4963 1408 5019 modo
1441 4963 1710 5036 wadiare,
1744 4965 1841 5022 sed
1867 4966 2056 5022 dixit:
2083 4967 2133 5024 si

491 5051 777 5106 inveneris
819 5050 959 5106 mihi
1005 5051 1154 5106 unde
1180 5051 1322 5107 tales
1351 5057 1523 5109 testes
1563 5054 1664 5125 qui
1698 5055 1802 5111 hoc
1829 5056 2137 5114 testiﬁcent

493 5139 774 5210 quomodo
811 5137 1089 5195 Antarbot
1114 5139 1194 5194 ita
1237 5139 1484 5211 fecisset,
1527 5144 1890 5200 consentiens
1931 5159 2048 5216 ero,
2081 5151 2137 5204 et

495 5227 644 5299 quod
681 5225 772 5282 lex
810 5227 1141 5298 praeceperit
1187 5225 1412 5284 faciam.
1462 5230 1618 5285 Tunc
1650 5245 1777 5286 mox
1814 5233 2046 5289 advenit
2075 5235 2135 5291 in

494 5317 620 5387 ipso
643 5314 853 5386 placito
883 5313 1029 5369 liber
1061 5315 1227 5371 homo
1250 5317 1515 5384 Ternodi,
1549 5319 1778 5375 nomine
1815 5321 2034 5393 Herini,
2066 5324 2136 5379 ab

495 5405 690 5462 eodem
710 5403 966 5460 Ternodo
989 5403 1246 5459 directus
1272 5406 1341 5460 ad
1368 5406 1699 5464 Baturicum
1721 5422 1808 5480 ep.
1841 5415 1897 5465 et
1925 5411 2138 5469 Walto-

498 5508 624 5552 nem
655 5494 940 5562 comitem,
971 5497 1028 5550 et
1066 5491 1125 5548 in
1161 5493 1369 5552 auditu
1399 5495 1654 5553 omnium
1697 5498 1900 5556 retulit
1921 5513 1986 5557 ea
2011 5515 2136 5572 quae

2239 4375 2373 4431 isti:
2409 4373 2634 4446 Fritilo,
2663 4373 3031 4446 Reginperht,
3064 4374 3324 4446 Einhart,
3359 4375 3622 4446 Friccho,
3663 4376 3891 4439 Albam,

2236 4464 2436 4534 Alprat
2453 4477 2659 4534 comes,
2682 4465 2929 4535 Isanger,
2953 4463 3283 4536 Ambricho,
3319 4463 3573 4535 Dultinc,
3603 4466 3892 4538 Piligrim,

2238 4555 2522 4698 IVI‘trH‘lSCl'at,
2581 4551 2818 4625 Alpuni,
2867 4551 3098 4626 llunolf,
3143 4553 3473 4625 Lantperht,
3528 4554 3893 4628 Wolfdrigil,

2314 4654 2347 4696 a
2373 4645 2451 4698 to.
2483 4644 2590 4697 etc.

2314 4644 2451 4712 alto,
2483 4644 2590 4697 etc.

2241 4765 2368 4823 CAP.
2415 4765 2710 4823 LXXXIV.
2753 4794 2828 4808 —-
2879 4765 3234 4822 Commutatio
3283 4768 3427 4824 inter
3477 4767 3898 4825 Ambn'chonem

2712 4839 3017 4910 episcoPum
3057 4843 3108 4894 et
3147 4839 3420 4895 Attonem.

2315 4961 2548 5020 Noverit
2599 4961 2980 5032 plurimorum
3023 4963 3311 5020 industria
3357 4964 3619 5022 ﬁdelium
3646 4967 3904 5038 qualiter

2247 5051 2481 5124 quidam
2509 5051 2622 5107 viri
2651 5052 2802 5109 inter
2828 5065 2888 5108 se
2924 5059 3437 5110 commutaverunt.
3485 5055 3757 5112 Tradidit
3784 5057 3905 5112 ita-

2246 5157 2356 5214 que
2377 5143 2610 5214 quidam
2654 5142 2870 5199 nobilis
2901 5143 3133 5200 nomine
3169 5145 3323 5217 Atto,
3352 5145 3422 5200 ad
3451 5146 3507 5201 S.
3541 5147 3905 5202 Emmeram—

2247 5247 2403 5289 mum
2440 5231 2511 5288 de
2549 5238 2700 5289 terra
2733 5232 2942 5288 arabili
2979 5233 3181 5305 jugera
3224 5236 3270 5289 ll
3311 5234 3524 5292 inloco
3564 5235 3906 5292 Wolfhare—

2247 5321 2422 5378 shusa
2440 5325 2766 5391 nuncupata
2785 5321 2845 5376 in
2870 5327 3202 5391 potestatem
3220 5337 3349 5378 ven.
3381 5337 3470 5394 ep.
3490 5324 3906 5381 Ambrichonis

2245 5418 2302 5469 et
2339 5410 2595 5467 advocati
2643 5412 2770 5481 ejus
2811 5411 3146 5468 Berehtrici.
3182 5415 3451 5470 Econtra
3493 5428 3628 5471 vero
3668 5415 3902 5486 quidam

2249 5499 2520 5573 famulus,
2553 5501 2784 5558 nomine
2821 5501 3057 5558 Rodheri
3083 5515 3212 5559 cum
3238 5502 3478 5560 licentia
3505 5505 3764 5576 episcopi
3797 5511 3908 5560 tra-
