4076 6154
305 165 412 225 944

1256 175 1712 235 TRADITIONES
1762 179 2400 241 EMMERAMMENSES.
2441 216 2516 230 —
2550 189 2679 245 LIB.
2722 191 2761 245 Ι.

3609 195 3718 256 942

303 279 466 378 didit
493 279 676 378 eidem
711 282 901 378 pobili
930 284 1000 340 de
1021 283 1266 378 rebus
1290 286 1688 378 Emmerammi
1719 289 1954 346 totidem
1989 289 2373 364 AGundpato
2421 310 2545 352 ven.
2585 298 2866 357 diaconus
2901 302 3269 360 traditionem
3311 319 3437 376 quae
3465 307 3722 378 capitulo

299 369 509 440 jugera
546 369 604 424 in
622 371 818 426 eodem
854 371 996 428 loco.
1030 373 1100 428 Et
1126 372 1226 430 isti
1260 378 1397 430 sunt
1429 379 1631 431 testes:
1656 375 1808 448 Atto,
1833 379 1964 433 Her-

308 463 463 521 rant,
522 458 755 531 Egilolf,
806 460 1125 533 Kaganhat,
1189 463 1326 534 Etti,
1397 464 1679 537 Engilrib,
1743 467 1964 536 Epara-

306 545 470 618 char,
513 546 726 619 Folrat,
757 548 971 620 Alpolt,
1015 551 1740 624 Reginperht,Willipold,
1783 554 1957 611 Odal-

305 636 497 707 perht,
545 638 831 709 Purchoh,
883 639 1093 709 Ratolt,
1139 640 1374 712 Albuni,
1409 641 1610 714 Egino,
1661 644 1959 717 Bernhart,

302 725 520 797 Rihho,
548 727 750 799 Analo,
778 728 1128 800 Amalperht,
1166 731 1430 805 Nidhart,
1461 737 1566 788 etc.
1857 805 1880 816 π

300 833 435 890 CAP.
491 834 763 890 LXXXV.
817 865 890 876 —
950 837 1304 902 Commutatio
1358 840 1502 895 inter
1542 839 1961 896 Ambrichonem

559 909 864 978 episcopum
905 912 957 963 et
1007 911 1388 980 Engilpertum
1445 913 1704 967 comitem.

376 1015 798 1073 Nonnullorum
840 1017 1156 1086 comperiat
1188 1017 1483 1074 industria
1519 1019 1774 1076 virorum
1806 1035 1960 1092 quo-

300 1118 551 1174 rumque
581 1105 822 1161 auribus
845 1105 1020 1175 hujus
1047 1106 1284 1163 cartulae
1319 1107 1577 1178 injuncta
1607 1107 1785 1166 fuerit
1814 1111 1960 1168 noti-

303 1195 388 1250 tia
437 1195 688 1265 qualiter
723 1195 1032 1252 Ambricho
1084 1197 1582 1254 reverentissimus
1627 1201 1856 1272 praesul,
1901 1206 1959 1258 et

302 1283 540 1354 quidam
574 1284 663 1340 vir
688 1283 1046 1342 honorabilis
1077 1287 1442 1358 praestantiae,
1477 1288 1841 1360 Engilbertus
1878 1290 1959 1347 vi-

299 1373 514 1430 delicet
561 1387 749 1429 comes
797 1389 900 1444 pro
945 1378 1321 1446 utrarumque
1382 1376 1636 1434 utilitate
1701 1380 1953 1448 partium

301 1463 806 1518 commutationem
829 1462 1110 1533 perfecero
1137 1469 1490 1535 praesentem.
1514 1467 1780 1524 Tradidit
1800 1482 1956 1525 nam-

301 1567 416 1625 que
448 1552 760 1623 przedictus
781 1553 1150 1626 Engilbertus
1170 1569 1358 1611 comes
1377 1555 1446 1612 ad
1469 1555 1523 1612 S.
1543 1557 1771 1613 Petrum
1793 1571 1954 1628 apos-

299 1643 538 1714 stolum,
579 1648 953 1715 sanctumque
984 1643 1083 1699 Dei
1127 1648 1428 1716 martyrem
1472 1645 1948 1704 Emmerammum

298 1732 371 1788 de
404 1736 555 1787 terra
584 1730 790 1786 arabili
816 1731 1019 1804 jugera
1063 1745 1157 1786 LIX
1204 1733 1264 1788 in
1300 1732 1425 1790 loco
1463 1733 1764 1804 Swindpah
1793 1750 1952 1792 nun—

299 1825 531 1891 cupato,
561 1819 712 1876 nihil
744 1824 902 1876 extra
947 1819 1268 1891 dimittens,
1317 1822 1603 1894 quidquid
1649 1824 1706 1880 in
1751 1826 1948 1882 eodem

298 1908 428 1966 loco
455 1909 644 1980 terris,
688 1910 872 1980 pratis
912 1913 968 1966 et
997 1910 1163 1966 silvis
1211 1910 1416 1968 habere
1464 1913 1624 1970 visus
1666 1918 1776 1984 est,
1806 1915 1947 1985 quin

298 2013 368 2055 ex
399 1999 624 2070 integro
647 1998 716 2054 ad
749 1999 1052 2068 praedictos
1082 2004 1310 2057 sanctos
1338 2003 1700 2059 contraderet
1727 2005 1786 2058 in
1823 2017 1952 2059 ma—

299 2102 441 2146 num
471 2086 878 2161 Ambrichonis
907 2101 1029 2143 ven.
1056 2102 1144 2160 ep.
1172 2089 1411 2161 ejusque
1435 2090 1693 2147 advocati
1720 2091 1944 2150 Otonis.

297 2181 343 2236 E
373 2184 574 2235 contra
621 2190 753 2233 vero
798 2177 976 2234 isdem
1007 2177 1113 2234 Oto
1158 2192 1288 2236 cum
1335 2178 1570 2236 licentia
1597 2181 1828 2237 Domini
1855 2183 1946 2239 sui

297 2269 557 2341 episcOpi
609 2267 852 2324 tradidit
891 2268 960 2323 de
1009 2267 1181 2325 rebus
1236 2275 1563 2326 sanctorum
1626 2272 1952 2329 antedicto-

297 2372 454 2428 rum,
489 2359 547 2412 in
579 2357 702 2413 loco
737 2355 1042 2428 Eholtinga
1066 2357 1382 2429 nominato,
1407 2363 1572 2414 terra:
1601 2359 1844 2415 arabilis
1862 2361 1952 2430 ju-

299 2460 438 2520 gera
477 2460 614 2501 xLIx
657 2446 839 2502 eidem
899 2445 1229 2518 Engilberto
1277 2449 1596 2504 venerando
1645 2449 1842 2505 comiti
1888 2450 1948 2506 in

294 2537 603 2608 proprium
631 2543 902 2607 perpetuo
942 2536 1371 2607 possidendum.
1402 2539 1595 2594 Testes
1623 2539 1776 2594 enim
1805 2540 1952 2608 ejus-

293 2628 425 2684 dem
459 2627 795 2682 traditionis
825 2631 960 2682 sunt
991 2626 1308 2697 Reginhoh,
1331 2627 1654 2700 Cotaperht,
1683 2628 1823 2700 Ogo,
1850 2631 1952 2685 Ila-

293 2720 518 2788 damar,
589 2716 936 2786 Willihelm,
991 2716 1257 2785 Askarih,
1317 2717 1582 2789 Nidhart,
1639 2719 1946 2790 Rodmunt,

294 2809 475 2877 Irinc,
533 2804 866 2877 Odalperht,
941 2806 1103 2876 Pern,
1158 2805 1577 2880 Erchanperht,
1653 2806 1945 2881 Folcpold,

291 2898 587 2955 Arnimar.

853 2988 989 3041 Item
1017 2989 1378 3042 commutatio.

370 3093 639 3150 Tradidit
681 3092 1051 3166 Engilbertus
1089 3107 1276 3150 comes
1299 3094 1446 3150 duos
1473 3095 1760 3166 mancipia
1789 3094 1855 3150 ad
1889 3095 1943 3151 S.

293 3185 799 3253 Emmerammum,
834 3182 890 3238 id
921 3186 1007 3238 est
1038 3182 1310 3255 Liupuni,
1339 3187 1397 3238 et
1425 3183 1735 3238 Irminhilt.
1761 3185 1802 3239 E
1823 3196 1953 3238 con-

298 3279 392 3330 tra
436 3286 565 3328 vero
607 3271 712 3328 Oto
751 3286 881 3328 cum
925 3285 1204 3328 consensu
1247 3272 1502 3342 episcopi
1542 3271 1951 3329 Ambrichonis

297 3362 551 3420 tradidit
589 3362 935 3418 Wilcozum.
977 3362 1046 3417 Et
1089 3361 1188 3417 isti
1234 3365 1372 3418 sunt
1401 3365 1602 3418 testes:
1647 3363 1948 3431 Hadamar,

297 3452 451 3525 Ogo,
511 3450 923 3522 Erchanperht,
983 3450 1302 3522 Reginhoh,
1365 3451 1688 3524 Cataperht,
1741 3453 1955 3510 Willi-

301 3541 482 3612 helm,
528 3541 663 3597 Item
722 3539 1047 3612 Cotaperht,
1105 3539 1356 3610 Patarih,
1417 3540 1748 3614 Warmunt,
1816 3544 1950 3600 Item

298 3628 446 3702 Ogo.

297 3737 433 3793 CAP.
486 3735 782 3792 LXXXVI.
828 3766 902 3776 —
957 3735 1309 3792 Commutatio
1339 3736 1483 3790 inter
1533 3735 1954 3794 Ambrichonem

735 3809 1038 3879 episcopum
1059 3811 1110 3862 et
1137 3807 1516 3878 Liupatone-m.

373 3913 563 3987 Igitur
595 3912 864 3970 omnibus
894 3917 1094 3969 notum
1141 3913 1220 3969 sit
1251 3912 1540 3986 ﬁdelibus,
1574 3914 1955 3985 praesentibus

301 4005 534 4063 scilicet
583 4006 640 4060 et
677 4001 912 4075 futuris,
956 4002 1093 4074 quia
1149 4002 1365 4059 nobilis
1420 4004 1676 4077 quidam,
1725 4006 1955 4062 nomine

304 4095 613 4166 Liupaton,
661 4093 902 4149 tradidit
950 4093 1247 4163 quemdam
1297 4093 1490 4149 lucum
1537 4109 1703 4165 quem
1751 4095 1958 4152 habuit

301 4185 470 4242 ﬁlius
494 4182 712 4240 sororis
747 4197 866 4238 sua:
894 4181 1253 4252 Hartbertus,
1285 4182 1353 4237 ad
1383 4191 1645 4238 sanctum
1666 4184 1766 4240 Dei
1795 4198 1956 4241 mar—

2070 379 2142 438 23
2183 385 2507 456 conscripta
2532 393 2619 443 est
2649 390 2898 446 secundo
2943 391 3209 462 ﬁrmavit,
3250 393 3465 450 addens
3494 411 3722 468 quoque

2072 475 2129 527 et
2170 476 2372 530 caetera
2419 474 2559 533 loca.
2594 479 2656 533 In
2699 479 2999 548 praesentia
3048 481 3230 551 igitur
3287 481 3511 540 Arnulﬁ
3554 487 3722 542 ducis

2074 563 2384 630 praedictus
2425 567 2730 637 Gundpato
2779 582 2894 625 una
2936 583 3066 626 cum
3106 569 3376 628 advocato
3416 585 3522 628 suo
3560 573 3724 630 Star-

2072 650 2294 709 chando
2344 656 2587 712 tradidit
2615 658 2683 714 ad
2725 664 2986 715 sanctum
3027 661 3503 718 Emmerammum
3553 663 3720 719 talem

2071 742 2476 810 proprietatem
2522 747 2746 817 qualem
2795 748 2997 806 habuit
3027 749 3096 805 ad
3137 750 3514 822 Quartinaha,
3562 756 3620 807 et
3647 752 3715 808 ad

2069 829 2196 886 Sala
2221 836 2276 887 et
2297 834 2364 890 ad
2389 835 2672 908 Weligam
2707 839 2764 894 in
2797 853 3024 896 manum
3048 841 3317 898 videlicet
3343 842 3598 899 IIittonis
3623 842 3718 898 ab-

2068 917 2219 975 batis
2265 925 2436 992 atque
2484 926 2741 983 Ekkirici
2796 929 3105 986 missorum
3161 929 3378 1000 praefati
3417 931 3599 986 sancti
3651 944 3718 987 ac

2065 1009 2410 1068 venerabilis
2439 1027 2527 1083 ep.
2547 1013 2972 1075 Ambrichonis.
3000 1019 3101 1075 Isti
3123 1024 3310 1076 autem
3336 1024 3472 1076 sunt
3501 1024 3706 1076 testes:

2065 1097 2353 1156 Gundram
2395 1117 2602 1174 comes,
2634 1110 2690 1161 et
2730 1107 2889 1164 ﬁlius
2934 1109 3060 1178 ejus
3088 1110 3400 1182 Megingoz,
3432 1110 3707 1181 Sigihart,

2063 1187 2302 1260 Droant,
2332 1191 2920 1268 Willihelm,Hoholt,
2954 1199 3281 1269 Lantperht,
3307 1199 3538 1270 Rihger,
3571 1201 3714 1256 Dru-

2062 1282 2206 1354 dolt,
2247 1283 2540 1354 Sigiperht
2581 1284 2923 1357 Eparachar,
2965 1287 3208 1359 Witger,
3259 1288 3523 1359 Otachar,
3561 1290 3709 1345 Ein-

2065 1373 2212 1442 hart,
2231 1372 2473 1429 Einhart
2486 1375 2641 1444 Pero,
2658 1374 2940 1446 Framrih,
2958 1376 3332 1448 Karentanus,
3346 1376 3500 1456 Glaz,
3519 1379 3704 1451 Mirei,

2061 1462 2249 1534 Kasiz,
2282 1462 2664 1533 Necliuchim,
2707 1470 2813 1520 etc.

2060 1569 2189 1626 CAP.
2231 1569 2575 1626 LXXXVIII.
2607 1600 2681 1611 —
2722 1571 3074 1627 Commutatio
3104 1575 3248 1628 inter
3287 1573 3704 1630 Ambrichonem

2489 1644 2796 1712 episc0pum
2847 1647 2899 1698 et
2934 1644 3274 1699 Baldricum.

2127 1747 2515 1806 Plurimorum
2569 1754 2873 1821 cognoscat
2931 1750 3219 1808 industria
3262 1752 3518 1810 ﬁdelium
3567 1753 3706 1825 quia
3788 1743 3802 1752 ’

2058 1839 2274 1895 nobilis
2318 1839 2406 1895 vir
2441 1839 2697 1910 quidam,
2741 1840 2972 1896 nomine
3015 1841 3313 1898 Baldricus
3361 1843 3604 1899 tradidit
3631 1843 3700 1899 ad

2057 1933 2317 1985 sanctum
2339 1929 2440 1985 Dei
2493 1934 2795 2000 martyrem
2825 1929 3302 1986 Emmerammum
3331 1933 3703 2002 proprietatis

2059 2035 2177 2076 sua:
2200 2019 2402 2090 jugera
2440 2032 2522 2074 XII
2557 2019 2615 2074 in
2652 2019 2774 2075 loco
2802 2019 3340 2076 Hiltrateschiricha
3371 2027 3701 2091 nuncupato

2061 2108 2120 2163 in
2161 2120 2389 2163 manum
2430 2106 2700 2163 videlicet
2736 2106 3141 2163 Ambrichonis
3184 2121 3308 2164 ven.
3347 2122 3433 2178 ep.
3463 2109 3704 2178 ejusque

2058 2195 2261 2252 vicarii
2305 2195 2537 2268 Ogonis.
2585 2197 2628 2252 E
2656 2201 2851 2252 contra
2883 2209 3013 2252 vero
3044 2195 3190 2252 idem
3214 2195 3331 2269 Ogo
3361 2211 3487 2252 cum
3517 2197 3704 2252 licen-

2029 2275 2141 2339 ‘tia
2165 2283 2392 2339 Domini
2425 2284 2517 2342 sui
2550 2284 2804 2355 episcopi
2848 2284 3091 2340 tradidit
3113 2283 3384 2355 praedicto
3416 2283 3600 2340 nobili
3631 2284 3702 2340 de

2061 2371 2230 2428 rebus
2263 2373 2317 2428 S.
2362 2374 2762 2430 Emmerammi
2808 2374 2931 2446 jug.
2976 2388 3057 2429 ιιιι
3095 2374 3259 2443 juxta
3301 2377 3546 2428 montem
3598 2372 3698 2444 qui

2058 2461 2278 2521 dicitur
2322 2463 2656 2532 Paninpere.
2707 2462 2804 2519 Isti
2829 2467 2963 2518 sunt
3006 2468 3176 2518 testes
3227 2463 3481 2533 ejusdem
3513 2461 3705 2518 tradi—

2059 2554 2274 2610 tionis:
2318 2551 2550 2623 Askrih,
2583 2551 2783 2623 Adalo,
2813 2550 2993 2621 Liafo,
3024 2551 3277 2624 Plidgoz,
3313 2553 3564 2623 Hagano,
3587 2552 3700 2605 Er-

2059 2642 2394 2713 chanperht,
2460 2641 2686 2713 Alprih,
2740 2641 2867 2712 Oto,
2938 2639 3164 2711 Charaf,
3225 2640 3532 2711 IIucperht,
3604 2641 3702 2695 Ec-

2057 2735 2185 2804 cho,
2213 2736 2317 2788 etc.
2351 2731 2551 2787 Actum
2577 2735 2663 2787 est
2687 2735 2878 2787 autem
2918 2731 2985 2787 ad
3018 2729 3234 2801 Rispah
3261 2729 3330 2786 ad
3362 2729 3699 2785 convenien-

2059 2824 2196 2879 tiam
2219 2821 2476 2878 omnium
2503 2821 2780 2877 Bawarior
2793 2835 2903 2877 um.

1975 2939 2024 3002 ο
2054 2931 2182 2986 CAP.
2234 2929 2540 2984 LXXXIX.
2572 2959 2646 2968 —
2695 2929 3047 3002 Commutatio
3094 2931 3238 2983 inter
3285 2925 3705 2982 Ambm’chonem

2483 3003 2785 3070 episcopum
2806 3005 2856 3054 et
2890 2999 3270 3054 Altmannum.

2127 3107 2346 3164 Notitia
2367 3105 2618 3178 qualiter
2636 3119 2759 3162 ven.
2789 3105 3093 3175 episcopus
3122 3109 3177 3160 et
3207 3104 3435 3160 Altman
3467 3104 3702 3175 quidam

2059 3196 2273 3252 nobilis
2327 3199 2729 3264 convenerunt,
2794 3193 3192 3250 concambium
3247 3192 3397 3248 inter
3444 3205 3504 3247 se
3543 3191 3706 3262 perﬁ-

2058 3285 2293 3341 cientes.
2344 3283 2606 3340 Tradidit
2660 3285 2854 3353 itaque
2881 3282 3033 3338 idem
3066 3280 3280 3337 nobilis
3305 3280 3373 3337 ad
3405 3281 3460 3336 S.
3491 3282 3705 3336 Emme-

2061 3387 2340 3429 rammum
2391 3378 2558 3429 terrae
2618 3371 2859 3428 arabilis
2903 3373 3027 3442 jug.
3073 3385 3156 3426 x11
3201 3371 3261 3425 in
3307 3369 3430 3425 loco
3473 3368 3702 3438 Rorpah

2062 3467 2410 3534 nuncupato,
2441 3463 2656 3519 addens
2675 3461 2845 3517 etiam
2869 3461 3071 3533 jugum
3092 3473 3270 3516 unum
3300 3464 3356 3515 et
3389 3463 3703 3529 pratorum,

2055 3553 2258 3625 jugera
2284 3567 2324 3608 II
2371 3567 2472 3622 pro
2507 3550 2850 3623 perﬁcienda
2887 3549 3335 3607 commutatione
3375 3548 3435 3603 in
3471 3560 3701 3604 manum

2059 3641 2328 3698 videlicet
2363 3640 2774 3697 Ambrichonis
2811 3639 3113 3695 venerandi
3161 3637 3427 3709 praesulis
3468 3638 3708 3707 ejusque

2060 3730 2342 3802 advocati,
2371 3730 2600 3787 nomine
2625 3727 2970 3801 Reginhohi.
2997 3729 3038 3782 E
3073 3731 3272 3783 contra
3299 3740 3432 3783 vero
3462 3725 3707 3782 tradidit

2062 3819 2372 3892 praedictus
2409 3820 2719 3876 advocatus
2743 3817 2812 3874 de
2840 3817 3011 3874 rebus
3052 3817 3107 3872 S.
3141 3815 3540 3894 Emmerammi
3573 3828 3703 3870 cum

2062 3909 2297 3965 licentia
2322 3908 2548 3964 Domini
2595 3907 2686 3964 sui
2713 3906 2967 3977 episcopi
2990 3907 3105 3976 jam
3140 3903 3372 3976 praefato
3402 3903 3707 3959 Altmanno

2064 4001 2227 4054 terra:
2257 3997 2498 4053 arabilis
2520 3997 2641 4068 jug.
2677 4010 2758 4050 XII
2796 3995 2854 4050 in
2890 3995 3014 4051 loco
3043 3995 3326 4065 Ratinpah
3354 3995 3703 4063 nuncupato.

2063 4093 2132 4147 Et
2152 4094 2216 4147 ut
2240 4089 2358 4142 haec
2383 4085 2754 4142 commutatio
2780 4083 2999 4139 ﬁrmior
3022 4083 3296 4139 habeatur
3317 4084 3536 4153 placuit
3563 4085 3722 4139 duas-

2064 4177 2336 4248 cartulas,
2361 4189 2476 4231 uno
2501 4181 2693 4230 tenore
2713 4173 3068 4243 conscriptas
3091 4172 3364 4243 utrinque
3390 4173 3702 4243 continere,

301 4281 488 4346 tyrem
509 4275 984 4334 Emwrammum
1017 4271 1223 4328 inloco
1249 4272 1621 4329 Waltinhova
1643 4274 1808 4344 juxta
1838 4275 1956 4330 tlu—
1982 4289 2039 4353 D
2065 4274 2120 4325 et
2166 4272 2338 4325 testes
2401 4265 2710 4322 subnotare
2757 4276 3001 4334 quorum
3073 4263 3312 4353 nomina
3353 4267 3537 4353 sunt:
3562 4261 3701 4353 ng,

301 4364 467 4419 vium
491 4362 591 4432 qui
621 4362 840 4418 dicitur
875 4363 1049 4431 Napa.
1087 4359 1438 4418 Liuthardus
1467 4362 1681 4434 quippe
1701 4364 1952 4420 eamdem
1984 4349 2028 4353 —
2064 4361 2266 4431 Wago,
2341 4358 2625 4427 Isanpero,
2686 4353 3066 4424 Wavsagrim,
3116 4351 3383 4422 Askarih,
3444 4349 3706 4418 Ekkirih,

305 4451 681 4508 traditionem
728 4463 839 4505 una
868 4463 998 4506 cum
1038 4454 1196 4518 patre
1230 4463 1335 4505 suo
1376 4451 1692 4521 Liupatone
1740 4452 1958 4524 peregit

306 4543 373 4598 in
407 4554 634 4596 manum
672 4539 940 4596 videlicet
975 4538 1383 4596 Ambrichonis
1425 4554 1545 4596 ven.
1580 4555 1668 4612 ep.
1718 4542 1957 4612 ejusque

304 4628 570 4686 advocati
613 4627 950 4684 Gundherti.
1000 4629 1042 4682 E
1093 4632 1290 4684 contra
1331 4641 1462 4684 vero
1518 4629 1758 4685 tradidit
1807 4629 1956 4685 idem

304 4718 618 4775 advocatus
645 4715 1013 4773 Gundbertus
1043 4730 1170 4773 cum
1196 4716 1432 4773 licentia
1453 4717 1681 4774 Domini
1705 4717 1794 4773 sui
1828 4717 1963 4788 epi-

305 4807 473 4876 scopi
503 4806 572 4861 de
592 4805 763 4862 rebus
788 4806 844 4862 S.
876 4805 1278 4861 Emmerammi
1309 4805 1491 4861 alium
1516 4805 1708 4861 lucum
1735 4805 1793 4860 in
1825 4821 1962 4876 prae-

304 4896 468 4953 dicto
496 4895 620 4952 loco
659 4895 840 4951 eidem
888 4893 1071 4951 nobili
1101 4893 1407 4966 Liupatoni
1439 4906 1504 4949 ac
1528 4893 1649 4949 ﬁlio
1679 4908 1785 4950 suo
1818 4895 1960 4952 Liu-

307 4984 519 5040 thardo
564 4983 626 5040 in
671 4984 965 5055 proprium
1012 4983 1422 5056 perpetualiter
1470 4982 1813 5040 habendum.
1858 4984 1958 5041 Isti

306 5078 450 5131 sunt
506 5077 707 5130 testes:
759 5074 898 5130 Geio
942 5088 1149 5147 comes,
1219 5071 1450 5146 IIunoIf,
1491 5073 1682 5148 Jacob,
1727 5075 1956 5147 Strupo,

305 5160 678 5235 Erchanfrid,
769 5162 1103 5234 Adalperht,
1183 5163 1392 5236 Rafolt,
1455 5163 1753 5238 Arnamar,
1825 5165 1955 5220 Pal-

309 5252 469 5318 drih,
518 5256 628 5307 etc.

309 5359 437 5415 CAP.
473 5358 796 5415 LXXXVII.
827 5390 902 5401 —
951 5360 1305 5416 Commutatio
1354 5362 1498 5416 inter
1545 5361 1962 5418 Ambrichonem

529 5432 835 5500 episcopum
864 5437 915 5488 et
956 5431 1393 5502 Gundpaltonem
1437 5432 1743 5487 diaconum.

385 5519 810 5577 Nonnullorum
872 5523 1094 5579 noverit
1161 5521 1451 5579 industria
1505 5521 1759 5578 ﬁdelium
1809 5522 1958 5595 quod

2064 4447 2384 4519 Gundheri,
2415 4445 2588 4515 Arbo,
2625 4442 2918 4500 Chuntilo.

2064 4557 2191 4612 CAP.
2222 4555 2338 4610 XC.
2368 4584 2441 4595 —
2487 4552 2840 4608 Commutatio
2879 4551 3024 4604 inter
3045 4547 3465 4604 Ambrichoncm
3495 4549 3709 4619 episca-

2556 4639 2693 4693 pum
2738 4627 2787 4677 et
2818 4623 3207 4677 Pernuvinum.

2135 4714 2370 4772 Noverit
2410 4712 2698 4769 industria
2736 4711 2992 4768 omnium
3034 4709 3288 4766 ﬁdelium
3335 4709 3473 4780 quia
3502 4710 3712 4768 Pernu-

2069 4805 2164 4861 vin
2198 4803 2431 4876 quidam
2467 4800 2684 4857 nobilis
2711 4800 2878 4855 talem
2912 4800 3318 4870 proprietatem
3360 4799 3583 4871 qualem
3617 4799 3714 4857 ha-

2069 4893 2281 4950 buitad
2312 4889 2717 4960 Tuncilingon,
2770 4889 3011 4944 tradidit
3038 4888 3106 4944 ad
3141 4894 3398 4944 sanctum
3430 4888 3530 4944 Dei
3572 4901 3718 4964 mar-

2068 4989 2246 5054 tyrem
2277 4984 2750 5038 Emmerammum
2779 4978 2839 5033 in
2871 4991 3100 5033 manum
3138 4977 3543 5036 Ambrichonis
3588 4993 3710 5037 ven.

2069 5089 2154 5144 ep.
2176 5074 2413 5144 ejusque
2432 5068 2688 5126 advocati
2710 5067 2956 5139 Avonis;
2983 5067 3038 5123 id
3059 5070 3164 5138 est,
3185 5071 3349 5124 terra:
3369 5070 3611 5127 arabilis
3625 5072 3724 5141 ju-

2069 5177 2200 5238 gera
2219 5176 2422 5232 XLVIII,
2473 5162 2763 5231 pratorum
2790 5157 2910 5229 jug.
2958 5170 3053 5228 xv,
3102 5157 3260 5214 silvae
3296 5159 3417 5232 jug.
3456 5173 3503 5228 c,
3538 5160 3713 5216 nilhil

2069 5257 2228 5309 extra
2243 5251 2561 5321 dimittens,
2587 5248 2720 5319 \‘iis,
2740 5247 2928 5319 aquis,
2945 5247 3195 5319 pascuis,
3215 5249 3540 5305 accessibus
3557 5253 3612 5304 et
3634 5263 3720 5305 re-

2069 5343 2346 5411 cessibus,
2362 5341 2503 5412 quin
2516 5338 2707 5395 omnia
2722 5338 2863 5394 illuc
2876 5336 3298 5394 lransfudisset.
3315 5339 3566 5394 Econtra
3583 5349 3715 5393 vero

2071 5433 2379 5504 praedictus
2420 5430 2727 5486 advocatus
2765 5441 2893 5483 cum
2931 5428 3165 5484 licentia
3207 5427 3426 5482 domini
3474 5426 3565 5481 sui
3598 5425 3718 5493 epi-

2072 5522 2229 5592 scopi
2259 5519 2502 5577 tradidit
2542 5517 2726 5574 eidem
2757 5517 3078 5573 Pernuvino
3107 5517 3176 5571 de
3199 5514 3366 5570 rebus
3393 5515 3446 5569 S.
3499 5514 3716 5570 Emme-
