4068 6178
353 125 492 230 ’943

1409 175 1728 234 ΑΝΑΜΟΒΙ
1778 175 2309 234 RATISPONENSIS
2359 177 2768 236 SUBDIACONI

3696 169 3813 229 944

387 296 590 352 rammi
639 301 802 355 terra
839 298 1082 358 arabilis
1106 301 1228 374 jug.
1287 315 1449 375 xun,
1506 303 1663 359 silva:
1693 304 1817 375 jug.
1868 315 2047 371 xxxv,
2068 303 2279 377 ACAP.
2307 303 2489 360 XCIV.
2533 333 2608 343 —
2657 303 3198 377 Cornmutatio_inter
3235 300 3657 356 Ambrichonem
3702 299 3817 368 epi-

387 389 678 454 pratorum
707 388 828 460 jug.
868 403 942 444 xv
971 389 1032 446 in
1073 389 1196 447 loco
1221 391 1527 449 Nisindorf
1552 395 1898 461 nuncupata.
1934 390 2034 447 Isti

386 474 560 530 etiam
593 482 728 533 sunt
751 482 922 535 testes
935 480 1188 549 ejusdem
1215 482 1685 538 commutationis
1710 500 1722 536 :
1750 479 1905 550 Polo,
1933 479 2039 534 En-

2644 389 2864 445 scopum
2900 379 2950 429 et
2989 375 3299 428 Hattonem.

2218 481 2451 538 Noverit
2479 481 2768 538 industria
2794 481 3052 537 omnium
3086 479 3344 537 ﬁdelium
3376 477 3631 550 qualiter
3659 491 3817 546 pra:-

387 563 639 635 gilperht
669 567 951 640 Reginolf,
989 570 1276 641 Fridarih,
1329 569 1738 642 Erchrnperht,
1772 569 1906 625 item
1940 568 2041 624 Re-
2147 583 2278 625 sens
2310 577 2534 640 peracta
2560 570 2640 626 sit
2667 570 3062 626 commutatio.
3087 568 3353 625 Tradidit
3381 581 3517 638 ergo
3548 564 3810 622 Elfricus

387 651 592 724 ginolt‘,
614 654 874 727 Rihheri,
895 657 1136 728 Helfrih,
1152 658 1442 732 Arnimar,
1468 659 1603 715 item
1626 657 2037 729 Erchanperht,
2149 658 2461 716 advocatus
2476 659 2885 716 Ambrichonis
2909 672 3034 715 ven.
3061 672 3148 730 ep.
3175 657 3407 713 Hattoni
3430 655 3662 712 cuidam
3688 654 3820 710 viro

386 739 721 814 Adalperht,
761 746 1093 819 Hiltiperht,
1127 753 1232 804 etc.

390 848 520 906 CAP.
553 851 691 909 XCI.
717 882 790 898 -—
820 855 1174 910 Commutatio
1207 857 1352 912 inter
1387 855 1807 912 Amhrichonem
1833 855 2047 926 episco—

879 942 1015 997 pum
1043 931 1093 982 et
1119 930 1541 997 Witagooonem.

463 1032 670 1088 Notum
694 1033 772 1089 sit
793 1034 1064 1092 omnibus
1095 1035 1364 1092 ﬁdelibus
1408 1037 1558 1107 quod
1589 1035 1821 1108 quidam
1862 1034 2046 1091 nobili

402 1120 633 1176 nomine
647 1121 970 1195 Witagovo,
994 1123 1238 1180 tradidit
1253 1125 1321 1180 ad
1345 1129 1605 1182 sanctum
1624 1124 1722 1180 Dei
1745 1128 2048 1194 martyrem

397 1211 874 1267 Emmerammum
929 1212 1107 1270 unius
1154 1214 1303 1285 prati
1351 1217 1466 1270 tres
1518 1220 1705 1286 partes
1748 1214 2050 1284 rivumque

399 1313 578 1356 unum
621 1299 690 1356 ad
743 1300 950 1358 molam
983 1302 1043 1358 in
1076 1303 1199 1359 loco
1235 1303 1652 1376 Sempinchova
1696 1307 2044 1374 nuncupata,

397 1389 458 1445 in
515 1401 744 1445 manum
776 1389 1184 1448 Ambrichonis
1212 1407 1336 1449 ven.
1379 1407 1466 1464 ep.
1515 1394 1756 1464 ejusque
1789 1391 2047 1449 advocati

398 1478 724 1535 Garabarii.
741 1481 782 1535 E
803 1484 1001 1537 contra
1020 1495 1152 1538 vero
1167 1481 1316 1538 idem
1334 1483 1644 1540 advocatus
1663 1497 1794 1539 cum
1813 1481 2050 1538 licentia

398 1567 620 1625 domini
643 1568 736 1625 sui
775 1569 1030 1640 episcopi
1064 1571 1308 1627 tradidit
1331 1572 1401 1628 de
1432 1571 1601 1629 rebus
1631 1571 1812 1628 sancti
1840 1573 2054 1628 Emme—

2149 747 2219 804 de
2250 749 2419 806 rebus
2447 749 2500 805 S.
2531 750 2956 819 Emmerammi,
2995 749 3121 820 ipso
3151 747 3423 819 episcOpo
3454 745 3823 802 consentien-

2152 841 2224 909 te,
2275 839 2590 910 cujuslibet
2629 853 2774 897 areae
2827 843 3044 910 partem
3078 851 3251 895 unam
3304 837 3362 892 in
3397 836 3522 892 loco
3551 834 3820 904 Iniringa

2154 934 2504 999 nuncupata.
2548 930 2592 986 E
2639 932 2838 986 contra
2872 942 3004 985 vero
3039 927 3188 984 idem
3245 927 3413 982 Hatto
3461 923 3703 980 tradidit
3744 921 3820 976 ad

2155 1022 2413 1074 sanctum
2459 1018 2563 1074 Dei
2615 1023 2918 1089 martyrem
2966 1019 3446 1073 Emmerammum
3489 1014 3546 1068 in
3579 1024 3824 1068 manum

2156 1105 2427 1162 videlicet
2455 1105 2868 1164 Ambrichonis
2896 1120 2984 1177 ep.
3033 1107 3274 1177 ejusque
3313 1103 3576 1160 advocati
3608 1099 3826 1158 Elfrici

2157 1199 2323 1251 terrae
2350 1195 2594 1254 arabilis
2631 1201 2821 1267 partes
2849 1195 2996 1252 duas
3029 1195 3088 1252 in
3115 1195 3311 1250 eodem
3343 1193 3484 1249 loco.

2296 1305 2429 1360 Item
2455 1305 2569 1360 alia
2589 1306 2932 1360 commutatio
2951 1305 3012 1358 in
3041 1303 3222 1358 eodem
3247 1301 3335 1357 die
3368 1300 3664 1369 Wolﬂiohi.

2225 1393 2490 1451 Tradidit
2540 1393 2723 1465 igitur
2762 1392 3041 1450 Wolfhoh
3073 1405 3187 1450 una
3235 1405 3366 1447 cum
3405 1391 3678 1447 advocato
3709 1399 3833 1445 suo

2157 1481 2406 1541 Helfrico
2438 1484 2497 1539 in
2547 1483 2882 1554 supradicto
2927 1482 3052 1540 loco
3081 1481 3386 1552 cujusdam
3415 1493 3557 1537 areae
3589 1485 3835 1550 partem

2161 1586 2333 1630 unam
2354 1573 2422 1629 ad
2456 1572 2512 1629 S.
2546 1574 3042 1629 Emmerammum.
3072 1572 3115 1627 E
3134 1575 3334 1628 contra
3363 1583 3492 1626 vero
3523 1569 3832 1639 Hiltipero

399 1657 603 1712 rammi
655 1658 714 1713 in
744 1658 938 1715 eodem
989 1659 1112 1717 loco
1149 1661 1421 1730 praedicto
1461 1661 1645 1719 nobili
1679 1662 1738 1717 in
1781 1665 2051 1732 perpetuo
2087 1668 2140 1730 B
2163 1662 2396 1735 quidam
2416 1662 2632 1720 nobilis
2652 1662 3096 1720 tradiditeidem
3116 1659 3429 1717 Wolfhoho
3449 1660 3518 1716 de
3534 1657 3836 1716 beneﬁcio

402 1746 808 1816 possidendum
840 1761 1026 1806 aream
1059 1763 1097 1805 ι.
1131 1750 1200 1806 Et
1226 1749 1324 1807 isti
1351 1756 1488 1808 sunt
1506 1755 1712 1808 testes:
1743 1749 1882 1824 Ogo,
1913 1750 2048 1807 Avo.

403 1835 626 1892 Helfrih
651 1841 708 1893 et
731 1839 942 1895 caiteri.

403 1959 533 2018 CAP.
583 1961 746 2018 XCII.
773 1990 848 2004 —
874 1962 1228 2019 Commutatio
1258 1966 1403 2020 inter
1419 1964 1834 2022 Ambrichonem
1863 1965 2058 2036 cpisco-

891 2051 1030 2105 pum
1081 2040 1132 2091 et
1160 2036 1551 2105 Swidgarium.

475 2135 746 2196 Omnium
796 2141 1111 2212 camperiat
1170 2143 1461 2200 industria
1499 2142 1755 2200 ﬁdelium
1804 2141 2055 2214 qualiter

405 2227 760 2300 subsequens
790 2237 1014 2302 peracta
1051 2232 1538 2290 sitcommutatio.
1574 2231 1840 2290 Tradidit
1870 2231 2054 2305 igitur

409 2317 644 2388 quidam
688 2318 923 2389 nobilis,
967 2321 1198 2378 nomine
1225 2321 1502 2394 Swidger,
1540 2321 1608 2378 ad
1639 2321 1695 2378 S.
1722 2321 1822 2378 Dei
1851 2325 2056 2392 marty-

409 2418 525 2462 rem
572 2408 1049 2466 Emmerammum
1099 2414 1264 2467 terra:
1302 2410 1546 2467 arabilis
1588 2411 1790 2483 jugera
1837 2424 1968 2482 XLV,
1999 2414 2057 2467 et

409 2500 701 2566 pratorum
750 2499 969 2555 carrad.
1009 2514 1096 2572 ιιι,
1131 2505 1188 2556 et
1217 2499 1456 2557 frutices
1487 2500 1556 2556 ad
1603 2499 2058 2570 stirpandasju—

408 2595 541 2654 gera
565 2597 634 2639 χι,
669 2586 836 2654 juxta
866 2587 1051 2644 locum
1094 2589 1390 2661 Puopinga
1425 2592 1817 2659 nuncupatum
1842 2588 1902 2643 in
1929 2601 2058 2644 ma-

409 2684 545 2728 num
567 2673 836 2730 videlicet
854 2675 1261 2734 Ambrichonis
1286 2691 1411 2734 ven.
1443 2692 1532 2748 ep.
1564 2681 1620 2733 et
1642 2676 1899 2734 advocati
1931 2676 2056 2746 ejus

408 2761 752 2832 Reginhohi.
777 2764 820 2818 E
845 2768 1044 2821 contra
1069 2779 1201 2822 vero
1226 2766 1374 2822 idem
1399 2767 1708 2823 advocatus
1732 2780 1862 2822 cum
1885 2765 2057 2822 licen-

409 2852 491 2908 tia
520 2852 740 2908 damini
773 2853 865 2909 sui
895 2855 1151 2926 episcOpi
1178 2856 1424 2913 tradidit
1441 2856 1512 2912 de
1542 2855 1712 2913 rebus
1737 2856 1792 2912 S.
1824 2857 2056 2911 Emme-

2164 1765 2268 1809 suo
2293 1752 2443 1824 quod
2463 1751 2669 1808 habuit
2692 1752 2761 1808 ad
2789 1751 3049 1824 Iniringa
3064 1749 3449 1806 Ambrichane
3469 1762 3556 1820 ep.
3577 1749 3838 1819 permit-

2164 1845 2315 1899 tente
2344 1846 2510 1898 terrae
2534 1841 2777 1898 arabilis
2805 1841 2953 1899 duas
2974 1844 3182 1912 partes.
3209 1840 3278 1896 Et
3305 1839 3403 1896 isti
3435 1843 3570 1894 sunt
3593 1842 3786 1894 testes
3812 1856 3831 1891 :

2163 1930 2405 2003 Helfrih,
2460 1931 2597 2004 Avo,
2651 1930 2946 2000 Waltunc,
3005 1931 3236 2002 Strupo,
3290 1929 3558 2001 Fastmot,
3606 1927 3826 2000 Unlaz,

2162 2021 2366 2094 Wetti,
2391 2021 2604 2093 Wirot,
2632 2020 2966 2094 Meginhoh,
2989 2024 3046 2076 et
3070 2019 3286 2076 caeteri.

2232 2128 2361 2186 CAP.
2393 2127 2555 2186 XCV.
2581 2157 2655 2170 —
2683 2128 3038 2184 Commutatio
3077 2129 3222 2182 inter
3242 2124 3662 2182 Ambrichonem
3690 2127 3834 2196 epi-

2405 2212 2414 2220 '
2621 2215 2839 2271 scapum
2860 2205 2909 2255 et
2941 2199 3344 2268 Waldgarium.

2233 2307 2442 2365 Notum
2456 2306 2682 2365 cunctis
2717 2305 2987 2364 ﬁdelibus
3016 2305 3115 2362 ﬁat
3133 2305 3273 2378 quia
3290 2303 3664 2377 Waldgarius
3691 2304 3838 2376 qui.

2163 2396 2292 2457 dam
2324 2396 2542 2454 nobilis
2571 2395 2816 2454 tradidit
2851 2396 2921 2452 ad
2952 2396 3008 2452 S.
3040 2395 3516 2452 Emmerammum
3535 2393 3661 2465 jug.
3698 2407 3721 2448 ι
3761 2393 3830 2449 in

2165 2484 2289 2543 loco
2331 2485 2586 2559 Mezinga
2643 2489 2973 2556 nuncupata
3020 2483 3080 2541 in
3132 2497 3363 2540 manum
3409 2481 3834 2539 Ambrichonis

2163 2587 2289 2630 ven.
2321 2575 2498 2647 episc.
2547 2576 2788 2647 ejusque
2838 2573 3099 2630 advocati
3129 2571 3354 2629 Otonis.
3385 2572 3430 2628 E
3456 2577 3657 2628 contra
3685 2585 3833 2627 vero

2166 2663 2316 2720 idem
2350 2665 2659 2722 advocatus
2699 2677 2830 2721 cum
2876 2662 3112 2719 licentia
3151 2661 3373 2718 domini
3425 2660 3518 2717 sui
3557 2659 3829 2730 episcopi

2164 2753 2407 2809 tradidit
2430 2755 2500 2810 de
2532 2753 2702 2810 rebus
2725 2755 2780 2809 S.
2814 2751 3212 2809 Emmerammi
3241 2749 3512 2822 praedicto
3535 2749 3835 2821 Waldga—

2166 2842 2254 2899 ria
2283 2843 2341 2897 iu
2367 2843 2563 2900 eodem
2593 2843 2718 2899 loco
2748 2842 2977 2898 tertiam
2997 2845 3209 2912 partem
3231 2853 3376 2896 areae
3395 2839 3589 2895 unius.
3617 2839 3688 2893 Et
3713 2837 3824 2893 isti

411 2941 616 2998 rammi
659 2919 1147 3012 praedicto-nobili
1190 2945 1249 3002 in
1297 2946 1591 3016 proprium
1624 2951 1789 3001 terra:
1813 2944 2053 3000 arabilis
2088 2997 2133 3016 η
2163 2938 2300 2989 δαιτὶ
2331 2937 2501 2989 testes
2531 2947 2629 3004 per
2657 2946 2825 2989 aures
2847 2931 3017 2988 tracti
3047 2950 3059 2987 :
3094 2929 3375 3000 Lantfrid,
3406 2929 3686 2996 Wicram,
3711 2919 3823 2984 Ha-

402 3030 528 3102 jug.
561 2997 690 3104 m',
734 2997 806 3089 ei
834 2997 1600 3106 i..t3;;a‘c.‘;.;a:3;;,“;t
1630 2997 2054 3092 SaM—186d};
2086 2997 2135 3061 ο
2164 3023 2380 3090 damar.
2417 2997 2764 3095 Ensilhelm.
2819 3027 2925 3078 etc-

407 3118 782 3194 fruticesjug.
806 3137 870 3178 III
902 3123 1108 3180 inloco
1128 3125 1376 3196 Beninga
1396 3131 1746 3195 nuncupata.
1791 3125 1890 3180 Isti
1920 3139 2056 3196 quo-

410 3209 509 3279 qui
538 3216 674 3266 sunt
701 3217 906 3269 testes:
940 3213 1194 3269 Wicram
1223 3213 1362 3286 Ogo,
1384 3214 1726 3287 Engilhelm,
1757 3214 2051 3286 Cozperht,

403 3296 563 3371 Giso,
594 3299 842 3374 Gerhoh,
892 3303 1134 3375 Deotolt,
1181 3303 1480 3360 Machelm.
1512 3303 1823 3360 Vestitores
1859 3307 1914 3359 et
1960 3318 2058 3359 re-

400 3389 700 3533 gstitares
765 3397 956 3448 autem
1021 3399 1158 3450 sunt
1234 3391 1504 3464 praafatus
1569 3392 1822 3466 Swidger
1884 3396 2056 3463 atque

481 3492 676 3533 ieram.

481 3492 676 3536 ICI‘aIII.

397 3584 529 3642 CAP.
555 3587 744 3644 XCIII.
771 3617 840 3628 —
861 3587 1217 3644 Commutatio
1245 3591 1390 3644 inter
1416 3587 1835 3644 Ambrichonem
1859 3589 2056 3659 episco-

890 3676 1029 3730 pum
1069 3666 1120 3715 et
1163 3660 1550 3728 Reginhohum.

469 3765 688 3821 Notitia
707 3764 959 3836 qualiter
973 3765 1282 3822 Ambricho
1299 3765 1800 3822 reverentissimus
1823 3765 2050 3839 praesul,

400 3855 458 3908 et
483 3852 715 3922 quidam
738 3852 973 3925 nobilis,
994 3854 1224 3909 nomine
1249 3854 1571 3926 Reginhoh,
1598 3854 2052 3911 convenientiam

399 3953 768 4010 composuere
806 3941 955 3997 inter
981 3956 1040 3997 se
1079 3942 1396 4013 quamlibet
1437 3956 1700 4016 peragere
1729 3948 2055 4001 commuta-

2162 3129 2289 3186 CAP.
2317 3129 2502 3186 XCVI.
2534 3159 2608 3171 —
2635 3130 2986 3186 Commutatio
3011 3129 3154 3182 inter
3173 3125 3589 3182 Ambrichonem
3614 3126 3830 3196 episco-

2512 3217 2649 3272 pum
2695 3206 2746 3256 et
2811 3200 3095 3256 Altoldum
3148 3199 3457 3253 diaconum.

2235 3307 2515 3377 Quoniam
2568 3308 2814 3365 nimium
2864 3306 3159 3364 fructuosa
3205 3306 3356 3362 inter
3395 3303 3667 3361 mortales
3702 3305 3828 3374 jam

2164 3398 2303 3455 olim
2352 3401 2707 3456 consuetudo
2757 3398 3068 3455 inoleverat
3111 3396 3498 3454 commutandi
3554 3395 3830 3452 videlicet

2165 3488 2438 3560 quasdam
2465 3502 2556 3545 res
2581 3503 2684 3560 pro
2708 3493 2968 3545 utrarum
2993 3487 3251 3544 utilitate
3282 3486 3568 3557 partium;
3597 3483 3830 3554 praecol-

2165 3575 2488 3634 Ientissima
2515 3591 2712 3650 regum
2745 3577 2938 3634 sanxit
2967 3575 3270 3632 clementia
3298 3575 3448 3630 inter
3476 3573 3827 3629 ecclesiasti-

2162 3679 2358 3723 carum
2390 3681 2580 3724 rerum
2613 3665 2914 3724 facultates
2944 3665 3184 3722 licenter
3214 3665 3363 3720 idem
3398 3663 3523 3719 ﬁeri
3552 3667 3609 3719 et
3636 3675 3824 3733 usque

2161 3757 2230 3813 ad
2261 3757 2518 3829 quinque
2538 3757 2814 3814 hobarum
2843 3755 3304 3827 supplementum
3327 3767 3459 3809 cum
3477 3752 3726 3809 cartulis
3755 3766 3823 3807 ac

2162 3847 2409 3904 testibus
2429 3848 2509 3904 ita
2530 3851 2810 3904 constare.
2840 3846 3087 3902 Proinde
3111 3845 3292 3917 igitur
3318 3843 3554 3918 quidam
3575 3841 3820 3911 nobilis,

2161 3936 2505 3992 venerabilis
2533 3936 2758 3993 scilicet
2785 3935 3086 4004 diaconus,
3121 3933 3351 3990 nomine
3380 3930 3657 3997 Altoltus,
3692 3934 3824 3985 tra-

403 4027 639 4083 tionem.
668 4029 932 4086 Tradidit
956 4045 1090 4103 ergo
1114 4031 1423 4102 pradictus
1451 4032 1665 4089 nobilis
1693 4033 1761 4089 ad
1790 4038 2050 4090 sanctum
2158 4025 2313 4081 didit
2341 4026 2409 4082 ad
2431 4028 2484 4081 Β.
2517 4027 2744 4082 Petrum
2775 4024 3098 4095 apostolum
3121 4027 3497 4092 sanctumque
3526 4020 3628 4074 Dei
3659 4032 3824 4074 mar-

397 4116 499 4172 Dei
544 4123 844 4190 martyrem
897 4121 1371 4178 Emmerammum
1424 4121 1592 4178 talem
1649 4123 2050 4193 proprietatem
2161 4119 2340 4186 tyrem
2391 4117 2868 4172 Emmerammum
2916 4113 3084 4168 talem
3137 4111 3543 4182 proprietatem
3587 4109 3818 4180 qualem

401 4205 627 4277 qualem
656 4207 725 4263 ad
760 4207 1272 4267 Ellinuvolfesdorf
1296 4211 1502 4266 habere
1531 4212 1692 4268 visus
1717 4216 1822 4282 est,
1858 4212 1914 4267 id
1941 4217 2046 4283 est,
2160 4203 2364 4261 habuit
2411 4205 2479 4261 ad
2525 4203 2973 4276 Gartheringon,
3022 4207 3078 4258 et
3116 4201 3184 4257 ad
3243 4199 3610 4256 Ilaninchova
3646 4203 3703 4255 et
3745 4200 3817 4255 ad

398 4296 718 4368 ecclesiam,
744 4297 977 4355 domum
1007 4313 1137 4356 cum
1163 4301 1496 4357 curteinter
1524 4305 1730 4356 terram
1751 4300 2046 4372 arabilem,
2081 4323 2132 4385 Ι)
2158 4293 2386 4366 Atinga,
2421 4294 2480 4350 in
2506 4292 2796 4362 domibus,
2839 4291 3046 4362 curtis,
3082 4289 3328 4360 horreis,
3363 4288 3660 4360 pomeriis,
3695 4294 3822 4344 tero

397 4392 454 4444 et
475 4389 656 4460 prata,
685 4392 856 4459 atque
879 4388 1082 4445 silvam
1111 4389 1290 4446 hobas
1312 4389 2050 4459 iv,deessentibusduobus
2081 4377 2125 4385 ⁷
2160 4382 2262 4454 ris,
2297 4383 2498 4454 pratis,
2532 4382 2720 4453 silvis,
2742 4381 2993 4452 pascuis,
3021 4380 3212 4450 aquis,
3235 4391 3587 4450 aquarumve
3615 4377 3822 4434 decur-

397 4481 619 4533 tantum
645 4477 972 4550 jugeribus,
991 4483 1047 4534 et
1066 4478 1351 4550 quidquid
1375 4479 1434 4533 in
1457 4479 1651 4534 eadem
1678 4479 1802 4536 loco
1822 4479 2045 4551 habuit,

395 4563 465 4620 ad
499 4567 893 4635 supradictum
924 4571 1185 4622 sanctum
1208 4566 1562 4623 contradidit
1583 4565 1642 4622 in
1674 4581 1903 4625 manum
1923 4569 2051 4626 Am-

396 4650 695 4709 brichonis
732 4668 856 4710 ven.
898 4669 984 4724 ep.
1017 4655 1256 4724 ejusque
1285 4653 1543 4711 advocati
1580 4655 1654 4711 al.
1699 4657 2044 4728 Reginhobi.

395 4741 441 4796 E
461 4745 658 4796 contra
683 4741 834 4797 idem
855 4743 1164 4799 advocatus
1184 4757 1312 4799 cum
1341 4743 1576 4801 licentia
1600 4746 1821 4802 domini
1843 4747 1934 4804 sui
1956 4761 2043 4816 ep.

395 4829 640 4885 tradidit
676 4829 746 4884 de
775 4830 945 4887 rebus
987 4831 1041 4886 S.
1083 4833 1482 4890 Emmerammi
1510 4836 1632 4905 jam
1658 4835 1814 4893 dicto
1840 4836 2044 4909 nobili,

397 4918 627 4974 nomine
655 4918 1014 4992 Reginhoho,
1039 4921 1357 4994 ecclesiam,
1381 4923 1612 4980 domum
1637 4938 1766 4980 cum
1792 4930 1952 4981 curte
1985 4926 2046 4982 in

395 5011 548 5061 terra
585 5007 818 5070 arabili,
865 5021 930 5064 ac
967 5010 1148 5079 pratis
1189 5015 1362 5082 atque
1397 5011 1561 5082 silva,
1600 5013 1835 5069 totidem
1868 5014 2044 5072 hobas

390 5095 520 5164 jure
552 5100 822 5165 perpetuo
848 5097 1254 5165 possidendum
1302 5100 1361 5154 in
1390 5099 1513 5156 loco
1543 5101 1858 5174 Heikkinga
1885 5116 2045 5159 nun-

391 5188 618 5255 cupata.
668 5185 764 5240 Isti
815 5191 1000 5241 autem
1051 5193 1185 5242 sunt
1232 5192 1404 5243 testes
1454 5203 1551 5258 per
1604 5203 1772 5246 aures
1830 5193 2036 5248 tracti:

393 5276 678 5344 Isanpero,
729 5274 931 5345 Wago,
986 5276 1331 5347 Wasagrim,
1386 5277 1651 5349 Ekkirih,
1693 5281 2036 5353 Eparachar,

388 5364 700 5437 Sigipreth,
733 5362 934 5433 Cauzo,
969 5363 1214 5432 Rihpold
1242 5365 1509 5436 Nidhart,
1545 5367 1852 5439 Rodmunt,
1880 5371 2041 5426 War-

393 5459 576 5525 munt,
608 5454 765 5522 Tata,
789 5450 960 5523 Arbo,
993 5451 1311 5526 Gundheri,
1334 5453 1636 5527 Adalpold,
1658 5455 1797 5529 Ogo,
1826 5459 2033 5532 Rafolt,

387 5542 713 5614 Gemmunt,
752 5539 879 5614 Oto,
932 5541 1216 5599 Liuthart.

2159 4475 2342 4545 sibus,
2372 4472 2523 4528 nihil
2555 4471 3023 4528 extradimittens
3054 4469 3196 4542 quin
3223 4482 3292 4525 ex
3323 4469 3546 4540 integro
3577 4468 3649 4524 ad
3681 4481 3816 4538 pra:-

2157 4563 2345 4620 dictos
2370 4567 2598 4618 sanctos
2614 4559 2805 4617 transf
2807 4560 3046 4631 adisset,
3071 4559 3130 4614 in
3153 4571 3381 4614 manum
3404 4556 3818 4612 Ambrichonis

2157 4667 2279 4712 ven.
2327 4667 2440 4723 ep.,
2469 4651 2723 4722 ejusdem
2753 4649 3016 4706 advocati
3046 4647 3368 4704 Gundberti
3396 4652 3570 4718 atque
3592 4645 3816 4718 Ogonis

2156 4741 2523 4800 vicedomini.
2556 4741 2818 4796 Econtra
2853 4753 2984 4796 vero
3027 4736 3300 4808 praefatus
3339 4737 3674 4806 advocatus,
3723 4749 3818 4792 no-

2157 4831 2310 4887 mine
2351 4829 2739 4901 Gundbertus,
2799 4841 2913 4884 una
2961 4839 3092 4883 cum
3145 4824 3380 4881 domino
3407 4837 3512 4880 suo
3541 4823 3816 4893 episcOpo

2155 4921 2400 4978 tradidit
2422 4921 2493 4976 de
2517 4919 2689 4975 rebus
2729 4918 2783 4973 S.
2832 4917 2982 4973 Petri
3015 4920 3071 4972 et
3104 4916 3158 4971 S.
3194 4914 3595 4970 Emmerammi
3625 4913 3815 4969 eidem

2154 5025 2276 5068 ven.
2311 5010 2555 5066 diacono
2581 5007 2796 5064 Altolto
2824 5007 2884 5062 in
2916 5005 3214 5076 proprium
3243 5004 3661 5075 perpetualiter
3692 5017 3815 5072 pos-

2154 5100 2457 5157 sidendum
2491 5097 2776 5170 quidquid
2807 5095 3014 5152 habere
3048 5095 3208 5151 visus
3233 5098 3320 5150 est
3342 5093 3411 5148 ad
3437 5093 3810 5163 Munolﬁnga,

2151 5190 2436 5260 aediﬁciis,
2471 5188 2662 5256 terris,
2697 5186 2898 5258 pratis,
2927 5186 3113 5255 silvis,
3143 5183 3394 5255 pascuis,
3420 5183 3594 5254 aquis
3621 5195 3813 5253 aqua—

2152 5293 2394 5351 rumque
2422 5277 2785 5335 decursibus.
2822 5278 2890 5332 Et
2913 5276 3013 5332 isti
3040 5279 3177 5331 sunt
3203 5278 3376 5330 testes
3401 5272 3650 5328 auribus
3685 5278 3813 5327 tra-

2151 5371 2264 5427 cti:
2294 5372 2552 5438 Herrant,
2585 5366 2855 5436 Askarih,
2877 5363 3206 5434 Ambricho,
3236 5361 3464 5433 Albrih,
3499 5361 3808 5432 Pernhart,

2149 5459 2362 5530 Epoho,
2395 5456 2916 5530 Engilperht,sAvo,
2949 5455 3179 5524 Strupo,
3214 5451 3513 5522 Karaheri,
3555 5451 3805 5522 Hungis,

2145 5548 2433 5619 Salomon,
2465 5545 2795 5618 Cataperht,
2825 5539 3447 5616 Irmperbt,Gerperht,
3481 5543 3592 5597 etc.
3628 5539 3808 5596 Vesti-
