4076 6154
158 367 274 427 945

1093 369 1548 429 TRADITIONES
1582 373 2222 436 EMMERAMMENSES.
2263 410 2338 423 —
2375 383 2502 438 LIB.
2544 386 2584 440 Ι.

3467 393 3574 455 946

163 502 261 554 tor
298 499 490 598 autem
535 495 825 598 Albricus.
873 495 1076 553 Actum
1122 500 1209 554 est
1250 511 1438 555 coram
1478 498 2069 598 EngildeoneAsunt
2125 510 2330 566 testes:
2390 511 2718 583 Sindperht.
2776 515 3030 591 Pernart,
3089 519 3378 594 Hartuvic,
3436 521 3574 598 Avo,

159 586 377 643 comite
416 586 488 642 ad
537 586 953 658 Reganespurc.

158 694 290 750 CAP.
328 694 538 750 XCVII.
565 694 1013 768 —Comr_nutatio
1061 696 1204 750 inter
1250 695 1664 752 Ambrichonem
1715 699 1824 768 epi-

417 781 636 837 scopum
665 771 715 820 et
739 766 1076 821 Ehamarum
1105 772 1156 822 et
1178 769 1564 840 Helmpertum.

236 873 480 930 Cunctis
526 876 776 943 patescat
824 873 1092 930 ﬁdelibus
1141 875 1279 946 quia
1325 873 1542 931 nobilis
1588 875 1828 946 quidam

165 965 492 1020 Ehamarus
522 961 791 1018 videlicet
820 968 875 1018 et
905 961 1081 1018 frater
1110 964 1237 1034 ejus
1266 963 1624 1035 Helmpertus
1652 965 1828 1020 tradi-

164 1054 380 1110 derunt
408 1052 478 1107 ad
510 1053 566 1107 S.
610 1053 1085 1108 Emmerammum
1133 1053 1416 1124 quidquid
1456 1053 1828 1124 proprietatis

169 1140 498 1198 habuerunt
527 1141 596 1196 ad
641 1140 852 1212 Atinga
893 1141 951 1196 in
993 1154 1218 1198 manum
1261 1141 1669 1199 Ambrichonis
1700 1156 1823 1198 ven.

166 1245 256 1302 ep.
309 1231 548 1301 ejusque
593 1230 850 1286 advocati
904 1230 1274 1302 Wicrammi,
1324 1230 1593 1286 videlicet
1639 1231 1828 1288 ratio—

165 1335 280 1377 ne:
315 1325 382 1377 ut
415 1325 655 1391 uterque
696 1332 893 1377 eorum
933 1333 1094 1376 suam
1136 1334 1369 1376 uxorem
1411 1326 1466 1377 et
1506 1321 1658 1377 ﬁlios
1700 1335 1824 1392 quin

164 1415 311 1468 sunt
365 1410 651 1480 mancipia
707 1411 762 1466 S.
823 1411 1245 1481 Emmerammi,
1302 1411 1358 1466 id
1408 1415 1512 1480 est,
1571 1413 1825 1481 Herosta,

161 1500 484 1569 Chuonrat,
535 1501 730 1570 Wasa,
763 1499 1033 1568 Cotahilt,
1065 1499 1328 1571 Deotfrit,
1360 1499 1622 1571 Gozlind,
1652 1499 1827 1557 simul

161 1603 299 1646 cum
333 1589 682 1660 proprietate
726 1589 1015 1660 possideat
1055 1604 1238 1660 usque
1275 1589 1344 1644 ad
1376 1588 1598 1645 obitum
1633 1603 1822 1645 suum.

161 1680 301 1736 Post
325 1693 456 1736 vero
482 1679 672 1736 omnia
699 1684 1059 1736 revertantur
1078 1679 1144 1734 ad
1177 1679 1512 1749 praedictum
1539 1684 1821 1736 sanctum.

163 1769 237 1825 Et
271 1769 371 1825 isti
406 1773 546 1825 sunt
571 1773 774 1825 testes:
807 1768 1116 1837 Adalhum,
1145 1770 1356 1840 Nanzo,
1389 1769 1658 1841 Hiltigoz,
1689 1769 1822 1826 Goz-

168 1859 358 1930 preht,
399 1857 994 1930 Helt‘rih,.Engilhem,
1027 1858 1372 1929 Eparachar,
1400 1858 1708 1929 Ellinpoto.

168 1984 299 2040 CAP.
327 1982 1033 2039 XCVIII—Commutatio
1074 1985 1218 2038 inter
1258 1983 1673 2038 Ambrichonem
1715 1984 1822 2055 epi-

492 2071 709 2126 scopum
737 2060 787 2110 et
821 2056 1210 2123 Engildeonem
1239 2059 1498 2110 comitem.

236 2164 513 2220 Omnium
545 2162 833 2219 industria
874 2162 1129 2218 ﬁdelium
1170 2162 1484 2232 comperiat
1512 2174 1825 2234 congruen-

163 2255 306 2311 tiam
339 2253 810 2309 commutationis
839 2265 1009 2324 quam
1039 2265 1160 2308 ven.
1191 2265 1280 2322 ep.
1308 2250 1618 2307 Ambricho
1649 2255 1820 2321 atque

159 2343 445 2414 Engildeo
483 2355 671 2397 comes
715 2341 775 2396 in
820 2341 1062 2396 invicem
1106 2339 1480 2411 perfecerunt.
1523 2337 1816 2410 Quidquid

162 2434 352 2505 igitur
375 2431 649 2502 Engildeo
677 2431 985 2500 praedictus
1009 2443 1196 2486 comes
1224 2429 1429 2485 habere
1452 2429 1614 2486 visus
1638 2431 1724 2485 est
1746 2429 1816 2486 ad

158 2522 447 2593 Stupinga
459 2521 526 2576 ad
545 2520 844 2576 comitium
869 2534 1036 2576 suum
1057 2519 1416 2590 pertinentis,
1440 2519 1496 2575 id
1519 2523 1625 2592 est,
1643 2519 1815 2590 areis,

162 2613 340 2669 terris
369 2610 549 2666 cultis
576 2614 632 2665 et
661 2609 923 2678 incultis,
956 2609 1154 2680 pratis,
1191 2609 1438 2679 pascuis,
1467 2608 1652 2680 silvis,
1684 2607 1818 2664 Atto

161 2703 478 2758 advocatus
506 2714 647 2756 suus
675 2702 858 2754 totum
889 2696 1242 2754 contradidit
1278 2698 1347 2753 ad
1380 2697 1434 2753 S.
1477 2699 1819 2754 Emmeram-

163 2803 343 2860 mum,
380 2789 509 2858 ipso
539 2788 746 2844 comite
770 2787 1028 2857 jubente,
1058 2787 1120 2842 in
1145 2799 1375 2842 manum
1401 2786 1670 2842 videlicet
1693 2786 1820 2842 Am-

1930 593 2234 671 Gozperht,
2264 600 2541 674 Wicram,
2573 609 2630 661 et
2659 604 2891 678 reliqui.

1928 702 2055 760 CAP.
2106 705 2213 762 CII.
2259 737 2332 749 —
2383 709 2736 793 Commutatio
2759 715 2939 793 inter
2994 714 3411 776 Ambrichonem
3469 723 3578 793 epi-

2428 798 2646 854 scopum
2673 789 2724 839 et
2751 787 3073 854 Helfricum.

2002 865 2178 924 Utilis
2217 869 2376 928 valde
2419 876 2476 928 et
2510 873 2756 930 nimium
2796 875 3087 933 fructuosa
3120 877 3260 934 olim
3302 879 3452 937 inter
3486 881 3581 941 ho-

1937 955 2121 1013 mines
2154 957 2463 1018 inoleverat
2497 965 2852 1021 consuetudo
2890 967 3281 1024 commutandi
3313 969 3584 1028 videlicet

1937 1048 2212 1116 quasdam
2263 1064 2352 1106 res
2391 1051 2464 1107 ob
2511 1057 2888 1126 utrarumque
2929 1058 3414 1127 opportunitatem
3467 1075 3590 1132 par-

1937 1136 2103 1192 tium.
2137 1138 2192 1194 Id
2224 1140 2418 1212 itaque
2444 1141 2678 1213 quidam
2704 1144 2795 1199 vir
2822 1143 3060 1217 nobilis,
3090 1147 3319 1203 nomine
3345 1149 3591 1221 Helfrih,

1936 1227 2176 1298 ejusque
2205 1231 2417 1300 conjux
2446 1232 2724 1288 Hiltisnot
2767 1234 3080 1291 recolentes
3128 1237 3493 1295 tradiderunt
3521 1240 3593 1296 ad

1935 1315 1991 1370 S.
2042 1317 2516 1376 Emmerammum
2563 1322 2730 1378 talem
2773 1324 3176 1393 pr0prietatem
3219 1327 3444 1397 qualem
3487 1328 3591 1386 illa

1936 1405 2004 1460 ad
2037 1405 2396 1478 Chaparussa
2426 1409 2646 1468 habuit.
2689 1412 2893 1468 Statim
2924 1427 3057 1470 vero
3098 1415 3488 1488 relinquentes
3516 1419 3587 1475 ad

1939 1495 2276 1565 praedictum
2323 1503 2620 1571 sanctum;
2667 1506 2723 1556 et
2771 1501 2884 1557 fuit
2919 1501 3035 1559 Avo
3076 1504 3377 1573 ﬁdejussor
3417 1511 3592 1578 atque

1936 1585 2192 1642 vestitor.
2228 1587 2270 1640 E
2299 1593 2497 1644 contra
2527 1603 2658 1646 vero
2685 1589 2997 1648 Ambricho
3025 1606 3147 1649 ven.
3179 1607 3266 1664 ep.
3309 1598 3366 1650 et
3393 1609 3589 1665 supra-

1934 1673 2128 1731 dictus
2153 1674 2270 1733 Avo
2295 1678 2604 1735 advocatus
2635 1695 2780 1737 suus
2805 1682 2906 1752 qui
2936 1681 3081 1738 hanc
3113 1684 3480 1740 traditionem
3508 1699 3589 1741 re-

1935 1770 2225 1836 ceperunt,
2289 1767 2359 1823 de
2416 1768 2588 1824 rebus
2647 1770 2700 1824 S.
2761 1770 3162 1828 Emmerammi
3223 1774 3589 1830 tradiderunt

1847 1835 1900 1898 Β
1931 1849 2116 1907 eidem
2161 1835 2410 1911 llelfrico
2447 1869 2512 1911 ac
2554 1857 2720 1913 illius
2755 1859 2988 1931 conjugi
3031 1859 3371 1918 beneﬁcium
3415 1863 3586 1934 quale

1933 1939 2054 2010 ipse
2084 1941 2305 2000 Helfrih
2332 1945 2398 2000 ad
2440 1944 2853 2016 Sempinchova
2893 1947 3116 2012 habuit,
3144 1962 3210 2005 ea
3235 1950 3460 2006 scilicet
3503 1966 3588 2008 ra-

1930 2029 2107 2102 tione,
2137 2033 2276 2088 utsi
2310 2047 2462 2090 unus
2490 2048 2686 2090 eorum
2720 2035 2838 2091 vita
2871 2034 3186 2108 decederet,
3222 2038 3368 2095 alter
3407 2041 3586 2110 possi-

1929 2118 2090 2176 deret
2120 2136 2304 2193 usque
2331 2124 2400 2179 ad
2434 2123 2656 2179 obitum
2688 2138 2856 2181 suum
2883 2143 2897 2196 ;
2927 2131 3072 2196 post,
3100 2140 3252 2199 vero,
3287 2129 3584 2201 redigatur

1929 2209 1997 2265 ad
2032 2211 2343 2280 pristinum
2375 2211 2583 2268 locum.
2616 2213 2760 2270 Sunt
2788 2221 2977 2272 autem
3005 2220 3178 2273 testes
3205 2217 3448 2275 auribus
3472 2223 3583 2276 tra-

1929 2300 2008 2356 cti
2032 2301 2329 2372 Egilperht
2349 2315 2558 2373 comes,
2580 2301 2912 2374 Odalperht,
2941 2305 3238 2377 Bernhart,
3262 2307 3579 2380 Egilperht,

1927 2388 2198 2462 Askarih,
2253 2391 2670 2464 Erchanperht,
2724 2394 2966 2466 Hungis,
3021 2395 3321 2466 Irmperht.

1923 2496 2054 2554 CAP.
2096 2499 2228 2555 CIII.
2277 2528 2352 2540 —
2401 2499 2755 2555 Commutatio
2806 2503 2950 2575 inter
2999 2501 3416 2559 Ambrichonem
3471 2505 3581 2575 epi-

2459 2586 2678 2641 scopum
2707 2576 2758 2626 et
2791 2572 3041 2641 Ogonem.

1997 2675 2278 2745 Quoniam
2314 2677 2594 2750 regalium
2627 2678 2945 2734 auctoritas
2981 2678 3418 2736 institutionum
3454 2693 3585 2737 con-

1928 2765 2282 2822 cambiorum
2309 2767 2718 2838 congruentias
2742 2767 2801 2822 in
2827 2767 3239 2824 ecclesiasticis
3261 2767 3431 2824 rebus
3457 2769 3582 2826 ﬁeri

160 2855 470 2935 brichonis
521 2891 642 2932 ven.
691 2855 786 2946 ep.
830 2855 1070 2946 ejusque
1121 2875 1378 2932 advocati
1422 2875 1719 2931 Herrandi.
1776 2877 1820 2932 Ε
1929 2855 2216 2946 Permisit»
2262 2855 2480 2912 Ποδίίίδ
2522 2856 2782 2928 (ιιιὶαδωι
2829 2855 2998 2912 Doms
3041 2857 3172 2926 090»
3217 2857 3359 2928 qni"
3402 2863 3459 2914 θῑ
3504 2859 3588 2914 id-

161 2973 368 3024 contra
390 2979 525 3021 vero
547 2965 695 3020 idem
722 2943 1197 3020 llerranduscum
1220 2964 1454 3020 licentia
1478 2963 1700 3020 domini
1724 2963 1816 3020 sui
1931 2945 2120 3015 ipsum
2157 2943 2543 3014 frequentaret
2577 2946 2816 3001 minime
2855 2947 3288 3015 praetermittere
3324 2947 3582 3004 distulit.

161 3056 422 3127 episcopi
449 3054 688 3111 tradidit
714 3053 986 3124 praedicto
1009 3053 1208 3109 comiti
1235 3053 1305 3108 de
1328 3053 1499 3108 rebus
1523 3053 1578 3108 s.
1607 3055 1822 3108 Emme-
1927 3033 2191 3134 Tradidit
2217 3033 2400 3134 igitur
2437 3033 2745 3134 Praedictus
2778 3034 2874 3134 _vir
2913 3035 3130 3134 nofilis
3158 3034 3276 3108 030
3311 3036 3379 3091 ad
3406 3037 3462 3091 S-
3492 3037 3587 3134 Pe-

162 3123 382 3200 rammi
420 3123 1055 3214 quidquidCAmbricho
1096 3155 1184 3212 ep.
1220 3141 1472 3212 providit
1499 3143 1568 3197 ad
1614 3141 1821 3197 Elisin-
1844 3149 1892 3212 ο
1930 3129 2082 3179 ῑΓυῐη
2109 3128 2484 3214 δθηεωῐηίῐιιθ
2516 3123 2953 3214 mimarum“!
2979 3124 3455 3214 Emmerammum
3487 3129 3585 3180 la-

158 3233 313 3304 dorf,
342 3234 404 3289 id
429 3211 656 3288 est‘tria
682 3231 968 3302 mancipia
992 3234 1048 3287 et
1067 3211 1299 3287 domum
1325 3245 1454 3286 cum
1481 3234 1662 3301 curte,
1690 3243 1820 3286 cum
1863 3211 1872 3212 ί
1933 3214 2041 3269 lem
2074 3213 2478 3304 ρνρρνίεωιρηι
2500 3211 2738 3304 final-em
2767 3211 2929 3267 Visus
2953 3217 3040 3268 est
3068 3213 3362 3304 hai’el‘eAad
3393 3214 3586 3304 Sam?-

159 3299 441 3380 omnibus
469 3321 830 3392 appendiciis
867 3299 1012 3390 ejus.
1044 3320 1246 3376 Actum
1279 3324 1366 3375 est
1392 3324 1582 3376 autem
1615 3299 1684 3375 ad
1724 3320 1817 3374 Re-

1934 3303 2110 3374 tinga,
2141 3301 2198 3357 id
2231 3305 2335 3371 est,
2366 3300 2436 3355 de
2466 3299 2609 3355 silva
2631 3301 2832 3372 jugera
2863 3314 2984 3372 CXL,
3008 3306 3065 3358 et
3093 3303 3161 3358 ad
3191 3302 3486 3359 Haholstat
3510 3303 3583 3359 de

161 3389 583 3486 ganespuncin
612 3389 915 3481 praesentia
942 3409 1340 3480 praenominati
1367 3409 1621 3480 episcOpi
1652 3412 1822 3480 atque
1931 3392 2076 3486 §ilva
2108 3391 2309 3486 iugem
2339 3403 2474 3460 XXX,
2505 3389 2656 3486 fitfid
2690 3389 3102 3486 εθιιξρίηοῒιοξει
3140 3390 3580 3486 ῑβῖνωᾳπξῢίξίβ

161 3501 420 3558 comitis.
446 3500 697 3556 Vestitor
722 3513 951 3570 quoque
972 3499 1085 3555 fuit
1104 3498 1266 3569 Atto;
1297 3498 1662 3555 revestitores
1688 3511 1822 3554 vero

162 3589 324 3647 fuere
351 3590 543 3646 Owart
569 3588 861 3660 presbyter
889 3592 945 3644 et
972 3587 1295 3645 Gundhart.

486 3713 614 3769 CAP.
655 3714 849 3770 XCIX.
881 3744 956 3754 —-
984 3713 1230 3768 Traditio
1267 3713 1505 3767 Polom's.

231 3822 370 3879 Polo
423 3822 667 3877 tradidit
707 3821 1079 3877 Ambrichoni
1123 3835 1248 3877 ven.
1293 3820 1468 3891 episc.
1517 3820 1817 3892 quemdam

163 3923 419 3980 servum,
454 3910 687 3966 nomine
713 3907 1100 3979 Adalfridum,
1146 3909 1205 3963 in
1249 3909 1485 3978 proprio
1530 3907 1820 3978 possiden-

162 3999 320 4056 dum.
371 3999 444 4054 Et
490 3998 591 4054 isti
638 4003 775 4053 sunt
817 4001 1024 4054 testes:
1071 3996 1298 4068 Albrih,
1349 3996 1505 4067 Pald,
1549 3994 1816 4068 Sigifrid,

164 4089 393 4158 Raﬁolt,
436 4087 735 4158 Sonperht,
776 4086 986 4158 Ratolt,
1020 4088 1317 4156 Lantpero.

161 4196 286 4251 CAP.
320 4196 382 4251 C.
411 4195 862 4250 —Commutatio
909 4195 1051 4248 inter
1099 4192 1518 4248 Ambrichonem
1564 4193 1616 4246 et
1665 4192 1820 4245 Har-

869 4267 1112 4333 twigum.

229 4375 448 4430 Notum
475 4373 557 4428 sit
584 4371 855 4429 omnibus
885 4371 1154 4428 ﬁdelibus
1185 4370 1285 4442 qui
1313 4368 1529 4426 nobilis
1560 4368 1815 4441 quidam,

163 4463 400 4518 nomine
440 4462 810 4532 Hartuvigus,
853 4461 1097 4517 tradidit
1133 4460 1202 4516 ad
1242 4459 1296 4514 S.
1343 4460 1816 4514 Emmerammum

160 4565 351 4608 aream
395 4566 410 4606 I
457 4555 514 4606 et
558 4564 756 4622 agrum
798 4564 814 4605 ι
860 4550 928 4605 ad
973 4549 1303 4605 Illinchova.
1359 4550 1403 4604 E
1449 4552 1646 4604 contra
1688 4560 1820 4603 vero

159 4642 375 4711 Strupo
412 4640 744 4709 advocatus,
783 4638 1020 4708 jubente
1057 4638 1302 4695 Domino
1332 4651 1437 4694 suo
1467 4652 1552 4707 ep.
1600 4635 1821 4692 Ambri-

160 4731 368 4800 chone,
402 4729 650 4785 tradidit
679 4729 954 4799 praedicto
979 4727 1161 4784 nobili
1197 4727 1254 4782 in
1280 4727 1473 4783 eodem
1502 4726 1625 4783 loco
1656 4731 1820 4780 terrae

159 4819 409 4875 arabilis
447 4832 616 4890 agros
655 4832 716 4872 ιι.
765 4819 835 4873 Et
877 4818 974 4874 isti
1015 4821 1151 4874 sunt
1180 4820 1353 4872 testes
1391 4831 1403 4867 :
1445 4814 1817 4885 Suindperbt,

160 4908 466 4977 Pernhart,
508 4906 800 4976 Hartuvic,
832 4906 970 4977 Avo,
1009 4905 1312 4976 Gozperht,
1343 4905 1652 4973 Rodmunt,
1681 4901 1821 4958 Arn-

161 4997 336 5067 helm,
377 4995 714 5066 Hiltiprant,
748 4995 1072 5066 Heriperht,
1103 4999 1211 5050 etc.

229 5105 361 5160 CAP.
389 5103 476 5158 CI.
507 5133 582 5142 —
605 5103 961 5157 Commutatio
1008 5105 1152 5156 inter
1200 5101 1619 5156 Ambrichonem
1692 5101 1818 5172 epi-

607 5190 826 5244 scopum
865 5180 914 5229 et
950 5174 1368 5241 Engilhardum.

228 5277 441 5333 Notum
464 5273 544 5331 sit
566 5273 837 5330 omnibus
863 5273 1133 5329 ﬁdelibus
1157 5273 1294 5344 quia
1318 5271 1534 5328 nobilis
1555 5271 1809 5343 quidam,

163 5365 393 5420 nomine
438 5362 766 5435 Engilhart,
821 5361 1064 5417 tradidit
1115 5361 1183 5416 ad
1232 5362 1285 5416 S.
1337 5362 1810 5416 Emmerammum

161 5460 324 5510 terra:
365 5453 612 5508 arabilis
649 5464 851 5524 agrum
894 5455 994 5507 iet
1029 5455 1321 5522 pratorum
1361 5449 1580 5505 carrad.
1618 5463 1657 5504 Il
1692 5449 1815 5504 loco

159 5543 573 5613 Sempinchova
615 5543 963 5610 nuncupato.
1003 5539 1047 5594 E
1085 5544 1282 5596 contra
1312 5553 1445 5595 vero
1477 5538 1686 5608 Strupo
1724 5536 1817 5592 ad-

160 5638 397 5688 vocatus
420 5630 661 5702 jubente
693 5628 929 5686 domino
972 5643 1077 5686 suo
1113 5628 1494 5686 Ambrichone
1524 5642 1610 5698 ep.
1646 5625 1818 5684 tradi-

1926 3481 2130 3553 jugera
2158 3494 2214 3549 x,
2249 3483 2304 3534 et
2339 3477 2628 3547 mancipia
2657 3491 2760 3548 vu,
2791 3478 2846 3533 id
2878 3485 3000 3534 est:
3029 3479 3360 3550 Perethuni,
3387 3479 3591 3534 Dechi-

1933 3569 2007 3637 la,
2053 3567 2388 3639 Perehtuni,
2427 3567 2881 3638 Perehtsuvinto,
2927 3568 3220 3637 Eermunt,
3267 3567 3578 3638 Godmunt,

1929 3657 2094 3715 Wolf
2095 3672 2252 3729 purc,
2279 3657 2340 3712 in
2366 3670 2596 3712 manum
2617 3656 2887 3712 videlicet
2908 3655 3314 3712 Ambrichonis
3337 3669 3460 3712 ven.
3485 3669 3576 3728 ep,

1929 3749 2447 3818 advocatorumque
2475 3746 2600 3815 ejus
2619 3746 2960 3817 Gundperti,
2987 3747 3284 3802 Herrandi.
3310 3747 3352 3802 E
3377 3749 3578 3802 contra

1927 3851 2060 3895 vero
2092 3837 2240 3893 idem
2269 3836 2639 3905 Gundpertus
2657 3838 2830 3906 atque
2859 3835 3185 3892 Herrandus
3215 3835 3584 3892 tradiderunt

1927 3930 1998 3985 de
2024 3928 2196 3984 rebus
2224 3927 2278 3982 S.
2303 3924 2702 3981 Emmerammi
2728 3929 2860 3980 ante
2884 3924 3178 3982 nominato
3205 3925 3411 3998 Ogoni,
3435 3924 3584 3980 Am—

1929 4019 2206 4076 brichone
2246 4031 2334 4087 ep.
2367 4015 2760 4072 consentiente
2787 4015 2856 4071 ad
2897 4015 3204 4072 Eskinhart
3241 4030 3404 4072 areas
3442 4029 3482 4070 II
3524 4019 3585 4070 et

1931 4107 2216 4180 quidquid
2245 4106 2313 4162 ad
2342 4105 2565 4162 easdem
2594 4105 2896 4175 pertinuit,
2931 4106 3122 4175 terris,
3158 4106 3359 4179 pratis,
3387 4106 3580 4179 silvis,

1927 4199 2119 4270 aquis,
2151 4207 2546 4267 aquarumque
2573 4192 2916 4249 decursibus
2945 4199 3001 4248 et
3029 4194 3253 4250 caeteris
3283 4197 3576 4272 omnibus,

1930 4292 1986 4344 et
2009 4285 2293 4356 mancipia
2317 4297 2420 4354 vu,
2448 4283 2503 4338 id
2531 4285 2618 4338 est
2641 4281 2994 4352 :Ellinpurc,
3019 4281 3326 4355 Wolfpirc,
3350 4285 3576 4360 Pazrih,

1929 4375 2276 4445 Weidherii,
2308 4371 2594 4445 Reginolt,
2619 4369 2920 4439 Walttrut,
2953 4371 3200 4427 Hiltrud.
3230 4373 3391 4430 Nihil
3416 4382 3576 4434 extra

1929 4467 2307 4534 dimittentes,
2336 4463 2478 4534 quin
2509 4475 2578 4518 ex
2605 4461 2828 4533 integro
2852 4459 3035 4517 eidem
3059 4459 3240 4532 Ogoni
3267 4467 3577 4524 contrade-

1928 4560 2056 4613 rent
2080 4556 2137 4610 in
2167 4553 2580 4624 possessionem
2608 4556 2957 4622 perpetuam.
2985 4550 3054 4605 Et
3079 4550 3178 4606 isti
3206 4557 3341 4608 sunt
3368 4558 3569 4613 testes:

1930 4646 2138 4709 Folrat,
2159 4643 2437 4712 Waltrih,
2457 4641 2682 4712 Albrih,
2708 4639 3017 4711 Perehtolt,
3045 4639 3288 4710 Rodker,
3310 4643 3572 4720 Salacho,

1931 4736 2280 4804 Wolfmunt,
2317 4729 2649 4797 Ambricho,
2692 4729 3001 4800 Rodperht,
3034 4729 3236 4802 Trogo,
3268 4731 3579 4809 Perehtolt,

1929 4825 2186 4896 Otperht,
2247 4820 2565 4889 Perehtrih,
2623 4819 2860 4889 Durinc,
2917 4820 3078 4889 Teor,
3147 4824 3284 4888 Avo,
3342 4823 3576 4897 Strupo,

1929 4913 2221 4984 Ileripold,
2254 4908 2533 4972 Lantfrid,
2574 4905 2699 4977 Oto,
2739 4906 3090 4977 Amalperht,
3121 4909 3372 4982 Marcho,
3405 4914 3578 4970 Gun—

1927 5005 2117 5070 dhart,
2163 4999 2422 5067 Adalrih,
2463 4996 2872 5066 Erchanperht.

1924 5113 2054 5170 CAP.
2093 5108 2225 5166 CIV.
2254 5136 2328 5148 -—
2355 5104 2721 5180 Commutatio
2761 5104 2903 5180 inter
2942 5101 3385 5180 _Ambrichonem
3447 5112 3575 5180 epi—

2350 5191 2568 5246 scopum
2597 5179 2646 5228 et
2674 5174 3133 5242 Engilscalchum.

1993 5274 2200 5329 Notum
2233 5269 2310 5326 sit
2341 5265 2610 5324 omnibus
2639 5269 2849 5320 sanctm
2876 5264 2976 5319 Dei
3007 5265 3274 5323 Ecclesiae
3304 5267 3578 5324 ﬁdelibus

1925 5361 2060 5435 quia
2088 5359 2304 5416 nobilis
2327 5356 2581 5428 quidam,
2607 5353 2837 5410 nomine
2857 5354 3209 5427 Engilscahl,
3239 5356 3484 5412 tradidit
3502 5357 3573 5412 ad

1923 5452 1979 5507 S.
2007 5451 2481 5505 Emmerammum
2509 5449 2674 5500 terrai
2703 5443 2944 5500 arabilis
2964 5445 3166 5516 jugera
3195 5457 3228 5496 v
3254 5443 3324 5497 ad
3355 5443 3577 5511 P0pin—

1926 5553 1995 5611 ga
2018 5537 2076 5592 in
2100 5547 2327 5590 manum
2350 5532 2619 5589 videlicet
2641 5531 3051 5587 Ambrichonis
3070 5543 3193 5584 ven.
3216 5542 3303 5597 ep.
3330 5530 3574 5598 ejusque

1925 5623 2182 5682 advocati
2215 5620 2574 5678 Wicrammi.
2608 5621 2649 5674 E
2691 5624 2888 5675 contra
2919 5630 3050 5671 vero
3081 5616 3228 5671 idem
3272 5615 3573 5671 Wicram—

159 5721 250 5777 dit
283 5701 562 5793 praedicto
592 5718 778 5777 nobili
819 5718 879 5774 in
922 5719 1118 5776 eodem
1159 5718 1284 5776 loco
1313 5731 1500 5774 aream
1545 5732 1582 5773 ι.
1617 5719 1686 5772 Ει
1715 5717 1819 5773 isti
1919 5729 2049 5772 mus
2077 5711 2322 5768 tradidit
2349 5711 2420 5765 de
2459 5707 2633 5764 rebus
2659 5708 2714 5762 S.
2749 5701 3146 5761 Emmerammi
3177 5704 3572 5762 consentiente
