4068 6178
425 335 530 396 947

1451 335 1768 394 ΑΝΑΜΟΠΙ
1814 336 2343 396 RATISPONENSIS
2394 335 2805 395 SUBDIACONI

3738 331 3856 393 948

434 467 667 525 domino
703 481 807 524 suo
845 468 1113 538 episcopo
1154 469 1426 538 praedicto
1460 469 1642 526 nobili
1675 469 2077 540 Engilscalcho
2105 470 2162 531 A
2198 473 2447 543 Petrum,
2496 474 2872 541 sanctumque
2914 469 3388 524 Emmerammum
3439 465 3854 537 proprietatem

439 564 602 614 terrae
632 557 1010 629 arabilisjug.
1039 571 1094 612 ιν
1121 558 1506 614 etdimidium
1533 559 1602 615 ad
1626 559 1851 631 Pilinga
1875 559 1933 614 in
1958 572 2082 630 pro-

442 647 632 717 prium
667 647 1076 717 perpetualiter
1107 647 1446 703 habendum.
1480 649 1550 703 Et
1579 652 1641 704 ut
1672 647 1791 704 haec
1821 662 2086 705 commu—

439 737 583 794 tatio
613 737 834 792 ﬁrmior
866 735 1144 792 habeatur
1173 740 1228 792 et
1257 750 1289 792 a
1321 737 1566 807 posteris
1593 737 1802 794 melius
1819 739 2087 794 credatur

440 825 661 897 placuit
688 826 832 882 duas
861 823 1114 880 cartulas
1145 837 1257 880 uno
1297 829 1491 881 tenore
1520 825 1764 895 scriptas
1793 825 2079 882 exhibere.

437 951 564 1007 CAP.
619 948 724 1005 CV.
767 978 843 989 —
888 947 1243 1003 Commutatio
1297 949 1442 1002 inter
1491 949 1909 1004 Ambrichonem
1962 951 2088 1019 epi-

754 1036 972 1090 scopum
1011 1024 1061 1074 et
1091 1019 1483 1089 Chunipertum
1513 1022 1772 1075 comitem.

510 1146 636 1199 llaec
669 1143 851 1214 igitur
874 1140 1246 1196 commutatio
1275 1141 1424 1196 inter
1449 1140 1889 1197 Ambrichonem
1916 1155 2004 1212 ep.
2034 1143 2092 1197 et

442 1233 860 1302 Chunipertum
893 1230 1158 1286 comitem
1199 1229 1346 1285 facta
1382 1235 1487 1286 est.
1525 1233 1664 1286 Nam
1703 1231 2091 1301 Chunipertus

445 1336 633 1379 comes
656 1321 816 1377 dedit
836 1320 902 1376 ad
927 1318 979 1374 S.
1009 1321 1484 1376 Emmerammum
1512 1325 1678 1376 terra:
1704 1320 1944 1375 arabilis
1964 1321 2088 1392 jug.

446 1426 500 1468 Vl
535 1413 605 1468 de
637 1411 806 1467 rebus
831 1408 1094 1464 beneﬁcii
1127 1409 1218 1464 sui
1251 1409 1319 1464 ad
1346 1409 1574 1480 Atinga.
1606 1410 1673 1464 Et
1695 1409 1856 1464 missi
1883 1409 2008 1478 ejus
2034 1409 2090 1464 id

447 1502 516 1556 ad
560 1498 941 1570 perﬁcendum
1001 1496 1236 1552 fuerunt
1269 1497 1599 1569 Engilscalh
1630 1503 1686 1552 et
1723 1497 2012 1568 Hiltimar,
2039 1501 2096 1552 et

447 1588 792 1644 Willihelm.
829 1588 871 1642 E
900 1589 1099 1642 contra
1137 1597 1268 1640 vero
1310 1584 1620 1641 Ambricho
1659 1599 1782 1641 ven.
1815 1600 1901 1655 ep.
1937 1585 2097 1642 dedit

447 1677 800 1747 Chuniperto
826 1674 1023 1732 comiti
1052 1674 1109 1728 in
1132 1674 1325 1730 eodem
1349 1673 1472 1730 loco
1493 1675 1731 1731 totidem
1753 1675 1954 1747 jugera
1974 1678 2100 1730 ter-

2197 574 2358 618 suam
2386 561 2611 631 qualem
2639 559 2846 616 habuit
2863 559 2932 614 ad
2960 557 3362 626 Illinchovum,
3394 556 3454 611 in
3483 569 3717 611 manum
3745 555 3860 610 sci-

2195 650 2331 707 licet
2371 649 2780 706 Ambrichonis
2809 662 2934 704 ven.
2979 661 3067 717 ep.
3101 647 3340 717 ejusque
3369 645 3630 702 advocati
3677 645 3864 701 Stru-

2195 740 2382 811 ponis,
2419 739 2571 794 nihil
2601 744 2759 794 extra
2797 737 3099 793 dimittens
3144 736 3285 806 quin
3331 748 3399 790 ex
3449 735 3672 805 integro
3707 734 3859 790 illuc

2196 827 2624 886 transfunderet
2661 832 2833 898 atque
2863 827 3096 882 laxaret.
3130 826 3172 880 E
3211 831 3410 881 contra
3440 838 3574 880 vero
3609 822 3863 878 Ambri—

2194 918 2303 975 cho
2330 917 2602 989 praefatus
2626 917 2930 988 episcopus
2949 920 3122 987 atque
3141 929 3286 971 suus
3303 915 3615 970 advocatus
3639 914 3862 983 Strupo
3892 914 3901 920 '

2197 1007 2560 1064 tradiderunt
2605 1008 2676 1062 de
2728 1005 2900 1062 rebus
2949 1003 3354 1075 praedictorum
3407 1006 3736 1058 sanctorum
3795 1002 3863 1056 in

2197 1097 2390 1153 eodem
2420 1096 2544 1153 loco
2575 1096 2734 1152 illam
2765 1108 2953 1151 casam
2985 1093 3044 1149 in
3074 1092 3328 1148 australe
3355 1097 3514 1162 parte
3537 1092 3867 1148 consisten-

2199 1190 2336 1256 tem,
2371 1186 2426 1241 id
2458 1190 2579 1242 est:
2613 1183 3116 1241 Herimarinehova
3147 1196 3275 1238 cum
3317 1182 3511 1250 terris,
3550 1182 3754 1252 pratis,
3805 1185 3868 1236 et

2203 1289 2450 1345 nemore,
2478 1279 2535 1332 et
2562 1289 2692 1332 cum
2723 1273 2993 1330 omnibus
3021 1273 3162 1328 illuc
3194 1271 3622 1342 pertinentibus
3649 1271 3870 1328 Otkiso

2205 1365 2532 1436 presbytero
2578 1366 2636 1420 in
2688 1363 2983 1434 proprium
3028 1376 3210 1432 usque
3257 1361 3326 1416 ad
3371 1360 3593 1417 obitum
3641 1375 3869 1428 suum;

2206 1462 2398 1527 postea
2427 1468 2558 1511 vero
2589 1454 2926 1527 redigantur
2961 1453 3028 1508 ad
3066 1451 3375 1522 pristinum
3407 1449 3616 1506 locum.
3652 1451 3718 1504 Et
3759 1449 3872 1504 isti

2205 1550 2342 1602 sunt
2393 1549 2610 1600 testes:
2663 1543 2935 1612 Gozpold,
2985 1544 3246 1610 lierrant,
3304 1539 3594 1610 lleripold,
3645 1539 3878 1595 Gund—

2205 1639 2348 1706 pert,
2375 1633 2601 1701 Albrih,
2630 1633 2813 1703 Rupo,
2845 1631 3092 1700 Witker,
3124 1628 3352 1687 Ascrih.

450 1782 525 1825 ra}
554 1736 831 1835 arabilis;
866 1769 920 1820 et
951 1764 1112 1820 missi
1148 1765 1272 1833 ejus
1303 1763 1538 1820 fuerunt
1567 1764 1668 1820 Lio
1699 1736 2010 1836 presbyter,
2042 1766 2098 1819 et

2216 1741 2335 1797 CAP.
2377 1741 2556 1797 CVIII.
2593 1770 2668 1781 —
2695 1739 3050 1836 Commutatio
3085 1736 3687 1836 intmjmbﬁchonem
3732 1736 3880 1807 epi—

451 1858 707 1913 Wicram
732 1860 904 1925 atque
928 1853 1182 1910 Deott‘rid
1211 1853 1317 1910 hoc
1341 1853 1409 1909 ad
1440 1853 1869 1924 perﬁciendum.
1895 1853 1967 1909 Ut
1995 1867 2100 1909 ve—

454 1949 581 2004 rius
626 1945 965 2015 ﬁrmiusque
1007 1942 1276 1999 credatur
1320 1943 1466 2002 duas
1506 1947 1694 1999 cartas
1737 1944 1860 2015 pari
1905 1948 2101 2000 tenore

429 2035 704 2106 .scriptas
729 2032 950 2114 placuit
973 2031 1260 2088 exhibere.

451 2161 578 2217 CAP.
623 2160 755 2215 CVI.
795 2187 870 2199 --
911 2156 1266 2212 Commutatio
1311 2156 1456 2210 inter
1509 2155 1925 2211 Ambrichonem
1980 2157 2104 2226 epi-

915 2244 1133 2298 scopum
1179 2233 1229 2284 et
1283 2229 1634 2299 Wicpertu-m.

524 2359 733 2412 Notum
765 2353 847 2410 sit
883 2352 1154 2409 omnibus
1185 2352 1244 2408 in
1285 2351 1516 2408 Christo
1547 2351 1816 2408 ﬁdelibus
1847 2353 1984 2424 quia
2011 2352 2103 2409 vir

456 2445 691 2517 quidam
737 2441 972 2510 nobilis,
1016 2441 1248 2498 nomine
1285 2440 1606 2512 Wicperht,
1653 2440 1897 2498 tradidit
1933 2441 2001 2496 ad
2041 2442 2097 2498 S.

453 2538 927 2590 Emmerammum
976 2531 1046 2586 ad
1104 2530 1442 2586 Mulihusun
1485 2535 1778 2600 pratorum
1827 2532 2029 2602 jugera
2064 2545 2100 2586 v

454 2636 584 2679 cum
603 2619 918 2676 fruticibus
933 2618 1244 2674 evellendis
1262 2619 1321 2674 in
1340 2632 1570 2676 manum
1587 2618 2104 2675 videlicetAmbri—

455 2711 662 2769 chonis
681 2723 805 2765 ven.
829 2722 918 2777 ep.
941 2709 1182 2778 ejusque
1205 2707 1463 2763 advocati
1490 2707 1804 2778 Heripoldi.
1838 2711 1881 2765 E
1904 2712 2103 2765 contra

453 2814 585 2858 vero
618 2800 767 2856 idem
809 2796 1155 2866 Ileripoldus
1193 2796 1437 2852 tradidit
1462 2797 1534 2852 de
1574 2796 1743 2853 rebus
1771 2797 1824 2854 S.
1874 2799 2104 2853 Emme-

458 2887 662 2946 rammi
693 2885 1086 2942 consentiente
1114 2884 1350 2940 domino
1393 2899 1498 2940 suo
1535 2899 1622 2955 ep.
1667 2886 1940 2956 prazdiclo
1977 2887 2102 2941 viro

459 2979 756 3048 Wicperto
801 2975 861 3030 in
909 2974 1102 3030 eodem
1136 2973 1262 3030 loco
1307 2979 1598 3044 pratorum
1638 2976 1874 3031 totidem
1900 2976 2102 3047 jugera

456 3064 864 3138 perpetualiter
891 3062 1235 3118 habendum.
1262 3063 1330 3117 Et
1358 3067 1420 3118 ut
1447 3062 1564 3117 haac
1589 3063 1963 3119 commutatio
1995 3063 2104 3118 ﬁr-

454 3156 602 3211 mior
625 3153 902 3210 habeatur
923 3156 978 3206 et
1001 3164 1034 3206 a
1061 3151 1307 3221 posteris
1334 3151 1540 3206 melius
1565 3152 1852 3224 credatur,
1883 3152 2102 3222 placuit
2129 3138 2178 3201 (Ἰ

452 3246 598 3302 duas
619 3245 849 3299 chartas
873 3240 1121 3310 scriptas
1145 3247 1201 3296 et
1226 3244 1397 3295 testes
1420 3241 1487 3295 ad
1499 3239 1694 3296 bibere
1721 3255 1962 3312 quorum
1992 3256 2103 3298 no—

453 3335 609 3390 mina
636 3338 772 3388 sunt
798 3331 915 3386 hmo
939 3349 951 3384 :
979 3329 1301 3400 Liutperht,
1329 3327 1510 3399 Wolf,
1536 3329 1868 3401 Schilpunc,
1899 3331 2105 3402 Engil—

454 3425 641 3495 perht,
692 3421 985 3490 Eckihart,
1036 3419 1260 3489 Ratpot,
1308 3418 1574 3489 Nidhart,
1619 3418 1878 3489 Otperht,
1926 3421 2108 3474 Lant-

459 3513 650 3586 perht,
685 3514 1002 3581 Isanparto,
1035 3507 1322 3563 Perehart.

453 3641 581 3696 CAP.
622 3636 777 3693 CVlI.
816 3664 891 3675 —
929 3633 1282 3687 Commutatio
1324 3633 1470 3684 inter
1515 3631 1931 3686 Ambrichonem
1981 3635 2108 3702 epi—

774 3720 1011 3774 scopum-
1033 3708 1083 3757 et
1112 3703 1359 3771 Otgisum
1380 3702 1779 3772 presbyterum.

528 3830 733 3887 Divina
766 3827 1109 3883 instituente
1139 3825 1324 3897 gratia
1354 3825 1598 3880 tradidit
1623 3825 1858 3896 quidam
1891 3826 2107 3884 nobilis

458 3918 806 3978 venerabilis
833 3915 1103 3973 videlicet
1135 3913 1428 3986 presbyter
1461 3915 1690 3971 nomine
1717 3915 1902 3986 Otkis,
1943 3917 2013 3973 ad
2047 3919 2102 3973 S.

2124 1811 2177 1872 Β

2663 1826 2882 1881 scopum
2917 1815 2967 1865 et
2994 1811 3385 1880 Helmpertum.

2279 1922 2488 1976 Notum
2519 1919 2601 1974 sit
2627 1916 2896 1974 omnibus
2920 1920 3129 1972 sanctae
3157 1915 3258 1971 Dei
3289 1915 3557 1971 Ecclesia:
3585 1913 3882 1970 ﬁdelibus

2209 2009 2348 2082 quia
2370 2007 2586 2064 nobilis
2606 2007 2862 2078 quidam,
2888 2005 3118 2062 nomine
3142 2004 3489 2074 Helmperht,
3516 2003 3770 2059 tradidit
3797 2003 3876 2058 ad

2211 2100 2473 2156 sanctum
2499 2098 2972 2153 Emmerammum
3000 2093 3287 2165 quidquid
3317 2091 3518 2148 habuit
3544 2091 3610 2146 ad
3640 2091 3883 2147 Dor-ni—

2213 2187 2448 2262 ginpah,
2484 2187 2543 2242 in
2587 2198 2815 2240 manum
2855 2182 3127 2239 videlicet
3160 2180 3568 2237 Ambrichouis
3609 2193 3739 2235 ven.
3777 2194 3878 2250 ep.

2210 2279 2450 2349 ejusque
2469 2275 2728 2332 advocati
2753 2273 3075 2343 Antarpoti.
3106 2274 3147 2328 Ε
3167 2277 3366 2328 contra
3390 2285 3523 2327 vero
3555 2271 3704 2327 idem
3740 2272 3887 2326 An-

2212 2372 2402 2437 tarpot
2432 2364 2675 2422 tradidit
2715 2365 2786 2420 de
2829 2362 3000 2419 rebus
3041 2361 3096 2417 S.
3143 2360 3564 2429 Emmerammi,
3609 2373 3880 2415 consen-

2212 2456 2390 2512 tiente
2425 2454 2660 2511 domino
2691 2466 2794 2510 suo
2832 2467 2944 2524 ep.,
2992 2451 3265 2522 praedicto
3311 2449 3494 2506 nobili
3534 2448 3877 2518 Helmperto

2209 2545 2278 2602 ad
2298 2541 2824 2600 Wolfratinchofun
2843 2540 3129 2612 quidquid
3155 2539 3235 2596 ibi
3259 2538 3462 2594 habuit
3479 2539 3537 2594 in
3557 2538 3874 2608 proprium

2214 2633 2622 2704 perpetualiter
2651 2631 2992 2687 habendum.
3040 2631 3109 2685 Et
3138 2628 3236 2684 isti
3270 2633 3407 2684 sunt
3437 2632 3606 2684 testes
3635 2647 3648 2681 :
3675 2627 3878 2682 Adal-

2212 2723 2328 2795 rih,
2353 2723 2488 2793 Avo,
2515 2723 2744 2791 Strupo,
2776 2719 3061 2791 Reginolt,
3086 2719 3384 2789 Eparhart,
3413 2716 3642 2786 Ascrih,
3670 2717 3872 2787 Rupo,

2211 2813 2494 2882 Folchrat,
2535 2810 2946 2880 Erchanperht.

2317 2919 2444 2976 CAP.
2476 2918 2615 2973 CXI.
2646 2947 2722 2957 —
2749 2916 3104 2971 Commutatio
3149 2916 3293 2968 inter
3332 2912 3763 2967 Ambrichonem

2507 3058 2516 3066 ι
2669 2990 2976 3058 episcopum
3005 2991 3055 3041 et
3082 2986 3409 3040 Adal-ricum

2283 3100 2490 3155 Notum
2523 3097 2602 3152 sit
2630 3094 2900 3151 omnibus
2923 3093 3191 3150 ﬁdelibus
3221 3096 3430 3148 sancta:
3458 3089 3556 3145 Dei
3588 3091 3881 3148 Ecclesia

2215 3189 2353 3260 quia
2384 3187 2551 3243 nobis
2573 3185 2808 3256 quidam
2836 3184 3066 3240 nomine
3090 3181 3329 3238 Adalrih
3357 3180 3598 3237 tradidit
3623 3181 3694 3235 ad
3725 3196 3880 3237 san-

2213 3283 2366 3333 ctum
2395 3278 2621 3331 Petrum
2654 3277 3029 3343 sanctumque
3052 3271 3152 3326 Dei
3178 3275 3476 3341 martyrem
3504 3270 3880 3325 Emmeram-

2215 3379 2369 3422 mum
2417 3365 2486 3419 ad
2536 3362 2774 3419 Fetarah
2816 3375 2944 3417 cum
2993 3361 3151 3416 culta
3198 3364 3348 3416 terra
3395 3364 3451 3414 et
3499 3359 3722 3414 inculta
3769 3361 3879 3429 ju-

2216 3468 2348 3527 gera
2377 3468 2423 3508 c.
2449 3455 2491 3508 E
2519 3457 2718 3509 contra
2742 3465 2874 3508 vero
2904 3451 3148 3507 tradidit
3166 3449 3445 3519 Antarpot
3467 3463 3597 3504 cum
3627 3447 3877 3503 licentia

2213 3543 2621 3599 Ambrichonis
2646 3556 2732 3611 ep.
2761 3541 2833 3596 de
2859 3540 3029 3596 rebus
3047 3541 3101 3596 S.
3131 3539 3281 3596 Petri
3303 3543 3358 3594 et
3381 3539 3435 3594 S.
3459 3539 3874 3593 Emmerammi

2215 3632 2549 3703 supradicto
2577 3631 2834 3700 Adalrici
2867 3643 3042 3700 prope
3064 3628 3469 3684 Niwinhusum
3494 3627 3699 3698 jugera
3731 3643 3870 3682 xxx.

2213 3724 2284 3778 Et
2315 3721 2413 3777 isti
2446 3725 2582 3778 sunt
2609 3723 2817 3776 testes:
2853 3718 2990 3788 Avo,
3031 3719 3261 3788 Strupo,
3293 3715 3656 3786 Gundperht,
3688 3717 3874 3788 Regi-

2218 3809 2360 3882 nolf,
2391 3811 2575 3882 Rupo,
2616 3807 3029 3879 Erchanperht,
3062 3807 3360 3876 Eparhart.

2807 3916 3050 3986 Explicit
3069 3914 3229 3970 Liber
3245 3915 3291 3968 Ι.

1954 4078 2362 4089 ———-

1715 4175 1995 4243 LIBER
2079 4174 2623 4246 SECUNDUS.

639 4468 765 4525 CAP.
793 4470 836 4524 Ι.
861 4497 935 4508 —
955 4467 1308 4522 Commutatio
1338 4467 1482 4519 inter
1510 4466 1929 4522 Ambrichonem

927 4541 1236 4609 episcopum
1265 4541 1316 4591 et
1361 4537 1644 4593 Unlazum.

537 4666 853 4736 COgnoscat
879 4663 1064 4736 igitur
1084 4661 1340 4718 omnium
1367 4662 1655 4720 industria
1679 4664 1936 4721 ﬁdelium
1964 4679 2116 4736 pra:—

467 4753 715 4809 sentium
743 4751 1013 4806 videlicet
1031 4755 1088 4806 et
1110 4749 1436 4807 futurorum
1457 4753 1593 4823 quia
1618 4754 1850 4824 quidam
1874 4753 2111 4824 nobilis,

469 4841 698 4898 nomine
726 4839 921 4910 Unlaz,
956 4840 1199 4895 tradidit
1227 4841 1296 4896 ad
1336 4841 1389 4896 S.
1426 4843 1902 4899 Emmerammum
1944 4844 2113 4900 talem

468 4931 870 5001 proprietatem
917 4929 1141 5001 qualem
1183 4929 1388 4986 habuit
1432 4931 1502 4987 ad
1543 4931 1870 5004 Erilingun,
1916 4933 1972 4989 id
2004 4938 2109 5004 est,

467 5033 630 5075 areas
673 5033 727 5090 v,
758 5021 958 5075 domos
997 5032 1051 5089 v,
1087 5019 1288 5074 horrea
1327 5033 1381 5089 v,
1415 5033 1681 5091 agrorum
1721 5027 1776 5076 et
1819 5027 2110 5091 pratorum

471 5108 647 5165 hobas
679 5121 780 5176 vn,
820 5107 967 5162 nihil
1004 5113 1163 5162 extra
1189 5107 1490 5164 dimittens
1521 5111 1662 5180 quin
1692 5125 1761 5166 ex
1795 5111 2016 5183 integro
2039 5112 2109 5167 ad

469 5196 864 5268 supradictum
892 5200 1150 5250 sanctum
1179 5195 1588 5252 transfudisset
1615 5199 1673 5253 in
1699 5213 1926 5255 manum
1949 5201 2115 5255 vide—

460 5287 605 5342 licet
642 5283 1049 5340 Ambrichonis
1081 5297 1204 5339 ven.
1247 5299 1333 5355 ep.
1370 5287 1609 5356 ejusque
1637 5287 1893 5344 advocati
1928 5289 2115 5344 Aska—

470 5377 598 5432 ricl.
649 5376 689 5429 E
731 5379 928 5429 contra
976 5385 1106 5428 vero
1150 5373 1297 5428 idem
1346 5374 1677 5448 Askaricus,
1723 5377 2113 5433 consentiente

466 5464 700 5520 domino
741 5477 844 5518 suo
882 5462 1169 5532 episcOpo,
1205 5462 1446 5518 tradidit
1477 5465 1547 5520 de
1584 5465 1752 5521 rebus
1790 5467 1845 5520 S.
1883 5467 2113 5521 Emme—

469 5553 670 5608 rammi
722 5551 994 5622 prazdicto
1033 5549 1215 5607 nobili
1264 5551 1474 5609 Unlazo
1511 5555 1578 5609 ad
1625 5555 1884 5611 Wilhsin
1923 5555 2113 5612 eccle—

469 5641 634 5710 siam,
704 5655 891 5696 casam
936 5655 1064 5697 cum
1122 5647 1303 5706 curte,
1356 5643 1622 5700 horreum
1686 5659 1724 5711 ι,
1787 5645 1966 5702 hobas
2031 5659 2107 5713 IV,

2137 4468 2193 4528 D
2223 4465 2511 4537 mancipia
2538 4481 2571 4523 ν
2601 4467 2659 4522 in
2693 4466 2988 4538 proprium
3023 4466 3366 4522 habendum.
3398 4465 3595 4522 Testes
3626 4471 3870 4536 quorum

2224 4557 2454 4612 nomina
2507 4561 2678 4612 sunt:
2729 4557 3040 4627 Nordpold,
3098 4554 3380 4627 Adalt’rid,
3442 4555 3678 4626 Zeizilo,
3730 4555 3874 4609 Rat-

2223 4646 2376 4717 trud,
2410 4647 2666 4702 Deotﬁat.

2362 4755 2492 4811 CAP.
2541 4757 2590 4810 II
2640 4785 2715 4795 —
2741 4755 3094 4810 Commutatio
3130 4754 3275 4808 inter
3308 4753 3732 4807 'Ambrrbhonem

2542 4829 2851 4898 episcoPum
2879 4831 2928 4881 ct
2959 4825 3276 4881 Ouvardum
3299 4825 3547 4896 presbyt.

2295 4933 2679 4989 Plurimorum
2713 4933 2897 5004 igitur
2940 4932 3231 4988 industria
3262 4932 3580 5003 comperiat
3623 4929 3873 5002 qualiter

2221 5036 2343 5078 ven.
2375 5022 2606 5092 quidam
2637 5021 2948 5092 presbyter,
2984 5021 3212 5077 nomine
3240 5021 3540 5088 Owardus,
3567 5026 3873 5076 commuta-

2221 5113 2434 5167 tionem
2474 5125 2784 5182 congruam
2825 5110 3066 5182 peregit.
3107 5110 3422 5166 Praadictus
3462 5123 3708 5180 namque
3741 5123 3873 5178 pre—

2223 5199 2414 5270 sbyter
2444 5199 2687 5254 tradidit
2709 5199 2777 5254 ad
2809 5199 2862 5253 S.
2892 5200 3120 5254 Petrum
3154 5203 3536 5269 sanctumque
3569 5202 3868 5268 martyrem

2224 5290 2699 5344 Emmerammum
2731 5287 2898 5343 talem
2941 5287 3345 5357 proprietatem
3373 5286 3603 5358 qualem
3629 5287 3700 5342 ad
3734 5287 3872 5342 Stu—

2227 5379 2395 5450 pinga
2425 5378 2584 5434 visus
2613 5383 2698 5434 est
2730 5377 2972 5447 habere;
3006 5377 3062 5434 id
3112 5383 3217 5442 est,
3263 5377 3323 5432 in
3355 5382 3508 5432 terra
3539 5375 3776 5445 arabili,
3820 5381 3871 5430 et

2221 5468 2386 5538 silva,
2432 5473 2488 5524 et
2530 5472 2690 5538 prato
2741 5467 2916 5522 hobas
2965 5481 3027 5522 III
3076 5471 3134 5521 et
3178 5468 3300 5538 jug.
3357 5480 3453 5535 xx,
3503 5479 3698 5522 casam
3744 5479 3867 5520 cum

2220 5563 2401 5628 curte,
2458 5557 2725 5612 horreum
2783 5569 3010 5626 quoque
3061 5561 3232 5626 atque
3291 5555 3660 5626 pommrium,
3724 5554 3867 5610 nihil

2219 5652 2378 5702 extra
2402 5645 2704 5702 dimittens
2735 5645 2927 5717 terris,
2960 5645 3161 5716 pratis,
3190 5644 3442 5715 pascuis,
3481 5644 3658 5715 aquis
3686 5657 3860 5715 aqua-
