2034 3089
96 168 151 197 949

572 171 800 201 ΤΒΑΒΙΤΙΟΝΕΞ
816 173 1139 205 EMMERAMMENSES.
1161 193 1195 198 —
1215 179 1276 207 LIB.
1299 182 1331 209 Il.

1751 190 1804 220 950

97 240 224 269 rumque
244 233 425 271 decursibus,
450 235 587 271 exitibus,
603 238 631 264 et
646 237 788 266 reditibus
806 237 877 273 quin
889 244 923 265 ex
937 236 967 266 A
982 237 1044 265 CAP.
1080 240 1123 267 VI.
1162 256 1196 261 ——
1228 242 1406 272 Commutatio
1439 247 1511 274 inter
1543 249 1752 280 Ambrichonem
1780 256 1805 281 ει

96 278 213 314 integro
230 278 300 307 illuc
316 279 519 308 transfudisset
535 281 563 308 in
578 288 692 309 manum
707 282 842 310 videlicet
855 281 928 309 Am—

96 323 252 351 brichonis
276 331 337 352 ven.
361 331 403 359 ep.
427 325 686 362 advocatorumque
703 327 765 362 ejus
787 327 924 355 Herrandi

95 370 186 403 atque
205 368 396 397 Gundoberti.
414 370 435 397 E
450 373 549 399 contra
566 379 631 400 vero
650 372 823 407 Herrandus,
840 374 926 407 atq-ue

95 413 315 449 Gundobertus,
342 415 538 443 consentiente
562 417 683 445 Domino
705 424 757 445 suo
783 424 839 452 ep.,
862 419 926 444 tra—

95 458 239 486 diderunt
261 458 296 486 de
321 458 407 487 rebus
431 461 459 487 S.
487 461 687 489 Emmerammi
718 462 763 490 bis
790 461 925 497 praedicto

95 502 221 531 Owardo
232 503 262 531 in
275 504 424 539 proprium
436 506 640 540 perpetualiter
651 506 812 534 habendum
823 506 857 534 ad
868 506 926 533 Ta—

95 547 251 584 garatinga
272 548 420 576 ecclesiam
438 556 458 584 ι,
475 556 568 578 casam
589 557 654 578 cum
676 553 766 587 curte,
791 551 925 579 horreum

96 599 226 628 quoque,
246 595 332 629 atque
354 594 524 630 pomarium,
545 595 633 623 bobas
655 603 687 623 ιιι
709 603 774 623 cum
792 595 926 624 omnibus

94 638 282 672 appendiciis
306 645 413 666 earum.
438 639 473 667 Et
495 640 544 667 isti
566 642 633 668 sunt
652 643 760 668 testes:
776 640 925 675 Hadamar,

96 682 227 718 Plidger,
257 684 404 719 Leoparto,
438 684 578 719 Lantfrid,
611 685 757 713 Chreftinc
788 685 926 720 Waltrih,

95 727 215 763 Albrih,
247 728 400 760 Perehtolt,
428 729 594 765 Schilpunc,
620 730 738 765 Durinc,
768 729 927 765 Isanperht,

96 773 301 809 Reiginperbt,
333 774 491 809 Ruodhart,
522 775 629 811 Heimo,
659 774 783 811 Eparolf,
813 775 926 809 Strupo.

96 818 258 845 Vestitores
283 820 311 845 et
338 819 518 846 revestitores
545 822 613 847 sunt
641 820 814 855 Herrandus,
844 822 930 854 atque

95 861 288 890 Gundbertus
300 864 385 898 atque
396 863 553 898 Epatolt‘us.
567 864 668 892 Actum
680 864 714 892 ad
727 864 929 899 Reganaspurc

96 913 196 934 coram
212 907 387 942 Engildeone
402 908 515 936 comite.
531 908 612 937 Anno
627 908 741 937 Domini
756 907 818 936 888.
938 901 965 932 Β

96 973 163 1001 CAP.
177 975 224 1002 III.
233 974 453 1012 —Commutatio
468 977 540 1003 inter
553 976 761 1004 Ambrichonem
775 977 928 1012 episcopum

256 1013 280 1037 et
294 1011 442 1044 Rafoldum
456 1014 537 1047 atque
558 1012 773 1040 Truhmannum.

136 1073 242 1100 Notum
255 1073 295 1101 sit
307 1074 441 1103 omnibus
454 1074 588 1103 ﬁdelibus
598 1075 666 1111 quia
678 1075 786 1104 nobilis
799 1076 926 1111 quidam,

101 1117 199 1145 Rafolt
226 1118 360 1146 videlicet
384 1122 470 1154 atque
494 1120 650 1155 Truhman,
676 1120 784 1149 uterini
814 1120 926 1157 fratres,

101 1162 286 1190 tradiderunt
305 1163 339 1191 ad
359 1163 386 1191 S.
408 1164 521 1192 Petrum
542 1167 729 1200 sanctumque
747 1165 797 1193 Dei
819 1167 930 1201 marty—

102 1214 162 1234 rem
190 1207 427 1236 Emmerammum
454 1208 525 1236 tales
554 1209 744 1244 proprietates
768 1210 867 1245 quales
893 1210 927 1237 ad

97 1251 243 1287 Stupinga
264 1252 435 1287 habuerunt,
452 1253 527 1281 nihil
543 1256 622 1282 extra
643 1254 820 1282 dimittentes
834 1254 930 1282 aediﬁ-

101 1296 169 1331 ciis,
199 1297 294 1332 terris,
325 1297 426 1333 pratis,
456 1298 580 1332 pascuis,
613 1298 705 1330 silvis,
737 1299 831 1334 aquis,
860 1299 927 1334 viis,

104 1341 175 1376 quin
189 1348 223 1368 ex
238 1342 350 1377 integro
364 1342 398 1369 ad
418 1343 571 1377 praedictos
585 1346 698 1372 sanctos
717 1344 926 1379 contraderent,

105 1385 133 1412 in
150 1392 266 1413 manum
289 1386 423 1414 videlicet
443 1386 648 1415 Ambrichonis
663 1395 723 1415 ven.
745 1395 787 1423 ep.
809 1388 927 1423 ejusque

104 1429 232 1457 advocati
248 1430 417 1459 Gundberti.
434 1432 455 1458 E
470 1434 570 1459 contra
591 1439 656 1459 vero
677 1432 751 1460 idem
773 1433 933 1461 advocatus-

94 1475 298 1502 .consentiente
320 1476 441 1504 Domino
462 1483 514 1504 suo
530 1483 573 1511 ep.
595 1476 716 1504 tradidit
739 1477 773 1504 de
793 1477 878 1504 rebus
897 1477 924 1504 S.

104 1520 303 1547 Emmerammi
318 1520 353 1547 ad
372 1520 553 1548 Punninhart
572 1521 699 1556 praefatis
714 1521 862 1549 nobilibus
877 1528 929 1549 ca-

104 1570 163 1592 sam
178 1570 243 1591 cum
266 1566 356 1597 curte,
372 1567 401 1592 et
414 1565 557 1601 horreum,
573 1569 601 1593 et
615 1565 717 1593 hobam
734 1573 752 1601 ι,
769 1568 796 1593 et
812 1566 929 1601 insuper
944 1566 968 1597 Ο

103 1607 194 1635 eidem
218 1608 401 1637 Truhmanno
427 1609 515 1637 unius
536 1617 608 1637 arcte
631 1612 737 1645 partem
758 1617 777 1645 ι,
798 1612 826 1638 et
848 1612 930 1637 terra:

104 1652 294 1689 arabilisjug.
310 1660 353 1687 ιιι,
368 1656 396 1681 et
409 1653 445 1681 de
460 1654 550 1689 pratis
565 1655 675 1682 carrad.
693 1662 701 1682 ι
719 1655 749 1682 in
766 1657 929 1690 perpetuam

104 1697 322 1732 possessionem.
340 1699 374 1726 Et
389 1699 437 1726 isti
454 1701 521 1726 sunt
536 1701 639 1727 testes:
654 1699 723 1734 Avo,
738 1699 851 1734 Strupo,
867 1699 932 1726 Du—

105 1742 243 1777 rinchart,
282 1743 428 1779 Machelm,
477 1743 611 1780 Askarih,
647 1743 752 1780 Folrat,
793 1743 942 1779 Riphold,

104 1787 234 1821 Adalrih,
256 1787 393 1819 Waltrih,
410 1790 463 1816 etc.

173 1858 237 1886 CAP.
254 1858 297 1886 Ν.
313 1873 350 1878 --
364 1859 540 1886 Commutatio
558 1860 631 1886 inter
651 1859 858 1887 Ambrichonem

318 1895 471 1929 episcopum
492 1897 517 1922 et
535 1896 713 1923 Liutbertum.

138 1956 242 1984 Notum
258 1956 297 1983 sit
313 1956 447 1984 omnibus
461 1959 565 1985 sanctae
579 1957 629 1985 Dei
645 1957 778 1985 Ecclesiae
795 1957 929 1986 ﬁdelibus

104 2000 171 2036 quia
192 2000 301 2028 nobilis
319 2001 435 2036 quidam
455 2002 569 2029 nomine
589 2002 736 2037 Liuperht,
755 2002 876 2029 tradidit
892 2002 927 2029 ad

103 2045 131 2073 S.
151 2046 388 2073 Emmerammum
406 2047 441 2073 de
461 2046 533 2074 silva
550 2047 610 2083 jug.
633 2054 688 2074 Lxx
707 2047 736 2074 in
757 2046 819 2074 loco
839 2047 929 2074 Tuci-

104 2090 182 2126 linga
203 2093 366 2125 nuncupata
387 2091 416 2118 in
437 2097 551 2119 manum
568 2091 702 2119 videlicet
718 2091 847 2119 Ambrih.
865 2098 925 2118 ven.

103 2141 146 2169 ep.
159 2135 278 2170 ejusque
290 2135 417 2163 advocati
430 2135 600 2163 Gundberti.
611 2137 632 2163 E
642 2138 740 2163 contra
751 2142 816 2163 vero
826 2135 930 2163 Gund—

104 2179 212 2213 bertus,
226 2180 421 2207 consentiente
432 2181 553 2208 Domino
566 2188 618 2208 suo
631 2188 687 2216 ep.,
703 2180 825 2208 tradidit
836 2180 928 2208 eidem

103 2223 252 2258 Liutperto
268 2224 298 2251 in
311 2224 407 2252 eodem
424 2224 485 2253 loco
497 2225 532 2252 de
545 2225 616 2253 silva
627 2225 687 2261 jug.
703 2232 718 2252 1.
732 2225 762 2252 in
779 2225 927 2260 proprium

104 2268 310 2303 perpetualiter
327 2269 496 2297 habendum.
516 2270 551 2297 Et
566 2270 615 2297 isti
632 2272 700 2298 sunt
715 2272 800 2297 testes
817 2269 928 2297 Durin—

102 2313 196 2347 chrat,
219 2313 368 2349 Eparhart,
395 2313 523 2350 Gammo,
548 2314 695 2349 Pirihtilo,
717 2314 822 2350 Ratolt,
847 2314 925 2349 Pald,

102 2359 268 2392 Lantepero.

99 2420 165 2448 CAP.
188 2419 220 2447 ν.
240 2434 277 2440 -—
293 2420 564 2484 CommutatioFirtter
581 2421 707 2449 Ambrih.
732 2422 885 2456 episeopum
904 2423 930 2448 et

493 2465 555 2484 nes.

493 2465 555 2484 T185.

136 2519 321 2554 Comperiant
338 2526 437 2548 omnes
453 2519 549 2548 ﬁdeles
561 2520 630 2555 quia
645 2520 724 2548 Fries
739 2519 856 2555 quidam
872 2526 928 2547 no—

99 2564 173 2592 bilis
192 2564 313 2592 tradidit
327 2565 361 2592 ad
377 2565 404 2592 S.
425 2565 663 2592 Emmerammum
678 2565 712 2592 ad
731 2564 927 2599 Geilunaspah

100 2612 251 2644 pratorum
267 2609 328 2645 jug.
350 2616 383 2637 ιιι
400 2609 429 2637 in
448 2616 562 2637 manum
584 2608 787 2637 Ambrichonis
803 2615 865 2636 ven.
881 2615 924 2643 ep.

99 2653 223 2688 ejusque
246 2653 375 2681 advocati
404 2653 574 2688 Eparhardi.
597 2653 618 2680 E
640 2655 739 2680 contra
762 2660 828 2680 vero
853 2652 927 2680 idem

99 2698 249 2733 Eparhard
256 2705 288 2725 us
302 2705 367 2726 cum
384 2698 501 2726 licentia
514 2696 641 2732 episcopi
659 2697 781 2725 tradidit
793 2697 929 2732 pratdicto

101 2742 194 2770 nobili
221 2744 368 2777 pratorum
389 2743 451 2778 jug.
473 2749 493 2769 ιι
513 2742 548 2769 ad
567 2741 706 2777 Guttinga
729 2741 759 2768 in
780 2742 928 2776 proprium

103 2787 278 2815 habendum.
308 2788 343 2815 Et
372 2787 420 2815 isti
450 2790 518 2815 sunt
541 2788 654 2814 testes:
676 2785 796 2822 Helfrih,
823 2786 928 2822 Rafolt,

101 2832 250 2866 Adalhun,
267 2832 417 2867 Hiltipero.

1299 281 1487 316 Wolfpertum.

1015 327 1139 378 cunctis
1156 331 1270 378 pateﬁat
1290 333 1423 364 ﬁdelibus
1448 336 1516 372 quia
1540 338 1649 367 nobilis
1672 341 1801 378 quidam,

981 373 1095 401 nomine
1117 375 1295 412 Vuoli‘perht,
1317 380 1438 408 tradidit
1457 382 1491 409 ad
1514 382 1541 410 S.
1565 373 1803 415 Emmerammum

979 423 1063 445 suum
1075 420 1221 453 proprium
1236 428 1348 451 servum
1360 424 1542 454 Anthelmum
1554 430 1582 455 et
1593 430 1673 457 terrm
1683 430 1804 459 arabilis

977 461 1077 497 jugera
1096 470 1113 491 x
1126 464 1160 492 ad
1180 465 1327 503 Snudinga
1349 468 1378 496 in
1395 476 1510 498 manum
1533 472 1666 501 videlicet
1684 473 1803 503 Ambri—

980 505 1082 535 chonis
1094 515 1155 536 ven.
1169 516 1212 545 ep.
1228 511 1347 547 ejusque
1359 513 1489 542 advocati
1501 515 1660 545 Adalberti.
1672 518 1693 546 E
1703 523 1802 548 contra

980 557 1045 579 vero
1062 552 1136 581 idem
1147 554 1329 592 Adalbertus,
1343 560 1537 588 consentiente
1550 561 1667 591 domino
1683 571 1735 592 suo
1747 565 1806 600 epi-

982 603 1076 643 scopo,
1100 599 1222 627 tradidit
1237 600 1272 628 de
1292 601 1377 630 rebus
1397 603 1425 631 S.
1446 604 1644 634 Emmerammi
1671 599 1807 643 praedicto

984 641 1075 690 nobili
1088 643 1248 690 woli'berto
1262 645 1366 674 ibidem
1378 648 1412 675 ad
1423 648 1571 686 Snudinga
1583 641 1806 690 unumrservum,

984 687 1098 733 nomine
1119 687 1308 726 Gebaradum,
1325 693 1353 719 et
1368 694 1450 721 terra:
1470 694 1591 723 arabilis
1607 697 1708 733 jugera
1728 705 1755 725 ιι.
1776 687 1811 727 Et

985 730 1034 778 isti
1051 734 1119 778 sunt
1136 735 1241 762 testes:
1256 735 1404 773 Pernhart,
1424 737 1571 776 Antarpot,
1590 730 1659 778 Avo,
1677 743 1809 778 Herrant,

983 775 1065 804 Gund
1071 779 1141 813 pert,
1158 778 1362 815 Erchanperht.

983 854 1047 883 CAP.
1069 855 1127 884 VII.
1147 872 1184 902 -έ
1203 858 1407 902 Complacitgtto
1430 863 1502 890 inter
1513 863 1729 902 _z_tmbrichonem
1748 867 1812 902 epi-

1168 901 1276 929 scopum
1296 899 1321 923 et
1335 898 1473 926 Hittonem
1491 900 1623 928 abbatem.

1018 964 1072 992 Per
1094 965 1234 994 cartulam
1258 975 1320 1002 quae
1344 968 1477 998 videlicet
1498 974 1593 1006 aperte
1614 979 1647 1001 ac
1670 974 1811 1003 veraciter

983 1009 1187 1038 nonnullorum
1198 1011 1342 1040 inseratur
1349 1013 1471 1042 auribus
1480 1015 1607 1044 ﬁdelium
1617 1017 1741 1052 qualiter
1749 1018 1809 1046 haec

983 1053 1197 1088 complacitatio
1221 1058 1334 1091 peracta
1358 1058 1406 1086 sit.
1431 1059 1562 1088 Tradidit
1587 1068 1709 1097 namque
1729 1063 1808 1091 Hitto

985 1097 1164 1128 honorabilis
1187 1100 1275 1129 abbas
1298 1101 1332 1129 ad
1357 1102 1384 1130 S.
1410 1103 1522 1132 Petrum
1544 1108 1730 1142 sanctumque
1756 1108 1807 1135 Dei

984 1145 1134 1178 martyrem
1148 1145 1384 1175 Emmerammum
1401 1148 1586 1183 proprietatis
1597 1157 1655 1178 sua:
1666 1151 1754 1180 bobas
1766 1158 1806 1187 vx,

983 1194 1047 1215 cum
1068 1188 1201 1217 adiﬁciis
1217 1192 1246 1217 et
1263 1191 1417 1225 mancipiis
1432 1199 1480 1227 xv,
1501 1193 1659 1229 Meginheri
1674 1194 1807 1232 Adalger,

983 1231 1062 1267 Milo,
1078 1233 1236 1269 Meginberi
1253 1234 1427 1271 Willihelm,
1443 1234 1580 1272 Liupuni,
1595 1238 1725 1274 Liupkis,
1738 1240 1810 1267 Rat-

985 1276 1039 1311 kis,
1051 1276 1203 1313 Wolfheri,
1217 1278 1362 1315 lliltipirc,
1374 1281 1525 1317 Deotpurc,
1537 1281 1712 1318 Adalswind,
1725 1284 1811 1319 Liup-

983 1320 1057 1348 drud
1069 1328 1133 1349 cum
1144 1322 1257 1350 duobus
1268 1323 1339 1351 ﬁliis
1350 1324 1379 1351 in
1390 1324 1452 1353 loco
1463 1325 1585 1361 Sulzpah
1602 1331 1767 1363 nuncupato
1778 1328 1808 1356 in

985 1372 1099 1393 manum
1120 1366 1324 1396 Ambrichonis
1338 1375 1400 1396 ven.
1417 1376 1460 1405 ep.
1475 1372 1503 1398 et
1516 1370 1718 1400 advocatorum
1737 1380 1810 1401 suo-

984 1416 1046 1437 rum
1080 1411 1240 1439 Gundberti
1269 1415 1354 1448 atque
1380 1414 1530 1442 Herrandi.
1558 1416 1579 1442 E
1607 1419 1705 1444 contra
1733 1417 1809 1445 idem

981 1454 1166 1483 Gundbertus
1184 1458 1269 1491 atque
1292 1457 1456 1486 Herrandus
1474 1466 1538 1487 cum
1560 1458 1676 1488 licentia
1698 1461 1809 1489 domini

983 1499 1029 1526 sui
1043 1506 1086 1533 ep.
1103 1501 1131 1527 et
1146 1507 1210 1528 cum
1226 1507 1368 1529 consensu
1385 1502 1475 1530 totius
1490 1502 1609 1532 familiae
1626 1505 1809 1534 tradiderunt

985 1544 1120 1578 praedicto
1131 1544 1242 1572 Hittoni
1253 1546 1288 1573 de
1301 1545 1385 1574 rebus
1396 1549 1559 1575 sanctorum
1573 1549 1623 1584 qui
1637 1556 1724 1585 supra
1736 1550 1808 1578 dicti

984 1591 1061 1622 sunt,
1074 1588 1128 1615 tria
1141 1589 1203 1616 loca
1212 1596 1277 1617 cum
1286 1590 1420 1618 omnibus
1430 1592 1610 1626 appendiciis
1620 1593 1693 1628 suis,
1707 1594 1735 1621 id
1747 1596 1805 1622 est:

983 1632 1218 1670 Chuningesfeld,
1240 1636 1268 1661 et
1289 1635 1382 1663 Vuaso
1404 1638 1432 1663 et
1448 1636 1577 1671 Purcpah
1591 1646 1598 1672 ;
1613 1640 1755 1672 quatenus
1775 1645 1808 1666 ea

985 1684 1075 1712 usque
1087 1677 1116 1705 in
1128 1677 1211 1705 ﬁnem
1225 1686 1309 1706 suum
1321 1678 1442 1707 ﬁrmiter
1452 1682 1546 1708 teneat
1555 1683 1641 1716 atque
1652 1682 1807 1718 possideat,

984 1728 1017 1749 ac
1030 1724 1126 1757 postea
1140 1725 1243 1751 cuncta
1257 1724 1291 1751 ad
1306 1724 1458 1758 praedictos
1471 1727 1584 1753 sanctos
1599 1726 1769 1762 redigantur
1780 1730 1810 1756 et

986 1767 1184 1795 revestiantur.
1207 1768 1242 1796 Et
1259 1768 1308 1796 isti
1324 1770 1393 1796 sunt
1414 1771 1500 1797 testes
1516 1770 1643 1804 ejusdem
1664 1771 1806 1800 rationis:

984 1811 1052 1847 Ogo,
1066 1812 1181 1847 Strupo,
1195 1812 1340 1849 Erlapold,
1351 1813 1467 1850 Chadal,
1478 1814 1641 1851 Hartperht,
1654 1815 1806 1851 Hiltipero,

985 1855 1102 1892 Righer,
1118 1858 1172 1884 etc.

982 1927 1046 1954 CAP.
1074 1928 1142 1955 VIII.
1166 1942 1200 1948 -‹
1222 1927 1398 1955 Commutatio
1422 1929 1493 1956 inter
1515 1929 1668 1964 episcopum
1690 1930 1808 1957 Ambri-

1259 1964 1369 1991 chonem
1387 1966 1412 1991 et
1432 1972 1530 1998 regem.

1019 2034 1074 2060 Ista
1089 2033 1231 2068 mancipia
1246 2035 1315 2061 sunt
1330 2034 1360 2061 in
1377 2036 1514 2069 potestate
1530 2034 1734 2063 Ambrichonis
1748 2035 1809 2070 epi-

984 2078 1085 2113 scopi:
1103 2077 1221 2113 Emhilt,
1243 2077 1334 2114 Appa,
1357 2078 1484 2114 Rihholf,
1510 2079 1592 2115 Rato,
1614 2080 1757 2115 Engilhilt
1779 2082 1807 2107 et

985 2123 1045 2151 ﬁlia
1062 2123 1125 2158 ejus
1145 2122 1270 2158 Rihhilt,
1288 2125 1317 2150 et
1333 2123 1459 2157 Ribmot,
1480 2123 1637 2159 Engilmar,
1655 2124 1804 2152 Hiltisnot.

983 2169 1005 2195 E
1023 2170 1122 2196 contra
1138 2174 1204 2195 vero
1219 2170 1288 2195 sunt
1300 2168 1329 2195 in
1343 2167 1419 2203 regis
1435 2170 1571 2202 potestate
1583 2168 1617 2196 ad
1639 2169 1806 2204 Ergoltinga

983 2213 1081 2247 Gerni,
1095 2212 1206 2247 Dultin,
1219 2212 1391 2247 Gundhelm,
1407 2211 1571 2247 Engilpero,
1587 2212 1734 2247 Machelm,
1749 2213 1806 2240 Re-

940 2252 967 2283 D
984 2256 1119 2293 gindrud,
1139 2257 1228 2291 Elisa,
1249 2256 1368 2290 Emhilt,
1383 2255 1481 2291 Gerni,
1497 2256 1641 2291 Ermpold,
1658 2256 1805 2293 Ellinhilt,

982 2301 1106 2336 Liupila,
1132 2301 1256 2336 Rihhilt,
1280 2301 1414 2337 Rahhila,
1434 2300 1576 2337 Reginolf,
1601 2301 1803 2337 Perehtgunto,

982 2345 1140 2381 Reginhilt,
1157 2345 1292 2373 Pecchilt.

982 2418 1045 2446 CAP.
1058 2418 1107 2445 IX.
1117 2432 1154 2437 —-
1164 2417 1343 2445 Commutatco
1355 2418 1427 2444 inter
1435 2416 1644 2445 Ambrichonem
1654 2418 1807 2453 episcopum

1203 2455 1228 2480 et
1244 2453 1434 2487 Engilpe'rtum
1451 2453 1582 2480 comitem.

1018 2517 1121 2544 Notum
1144 2516 1184 2544 sit
1208 2514 1344 2543 omnibus
1366 2514 1501 2542 ﬁdelibus
1529 2514 1599 2550 quia
1621 2515 1809 2551 Engilpertus

983 2568 1077 2590 comes
1090 2560 1212 2588 tradidit
1220 2560 1255 2588 ad
1269 2560 1295 2587 S.
1314 2560 1550 2587 Emmerammum
1565 2560 1709 2595 mancipia
1720 2568 1763 2596 ιιι,
1776 2560 1805 2587 id

982 2609 1041 2634 est:
1052 2605 1168 2634 Alblind
1180 2608 1208 2633 et
1221 2605 1275 2632 ﬁlii
1286 2605 1348 2639 ejus
1362 2611 1381 2632 ιι
1397 2604 1427 2632 in
1438 2611 1554 2632 manum
1565 2604 1769 2633 Ambrichonis
1778 2606 1807 2631 et

983 2651 1112 2679 adv0cati
1129 2651 1191 2686 ejus
1210 2649 1335 2685 Polonis,
1355 2656 1388 2677 ea
1402 2649 1537 2677 videlicet
1556 2651 1687 2678 ratione:
1703 2651 1734 2676 ut
1750 2649 1808 2676 Er-

984 2696 1076 2724 fonem
1083 2703 1194 2723 servum
1201 2695 1228 2722 S.
1236 2695 1463 2722 Emmmerammi
1472 2695 1501 2722 in
1509 2694 1655 2730 proprium
1663 2693 1808 2728 possideat

986 2748 1076 2777 usque
1090 2741 1125 2768 ad
1145 2740 1256 2768 obitum
1276 2747 1361 2768 suum
1381 2741 1409 2767 et
1423 2739 1523 2767 uxoris
1538 2745 1605 2766 suae.
1622 2738 1657 2764 Et
1671 2737 1721 2764 isti
1737 2738 1806 2764 sunt

985 2788 1089 2813 testes:
1106 2784 1297 2820 Engilscalch,
1316 2784 1463 2817 Pernhart,
1480 2781 1683 2815 Erchanperht,
1698 2780 1803 2815 Rafolt,

986 2830 1048 2858 Heri
1054 2830 1130 2865 pold,
1146 2832 1198 2857 etc.
