4068 6178
502 246 600 305 954

1424 243 1740 301 ANAMODI
1796 243 2326 303 RATISPONENSIS
2362 247 2768 306 SUBDIACONI

3731 273 3811 334 ςιὸξ

504 373 630 429 CAP.
673 369 746 424 Χ.
786 399 859 410 -
896 368 1438 458 Commutationa'ntci:
1475 369 1900 458 dmbrichonem
1940 370 2151 438 episco-
2175 366 2235 427 A
2331 371 2534 428 Actum
2565 379 2651 430 est
2679 380 2868 433 autem
2899 390 3050 436 anno
3079 379 3322 440 Amulﬁi
3364 387 3504 458 regis
3529 397 3734 456 secundo
3752 415 3808 458 vu

997 457 1132 512 pum
1165 447 1213 495 et
1242 441 1647 509 Reginharium.

578 549 899 620 Comperiat
920 550 1176 604 omnium
1196 549 1485 605 industria
1502 547 1758 604 ﬁdelium
1781 546 1931 618 quod
1951 546 2154 618 Regin-

512 641 636 698 heri
689 639 930 696 tradidit
979 640 1049 695 ad
1107 640 1158 695 S.
1222 641 1696 694 Emmerammum
1763 637 1908 693 duas
1965 641 2152 706 partes

507 730 730 803 jugeris
770 730 946 786 unius
977 727 1035 783 in
1069 742 1298 784 manum
1331 726 1592 796 Adalpoli
1635 727 1702 781 ad
1733 725 2073 796 Cholinpah.
2107 726 2150 780 E

509 826 707 877 contra
736 833 870 875 vero
899 819 1047 874 idem
1069 817 1346 888 Adalpold
1379 831 1507 872 cum
1537 815 1774 872 licentia
1801 815 2022 872 domini
2055 814 2147 870 sui

505 908 910 965 Ambrichonis
938 922 1022 978 ep.
1056 908 1298 962 tradidit
1330 906 1399 962 de
1430 906 1704 962 beneﬁcio
1736 919 1840 961 suo
1869 905 1926 960 in
1953 905 2150 960 eodem

504 1000 629 1058 loco
680 998 950 1069 praedicto
999 996 1346 1067 Reginhario
1397 995 1622 1051 tertiam
1669 999 1884 1065 partem
1928 993 2150 1064 jngeris

505 1089 700 1146 unius.
729 1090 796 1143 Et
838 1087 934 1142 isti
972 1090 1108 1142 sunt
1137 1090 1350 1142 testes:
1385 1084 1705 1157 Reginhoh,
1746 1083 1972 1155 Albrih,
2001 1082 2152 1138 Rih—

505 1179 658 1250 pold,
699 1177 940 1246 Folcrat,
982 1176 1268 1246 Gerhelm,
1303 1178 1408 1230 etc.

506 1285 634 1342 CAP.
672 1284 772 1340 XI.
805 1315 873 1323 —
906 1283 1258 1338 Commutatio
1296 1284 1439 1336 inter
1479 1280 1898 1335 Ambrichonem
1939 1280 2153 1350 episco-

1031 1371 1167 1424 pum
1203 1358 1254 1407 et
1281 1354 1610 1408 Pataricum.

577 1464 890 1535 Cognoscat
907 1461 1194 1518 industria
1211 1461 1467 1518 omnium
1486 1459 1742 1516 ﬁdelium
1762 1459 1898 1530 quia
1918 1457 2151 1514 Patarih

507 1555 741 1627 quidam
783 1553 1000 1608 nobilis
1035 1551 1278 1608 tradidit
1306 1552 1375 1607 ad
1405 1551 1456 1605 S.
1501 1551 1980 1605 Emmerammum
2006 1561 2151 1603 areae

507 1645 684 1701 unius
708 1643 766 1699 in
794 1643 1101 1699 latitudine
1125 1641 1368 1712 perticas
1395 1654 1460 1711 li,
1482 1643 1536 1696 et
1560 1641 1619 1695 in
1645 1639 2009 1711 longitudine
2036 1651 2154 1709 per-

507 1734 651 1790 tiCas
693 1747 729 1787 ι
770 1733 830 1788 in
873 1732 996 1788 loco
1032 1731 1285 1803 Mezinga
1325 1733 1672 1800 nuncupato.
1709 1729 1752 1783 E
1782 1733 1980 1784 contra
2022 1741 2152 1783 vero

507 1837 629 1879 ven.
672 1837 758 1893 ep.
805 1821 1113 1876 Ambricho
1143 1825 1199 1875 et
1233 1820 1542 1874 advocatus
1579 1819 1704 1887 ejus
1745 1817 1851 1873 Oto
1891 1816 2155 1872 tradide—

509 1917 645 1969 runt
669 1918 834 1968 terrm
863 1910 1103 1966 arabilis
1131 1910 1190 1964 in
1218 1908 1526 1964 latitudine
1557 1909 1803 1977 perticas
1837 1921 1900 1978 ιι,
1931 1906 1991 1961 in
2022 1905 2156 1962 Ion-—

508 2002 774 2076 gitudine
803 2015 880 2055 xx
914 2000 973 2055 in
1003 1999 1199 2055 eodem
1231 1997 1374 2054 loco.
1407 1999 1476 2053 Et
1501 1997 1602 2052 isti
1635 2000 1772 2052 sunt
1811 2000 2018 2052 testes:
2043 1997 2158 2050 Er—

508 2090 844 2160 chanperht,
899 2087 1176 2158 Waltrih,
1235 2086 1488 2156 Patarih,
1538 2085 1793 2156 Gammo,
1848 2083 2153 2154 Perehtolt,

503 2178 764 2252 Sigifrid,
807 2177 984 2246 Hitto,
1027 2176 1154 2247 Oto,
1195 2174 1459 2247 Adamar,
1508 2176 1685 2247 Hitto,
1730 2174 1934 2244 Chazo,
1989 2173 2161 2229 Lint-

507 2268 644 2339 frid,
677 2273 782 2324 etc.

504 2377 630 2432 CAP.
673 2377 795 2431 XII.
830 2404 904 2414 —
953 2372 1200 2427 Traditio
1247 2372 1531 2433 Rodharii,
1573 2376 1623 2425 et
1669 2373 1833 2440 quasi
1869 2369 2158 2438 cujusdam

577 2446 973 2516 complacitatio
1021 2444 1293 2499 Stomachi
1343 2446 1487 2498 inter
1523 2443 1938 2496 Ambn’chonem
1976 2458 2058 2510 cp.
2106 2445 2158 2495 et

579 2519 935 2574 Rodharium.

575 2620 1477 2696 CognoscatomnisEcclesizeDei
1491 2619 2010 2677 beatissimusordo
2024 2633 2157 2690 qua-

508 2716 642 2771 liter
662 2712 895 2784 quidam
917 2710 1152 2781 nobilis,
1181 2711 1408 2765 nomine
1427 2709 1698 2778 Rodheri,
1719 2710 1788 2765 de
1807 2712 2017 2764 aeterna
2037 2709 2151 2764 sibi

507 2803 864 2875 prospiciens
909 2799 1364 2856 remuneratione
1414 2799 1800 2869 praesentique
1847 2798 2154 2854 consulens

507 2892 832 2950 necessitati
877 2889 1118 2946 tradidit
1141 2890 1210 2945 ad
1244 2889 1297 2944 S.
1335 2892 1637 2958 martyrem
1677 2889 2150 2944 Emmerammum

505 2981 790 3054 quidquid
820 2979 876 3035 in
903 2979 1042 3035 villa
1065 2978 1398 3049 Samutinga
1430 2982 1758 3046 nuncupata
1784 2977 2154 3047 proprietatis

502 3073 663 3127 visus
691 3075 778 3126 est
803 3069 1009 3124 habere
1039 3067 1099 3123 in
1136 3066 1445 3136 mancipiis
1485 3079 1729 3136 quorum
1757 3066 1991 3122 nomina
2016 3071 2154 3122 sunt

503 3162 622 3217 haec
653 3178 665 3214 :
695 3159 847 3229 Tiso,
888 3157 1160 3227 Albuvar,
1200 3153 1428 3227 Sigifrit
1461 3159 1518 3210 et
1548 3154 1655 3210 ﬁlii
1688 3156 1834 3224 ejus,
1875 3155 1936 3210 in
1961 3154 2153 3210 azdiﬁ-

499 3252 628 3312 ciis,
665 3255 722 3304 et
748 3247 921 3303 terris
954 3245 1130 3302 cultis
1155 3249 1209 3300 et
1241 3243 1501 3313 incultis,
1543 3257 1711 3315 aqua,
1753 3244 1919 3316 silva,
1955 3244 2070 3298 viis
2097 3246 2153 3298 et

495 3339 694 3408 inviis,
717 3336 968 3407 exceptis
988 3333 1177 3390 tribus
1206 3332 1562 3390 solummodo
1588 3332 1895 3403 mancipiis
1927 3344 2153 3402 unoque

493 3429 599 3486 vili
625 3440 850 3484 nemore
873 3424 1108 3481 aliunde
1129 3422 1478 3493 conquisito,
1502 3435 1630 3477 ven.
1652 3437 1738 3492 ep.
1768 3421 2152 3477 Ambrichone

496 3519 642 3574 hanc
666 3516 1032 3573 traditionem
1063 3513 1438 3582 suscipiente,
1477 3512 1756 3568 advocato
1783 3512 1910 3580 ejus
1943 3509 2152 3566 Gund-

494 3608 676 3678 berto,
717 3619 781 3661 ea
820 3604 1045 3660 scilicet
1083 3603 1339 3657 ratione:
1372 3603 1437 3656 ut
1461 3615 1492 3654 e
1527 3607 1726 3656 contra
1771 3605 1888 3655 tres
1924 3613 2151 3656 mansos

495 3695 566 3750 de
595 3693 766 3749 rebus
787 3689 1104 3760 supradicti
1133 3687 1313 3742 sancti
1339 3700 1468 3741 cum
1495 3685 1823 3742 redditibus
1843 3687 2145 3757 acciperet,

497 3787 554 3838 et
599 3795 695 3850 per
742 3778 1007 3850 singulos
1053 3790 1254 3846 annos,
1304 3776 1484 3830 donec
1529 3775 1588 3828 in
1640 3776 1744 3830 hac
1787 3773 1982 3846 fragili
2031 3777 2149 3832 vita

498 3870 733 3934 viveret,
793 3865 1196 3920 vestimentum
1249 3863 1518 3920 deorsum
1563 3867 1779 3918 textum
1821 3878 1838 3918 ι
1879 3869 1936 3919 et
1977 3878 2144 3937 cam.,

496 3957 725 4014 cubitos
749 3968 845 4009 xvr
871 3953 1084 4008 habens
1109 3952 1166 4007 in
1195 3951 1580 4023 longitudine,
1614 3953 1886 4009 camisam
1919 3967 2148 4026 quoque

498 4051 554 4103 et
580 4049 796 4101 coitum
826 4041 1102 4098 similiter
1132 4056 1171 4113 ι,
1200 4041 1270 4097 de
1299 4041 1434 4097 vino
1462 4043 1649 4098 carad.
1688 4056 1726 4113 1,
1762 4043 1817 4098 id
1849 4048 1955 4113 est,
1988 4044 2149 4099 situ-

497 4136 583 4192 las
604 4148 744 4206 xxx,
773 4132 974 4188 farinae
998 4131 1145 4187 mod.
1175 4145 1232 4202 x,
1261 4131 1497 4201 pracial.
1525 4146 1587 4187 ιι.
1611 4133 1898 4205 Frisking.
1925 4147 1980 4188 ιν
2000 4133 2146 4190 duas

2261 459 2642 519 Kalendarum
2669 466 3019 525 Martialium
3044 469 3104 525 in
3127 470 3250 528 loco
3271 475 3366 544 qui
3387 483 3598 536 vocatur
3613 484 3811 546 Menzin~

2263 549 2394 619 pah,
2457 554 2836 646 praesentibus
2892 564 3080 615 autem
3143 565 3431 621 monachis
3482 573 3812 646 canonicisque

2263 651 2434 735 quam
2500 641 2790 735 plurimis,
2853 645 2908 702 id
2963 653 3050 704 est
3085 666 3097 702 :
3137 650 3373 709 Bodolto
3431 659 3596 713 sancti
3650 641 3814 735 marty-

2263 726 2346 781 ris
2393 730 2791 788 Emmerammi
2854 737 3270 796 coenobitarum
3338 747 3634 819 praeposito,
3685 726 3814 810 Deoi-

2262 821 2420 886 perto
2468 823 2703 879 custode
2746 838 3039 882 sacrorum
3083 834 3139 885 et
3192 833 3475 903 monacho,
3521 837 3702 894 Tutone
3736 857 3815 897 mo-

2260 907 2450 964 nacho
2475 913 2539 966 et
2579 912 2842 985 diacono,
2870 916 3210 988 tErimperto
3255 923 3565 994 presbytero
3602 932 3650 983 et
3685 944 3815 987 cano-

2263 997 2524 1055 nicorum
2570 1005 2895 1076 praeposito,
2939 1007 3229 1079 Reginone
3268 1012 3519 1084 diacono,
3558 1017 3814 1075 Erminoldo

2262 1088 2608 1179 presbytero,
2656 1093 2964 1152 Perideone
3013 1099 3284 1170 presbyt.,
3321 1102 3512 1158 Enolto
3544 1105 3814 1179 presbytero,

2259 1174 2538 1250 Wihgozo
2580 1181 2753 1252 diac.,
2798 1185 3146 1245 Wolfhelmo
3188 1190 3361 1262 diac.,
3395 1174 3816 1252 Mahthariovsub—v

2258 1265 2521 1340 diacono,
2555 1271 2826 1341 Harperto
2857 1275 3140 1348 subdiac.,
3173 1280 3471 1337 Deotmunt
3499 1283 3665 1350 subd.,
3694 1286 3818 1342 Wol-

2259 1356 2400 1414 folto
2427 1359 2614 1431 diac.,
2643 1363 2850 1420 Attone
2885 1366 3076 1439 subd.,
3109 1369 3391 1427 Wolfrato
3421 1371 3738 1432 subdiacono.

2258 1481 2384 1538 CAP.
2411 1485 2556 1541 XIII.
2578 1515 2652 1528 -—
2689 1489 3048 1569 Commutatio
3079 1496 3225 1550 inter
3266 1495 3652 1553 Ambrichonem
3670 1504 3816 1569 episco-

2759 1578 2897 1631 pum
2930 1569 2981 1618 ct
3011 1566 3397 1622 Pernvuinum.

2331 1663 2679 1722 Cunctorum
2709 1672 3024 1740 comperiat
3055 1673 3348 1731 industria
3379 1676 3614 1735 ﬁdelium
3643 1695 3822 1752 praesen-

2263 1753 2408 1810 tium
2430 1756 2655 1813 scilicet
2674 1758 2731 1814 in
2750 1766 2945 1816 sancta
2966 1763 3221 1821 Ecclesia
3239 1771 3295 1822 et
3311 1764 3615 1825 futurorum
3637 1771 3825 1842 qualiter

2262 1846 2656 1902 concambium
2692 1863 2938 1918 praesens
2970 1859 3354 1925 perageretur.
3382 1858 3622 1915 Tradidit
3643 1875 3824 1932 namque

2267 1934 2500 2004 quidam
2532 1937 2748 1994 nobilis
2782 1940 2891 2010 vir,
2937 1943 3168 1999 nomine
3210 1946 3465 2018 Pervum,
3491 1950 3554 2004 ad
3581 1950 3626 2005 S.
3653 1951 3823 2006 Petrum

2267 2030 2641 2097 sanctumque
2681 2029 3157 2089 Emmerammum
3198 2034 3259 2090 in
3287 2036 3428 2094 locis
3459 2037 3771 2095 llittinchoba
3787 2047 3826 2095 et

2264 2113 2657 2171 Dentinchoba
2706 2121 3056 2190 nuncupatis
3099 2125 3468 2195 proprietatis
3502 2143 3609 2184 suae
3641 2141 3693 2183 ac
3723 2143 3826 2184 con-

2261 2202 2421 2274 jugis
2451 2219 2568 2260 sua:
2595 2204 2747 2262 inter
2774 2212 2983 2265 terram
3012 2211 3316 2285 arabilem,
3344 2220 3397 2271 et
3423 2222 3570 2286 prata
3591 2222 3732 2288 atque
3747 2217 3828 2272 sil-

2267 2304 2389 2346 vam
2415 2293 2618 2366 jugera
2647 2308 2803 2352 cxcrv
2839 2298 2897 2353 in
2932 2313 3167 2358 manum
3196 2304 3463 2362 videlicet
3499 2306 3827 2363 Ambrichonis

2265 2393 2389 2435 ven.
2422 2395 2509 2452 ep.
2543 2384 2784 2455 ejusque
2812 2387 3071 2445 advocati
3102 2391 3445 2451 Gundberti.
3479 2396 3519 2451 E
3545 2400 3714 2452 contra
3733 2408 3827 2452 vero

2268 2468 2538 2539 praefatus
2557 2474 2861 2546 episcopus
2887 2482 3058 2550 atque
3077 2479 3449 2540 Gundbertus
3473 2499 3590 2541 cum
3611 2497 3828 2541 consensu

2267 2562 2674 2619 monachorum
2704 2569 2761 2621 et
2793 2569 3206 2627 canonicorum
3250 2574 3596 2631 tradiderunt
3619 2575 3678 2630 de
3705 2572 3829 2629 rebus

2266 2650 2670 2718 praedictorum
2721 2663 3052 2714 sanctorum
3097 2662 3287 2718 eidem
3335 2664 3612 2719 Pernwino
3647 2671 3692 2720 et
3725 2676 3829 2718 con-

2259 2737 2385 2809 jugi
2436 2754 2554 2796 sua:
2595 2743 2665 2798 ad
2719 2745 3017 2819 Puningon
3076 2762 3271 2807 casam
3325 2766 3451 2809 cum
3498 2759 3658 2822 curte,
3692 2752 3830 2808 eccle-

2264 2826 2407 2882 siam
2431 2843 2659 2900 quoque
2679 2846 2808 2888 cum
2831 2835 3100 2892 omnibus
3119 2841 3482 2910 appendiciis
3501 2842 3628 2912 suis,
3649 2846 3696 2897 et
3712 2846 3830 2896 terra

2263 2914 2522 3014 arabilis,
2551 2934 2630 3014 ac
2676 2926 2965 2990 pratorum
3010 2931 3184 2996 atque
3227 2928 3383 2986 silvae
3411 2931 3596 3002 jugera
3629 2943 3830 2985 CLxxqu

2183 3028 2232 3090 ί]
2266 3006 2325 3058 in
2371 3006 2667 3075 Proprium
2715 3013 3125 3080 perpetualiter
3179 3016 3516 3074 habendum.
3561 3021 3620 3074 Et
3661 3025 3712 3074 ut
3748 3018 3830 3072 hac

2263 3097 2633 3152 commutatio
2667 3099 2885 3156 ﬁrmior
2916 3102 3196 3161 habeatur
3239 3107 3455 3177 placuit
3484 3109 3615 3164 duas
3640 3106 3831 3163 cartulas

2265 3184 2390 3253 pari
2436 3189 2630 3242 tenore
2667 3191 3024 3261 conscriptas
3061 3199 3118 3249 et
3149 3197 3398 3254 auribus
3437 3203 3594 3254 testes
3633 3197 3826 3253 trahere.

2261 3271 2330 3325 lli
2377 3277 2512 3329 sunt
2553 3275 2964 3350 Erchanperht,
3008 3280 3344 3356 Ambricho,
3389 3285 3629 3358 Sigifrid,
3672 3282 3829 3351 Ratolt,

2259 3360 2735 3508 Stalatcho,
2770 3368 3070 3444 Eparhart,
3102 3379 3216 3429 etc.
3249 3376 3496 3432 Vestitor
3518 3381 3569 3432 et
3597 3373 3830 3431 revestitor

2373 3467 2422 3506 I‘I
2528 3468 2583 3508 ιιι
2621 3496 2632 3508 .

2373 3467 2464 3506 I‘ln
2501 3467 2632 3508 ιιιιι.

2257 3575 2382 3632 CAP.
2417 3578 2560 3636 XIV.
2593 3610 2668 3621 —-
2695 3581 3047 3641 Commutatio
3082 3590 3231 3661 inter
3263 3592 3648 3648 Ambrichoncm
3673 3593 3830 3661 episco-

2826 3673 2962 3726 pum
3004 3664 3056 3713 et
3095 3659 3339 3718 Otonem.

2327 3754 2434 3811 Oto
2459 3758 2693 3827 quidam
2723 3761 2938 3820 nobilis
2967 3767 3215 3825 tradidit
3241 3771 3309 3826 ad
3342 3771 3396 3826 S.
3433 3773 3828 3827 Emmerammum

2259 3844 2425 3900 talem
2467 3848 2870 3918 pr0prietatem
2919 3856 3142 3924 qualern
3185 3857 3395 3916 habuit
3421 3861 3486 3916 ad
3512 3856 3770 3928 Swindpah
3788 3855 3828 3908 in

2258 3947 2487 3990 manum
2531 3935 2938 3998 Ambrichonis
2974 3959 3095 4000 ven.
3131 3961 3224 4018 ep.
3259 3956 3316 4005 et
3348 3951 3594 4006 advocati
3626 3950 3729 4018 ejus
3750 3946 3831 3999 Βε-

2257 4025 2498 4098 ginhohi
2537 4035 2736 4086 contra
2769 4034 2986 4091 solidos
3018 4049 3104 4090 Lv.
3145 4037 3218 4093 Et
3246 4039 3344 4095 isti
3378 4044 3508 4095 sunt
3537 4042 3718 4094 testes:
3744 4035 3830 4088 En-

2257 4120 2556 4192 gilscalch,
2582 4123 2990 4196 Westargowo,
3019 4127 3325 4198 Gerperht,
3351 4128 3516 4201 cho,
3541 4125 3827 4190 Cundachar,

499 4219 865 4299 [vervecinas]
896 4220 1248 4291 berbecinas,
1277 4221 1423 4276 duas
1447 4227 1636 4277 autem
1663 4221 1917 4292 reliquas
1949 4223 2146 4292 porci-

2259 4210 2519 4299 Nﬁidhart,
2565 4211 2833 4283 Ilihpold,
2886 4215 3235 4289 Eparachar,
3273 4217 3405 4283 Azo,
3445 4218 3592 4286 Pero,
3629 4212 3826 4271 Perideo.

497 4298 619 4385 nas,
643 4312 904 4385 singulas
919 4309 1170 4381 singulis
1184 4310 1533 4380 appretiatas
1550 4311 1927 4381 tremissis,et
1948 4312 2143 4366 uthaec
2172 4375 2219 4385 Ἀ
2252 4298 2631 4371 (ἷῒιυηίβθτῒιῐτ
2697 4300 2938 4371 Πθιῖνίὴτ
3008 4307 3426 4378 ΕΓθὴδΠΡθΓὴῑγ
3479 4306 3679 4375 Albl‘iha
3726 4301 3832 4357 Am‘

493 4375 686 4468 omnia
720 4375 933 4474 pariter
968 4375 1098 4455 cum
1131 4375 1237 4454 illa
1263 4375 1478 4454 tradita
1512 4375 1853 4456 haereditate
1873 4415 1979 4458 suo
2005 4404 2138 4461 usui
2172 4375 2226 4437 D
2256 4389 2481 4462 Ῑπίοὴο)
2517 4390 2776 4463 Βδοηοην
2816 4391 3164 4465 Ψίυίῦθιῐην
3206 4375 3431 4463 limo”;
3461 4398 3666 4465 δῑτυροι
3693 4388 3831 4446 Mal"

492 4493 800 4555 servientia
826 4503 1044 4561 suoque
1065 4489 1186 4558 juri
1213 4488 1494 4556 cedentia,
1525 4487 1662 4545 dum
1690 4490 1921 4558 viveret,
1955 4493 2144 4549 ﬁrmi—
2254 4479 2436 4550 Perht.
3521 4532 3525 4535 _

415 4621 420 4624 ι
491 4592 578 4642 ter
611 4583 895 4640 obtineret
934 4577 1378 4648 complacitavit.
1421 4578 1490 4631 Et
1533 4577 1583 4633 si
1618 4578 1703 4634 vel
1743 4579 2140 4651 episcoporum
2249 4587 2377 4642 CAP.
2412 4587 2531 4642 XV.
2561 4617 2634 4628 —
2663 4587 3019 4644 Commutatio
3058 4593 3202 4646 inter
3236 4593 3634 4648 Ambrichonem
3667 4589 3827 4659 episco-

497 4671 806 4743 quispiam,
830 4668 915 4722 vel
937 4667 1108 4722 etiam
1131 4678 1323 4720 eorum
1350 4663 1726 4723 familiarium
1752 4668 1954 4725 horum
1980 4672 2143 4742 quip—
2746 4675 2883 4730 pum
2923 4667 2974 4716 et
3005 4664 3401 4734 Hardpertum.

493 4760 645 4830 piam
669 4756 1005 4818 subtrahere
1025 4758 1126 4809 aut
1147 4752 1462 4827 infringere
1481 4762 1718 4812 conetur
1739 4762 1794 4813 et
1815 4758 2136 4828 perfecerit,
2326 4766 2634 4823 Multorum
2675 4769 2990 4839 comperiat
3033 4770 3324 4828 industria
3365 4772 3605 4829 ﬁdelium
3635 4765 3826 4839 qualiter

495 4847 595 4902 ille
634 4845 964 4901 nominatus
1009 4842 1258 4898 Rodheri
1305 4858 1423 4901 suae
1471 4847 1843 4917 proprietatis
1896 4849 2135 4908 liberam
2255 4855 2659 4926 subsequentis
2679 4857 3104 4927 complacitatio
3140 4861 3477 4917 traditionis
3509 4858 3822 4931 perﬁceretur.

2252 4945 2514 5002 Tradidit
2536 4960 2779 5018 namque
2799 4948 3032 5018 quidam
3055 4963 3226 5006 manu
3247 4951 3459 5007 missus
3476 4949 3628 5018 liber,
3649 4941 3825 5001 nomine

2251 5034 2604 5107 Hartbertus,
2625 5036 2893 5093 videlicet
2909 5037 3300 5097 subdiaconus
3317 5041 3691 5111 proprietatem
3705 5039 3823 5086 suam

496 4936 727 4991 haberet
779 4935 1111 5005 potestatem
1177 4937 1394 4990 vertere
1453 4950 1566 5007 quo
1626 4936 1886 4994 libuerit.
1937 4941 2040 4995 Sed
2087 4949 2144 4999 et

490 5024 728 5079 testium
765 5036 992 5093 quoque
1029 5022 1236 5078 Norico
1281 5037 1434 5079 more
1485 5038 1583 5095 per
1624 5039 1792 5083 aures
1828 5032 2141 5087 tractorum

493 5110 932 5200 nominacerni
967 5110 1101 5165 licet
1151 5111 1211 5200 in
1254 5113 1518 5200 praesenti
1557 5114 1900 5187 :Hadamar,
1936 5120 2137 5193 Wago,
2249 5124 2318 5179 ad
2366 5124 2419 5180 S.
2467 5126 2697 5181 Petrum
2749 5132 3125 5199 sanctumque
3161 5130 3264 5185 Dei
3318 5110 3608 5200 martyrem
3647 5125 3825 5180 Emme-

490 5201 686 5265 Unlaz»
723 5198 860 5266 ΑΧον
901 5198 1128 5269 δίνυρον
1166 5198 1496 5270 AmbPiChO,
1541 5203 1722 5274 Rupo,
1765 5206 2137 5280 Durinchart,
2250 5227 2529 5269 rammum
2563 5229 2732 5286 quam
2765 5214 2970 5272 habere
2996 5198 3156 5274 visus
3181 5223 3270 5274 est
3290 5220 3358 5275 ad
3392 5198 3721 5283 Folinchova,
3746 5214 3826 5265 ter-

488 5290 786 5360 Eparhart,
829 5286 1047 5357 llpunc,
1089 5288 1290 5378 Wetti,
1328 5290 1554 5362 Strupo,
1596 5293 1844 5366 Rihhad,
1887 5296 2132 5373 Herirat,
2248 5303 2348 5372 ris,
2380 5303 2580 5373 pratis,
2617 5306 2867 5376 pascuis,
2894 5307 3008 5362 viis
3033 5313 3087 5363 et
3111 5309 3309 5378 inviis,
3332 5314 3388 5364 et
3407 5309 3472 5364 ad
3501 5305 3754 5377 Rogkinga
3773 5297 3824 5352 de

488 5379 763 5448 Rodhart,
798 5379 1091 5470 Lantpero.
1127 5377 1266 5470 Haec
1283 5383 1369 5434 est
1398 5381 1654 5470 secunda
1680 5383 1939 5470 traditio.
1974 5388 2041 5442 Et
2073 5389 2131 5444 hi
2244 5392 2388 5448 silva
2413 5394 2535 5464 jug.
2564 5407 2666 5464 vn,
2697 5395 2844 5449 nihil
2867 5401 3028 5452 extra
3047 5377 3368 5470 dimittens,
3395 5393 3659 5470 quidquid
3686 5391 3733 5445 in
3757 5383 3823 5440 his

490 5473 627 5526 sunt
675 5474 846 5558 testes
879 5467 1181 5558 :llerrant,
1204 5466 1775 5558 _S_trupo,dRihpold,
1832 5472 2132 5549 Karaheri,
2245 5481 2388 5536 locis
2420 5481 2640 5551 habuit,
2685 5483 2824 5553 quin
2857 5496 2924 5540 ex
2957 5485 3177 5558 integro
3209 5487 3280 5542 ad
3317 5466 3610 5557 prmdictos
3645 5481 3822 5537 sanctos

491 5557 874 5629 Epathhara
904 5555 1106 5627 Ρθίῃον
1139 5555 1422 5626 Adamn":
1455 5556 1650 5626 Uno”,
1682 5560 1989 5631 DemPerht
2242 5570 2600 5629 contraderet
2645 5572 2705 5627 in
2746 5587 2976 5631 manum
3013 5555 3282 5632 videlicet
3315 5555 3694 5631 Ambrichonis
3724 5577 3818 5622 ven.
