4068 6178
227 229 338 289 953
1163 230 1618 288 TRADITIONES
1666 231 2300 293 EMMERAMMENSES.
2343 267 2412 278 —
2452 239 2577 295 LIB.
2620 243 2684 297 II.
3544 239 3652 303 954

226 369 319 426 ep.
345 356 590 428 ejusque
615 355 878 412 advocati
904 356 1242 414 Gundberti.
1278 358 1321 414 E
1350 362 1550 414 contra
1586 370 1718 414 vero
1743 356 1888 412 idem
1916 357 1976 419 A
2006 358 2264 417 advocati
2297 361 2657 420 Wicrammi.
2702 367 2746 422 E
2795 372 2994 426 contra
3039 381 3170 426 vero
3217 369 3369 425 idem
3391 368 3647 424 Wicram

228 445 551 501 advocatus
574 446 965 502 consentiente
993 447 1227 504 domino
1246 461 1349 504 suo
1366 449 1634 518 episcopo
1651 445 1895 503 tradidit
2005 449 2244 506 tradidit
2272 451 2342 506 de
2363 451 2533 509 rebus
2566 454 2620 509 S.
2649 456 2745 510 Em
2757 458 3070 530 merammi,
3101 457 3491 514 consentiente
3536 457 3652 512 do-

231 534 474 605 praefato
502 535 801 590 Hartberto
837 535 981 591 illud
1014 536 1352 593 beneﬁcium
1382 538 1451 593 ad
1495 537 1735 608 Eigiltat
1763 548 1892 592 cum
2004 538 2161 595 mino
2204 555 2308 596 suo
2355 543 2643 616 episcopo,
2674 545 2947 615 praedicto
3005 547 3187 603 nobili
3242 543 3534 602 Lantfrido
3577 546 3647 602 ad

226 625 508 681 omnibus
529 625 892 696 appendiciis
922 627 1068 697 suis,
1097 640 1160 682 ea
1180 627 1448 683 videlicet
1464 627 1686 682 ratione
1707 644 1720 680 :
1745 639 1895 697 qua—

227 720 404 772 tenus
434 715 580 771 idem
608 715 945 771 Hartbertus
975 721 1031 772 et
1061 731 1213 773 unus
1245 717 1632 787 proximorum
1655 730 1890 772 suorum

230 811 365 874 post
384 805 574 874 ipsum
593 819 778 876 usque
795 807 862 863 ad
894 805 1117 862 obitum
1140 820 1308 862 suum
1337 806 1578 861 ﬁrmiter
1603 805 1894 876 possideat

231 893 382 949 illud
416 893 754 950 beneﬁcium
789 896 850 952 in
879 897 1194 968 proprium,
1246 910 1310 951 ac
1334 901 1526 965 postea
1574 895 1642 950 ad
1678 909 1890 966 supra-

228 983 486 1053 scriptos
529 989 757 1041 sanctos
796 987 1094 1056 pertineat.
1134 988 1202 1040 Et
1233 985 1330 1041 isti
1367 990 1504 1041 sunt
1534 989 1739 1042 testes:
1774 986 1894 1041 Ha-

226 1071 454 1143 damar,
490 1073 735 1143 Plidker,
786 1076 1122 1147 Reginpold,
1172 1075 1399 1141 Albrih,
1448 1074 1688 1143 Reccho,
1741 1077 1892 1131 Mot—

231 1166 421 1231 munt,
448 1164 765 1234 Isanperht,
801 1165 1108 1232 Perehtolt,
1132 1169 1188 1220 et
1212 1165 1401 1220 caeteri
1428 1179 1596 1235 quam
1625 1165 1884 1234 plurimi.

229 1249 439 1306 Actum
458 1255 544 1308 est
559 1253 628 1308 ad
651 1254 1037 1325 Weltinpurc,
1056 1255 1551 1311 consentientibus
1569 1254 1884 1325 canonicis,

229 1340 534 1410 Ermperto
588 1343 903 1415 prebytero,
953 1345 1280 1400 Germundo
1332 1343 1543 1414 presb.,
1599 1343 1888 1415 Reginone

231 1428 500 1501 diacono,
530 1432 784 1488 Rodoldo
828 1433 1154 1504 presbytero
1181 1437 1236 1489 et
1261 1433 1559 1497 monacho,
1587 1433 1887 1502 Deotperto

233 1518 567 1590 presbytero
591 1527 649 1577 et
669 1522 964 1594 monacho,
996 1523 1214 1580 Tutone
1235 1523 1478 1580 diacono
1506 1526 1562 1578 et
1588 1521 1883 1591 monacho,

231 1613 291 1664 et
319 1610 545 1666 cmteris
573 1611 861 1668 omnibus.

231 1717 363 1772 CAP.
398 1717 542 1774 XVI.
573 1747 647 1758 —
697 1721 1049 1776 Commutatio
1086 1722 1231 1775 inter
1270 1719 1644 1788 Hiltigardam
1695 1722 1746 1773 et
1784 1719 1890 1774 Ri—

739 1810 979 1872 cholfum
990 1811 1386 1882 presbyterum.

305 1933 519 1990 Notum
541 1933 619 1988 sit
640 1933 909 1990 omnibus
935 1934 1204 1990 ﬁdelibus
1225 1935 1364 2006 quia
1383 1934 1705 2007 Witagowo
1725 1934 1890 1990 advo-

235 2025 399 2078 catus
449 2022 782 2096 Hiltigarda:
840 2023 1083 2079 tradidit
1138 2037 1326 2079 aream
1385 2037 1556 2080 unam
1615 2021 1888 2079 Rihholfo

238 2111 425 2181 presb.
456 2111 526 2168 de
557 2112 726 2168 rebus
763 2112 980 2169 Sancta:
1009 2112 1201 2168 Maria;
1228 2112 1524 2169 inferioris
1553 2111 1886 2169 monasterii

240 2202 299 2256 in
327 2201 454 2258 loco
479 2202 579 2273 qui
623 2202 846 2259 dicitur
884 2203 998 2258 Pah
1030 2203 1420 2259 consentiente
1450 2204 1682 2259 domina
1705 2201 1890 2258 Hilti-

238 2291 432 2361 garda.
456 2292 498 2346 E
527 2295 724 2347 contra
753 2305 885 2347 vero
924 2291 1074 2347 idem
1106 2291 1348 2348 Rihholf
1374 2291 1620 2363 presbyt.
1649 2293 1889 2362 ejusque

237 2381 547 2437 advocatus
564 2381 906 2452 Sindpertus
921 2395 1050 2438 cum
1077 2381 1311 2438 licentia
1329 2381 1736 2438 Ambrichonis
1759 2393 1882 2436 ven.

242 2483 329 2540 ep.
355 2470 722 2527 tradiderunt
749 2471 1135 2543 Witagowoni
1164 2475 1327 2527 terra:
1343 2471 1584 2527 arabilis
1603 2472 1747 2527 duas
1769 2483 1892 2540 par-

243 2563 328 2614 tes
346 2560 404 2614 in
423 2561 616 2615 eodem
635 2560 777 2616 loco.
810 2561 878 2616 Et
905 2561 1003 2616 isti
1027 2564 1162 2616 sunt
1179 2563 1381 2616 testes:
1406 2559 1596 2632 Adolf,
1621 2559 1886 2622 Penhart,

242 2647 484 2716 Helfrih,
509 2649 808 2721 Cundfrid,
834 2649 1073 2720 Ardwit,
1107 2649 1435 2720 Sindperht,
1469 2649 1715 2719 Hunrih,
1747 2647 1892 2704 Gei-

246 2736 368 2804 lolf,
400 2737 731 2809 Willipato,
762 2738 1096 2810 Hiltiperht,
1117 2737 1416 2810 Ekkihart,
1441 2743 1546 2796 etc.

242 2863 369 2920 CAP.
399 2864 570 2920 XVII.
605 2893 679 2905 —
720 2863 1075 2918 Commutatio
1112 2867 1256 2919 inter
1295 2865 1712 2919 Ambrichonem
1764 2866 1891 2934 epi—

671 2968 892 3023 scopum
927 2957 978 3007 et
995 2953 1456 3022 Engilscalchum.

310 3061 542 3118 Noverit
561 3061 819 3118 omnium
841 3061 1076 3117 solertia
1098 3062 1353 3119 ﬁdelium
1375 3062 1512 3134 quia
1529 3060 1746 3118 nobilis
1765 3061 1892 3132 qui-

242 3153 393 3222 dam,
426 3151 653 3208 nomine
678 3151 1063 3223 Engilscalch,
1093 3151 1336 3208 tradidit
1351 3152 1419 3207 ad
1441 3152 1495 3206 S.
1520 3151 1748 3206 Petrum
1766 3165 1891 3206 san-

244 3248 514 3312 ctumque
536 3241 636 3296 Dei
661 3244 964 3311 martyrem
1002 3241 1478 3296 Emmerammum
1519 3253 1706 3296 casam
1758 3254 1887 3296 cum

243 3337 424 3401 curte,
443 3334 674 3386 etterra:
691 3329 932 3387 arabilis
951 3335 1122 3401 atque
1142 3335 1431 3401 pratorum
1447 3331 1647 3402 jugera
1666 3343 1886 3384 Lxxxm

245 3421 306 3477 in
328 3421 454 3476 loco
493 3421 776 3492 Purringa
795 3425 1123 3492 nuncupato
1147 3421 1207 3476 in
1229 3433 1458 3475 manum
1481 3419 1891 3475 videlicetAm-

243 3509 544 3566 brichonis
584 3523 709 3565 ven.
752 3523 838 3579 ep.
894 3514 949 3564 et
999 3510 1255 3565 advocati
1301 3510 1426 3578 ejus
1470 3508 1813 3580 Reginhohi.
1847 3509 1889 3562 E

243 3603 441 3654 contra
482 3612 612 3654 vero
651 3597 960 3655 Ambricho
997 3599 1302 3668 episcopus
1345 3601 1401 3653 et
1426 3598 1732 3652 advocatus
1764 3597 1890 3666 ejus

242 3689 500 3744 Wicram
530 3688 894 3744 tradiderunt
921 3690 991 3744 de
1026 3687 1198 3744 rebus
1229 3688 1626 3758 praedictorum
1658 3692 1890 3742 sancto—

245 3793 370 3836 rum
392 3779 578 3834 eidem
601 3776 781 3833 nobili
801 3777 869 3832 ad
902 3777 1317 3834 Talachirchon
1340 3777 1635 3832 ecclesiam
1654 3782 1708 3832 et
1725 3780 1888 3833 terrm

241 3867 486 3926 arabilis
511 3869 711 3939 jugera
750 3879 887 3920 xxx.
919 3867 988 3920 Et
1029 3865 1126 3921 isti
1158 3871 1292 3922 sunt
1323 3869 1523 3921 testes:
1553 3865 1890 3937 Engilperht

242 3971 451 4026 comes,
479 3955 892 4025 Erchanperht,
938 3953 1214 4024 llelmrih,
1262 3953 1580 4025 Reginhoh,
1615 3953 1886 4025 Rihpold,

246 4047 660 4117 Westargowo,
683 4041 925 4113 Helfrih,
959 4041 1216 4114 Racholf,
1240 4043 1416 4114 Hitto,
1439 4042 1724 4114 Egilpold,
1748 4043 1890 4100 Rod-

243 4139 426 4203 munt,
457 4133 648 4204 Mezzi,
681 4133 910 4203 Strupo,
937 4135 1043 4186 etc.

238 4261 368 4316 CAP.
394 4260 586 4316 XVIII.
619 4287 693 4298 -—
718 4257 1072 4314 Commutatio
1122 4257 1266 4310 inter
1302 4255 1720 4311 Ambrichonem
1767 4257 1892 4325 epi—

707 4362 926 4416 scopum
945 4350 995 4401 et
1013 4346 1425 4415 Hiltiperonem.

311 4441 526 4496 Notum
547 4439 628 4495 sit
645 4437 784 4508 quia
805 4436 1037 4507 quidam
1064 4435 1300 4502 nobilis,
1332 4434 1564 4491 nomine
1583 4435 1886 4507 Hiltipero,

241 4528 491 4587 tradidit
520 4527 589 4583 ad
611 4527 666 4583 S.
714 4528 1189 4582 Emmerammum
1242 4538 1441 4596 agrum
1474 4538 1490 4578 ι
1524 4525 1592 4580 ad
1626 4525 1892 4581 Rodran-

240 4619 531 4675 tinchova.
559 4618 602 4672 E
643 4620 841 4672 contra
892 4607 1022 4670 vero
1070 4614 1382 4669 advocatus
1427 4612 1713 4671 Helfricus
1757 4629 1888 4671 cum

237 4722 524 4765 consensu
548 4704 772 4762 domini
798 4704 890 4760 sui
933 4717 1020 4773 ep.
1055 4702 1460 4759 Ambrichonis
1482 4703 1726 4760 tradidit
1757 4719 1893 4774 pra:-

236 4797 398 4854 dicto
429 4795 610 4851 nobili
645 4794 704 4849 in
735 4793 929 4848 eodem
952 4791 1075 4848 loco
1105 4805 1305 4863 agrum
1335 4805 1349 4846 l
1385 4791 1444 4846 in
1476 4792 1772 4862 proprium
1796 4793 1893 4848 ha-

237 4886 511 4942 bendum.
539 4885 608 4940 Et
629 4883 726 4939 isti
750 4886 885 4938 sunt
926 4886 1129 4938 testes:
1161 4881 1456 4953 Waltunc,
1485 4881 1624 4954 Avo,
1657 4883 1886 4954 Strupo,

234 4973 446 5045 Wetti,
481 4973 612 5028 item
641 4973 870 5041 Strupo,
901 4970 1229 5041 Lantperht.

231 5083 364 5139 CAP.
401 5081 555 5136 XIX.
575 5109 651 5120 —
669 5079 1023 5135 Commutatio
1052 5079 1197 5134 inter
1229 5077 1645 5136 Ambm'chonem
1679 5083 1890 5152 episco-

732 5184 870 5238 pum
907 5172 958 5222 et
998 5168 1374 5236 Lantfridum.

303 5281 518 5334 Notum
545 5276 626 5331 sit
657 5274 926 5331 omnibus
954 5279 1163 5330 sanctae
1191 5276 1290 5330 Dei
1324 5275 1589 5332 Ecclesia:
1621 5277 1889 5335 ﬁdelibus

229 5369 376 5440 quia
410 5365 630 5422 nobilis
668 5364 924 5435 quidam,
959 5364 1189 5420 nomine
1237 5363 1515 5434 Lantfrid,
1550 5365 1792 5423 tradidit
1818 5370 1886 5424 ad

231 5458 501 5511 sanctum
542 5454 1018 5507 Emmerammum
1046 5451 1330 5523 quidquid
1363 5452 1566 5508 habuit
1589 5455 1657 5510 ad
1697 5456 1892 5526 Capu-

231 5545 392 5601 risso
425 5543 485 5599 in
529 5554 759 5598 manum
791 5539 1062 5596 videlicet
1092 5539 1501 5597 Ambrichonis
1525 5555 1610 5612 ep.
1652 5544 1891 5616 ejusque

1917 3024 1966 3086 C

2001 626 2395 701 Sunichingon
2440 631 2591 688 inter
2619 638 2825 690 terram
2870 633 3144 691 arabilem
3175 639 3231 690 et
3257 641 3416 704 prata
3449 635 3651 705 jugera

2004 720 2474 788 xxxxv;etsilvze
2509 723 2709 795 jugera
2740 738 2815 779 v1.
2850 725 2918 781 Et
2965 725 3063 780 isti
3115 728 3250 780 sunt
3270 728 3478 779 testes:
3507 722 3647 794 Ogo,

2001 807 2412 880 Erchanperht,
2441 810 2682 881 I—lelt‘rih,
2728 813 3052 885 Engilpold,
3095 812 3304 883 Folrat,
3350 810 3647 881 Derpheri,

2001 896 2230 967 Strupo,
2253 899 2581 972 Sindperht,
2609 900 2941 975 Adalperht,
2980 903 3282 973 Hadamar,
3322 901 3480 971 Tato,
3502 899 3662 960 Ger—.

2003 985 2137 1056 hoh,
2171 987 2346 1057 llitto,
2380 993 2485 1043 etc.

1999 1107 2126 1164 CAP.
2156 1110 2283 1166 XX.
2309 1141 2383 1152 —
2411 1111 2762 1168 Commutatio
2806 1115 2949 1168 inter
2988 1113 3407 1168 Ambrichonem
3433 1112 3651 1182 episco—

2563 1220 2699 1273 pum
2739 1209 2786 1258 et
2821 1204 3073 1258 Atonem.

2068 1309 2320 1364 Patescat
2344 1310 2526 1381 igitur
2545 1312 2814 1369 omnibus
2837 1312 3103 1368 ﬁdelibus
3133 1311 3270 1382 quia
3293 1309 3508 1367 nobilis
3525 1309 3650 1380 qui-

1997 1394 2148 1466 dam,
2177 1399 2406 1455 nomine
2421 1400 2548 1471 Ato,
2573 1401 2900 1456 tradiditad
2932 1402 2986 1455 S.
3014 1401 3240 1456 Petrum
3267 1403 3646 1467 sanctumque

1996 1484 2472 1544 Emmerammum
2518 1489 2588 1544 de
2631 1494 2782 1545 terra
2833 1489 3042 1545 arabili
3087 1491 3288 1562 jugera
3313 1502 3372 1542 ιι
3429 1488 3490 1542 in
3521 1486 3645 1541 loco

1996 1573 2329 1649 Samutinga
2377 1585 2706 1650 nuncupato
2738 1580 2797 1635 in
2839 1593 3066 1636 manum
3115 1578 3382 1634 videlicet
3409 1575 3648 1630 Ambri-

1901 1694 1954 1756 Β
1999 1664 2349 1756 chonisven.
2384 1681 2472 1738 ep.
2495 1669 2733 1740 ejusque
2749 1669 3007 1726 advocati
3037 1667 3357 1724 Hadamari.
3381 1667 3424 1721 E
3448 1668 3647 1722 contra

1999 1767 2130 1810 vero
2163 1755 2307 1811 idem
2350 1757 2679 1828 advocatus,
2728 1758 2966 1828 jubente
2991 1762 3046 1813 et
3074 1756 3465 1813 consentiente
3497 1767 3649 1824 prae—

1998 1842 2154 1900 dicto
2195 1845 2482 1916 episcopo,
2535 1847 2776 1903 tradidit
2803 1849 2919 1917 jam
2949 1847 3105 1902 dicto
3146 1845 3327 1902 nobili
3376 1843 3546 1902 Atoni
3577 1843 3649 1898 de

1999 1934 2171 1990 rebus
2188 1949 2358 2006 supra
2378 1936 2802 1993 nominatorum
2834 1942 3161 1994 sanctorum
3183 1939 3251 1994 ad
3275 1937 3647 1993 Zeizinchova

2000 2027 2163 2080 terrm
2204 2024 2446 2082 arabilis
2488 2027 2610 2098 jug.
2660 2040 2696 2082 χ
2750 2027 2811 2082 in
2864 2027 3162 2098 pr0prium
3197 2028 3328 2096 jure
3376 2029 3646 2096 perpetuo

1999 2113 2422 2183 possidendum.
2453 2115 2521 2170 Et
2552 2119 2616 2171 ut
2650 2116 2768 2171 haec
2795 2116 3170 2172 commutatio
3202 2115 3422 2170 ﬁrmior
3448 2112 3646 2169 habea-

1999 2206 2096 2258 tur
2120 2202 2425 2274 veriusque
2454 2205 2739 2276 credatur,
2774 2205 2993 2276 placuit
3015 2205 3161 2260 duas
3194 2202 3488 2260 chartulas
3519 2200 3643 2272 pari

1998 2294 2193 2348 tenore
2214 2293 2460 2364 scriptas
2484 2293 2772 2365 exhibere,
2804 2299 2861 2350 et
2898 2297 3069 2350 testes
3097 2292 3370 2350 adhibere
3400 2303 3645 2363 quorum

1999 2379 2230 2436 nomina
2259 2386 2429 2438 sunt:
2469 2383 2765 2453 Pernhart,
2793 2384 3022 2453 Strupo,
3066 2380 3482 2451 Erchanperht,
3510 2377 3648 2433 Hel-

1999 2466 2137 2538 frih,
2156 2469 2487 2542 Ambricho,
2513 2470 2774 2543 Sigifrid,
2803 2472 2978 2542 Hitto,
3003 2470 3248 2542 Folcrat,
3280 2468 3485 2540 Wetti,
3511 2468 3647 2522 item

1998 2557 2227 2630 Strupo,
2262 2560 2472 2631 Ratolt,
2495 2561 2687 2631 Mezzi,
2721 2564 2827 2616 etc.

1997 2684 2124 2740 CAP.
2152 2685 2305 2742 XXI.
2339 2715 2408 2726 —-
2439 2689 2792 2744 Commutatio
2819 2688 2964 2741 inter
2999 2685 3418 2740 Ambrichonem
3437 2684 3652 2756 episco-

2597 2791 2732 2846 pum
2776 2780 2828 2830 et
2869 2777 3036 2844 Eigil.

2069 2882 2352 2940 Omnibus
2381 2888 2588 2939 sanctae
2620 2884 2721 2939 Dei
2761 2883 3027 2939 Ecclesiae
3058 2882 3328 2939 ﬁdelibus
3354 2887 3549 2939 notum
3572 2882 3651 2938 sit

1999 2971 2136 3040 quia
2157 2971 2309 3042 Eigil
2331 2972 2566 3042 quidam
2591 2971 2804 3028 nobilis
2823 2972 3070 3028 tradidit
3098 2972 3168 3027 ad
3192 2972 3243 3026 S.
3271 2975 3500 3029 Petrum
3527 2985 3652 3028 san-

1996 3065 2267 3131 ctumque
2306 3060 2406 3115 Dei
2440 3066 2741 3131 martyrem
2784 3061 3258 3116 Emmerammum
3291 3061 3460 3116 talem
3511 3075 3652 3131 pro-

1998 3151 2299 3222 prietatem
2349 3149 2573 3220 qualem
2601 3151 2670 3205 ad
2713 3149 3072 3219 Chaparussa
3127 3148 3333 3205 habuit
3360 3149 3645 3220 aediﬁciis,

1996 3239 2332 3309 territoriis,
2355 3238 2488 3309 viis,
2513 3243 2570 3294 et
2591 3239 2788 3308 inviis,
2819 3237 2969 3294 nihil
2991 3241 3154 3293 extra
3174 3237 3477 3294 dimittens
3503 3237 3648 3307 quin

1996 3343 2065 3385 ex
2097 3329 2319 3398 integro
2353 3327 2514 3396 illuc,
2549 3325 2978 3383 transfunderet
3022 3327 3081 3381 in
3124 3339 3354 3381 manum
3379 3326 3650 3382 videlicet

1996 3417 2403 3474 Ambrichonis
2430 3431 2618 3473 vener.
2651 3431 2737 3486 ep.
2795 3417 3034 3487 ejusque
3063 3415 3321 3472 advocati
3364 3415 3643 3471 Adalrici.

2000 3509 2041 3562 E
2066 3511 2264 3562 contra
2306 3519 2438 3562 vero
2467 3506 2616 3562 idem
2643 3505 2966 3570 Adalricus,
2991 3504 3383 3562 consentiente
3412 3504 3648 3560 domino

1999 3611 2104 3652 suo
2138 3611 2250 3667 ep.,
2305 3595 2548 3652 tradidit
2574 3595 2646 3651 de
2684 3595 2855 3651 rebus
2885 3594 3286 3665 praedictorum
3317 3598 3648 3649 sanctorum

1999 3687 2182 3742 eidem
2198 3686 2452 3758 Eigiloni
2473 3686 2531 3742 in
2556 3685 2748 3756 propri
2765 3699 2853 3740 um
2878 3683 3198 3741 habendum
3217 3683 3367 3754 quod
3391 3683 3648 3738 Hahicho

1999 3776 2068 3830 ad
2119 3775 2353 3832 Feterah
2381 3776 2497 3844 jam
2543 3775 2683 3831 olim
2717 3775 2776 3830 in
2808 3773 3146 3830 beneﬁcium
3178 3772 3398 3828 habuit.
3453 3774 3522 3828 Et
3549 3772 3647 3827 isti

1999 3871 2135 3922 sunt
2163 3870 2370 3922 testes:
2400 3865 2698 3933 Hadamar,
2722 3863 3020 3933 Antarpot,
3053 3861 3319 3930 Otachar,
3346 3860 3647 3930 Machelm,

2002 3954 2240 4025 Hungis,
2289 3952 2640 4023 Amalperht,
2697 3951 2966 4021 Rihpold,
3029 3949 3330 4021 Rihperht,
3406 3950 3646 4019 Ternod,

1996 4044 2226 4113 Strupo,
2251 4041 2624 4112 Reginperht,
2652 4039 2918 4112 Sigifrid,
2952 4039 3155 4110 Adalp.

1997 4150 2127 4214 CAP,
2154 4149 2334 4204 XXII.
2365 4178 2438 4188 —
2481 4148 2837 4203 Commutatio
2878 4149 3024 4202 inter
3065 4145 3484 4201 Ambrichonem
3524 4148 3652 4216 cpi-

2463 4252 2681 4306 scopum
2739 4240 2790 4290 et
2831 4235 3180 4305 Sigipertum.

2072 4349 2282 4403 Notum
2313 4345 2394 4401 sit
2414 4343 2684 4402 omnibus
2705 4341 2974 4398 ﬁdelibus
3000 4342 3137 4412 quia
3165 4341 3490 4414 Sigipertus
3525 4342 3650 4412 qui-

2001 4439 2132 4494 dam
2159 4435 2376 4492 nobilis
2400 4433 2642 4492 tradidit
2669 4434 2738 4489 ad
2770 4432 2824 4489 S.
2866 4432 3098 4488 Petrum
3148 4435 3523 4501 sanctumque
3545 4431 3646 4486 Dei

2002 4530 2302 4597 martyrem
2331 4526 2806 4580 Emmerammum
2845 4521 3130 4594 quidquid
3161 4521 3231 4576 ad
3287 4519 3647 4589 Chaparussa

2000 4616 2206 4671 habuit
2236 4616 2295 4670 in
2352 4628 2580 4670 manum
2625 4613 2894 4670 videlicet
2945 4609 3350 4666 Ambrichonis
3385 4623 3508 4665 ven.
3555 4623 3644 4680 ep.

1999 4707 2238 4776 ejusque
2262 4703 2518 4760 advocati
2540 4702 2816 4758 Adalrici.
2842 4703 2885 4756 E
2913 4704 3111 4757 contra
3141 4713 3272 4755 vero
3307 4699 3456 4755 idem
3483 4699 3650 4754 Adal-
3714 4713 3719 4719 ·

2001 4795 2162 4852 ricus
2190 4807 2321 4848 cum
2352 4805 2637 4848 consensu
2675 4790 2930 4860 episcopi
2985 4789 3228 4845 tradidit
3273 4787 3457 4844 eidem
3487 4788 3650 4861 Sigi-

2003 4888 2160 4955 perto
2188 4883 2258 4939 ad
2281 4878 2954 4954 Engilmonaschirichon
2981 4878 3257 4949 aequalem
3292 4891 3642 4935 mensuram.

1998 4977 2190 5030 Testes
2204 4977 2393 5028 autem
2410 4968 2731 5040 superioris
2741 4967 3212 5024 commutationis
3230 4966 3408 5024 istius
3420 4981 3648 5040 quoque

2000 5067 2173 5119 testes
2197 5065 2350 5118 sunt.

1997 5171 2126 5226 CAP.
2180 5168 2381 5223 XXIII.
2433 5195 2505 5207 —-
2560 5165 2968 5234 Complacitatio
3033 5163 3304 5220 Sandrati
3362 5165 3647 5233 archipre—

2706 5255 2928 5323 sbyteri.

2069 5364 2427 5422 Venerabilis
2453 5363 2637 5437 igitur
2683 5363 3141 5435 archipresbyter
3181 5362 3495 5418 Sandratus
3520 5362 3643 5413 tra-

1999 5457 2152 5513 didit
2176 5456 2244 5511 ad
2269 5456 2322 5512 S.
2358 5457 2584 5511 Petrum
2613 5460 2989 5524 sanctumque
3012 5454 3110 5508 Dei
3163 5455 3461 5519 martyrem
3505 5448 3645 5502 Em-

2003 5558 2370 5601 merammum
2396 5543 2564 5599 talem
2592 5544 2994 5614 praprietatem
3028 5538 3250 5609 qualem
3277 5536 3344 5592 ad
3379 5534 3644 5593 Gliumin
