  <div class='ocr_page' id='page_1' title='image "/cluster/home/n/w/nwhite01/storage/ocr_20150623/129/hvd.32044054759907/484.png"; bbox 0 0 4068 6178; ppageno 0'>
   <div class='ocr_carea' id='block_1_1' title="bbox 298 256 412 318">
    <p class='ocr_par' dir='ltr' id='par_1_1' title="bbox 298 256 412 318">
     <span class='ocr_line' id='line_1_1' title="bbox 298 256 412 318; baseline -0.018 0"><span class='ocrx_word' id='word_1_1' title='bbox 298 256 412 318; x_wconf 82' lang='grc'><strong>957</strong></span> 
     </span>
    </p>
   </div>
   <div class='ocr_carea' id='block_1_2' title="bbox 1266 268 2780 340">
    <p class='ocr_par' dir='ltr' id='par_1_2' title="bbox 1266 268 2780 340">
     <span class='ocr_line' id='line_1_2' title="bbox 1266 268 2780 340; baseline 0.011 -17"><span class='ocrx_word' id='word_1_2' title='bbox 1266 268 1721 331; x_wconf 84' lang='lat' dir='ltr'><strong>TRADITIONES</strong></span> <span class='ocrx_word' id='word_1_3' title='bbox 1756 274 2389 336; x_wconf 79' lang='lat' dir='ltr'><strong>EMMERAMMENSES.</strong></span> <span class='ocrx_word' id='word_1_4' title='bbox 2430 310 2504 322; x_wconf 90' lang='lat'><strong>—-</strong></span> <span class='ocrx_word' id='word_1_5' title='bbox 2540 283 2666 338; x_wconf 87' lang='lat' dir='ltr'><strong>LIB.</strong></span> <span class='ocrx_word' id='word_1_6' title='bbox 2716 285 2780 340; x_wconf 83' lang='grc' dir='ltr'><strong>ΙΙ.</strong></span> 
     </span>
    </p>
   </div>
   <div class='ocr_carea' id='block_1_3' title="bbox 3604 291 3712 350">
    <p class='ocr_par' dir='ltr' id='par_1_3' title="bbox 3604 291 3712 350">
     <span class='ocr_line' id='line_1_3' title="bbox 3604 291 3712 350; baseline 0.019 -2"><span class='ocrx_word' id='word_1_7' title='bbox 3604 291 3712 350; x_wconf 85' lang='grc'><strong>958</strong></span> 
     </span>
    </p>
   </div>
   <div class='ocr_carea' id='block_1_4' title="bbox 313 387 3727 489">
    <p class='ocr_par' dir='ltr' id='par_1_4' title="bbox 313 387 3727 489">
     <span class='ocr_line' id='line_1_4' title="bbox 313 387 3727 489; baseline 0.01 -46"><span class='ocrx_word' id='word_1_8' title='bbox 313 387 1091 489; x_wconf 55' lang='lat' dir='ltr'><strong>habuerunt,_et1\lo_rdgewe</strong></span> <span class='ocrx_word' id='word_1_9' title='bbox 1117 398 1268 489; x_wconf 87' lang='lat' dir='ltr'><strong>illud</strong></span> <span class='ocrx_word' id='word_1_10' title='bbox 1301 400 1697 460; x_wconf 89' lang='lat' dir='ltr'><strong>beneﬁciolum</strong></span> <span class='ocrx_word' id='word_1_11' title='bbox 1721 405 1791 461; x_wconf 91' lang='lat' dir='ltr'><strong>ad</strong></span> <span class='ocrx_word' id='word_1_12' title='bbox 1822 405 2038 468; x_wconf 88' lang='lat' dir='ltr'><strong>Niu-A</strong></span> <span class='ocrx_word' id='word_1_13' title='bbox 2067 405 2138 462; x_wconf 91' lang='lat' dir='ltr'><strong>de</strong></span> <span class='ocrx_word' id='word_1_14' title='bbox 2182 408 2488 470; x_wconf 82' lang='lat' dir='ltr'><strong>Arnimaro</strong></span> <span class='ocrx_word' id='word_1_15' title='bbox 2532 414 2778 486; x_wconf 89' lang='lat' dir='ltr'><strong>quodam</strong></span> <span class='ocrx_word' id='word_1_16' title='bbox 2821 416 3003 473; x_wconf 79' lang='lat' dir='ltr'><strong>nobili</strong></span> <span class='ocrx_word' id='word_1_17' title='bbox 3055 419 3294 489; x_wconf 84' lang='lat' dir='ltr'><strong>ejusque</strong></span> <span class='ocrx_word' id='word_1_18' title='bbox 3331 419 3727 478; x_wconf 69' lang='lat' dir='ltr'><strong>cohaeredibus</strong></span> 
     </span>
    </p>
   </div>
   <div class='ocr_carea' id='block_1_5' title="bbox 297 476 1958 565">
    <p class='ocr_par' dir='ltr' id='par_1_5' title="bbox 297 476 1958 565">
     <span class='ocr_line' id='line_1_5' title="bbox 297 476 1958 565; baseline 0.012 -33"><span class='ocrx_word' id='word_1_19' title='bbox 297 476 446 550; x_wconf 87' lang='lat' dir='ltr'><strong>fara,</strong></span> <span class='ocrx_word' id='word_1_20' title='bbox 500 485 556 536; x_wconf 92' lang='lat' dir='ltr'><strong>et</strong></span> <span class='ocrx_word' id='word_1_21' title='bbox 592 483 878 554; x_wconf 87' lang='lat' dir='ltr'><strong>quidquid</strong></span> <span class='ocrx_word' id='word_1_22' title='bbox 923 486 991 541; x_wconf 92' lang='lat' dir='ltr'><strong>ad</strong></span> <span class='ocrx_word' id='word_1_23' title='bbox 1029 488 1222 545; x_wconf 89' lang='lat' dir='ltr'><strong>eadem</strong></span> <span class='ocrx_word' id='word_1_24' title='bbox 1269 491 1411 563; x_wconf 89' lang='lat' dir='ltr'><strong>loca,</strong></span> <span class='ocrx_word' id='word_1_25' title='bbox 1455 493 1738 565; x_wconf 63' lang='lat' dir='ltr'><strong>(adiﬁciis,</strong></span> <span class='ocrx_word' id='word_1_26' title='bbox 1787 495 1958 551; x_wconf 89' lang='lat' dir='ltr'><strong>terris</strong></span> 
     </span>
    </p>
   </div>
   <div class='ocr_carea' id='block_1_6' title="bbox 292 568 1955 655">
    <p class='ocr_par' dir='ltr' id='par_1_6' title="bbox 292 568 1955 655">
     <span class='ocr_line' id='line_1_6' title="bbox 292 568 1955 655; baseline 0.011 -32"><span class='ocrx_word' id='word_1_27' title='bbox 292 568 480 625; x_wconf 80' lang='lat' dir='ltr'><strong>cultis</strong></span> <span class='ocrx_word' id='word_1_28' title='bbox 511 575 569 626; x_wconf 90' lang='lat' dir='ltr'><strong>et</strong></span> <span class='ocrx_word' id='word_1_29' title='bbox 589 571 848 642; x_wconf 79' lang='lat' dir='ltr'><strong>incultis,</strong></span> <span class='ocrx_word' id='word_1_30' title='bbox 877 575 1061 644; x_wconf 84' lang='lat' dir='ltr'><strong>silvis,</strong></span> <span class='ocrx_word' id='word_1_31' title='bbox 1104 580 1354 651; x_wconf 87' lang='lat' dir='ltr'><strong>pascuis,</strong></span> <span class='ocrx_word' id='word_1_32' title='bbox 1398 583 1588 654; x_wconf 86' lang='lat' dir='ltr'><strong>aquis,</strong></span> <span class='ocrx_word' id='word_1_33' title='bbox 1620 584 1955 655; x_wconf 74' lang='lat' dir='ltr'><strong>caeterisque</strong></span> 
     </span>
    </p>
   </div>
   <div class='ocr_carea' id='block_1_7' title="bbox 293 659 1950 742">
    <p class='ocr_par' dir='ltr' id='par_1_7' title="bbox 293 659 1950 742">
     <span class='ocr_line' id='line_1_7' title="bbox 293 659 1950 742; baseline 0.011 -30"><span class='ocrx_word' id='word_1_34' title='bbox 293 659 576 716; x_wconf 89' lang='lat' dir='ltr'><strong>omnibus</strong></span> <span class='ocrx_word' id='word_1_35' title='bbox 618 661 786 718; x_wconf 89' lang='lat' dir='ltr'><strong>bonis</strong></span> <span class='ocrx_word' id='word_1_36' title='bbox 818 664 992 736; x_wconf 90' lang='lat' dir='ltr'><strong>juste,</strong></span> <span class='ocrx_word' id='word_1_37' title='bbox 1028 666 1396 741; x_wconf 81' lang='lat' dir='ltr'><strong>legitimoque</strong></span> <span class='ocrx_word' id='word_1_38' title='bbox 1443 673 1726 742; x_wconf 80' lang='lat' dir='ltr'><strong>pertinere</strong></span> <span class='ocrx_word' id='word_1_39' title='bbox 1762 673 1950 729; x_wconf 90' lang='lat' dir='ltr'><strong>visum</strong></span> 
     </span>
    </p>
   </div>
   <div class='ocr_carea' id='block_1_8' title="bbox 292 751 1950 834">
    <p class='ocr_par' dir='ltr' id='par_1_8' title="bbox 292 751 1950 834">
     <span class='ocr_line' id='line_1_8' title="bbox 292 751 1950 834; baseline 0.009 -30"><span class='ocrx_word' id='word_1_40' title='bbox 292 752 407 820; x_wconf 86' lang='lat' dir='ltr'><strong>est,</strong></span> <span class='ocrx_word' id='word_1_41' title='bbox 453 751 571 820; x_wconf 89' lang='lat' dir='ltr'><strong>jam</strong></span> <span class='ocrx_word' id='word_1_42' title='bbox 614 757 699 808; x_wconf 89' lang='lat' dir='ltr'><strong>ter</strong></span> <span class='ocrx_word' id='word_1_43' title='bbox 727 758 857 810; x_wconf 84' lang='lat' dir='ltr'><strong>ante</strong></span> <span class='ocrx_word' id='word_1_44' title='bbox 907 757 1200 814; x_wconf 89' lang='lat' dir='ltr'><strong>nominato</strong></span> <span class='ocrx_word' id='word_1_45' title='bbox 1228 758 1519 819; x_wconf 78' lang='lat' dir='ltr'><strong>Anamodo</strong></span> <span class='ocrx_word' id='word_1_46' title='bbox 1562 763 1621 818; x_wconf 92' lang='lat' dir='ltr'><strong>in</strong></span> <span class='ocrx_word' id='word_1_47' title='bbox 1654 764 1950 834; x_wconf 91' lang='lat' dir='ltr'><strong>proprium</strong></span> 
     </span>
    </p>
   </div>
   <div class='ocr_carea' id='block_1_9' title="bbox 296 841 1950 922">
    <p class='ocr_par' dir='ltr' id='par_1_9' title="bbox 296 841 1950 922">
     <span class='ocr_line' id='line_1_9' title="bbox 296 841 1950 922; baseline 0.01 -29"><span class='ocrx_word' id='word_1_48' title='bbox 296 841 733 913; x_wconf 86' lang='lat' dir='ltr'><strong>perpetualiter,</strong></span> <span class='ocrx_word' id='word_1_49' title='bbox 785 845 1011 901; x_wconf 89' lang='lat' dir='ltr'><strong>nemine</strong></span> <span class='ocrx_word' id='word_1_50' title='bbox 1055 849 1498 922; x_wconf 84' lang='lat' dir='ltr'><strong>contradicente,</strong></span> <span class='ocrx_word' id='word_1_51' title='bbox 1546 853 1950 922; x_wconf 90' lang='lat' dir='ltr'><strong>possidendum</strong></span> 
     </span>
    </p>
   </div>
   <div class='ocr_carea' id='block_1_10' title="bbox 294 930 1954 1015">
    <p class='ocr_par' dir='ltr' id='par_1_10' title="bbox 294 930 1954 1015">
     <span class='ocr_line' id='line_1_10' title="bbox 294 930 1954 1015; baseline 0.01 -31"><span class='ocrx_word' id='word_1_52' title='bbox 294 930 667 987; x_wconf 88' lang='lat' dir='ltr'><strong>tradiderunt</strong></span> <span class='ocrx_word' id='word_1_53' title='bbox 711 937 768 1011; x_wconf 86' lang='lat' dir='ltr'><strong>et</strong></span> <span class='ocrx_word' id='word_1_54' title='bbox 804 933 1256 994; x_wconf 87' lang='lat' dir='ltr'><strong>transfuderunt.</strong></span> <span class='ocrx_word' id='word_1_55' title='bbox 1308 941 1378 995; x_wconf 91' lang='lat' dir='ltr'><strong>Et</strong></span> <span class='ocrx_word' id='word_1_56' title='bbox 1416 941 1515 999; x_wconf 90' lang='lat' dir='ltr'><strong>isti</strong></span> <span class='ocrx_word' id='word_1_57' title='bbox 1562 957 1788 1015; x_wconf 89' lang='lat' dir='ltr'><strong>quoque</strong></span> <span class='ocrx_word' id='word_1_58' title='bbox 1818 949 1954 1000; x_wconf 88' lang='lat' dir='ltr'><strong>sunt</strong></span> 
     </span>
    </p>
   </div>
   <div class='ocr_carea' id='block_1_11' title="bbox 292 1021 1955 1103">
    <p class='ocr_par' dir='ltr' id='par_1_11' title="bbox 292 1021 1955 1103">
     <span class='ocr_line' id='line_1_11' title="bbox 292 1021 1955 1103; baseline 0.008 -29"><span class='ocrx_word' id='word_1_59' title='bbox 292 1025 509 1076; x_wconf 88' lang='lat' dir='ltr'><strong>testes:</strong></span> <span class='ocrx_word' id='word_1_60' title='bbox 565 1021 752 1093; x_wconf 86' lang='lat' dir='ltr'><strong>Adolf,</strong></span> <span class='ocrx_word' id='word_1_61' title='bbox 799 1024 1094 1094; x_wconf 90' lang='lat' dir='ltr'><strong>Pernhart,</strong></span> <span class='ocrx_word' id='word_1_62' title='bbox 1137 1029 1320 1099; x_wconf 90' lang='lat' dir='ltr'><strong>Patto,</strong></span> <span class='ocrx_word' id='word_1_63' title='bbox 1353 1030 1490 1103; x_wconf 86' lang='lat' dir='ltr'><strong>Avo,</strong></span> <span class='ocrx_word' id='word_1_64' title='bbox 1540 1032 1767 1103; x_wconf 90' lang='lat' dir='ltr'><strong>Strupo,</strong></span> <span class='ocrx_word' id='word_1_65' title='bbox 1809 1034 1955 1088; x_wconf 87' lang='lat' dir='ltr'><strong>Her-</strong></span> 
     </span>
    </p>
   </div>
   <div class='ocr_carea' id='block_1_12' title="bbox 294 1110 1955 1192">
    <p class='ocr_par' dir='ltr' id='par_1_12' title="bbox 294 1110 1955 1192">
     <span class='ocr_line' id='line_1_12' title="bbox 294 1110 1955 1192; baseline 0.01 -30"><span class='ocrx_word' id='word_1_66' title='bbox 294 1117 453 1180; x_wconf 89' lang='lat' dir='ltr'><strong>rant,</strong></span> <span class='ocrx_word' id='word_1_67' title='bbox 485 1110 619 1165; x_wconf 88' lang='lat' dir='ltr'><strong>item</strong></span> <span class='ocrx_word' id='word_1_68' title='bbox 657 1111 886 1183; x_wconf 89' lang='lat' dir='ltr'><strong>Strupo,</strong></span> <span class='ocrx_word' id='word_1_69' title='bbox 933 1116 1230 1186; x_wconf 88' lang='lat' dir='ltr'><strong>Eparhart,</strong></span> <span class='ocrx_word' id='word_1_70' title='bbox 1288 1119 1470 1191; x_wconf 83' lang='lat' dir='ltr'><strong>Rupe,</strong></span> <span class='ocrx_word' id='word_1_71' title='bbox 1503 1121 1766 1192; x_wconf 84' lang='lat' dir='ltr'><strong>Sigifrid,</strong></span> <span class='ocrx_word' id='word_1_72' title='bbox 1802 1121 1955 1178; x_wconf 84' lang='lat' dir='ltr'><strong>Goz-</strong></span> 
     </span>
    </p>
   </div>
   <div class='ocr_carea' id='block_1_13' title="bbox 294 1196 1952 1283">
    <p class='ocr_par' dir='ltr' id='par_1_13' title="bbox 294 1196 1952 1283">
     <span class='ocr_line' id='line_1_13' title="bbox 294 1196 1952 1283; baseline 0.011 -32"><span class='ocrx_word' id='word_1_73' title='bbox 294 1197 457 1266; x_wconf 87' lang='lat' dir='ltr'><strong>pold,</strong></span> <span class='ocrx_word' id='word_1_74' title='bbox 487 1196 810 1272; x_wconf 89' lang='lat' dir='ltr'><strong>Gundpato,</strong></span> <span class='ocrx_word' id='word_1_75' title='bbox 848 1203 1123 1276; x_wconf 87' lang='lat' dir='ltr'><strong>Waltrih,</strong></span> <span class='ocrx_word' id='word_1_76' title='bbox 1164 1207 1290 1276; x_wconf 91' lang='lat' dir='ltr'><strong>Oto,</strong></span> <span class='ocrx_word' id='word_1_77' title='bbox 1323 1209 1622 1283; x_wconf 85' lang='lat' dir='ltr'><strong>Hadamar,</strong></span> <span class='ocrx_word' id='word_1_78' title='bbox 1646 1212 1952 1282; x_wconf 86' lang='lat' dir='ltr'><strong>Perehtolt,</strong></span> 
     </span>
    </p>
   </div>
   <div class='ocr_carea' id='block_1_14' title="bbox 295 1286 1958 1371">
    <p class='ocr_par' dir='ltr' id='par_1_14' title="bbox 295 1286 1958 1371">
     <span class='ocr_line' id='line_1_14' title="bbox 295 1286 1958 1371; baseline 0.011 -31"><span class='ocrx_word' id='word_1_79' title='bbox 295 1286 516 1357; x_wconf 82' lang='lat' dir='ltr'><strong>Rafolt,</strong></span> <span class='ocrx_word' id='word_1_80' title='bbox 551 1293 657 1344; x_wconf 87' lang='lat' dir='ltr'><strong>etc.</strong></span> <span class='ocrx_word' id='word_1_81' title='bbox 706 1291 1015 1348; x_wconf 81' lang='lat' dir='ltr'><strong>Vestitores</strong></span> <span class='ocrx_word' id='word_1_82' title='bbox 1038 1297 1094 1350; x_wconf 87' lang='lat' dir='ltr'><strong>et</strong></span> <span class='ocrx_word' id='word_1_83' title='bbox 1138 1297 1500 1354; x_wconf 89' lang='lat' dir='ltr'><strong>revestitores</strong></span> <span class='ocrx_word' id='word_1_84' title='bbox 1538 1299 1850 1371; x_wconf 88' lang='lat' dir='ltr'><strong>Gerpertus</strong></span> <span class='ocrx_word' id='word_1_85' title='bbox 1898 1305 1958 1358; x_wconf 86' lang='lat' dir='ltr'><strong>et</strong></span> 
     </span>
    </p>
   </div>
   <div class='ocr_carea' id='block_1_15' title="bbox 291 1375 1703 1458">
    <p class='ocr_par' dir='ltr' id='par_1_15' title="bbox 291 1375 1703 1458">
     <span class='ocr_line' id='line_1_15' title="bbox 291 1375 1703 1458; baseline 0.009 -27"><span class='ocrx_word' id='word_1_86' title='bbox 291 1375 673 1448; x_wconf 89' lang='lat' dir='ltr'><strong>Gundpertus</strong></span> <span class='ocrx_word' id='word_1_87' title='bbox 713 1378 965 1437; x_wconf 89' lang='lat' dir='ltr'><strong>fuerunt.</strong></span> <span class='ocrx_word' id='word_1_88' title='bbox 1007 1382 1210 1440; x_wconf 83' lang='lat' dir='ltr'><strong>Actum</strong></span> <span class='ocrx_word' id='word_1_89' title='bbox 1241 1387 1311 1442; x_wconf 93' lang='lat' dir='ltr'><strong>ad</strong></span> <span class='ocrx_word' id='word_1_90' title='bbox 1350 1389 1703 1458; x_wconf 87' lang='lat' dir='ltr'><strong>Menzinpah.</strong></span> 
     </span>
    </p>
   </div>
   <div class='ocr_carea' id='block_1_16' title="bbox 370 1503 1888 1569">
    <p class='ocr_par' dir='ltr' id='par_1_16' title="bbox 370 1503 1888 1569">
     <span class='ocr_line' id='line_1_16' title="bbox 370 1503 1888 1569; baseline 0.008 -11"><span class='ocrx_word' id='word_1_91' title='bbox 370 1503 504 1558; x_wconf 95' lang='lat' dir='ltr'><strong>CAP.</strong></span> <span class='ocrx_word' id='word_1_92' title='bbox 547 1504 730 1560; x_wconf 72' lang='lat' dir='ltr'><strong>XXX.</strong></span> <span class='ocrx_word' id='word_1_93' title='bbox 782 1536 851 1545; x_wconf 92' lang='lat'><strong><em>—</em></strong></span> <span class='ocrx_word' id='word_1_94' title='bbox 885 1507 1239 1564; x_wconf 80' lang='lat' dir='ltr'><strong>Commutatio</strong></span> <span class='ocrx_word' id='word_1_95' title='bbox 1284 1513 1427 1566; x_wconf 86' lang='lat' dir='ltr'><strong>inter</strong></span> <span class='ocrx_word' id='word_1_96' title='bbox 1472 1512 1888 1569; x_wconf 86' lang='lat' dir='ltr'><strong>Ambrichonem</strong></span> 
     </span>
    </p>
   </div>
   <div class='ocr_carea' id='block_1_17' title="bbox 805 1580 1454 1654">
    <p class='ocr_par' dir='ltr' id='par_1_17' title="bbox 805 1580 1454 1654">
     <span class='ocr_line' id='line_1_17' title="bbox 805 1580 1454 1654; baseline 0.009 -22"><span class='ocrx_word' id='word_1_97' title='bbox 805 1580 1112 1650; x_wconf 82' lang='lat' dir='ltr'><strong>episcopum</strong></span> <span class='ocrx_word' id='word_1_98' title='bbox 1159 1587 1207 1636; x_wconf 87' lang='lat' dir='ltr'><strong>ct</strong></span> <span class='ocrx_word' id='word_1_99' title='bbox 1257 1585 1454 1654; x_wconf 86' lang='lat' dir='ltr'><strong>Epam.</strong></span> 
     </span>
    </p>
   </div>
   <div class='ocr_carea' id='block_1_18' title="bbox 369 1682 1956 1760">
    <p class='ocr_par' dir='ltr' id='par_1_18' title="bbox 369 1682 1956 1760">
     <span class='ocr_line' id='line_1_18' title="bbox 369 1682 1956 1760; baseline 0.009 -24"><span class='ocrx_word' id='word_1_100' title='bbox 369 1683 585 1738; x_wconf 88' lang='lat' dir='ltr'><strong>Notum</strong></span> <span class='ocrx_word' id='word_1_101' title='bbox 621 1682 700 1739; x_wconf 91' lang='lat' dir='ltr'><strong>sit</strong></span> <span class='ocrx_word' id='word_1_102' title='bbox 729 1685 998 1742; x_wconf 90' lang='lat' dir='ltr'><strong>omnibus</strong></span> <span class='ocrx_word' id='word_1_103' title='bbox 1041 1687 1311 1746; x_wconf 92' lang='lat' dir='ltr'><strong>ﬁdelibus</strong></span> <span class='ocrx_word' id='word_1_104' title='bbox 1349 1689 1487 1760; x_wconf 90' lang='lat' dir='ltr'><strong>quia</strong></span> <span class='ocrx_word' id='word_1_105' title='bbox 1513 1687 1956 1750; x_wconf 78' lang='lat' dir='ltr'><strong>Peren&#39;cuidam</strong></span> 
     </span>
    </p>
   </div>
   <div class='ocr_carea' id='block_1_19' title="bbox 293 1770 1960 1847">
    <p class='ocr_par' dir='ltr' id='par_1_19' title="bbox 293 1770 1960 1847">
     <span class='ocr_line' id='line_1_19' title="bbox 293 1770 1960 1847; baseline 0.009 -22"><span class='ocrx_word' id='word_1_106' title='bbox 293 1770 552 1842; x_wconf 68' lang='lat' dir='ltr'><strong>femina),</strong></span> <span class='ocrx_word' id='word_1_107' title='bbox 587 1773 818 1829; x_wconf 89' lang='lat' dir='ltr'><strong>nomine</strong></span> <span class='ocrx_word' id='word_1_108' title='bbox 859 1776 1007 1847; x_wconf 66' lang='lat' dir='ltr'><strong>Epaa,</strong></span> <span class='ocrx_word' id='word_1_109' title='bbox 1050 1777 1294 1834; x_wconf 85' lang='lat' dir='ltr'><strong>tradidit</strong></span> <span class='ocrx_word' id='word_1_110' title='bbox 1320 1780 1390 1835; x_wconf 92' lang='lat' dir='ltr'><strong>de</strong></span> <span class='ocrx_word' id='word_1_111' title='bbox 1436 1782 1607 1839; x_wconf 85' lang='lat' dir='ltr'><strong>rebus</strong></span> <span class='ocrx_word' id='word_1_112' title='bbox 1639 1783 1693 1838; x_wconf 93' lang='lat' dir='ltr'><strong>S.</strong></span> <span class='ocrx_word' id='word_1_113' title='bbox 1728 1783 1960 1840; x_wconf 87' lang='lat' dir='ltr'><strong>Emme-</strong></span> 
     </span>
    </p>
   </div>
   <div class='ocr_carea' id='block_1_20' title="bbox 291 1861 1958 1936">
    <p class='ocr_par' dir='ltr' id='par_1_20' title="bbox 291 1861 1958 1936">
     <span class='ocr_line' id='line_1_20' title="bbox 291 1861 1958 1936; baseline 0.007 -21"><span class='ocrx_word' id='word_1_114' title='bbox 291 1861 510 1916; x_wconf 88' lang='lat' dir='ltr'><strong>rammi</strong></span> <span class='ocrx_word' id='word_1_115' title='bbox 540 1863 608 1917; x_wconf 89' lang='lat' dir='ltr'><strong>ad</strong></span> <span class='ocrx_word' id='word_1_116' title='bbox 639 1862 1042 1936; x_wconf 83' lang='lat' dir='ltr'><strong>Weipilingun</strong></span> <span class='ocrx_word' id='word_1_117' title='bbox 1077 1879 1266 1923; x_wconf 90' lang='lat' dir='ltr'><strong>aream</strong></span> <span class='ocrx_word' id='word_1_118' title='bbox 1309 1883 1500 1927; x_wconf 90' lang='lat' dir='ltr'><strong>unam.</strong></span> <span class='ocrx_word' id='word_1_119' title='bbox 1538 1874 1578 1929; x_wconf 86' lang='lat' dir='ltr'><strong>E</strong></span> <span class='ocrx_word' id='word_1_120' title='bbox 1603 1877 1800 1928; x_wconf 90' lang='lat' dir='ltr'><strong>contra</strong></span> <span class='ocrx_word' id='word_1_121' title='bbox 1828 1885 1958 1927; x_wconf 87' lang='lat' dir='ltr'><strong>vero</strong></span> 
     </span>
    </p>
   </div>
   <div class='ocr_carea' id='block_1_21' title="bbox 290 1952 1954 2022">
    <p class='ocr_par' dir='ltr' id='par_1_21' title="bbox 290 1952 1954 2022">
     <span class='ocr_line' id='line_1_21' title="bbox 290 1952 1954 2022; baseline 0.007 -16"><span class='ocrx_word' id='word_1_122' title='bbox 290 1952 498 2007; x_wconf 88' lang='lat' dir='ltr'><strong>eadem</strong></span> <span class='ocrx_word' id='word_1_123' title='bbox 529 1953 645 2022; x_wconf 85' lang='lat' dir='ltr'><strong>Epa</strong></span> <span class='ocrx_word' id='word_1_124' title='bbox 673 1953 819 2008; x_wconf 92' lang='lat' dir='ltr'><strong>duas</strong></span> <span class='ocrx_word' id='word_1_125' title='bbox 840 1967 1136 2013; x_wconf 83' lang='lat' dir='ltr'><strong>mensuras</strong></span> <span class='ocrx_word' id='word_1_126' title='bbox 1161 1963 1326 2014; x_wconf 66' lang='lat' dir='ltr'><strong>terrae</strong></span> <span class='ocrx_word' id='word_1_127' title='bbox 1355 1960 1598 2018; x_wconf 89' lang='lat' dir='ltr'><strong>arabilis</strong></span> <span class='ocrx_word' id='word_1_128' title='bbox 1619 1961 1862 2018; x_wconf 85' lang='lat' dir='ltr'><strong>tradidit</strong></span> <span class='ocrx_word' id='word_1_129' title='bbox 1885 1962 1954 2018; x_wconf 89' lang='lat' dir='ltr'><strong>ad</strong></span> 
     </span>
    </p>
   </div>
   <div class='ocr_carea' id='block_1_22' title="bbox 293 2042 1958 2112">
    <p class='ocr_par' dir='ltr' id='par_1_22' title="bbox 293 2042 1958 2112">
     <span class='ocr_line' id='line_1_22' title="bbox 293 2042 1958 2112; baseline 0.007 -17"><span class='ocrx_word' id='word_1_130' title='bbox 293 2042 641 2112; x_wconf 74' lang='lat' dir='ltr'><strong>praedictum</strong></span> <span class='ocrx_word' id='word_1_131' title='bbox 693 2049 951 2099; x_wconf 89' lang='lat' dir='ltr'><strong>sanctum</strong></span> <span class='ocrx_word' id='word_1_132' title='bbox 1001 2045 1062 2100; x_wconf 92' lang='lat' dir='ltr'><strong>in</strong></span> <span class='ocrx_word' id='word_1_133' title='bbox 1110 2049 1305 2104; x_wconf 90' lang='lat' dir='ltr'><strong>eodem</strong></span> <span class='ocrx_word' id='word_1_134' title='bbox 1355 2049 1496 2106; x_wconf 93' lang='lat' dir='ltr'><strong>loco.</strong></span> <span class='ocrx_word' id='word_1_135' title='bbox 1558 2053 1628 2107; x_wconf 91' lang='lat' dir='ltr'><strong>Et</strong></span> <span class='ocrx_word' id='word_1_136' title='bbox 1673 2051 1771 2108; x_wconf 91' lang='lat' dir='ltr'><strong>isti</strong></span> <span class='ocrx_word' id='word_1_137' title='bbox 1819 2056 1958 2107; x_wconf 91' lang='lat' dir='ltr'><strong>sunt</strong></span> 
     </span>
    </p>
   </div>
   <div class='ocr_carea' id='block_1_23' title="bbox 291 2131 1959 2211">
    <p class='ocr_par' dir='ltr' id='par_1_23' title="bbox 291 2131 1959 2211">
     <span class='ocr_line' id='line_1_23' title="bbox 291 2131 1959 2211; baseline 0.007 -25"><span class='ocrx_word' id='word_1_138' title='bbox 291 2136 505 2187; x_wconf 88' lang='lat' dir='ltr'><strong>testes:</strong></span> <span class='ocrx_word' id='word_1_139' title='bbox 547 2131 867 2203; x_wconf 83' lang='lat' dir='ltr'><strong>Reginhoh,</strong></span> <span class='ocrx_word' id='word_1_140' title='bbox 901 2135 1113 2208; x_wconf 88' lang='lat' dir='ltr'><strong>Gouzo,</strong></span> <span class='ocrx_word' id='word_1_141' title='bbox 1159 2135 1410 2209; x_wconf 87' lang='lat' dir='ltr'><strong>Altman,</strong></span> <span class='ocrx_word' id='word_1_142' title='bbox 1441 2139 1755 2211; x_wconf 88' lang='lat' dir='ltr'><strong>Cundheri,</strong></span> <span class='ocrx_word' id='word_1_143' title='bbox 1795 2141 1959 2198; x_wconf 89' lang='lat' dir='ltr'><strong>Cun—</strong></span> 
     </span>
    </p>
   </div>
   <div class='ocr_carea' id='block_1_24' title="bbox 289 2219 862 2291">
    <p class='ocr_par' dir='ltr' id='par_1_24' title="bbox 289 2219 862 2291">
     <span class='ocr_line' id='line_1_24' title="bbox 289 2219 862 2291; baseline 0.003 -17"><span class='ocrx_word' id='word_1_144' title='bbox 289 2219 588 2291; x_wconf 87' lang='lat' dir='ltr'><strong>dalperht,</strong></span> <span class='ocrx_word' id='word_1_145' title='bbox 617 2220 862 2277; x_wconf 91' lang='lat' dir='ltr'><strong>Othelm.</strong></span> 
     </span>
    </p>
   </div>
   <div class='ocr_carea' id='block_1_25' title="bbox 374 2327 1884 2391">
    <p class='ocr_par' dir='ltr' id='par_1_25' title="bbox 374 2327 1884 2391">
     <span class='ocr_line' id='line_1_25' title="bbox 374 2327 1884 2391; baseline 0.005 -8"><span class='ocrx_word' id='word_1_146' title='bbox 374 2327 505 2383; x_wconf 88' lang='lat' dir='ltr'><strong>CAP.</strong></span> <span class='ocrx_word' id='word_1_147' title='bbox 537 2327 746 2384; x_wconf 87' lang='lat' dir='ltr'><strong>XXXI.</strong></span> <span class='ocrx_word' id='word_1_148' title='bbox 778 2359 852 2370; x_wconf 97' lang='lat'>—</span> <span class='ocrx_word' id='word_1_149' title='bbox 889 2328 1242 2388; x_wconf 78' lang='lat' dir='ltr'><strong>Commutatio</strong></span> <span class='ocrx_word' id='word_1_150' title='bbox 1280 2335 1425 2390; x_wconf 76' lang='lat' dir='ltr'><strong>inter</strong></span> <span class='ocrx_word' id='word_1_151' title='bbox 1457 2335 1884 2391; x_wconf 86' lang='lat' dir='ltr'><strong>Cundrammum</strong></span> 
     </span>
    </p>
   </div>
   <div class='ocr_carea' id='block_1_26' title="bbox 963 2404 1294 2459">
    <p class='ocr_par' dir='ltr' id='par_1_26' title="bbox 963 2404 1294 2459">
     <span class='ocr_line' id='line_1_26' title="bbox 963 2404 1294 2459; baseline 0.009 -3"><span class='ocrx_word' id='word_1_152' title='bbox 963 2407 1014 2457; x_wconf 85' lang='lat' dir='ltr'><strong>et</strong></span> <span class='ocrx_word' id='word_1_153' title='bbox 1033 2404 1294 2459; x_wconf 81' lang='lat' dir='ltr'><strong>Avonem.</strong></span> 
     </span>
    </p>
   </div>
   <div class='ocr_carea' id='block_1_27' title="bbox 371 2505 1955 2583">
    <p class='ocr_par' dir='ltr' id='par_1_27' title="bbox 371 2505 1955 2583">
     <span class='ocr_line' id='line_1_27' title="bbox 371 2505 1955 2583; baseline 0.006 -22"><span class='ocrx_word' id='word_1_154' title='bbox 371 2507 583 2562; x_wconf 90' lang='lat' dir='ltr'><strong>Notum</strong></span> <span class='ocrx_word' id='word_1_155' title='bbox 605 2505 684 2562; x_wconf 92' lang='lat' dir='ltr'><strong>sit</strong></span> <span class='ocrx_word' id='word_1_156' title='bbox 711 2507 981 2564; x_wconf 89' lang='lat' dir='ltr'><strong>omnibus</strong></span> <span class='ocrx_word' id='word_1_157' title='bbox 1014 2509 1284 2566; x_wconf 89' lang='lat' dir='ltr'><strong>ﬁdelibus</strong></span> <span class='ocrx_word' id='word_1_158' title='bbox 1306 2513 1441 2583; x_wconf 89' lang='lat' dir='ltr'><strong>quia</strong></span> <span class='ocrx_word' id='word_1_159' title='bbox 1468 2513 1752 2570; x_wconf 90' lang='lat' dir='ltr'><strong>Cundram</strong></span> <span class='ocrx_word' id='word_1_160' title='bbox 1780 2514 1955 2570; x_wconf 91' lang='lat' dir='ltr'><strong>tradi-</strong></span> 
     </span>
    </p>
   </div>
   <div class='ocr_carea' id='block_1_28' title="bbox 293 2595 1955 2675">
    <p class='ocr_par' dir='ltr' id='par_1_28' title="bbox 293 2595 1955 2675">
     <span class='ocr_line' id='line_1_28' title="bbox 293 2595 1955 2675; baseline 0.006 -24"><span class='ocrx_word' id='word_1_161' title='bbox 293 2595 394 2651; x_wconf 86' lang='lat' dir='ltr'><strong>dit</strong></span> <span class='ocrx_word' id='word_1_162' title='bbox 417 2595 478 2650; x_wconf 91' lang='lat' dir='ltr'><strong>in</strong></span> <span class='ocrx_word' id='word_1_163' title='bbox 516 2599 847 2665; x_wconf 89' lang='lat' dir='ltr'><strong>potestatem</strong></span> <span class='ocrx_word' id='word_1_164' title='bbox 893 2597 950 2651; x_wconf 92' lang='lat' dir='ltr'><strong>S.</strong></span> <span class='ocrx_word' id='word_1_165' title='bbox 977 2599 1376 2656; x_wconf 89' lang='lat' dir='ltr'><strong>Emmerammi</strong></span> <span class='ocrx_word' id='word_1_166' title='bbox 1410 2603 1694 2674; x_wconf 88' lang='lat' dir='ltr'><strong>mancipia</strong></span> <span class='ocrx_word' id='word_1_167' title='bbox 1723 2618 1809 2675; x_wconf 82' lang='lat' dir='ltr'><strong>ili,</strong></span> <span class='ocrx_word' id='word_1_168' title='bbox 1843 2619 1955 2662; x_wconf 90' lang='lat' dir='ltr'><strong>no—</strong></span> 
     </span>
    </p>
   </div>
   <div class='ocr_carea' id='block_1_29' title="bbox 297 2684 1953 2763">
    <p class='ocr_par' dir='ltr' id='par_1_29' title="bbox 297 2684 1953 2763">
     <span class='ocr_line' id='line_1_29' title="bbox 297 2684 1953 2763; baseline 0.007 -24"><span class='ocrx_word' id='word_1_169' title='bbox 297 2684 460 2740; x_wconf 90' lang='lat' dir='ltr'><strong>mine</strong></span> <span class='ocrx_word' id='word_1_170' title='bbox 488 2684 682 2755; x_wconf 80' lang='lat' dir='ltr'><strong>Adala,</strong></span> <span class='ocrx_word' id='word_1_171' title='bbox 732 2685 1075 2758; x_wconf 83' lang='lat' dir='ltr'><strong>Wolfmunt,</strong></span> <span class='ocrx_word' id='word_1_172' title='bbox 1118 2689 1356 2763; x_wconf 91' lang='lat' dir='ltr'><strong>Pazhilt,</strong></span> <span class='ocrx_word' id='word_1_173' title='bbox 1391 2691 1450 2747; x_wconf 89' lang='lat' dir='ltr'><strong>in</strong></span> <span class='ocrx_word' id='word_1_174' title='bbox 1484 2706 1712 2749; x_wconf 91' lang='lat' dir='ltr'><strong>manum</strong></span> <span class='ocrx_word' id='word_1_175' title='bbox 1750 2695 1953 2749; x_wconf 80' lang='lat' dir='ltr'><strong>Euonis</strong></span> 
     </span>
    </p>
   </div>
   <div class='ocr_carea' id='block_1_30' title="bbox 296 2773 1952 2838">
    <p class='ocr_par' dir='ltr' id='par_1_30' title="bbox 296 2773 1952 2838">
     <span class='ocr_line' id='line_1_30' title="bbox 296 2773 1952 2838; baseline 0.006 -10"><span class='ocrx_word' id='word_1_176' title='bbox 296 2773 585 2828; x_wconf 87' lang='lat' dir='ltr'><strong>advocati.</strong></span> <span class='ocrx_word' id='word_1_177' title='bbox 618 2775 660 2829; x_wconf 89' lang='lat' dir='ltr'><strong>E</strong></span> <span class='ocrx_word' id='word_1_178' title='bbox 685 2779 880 2830; x_wconf 87' lang='lat' dir='ltr'><strong>contra</strong></span> <span class='ocrx_word' id='word_1_179' title='bbox 917 2775 1032 2831; x_wconf 84' lang='lat' dir='ltr'><strong>Avo</strong></span> <span class='ocrx_word' id='word_1_180' title='bbox 1081 2777 1324 2834; x_wconf 88' lang='lat' dir='ltr'><strong>tradidit</strong></span> <span class='ocrx_word' id='word_1_181' title='bbox 1361 2781 1544 2836; x_wconf 89' lang='lat' dir='ltr'><strong>eidem</strong></span> <span class='ocrx_word' id='word_1_182' title='bbox 1569 2781 1952 2838; x_wconf 85' lang='lat' dir='ltr'><strong>Cundrammo</strong></span> 
     </span>
    </p>
   </div>
   <div class='ocr_carea' id='block_1_31' title="bbox 294 2861 1951 2941">
    <p class='ocr_par' dir='ltr' id='par_1_31' title="bbox 294 2861 1951 2941">
     <span class='ocr_line' id='line_1_31' title="bbox 294 2861 1951 2941; baseline 0.006 -26"><span class='ocrx_word' id='word_1_183' title='bbox 294 2862 373 2916; x_wconf 93' lang='lat' dir='ltr'><strong>de</strong></span> <span class='ocrx_word' id='word_1_184' title='bbox 418 2861 694 2919; x_wconf 88' lang='lat' dir='ltr'><strong>beneﬁcio</strong></span> <span class='ocrx_word' id='word_1_185' title='bbox 740 2864 1008 2921; x_wconf 87' lang='lat' dir='ltr'><strong>Mahtarii</strong></span> <span class='ocrx_word' id='word_1_186' title='bbox 1061 2868 1347 2938; x_wconf 90' lang='lat' dir='ltr'><strong>mancipia</strong></span> <span class='ocrx_word' id='word_1_187' title='bbox 1391 2870 1502 2924; x_wconf 86' lang='lat' dir='ltr'><strong>tria</strong></span> <span class='ocrx_word' id='word_1_188' title='bbox 1545 2871 1603 2925; x_wconf 93' lang='lat' dir='ltr'><strong>in</strong></span> <span class='ocrx_word' id='word_1_189' title='bbox 1656 2871 1951 2941; x_wconf 90' lang='lat' dir='ltr'><strong>proprium</strong></span> 
     </span>
    </p>
   </div>
   <div class='ocr_carea' id='block_1_32' title="bbox 301 2950 1948 3030">
    <p class='ocr_par' dir='ltr' id='par_1_32' title="bbox 301 2950 1948 3030">
     <span class='ocr_line' id='line_1_32' title="bbox 301 2950 1948 3030; baseline 0.006 -25"><span class='ocrx_word' id='word_1_190' title='bbox 301 2950 648 3015; x_wconf 90' lang='lat' dir='ltr'><strong>habendum,</strong></span> <span class='ocrx_word' id='word_1_191' title='bbox 700 2954 930 3012; x_wconf 89' lang='lat' dir='ltr'><strong>nomine</strong></span> <span class='ocrx_word' id='word_1_192' title='bbox 959 2957 1263 3028; x_wconf 79' lang='lat' dir='ltr'><strong>Helmgart,</strong></span> <span class='ocrx_word' id='word_1_193' title='bbox 1310 2959 1676 3030; x_wconf 88' lang='lat' dir='ltr'><strong>Perahthero,</strong></span> <span class='ocrx_word' id='word_1_194' title='bbox 1717 2960 1948 3015; x_wconf 85' lang='lat' dir='ltr'><strong>Ratuni.</strong></span> 
     </span>
    </p>
   </div>
   <div class='ocr_carea' id='block_1_33' title="bbox 298 3041 1950 3120">
    <p class='ocr_par' dir='ltr' id='par_1_33' title="bbox 298 3041 1950 3120">
     <span class='ocr_line' id='line_1_33' title="bbox 298 3041 1950 3120; baseline 0.007 -26"><span class='ocrx_word' id='word_1_195' title='bbox 298 3042 373 3095; x_wconf 85' lang='lat' dir='ltr'><strong>Et</strong></span> <span class='ocrx_word' id='word_1_196' title='bbox 427 3041 528 3095; x_wconf 89' lang='lat' dir='ltr'><strong>isti</strong></span> <span class='ocrx_word' id='word_1_197' title='bbox 577 3048 712 3098; x_wconf 91' lang='lat' dir='ltr'><strong>sunt</strong></span> <span class='ocrx_word' id='word_1_198' title='bbox 767 3048 976 3100; x_wconf 87' lang='lat' dir='ltr'><strong>testes:</strong></span> <span class='ocrx_word' id='word_1_199' title='bbox 1013 3046 1315 3118; x_wconf 86' lang='lat' dir='ltr'><strong>Odulman,</strong></span> <span class='ocrx_word' id='word_1_200' title='bbox 1365 3047 1627 3119; x_wconf 80' lang='lat' dir='ltr'><strong>Sigifrid,</strong></span> <span class='ocrx_word' id='word_1_201' title='bbox 1668 3049 1950 3120; x_wconf 84' lang='lat' dir='ltr'><strong>Adalhoh,</strong></span> 
     </span>
    </p>
   </div>
   <div class='ocr_carea' id='block_1_34' title="bbox 295 3129 1289 3207">
    <p class='ocr_par' dir='ltr' id='par_1_34' title="bbox 295 3129 1289 3207">
     <span class='ocr_line' id='line_1_34' title="bbox 295 3129 1289 3207; baseline 0.007 -23"><span class='ocrx_word' id='word_1_202' title='bbox 295 3129 563 3200; x_wconf 89' lang='lat' dir='ltr'><strong>Otperht,</strong></span> <span class='ocrx_word' id='word_1_203' title='bbox 594 3131 941 3205; x_wconf 88' lang='lat' dir='ltr'><strong>Willibelm,</strong></span> <span class='ocrx_word' id='word_1_204' title='bbox 969 3135 1289 3207; x_wconf 82' lang='lat' dir='ltr'><strong>Engilhart.</strong></span> 
     </span>
    </p>
   </div>
   <div class='ocr_carea' id='block_1_35' title="bbox 371 3237 1883 3299">
    <p class='ocr_par' dir='ltr' id='par_1_35' title="bbox 371 3237 1883 3299">
     <span class='ocr_line' id='line_1_35' title="bbox 371 3237 1883 3299; baseline 0.005 -7"><span class='ocrx_word' id='word_1_205' title='bbox 371 3237 498 3292; x_wconf 86' lang='lat' dir='ltr'><strong>CAP.</strong></span> <span class='ocrx_word' id='word_1_206' title='bbox 540 3238 775 3296; x_wconf 89' lang='lat' dir='ltr'><strong>XXXII.</strong></span> <span class='ocrx_word' id='word_1_207' title='bbox 830 3271 900 3280; x_wconf 90' lang='lat'><strong>—</strong></span> <span class='ocrx_word' id='word_1_208' title='bbox 945 3241 1296 3297; x_wconf 79' lang='lat' dir='ltr'><strong>Commutatio</strong></span> <span class='ocrx_word' id='word_1_209' title='bbox 1340 3245 1484 3298; x_wconf 87' lang='lat' dir='ltr'><strong>inter</strong></span> <span class='ocrx_word' id='word_1_210' title='bbox 1519 3244 1883 3299; x_wconf 85' lang='lat' dir='ltr'><strong>Adalhunum</strong></span> 
     </span>
    </p>
   </div>
   <div class='ocr_carea' id='block_1_36' title="bbox 725 3313 1522 3382">
    <p class='ocr_par' dir='ltr' id='par_1_36' title="bbox 725 3313 1522 3382">
     <span class='ocr_line' id='line_1_36' title="bbox 725 3313 1522 3382; baseline 0.006 -17"><span class='ocrx_word' id='word_1_211' title='bbox 725 3313 987 3382; x_wconf 86' lang='lat' dir='ltr'><strong>majorem</strong></span> <span class='ocrx_word' id='word_1_212' title='bbox 1017 3319 1068 3368; x_wconf 86' lang='lat' dir='ltr'><strong>et</strong></span> <span class='ocrx_word' id='word_1_213' title='bbox 1084 3315 1522 3382; x_wconf 78' lang='lat' dir='ltr'><strong>Meginhardum,</strong></span> 
     </span>
    </p>
   </div>
   <div class='ocr_carea' id='block_1_37' title="bbox 372 3419 1956 3493">
    <p class='ocr_par' dir='ltr' id='par_1_37' title="bbox 372 3419 1956 3493">
     <span class='ocr_line' id='line_1_37' title="bbox 372 3419 1956 3493; baseline 0.003 -20"><span class='ocrx_word' id='word_1_214' title='bbox 372 3419 584 3474; x_wconf 84' lang='lat' dir='ltr'><strong>Notum</strong></span> <span class='ocrx_word' id='word_1_215' title='bbox 616 3419 694 3474; x_wconf 91' lang='lat' dir='ltr'><strong>sit</strong></span> <span class='ocrx_word' id='word_1_216' title='bbox 731 3419 866 3490; x_wconf 90' lang='lat' dir='ltr'><strong>quia</strong></span> <span class='ocrx_word' id='word_1_217' title='bbox 896 3419 1162 3477; x_wconf 86' lang='lat' dir='ltr'><strong>Adalhun</strong></span> <span class='ocrx_word' id='word_1_218' title='bbox 1199 3422 1380 3491; x_wconf 87' lang='lat' dir='ltr'><strong>major</strong></span> <span class='ocrx_word' id='word_1_219' title='bbox 1407 3436 1537 3478; x_wconf 91' lang='lat' dir='ltr'><strong>cum</strong></span> <span class='ocrx_word' id='word_1_220' title='bbox 1568 3422 1802 3478; x_wconf 58' lang='lat' dir='ltr'><strong>licentia</strong></span> <span class='ocrx_word' id='word_1_221' title='bbox 1822 3423 1956 3493; x_wconf 87' lang='lat' dir='ltr'><strong>epi—</strong></span> 
     </span>
    </p>
   </div>
   <div class='ocr_carea' id='block_1_38' title="bbox 297 3508 1955 3582">
    <p class='ocr_par' dir='ltr' id='par_1_38' title="bbox 297 3508 1955 3582">
     <span class='ocr_line' id='line_1_38' title="bbox 297 3508 1955 3582; baseline 0.004 -20"><span class='ocrx_word' id='word_1_222' title='bbox 297 3508 458 3578; x_wconf 89' lang='lat' dir='ltr'><strong>sc0pi</strong></span> <span class='ocrx_word' id='word_1_223' title='bbox 484 3508 894 3566; x_wconf 87' lang='lat' dir='ltr'><strong>Ambrichonis</strong></span> <span class='ocrx_word' id='word_1_224' title='bbox 925 3511 1168 3566; x_wconf 89' lang='lat' dir='ltr'><strong>tradidit</strong></span> <span class='ocrx_word' id='word_1_225' title='bbox 1211 3512 1582 3582; x_wconf 78' lang='lat' dir='ltr'><strong>Meginhardo</strong></span> <span class='ocrx_word' id='word_1_226' title='bbox 1611 3512 1787 3568; x_wconf 89' lang='lat' dir='ltr'><strong>unius</strong></span> <span class='ocrx_word' id='word_1_227' title='bbox 1811 3526 1955 3569; x_wconf 77' lang='lat' dir='ltr'><strong>areae</strong></span> 
     </span>
    </p>
   </div>
   <div class='ocr_carea' id='block_1_39' title="bbox 301 3597 1958 3668">
    <p class='ocr_par' dir='ltr' id='par_1_39' title="bbox 301 3597 1958 3668">
     <span class='ocr_line' id='line_1_39' title="bbox 301 3597 1958 3668; baseline 0.002 -17"><span class='ocrx_word' id='word_1_228' title='bbox 301 3601 518 3667; x_wconf 90' lang='lat' dir='ltr'><strong>partem</strong></span> <span class='ocrx_word' id='word_1_229' title='bbox 559 3611 729 3652; x_wconf 90' lang='lat' dir='ltr'><strong>unam</strong></span> <span class='ocrx_word' id='word_1_230' title='bbox 769 3597 836 3652; x_wconf 88' lang='lat' dir='ltr'><strong>ad</strong></span> <span class='ocrx_word' id='word_1_231' title='bbox 880 3597 1259 3668; x_wconf 86' lang='lat' dir='ltr'><strong>Chaparussa.</strong></span> <span class='ocrx_word' id='word_1_232' title='bbox 1301 3599 1342 3653; x_wconf 91' lang='lat' dir='ltr'><strong>E</strong></span> <span class='ocrx_word' id='word_1_233' title='bbox 1395 3604 1591 3655; x_wconf 90' lang='lat' dir='ltr'><strong>contra</strong></span> <span class='ocrx_word' id='word_1_234' title='bbox 1635 3600 1786 3656; x_wconf 90' lang='lat' dir='ltr'><strong>idem</strong></span> <span class='ocrx_word' id='word_1_235' title='bbox 1833 3602 1958 3656; x_wconf 82' lang='lat' dir='ltr'><strong>Me-</strong></span> 
     </span>
    </p>
   </div>
   <div class='ocr_carea' id='block_1_40' title="bbox 297 3685 1958 3761">
    <p class='ocr_par' dir='ltr' id='par_1_40' title="bbox 297 3685 1958 3761">
     <span class='ocr_line' id='line_1_40' title="bbox 297 3685 1958 3761; baseline 0.004 -21"><span class='ocrx_word' id='word_1_236' title='bbox 297 3685 624 3758; x_wconf 79' lang='lat' dir='ltr'><strong>ginhardus</strong></span> <span class='ocrx_word' id='word_1_237' title='bbox 651 3687 893 3742; x_wconf 88' lang='lat' dir='ltr'><strong>tradidit</strong></span> <span class='ocrx_word' id='word_1_238' title='bbox 925 3689 995 3743; x_wconf 89' lang='lat' dir='ltr'><strong>ad</strong></span> <span class='ocrx_word' id='word_1_239' title='bbox 1034 3689 1091 3743; x_wconf 94' lang='lat' dir='ltr'><strong>S.</strong></span> <span class='ocrx_word' id='word_1_240' title='bbox 1123 3688 1598 3745; x_wconf 86' lang='lat' dir='ltr'><strong>Emmerammum</strong></span> <span class='ocrx_word' id='word_1_241' title='bbox 1633 3690 1758 3761; x_wconf 83' lang='lat' dir='ltr'><strong>agri</strong></span> <span class='ocrx_word' id='word_1_242' title='bbox 1782 3690 1958 3746; x_wconf 92' lang='lat' dir='ltr'><strong>unius</strong></span> 
     </span>
    </p>
   </div>
   <div class='ocr_carea' id='block_1_41' title="bbox 302 3776 1105 3846">
    <p class='ocr_par' dir='ltr' id='par_1_41' title="bbox 302 3776 1105 3846">
     <span class='ocr_line' id='line_1_41' title="bbox 302 3776 1105 3846; baseline 0.002 -16"><span class='ocrx_word' id='word_1_243' title='bbox 302 3780 496 3846; x_wconf 88' lang='lat' dir='ltr'><strong>partes</strong></span> <span class='ocrx_word' id='word_1_244' title='bbox 524 3777 640 3832; x_wconf 91' lang='lat' dir='ltr'><strong>duo</strong></span> <span class='ocrx_word' id='word_1_245' title='bbox 671 3777 730 3831; x_wconf 89' lang='lat' dir='ltr'><strong>in</strong></span> <span class='ocrx_word' id='word_1_246' title='bbox 752 3776 946 3832; x_wconf 88' lang='lat' dir='ltr'><strong>eodem</strong></span> <span class='ocrx_word' id='word_1_247' title='bbox 961 3777 1105 3832; x_wconf 93' lang='lat' dir='ltr'><strong>loco.</strong></span> 
     </span>
    </p>
   </div>
   <div class='ocr_carea' id='block_1_42' title="bbox 368 3882 1886 3941">
    <p class='ocr_par' dir='ltr' id='par_1_42' title="bbox 368 3882 1886 3941">
     <span class='ocr_line' id='line_1_42' title="bbox 368 3882 1886 3941; baseline 0.002 -3"><span class='ocrx_word' id='word_1_248' title='bbox 368 3882 502 3938; x_wconf 81' lang='lat' dir='ltr'><strong>CAP.</strong></span> <span class='ocrx_word' id='word_1_249' title='bbox 535 3883 791 3938; x_wconf 89' lang='lat' dir='ltr'><strong>XXXIII.</strong></span> <span class='ocrx_word' id='word_1_250' title='bbox 814 3913 890 3923; x_wconf 93' lang='lat'><strong>—</strong></span> <span class='ocrx_word' id='word_1_251' title='bbox 911 3883 1265 3939; x_wconf 86' lang='lat' dir='ltr'><strong>Commutatio</strong></span> <span class='ocrx_word' id='word_1_252' title='bbox 1302 3885 1446 3939; x_wconf 85' lang='lat' dir='ltr'><strong>inter</strong></span> <span class='ocrx_word' id='word_1_253' title='bbox 1471 3885 1886 3941; x_wconf 84' lang='lat' dir='ltr'><strong>Ambrichonem</strong></span> 
     </span>
    </p>
   </div>
   <div class='ocr_carea' id='block_1_43' title="bbox 553 3956 1702 4027">
    <p class='ocr_par' dir='ltr' id='par_1_43' title="bbox 553 3956 1702 4027">
     <span class='ocr_line' id='line_1_43' title="bbox 553 3956 1702 4027; baseline 0.002 -18"><span class='ocrx_word' id='word_1_254' title='bbox 553 3956 857 4025; x_wconf 83' lang='lat' dir='ltr'><strong>episcopum</strong></span> <span class='ocrx_word' id='word_1_255' title='bbox 878 3960 929 4010; x_wconf 84' lang='lat' dir='ltr'><strong>et</strong></span> <span class='ocrx_word' id='word_1_256' title='bbox 947 3957 1293 4026; x_wconf 85' lang='lat' dir='ltr'><strong>Ermpertum</strong></span> <span class='ocrx_word' id='word_1_257' title='bbox 1306 3957 1702 4027; x_wconf 79' lang='lat' dir='ltr'><strong>presbyterum.</strong></span> 
     </span>
    </p>
   </div>
   <div class='ocr_carea' id='block_1_44' title="bbox 372 4059 1959 4137">
    <p class='ocr_par' dir='ltr' id='par_1_44' title="bbox 372 4059 1959 4137">
     <span class='ocr_line' id='line_1_44' title="bbox 372 4059 1959 4137; baseline 0.002 -21"><span class='ocrx_word' id='word_1_258' title='bbox 372 4062 612 4132; x_wconf 85' lang='lat' dir='ltr'><strong>Propter</strong></span> <span class='ocrx_word' id='word_1_259' title='bbox 642 4061 954 4118; x_wconf 88' lang='lat' dir='ltr'><strong>multorum</strong></span> <span class='ocrx_word' id='word_1_260' title='bbox 988 4060 1321 4118; x_wconf 86' lang='lat' dir='ltr'><strong>felicitatem</strong></span> <span class='ocrx_word' id='word_1_261' title='bbox 1355 4059 1426 4137; x_wconf 67' lang='grc' dir='ltr'><strong>[ν.</strong></span> <span class='ocrx_word' id='word_1_262' title='bbox 1465 4062 1790 4135; x_wconf 86' lang='lat' dir='ltr'><strong>falsitatem]</strong></span> <span class='ocrx_word' id='word_1_263' title='bbox 1821 4065 1959 4120; x_wconf 88' lang='lat' dir='ltr'><strong>titu-</strong></span> 
     </span>
    </p>
   </div>
   <div class='ocr_carea' id='block_1_45' title="bbox 299 4149 1957 4222">
    <p class='ocr_par' dir='ltr' id='par_1_45' title="bbox 299 4149 1957 4222">
     <span class='ocr_line' id='line_1_45' title="bbox 299 4149 1957 4222; baseline 0.002 -16"><span class='ocrx_word' id='word_1_264' title='bbox 299 4149 560 4206; x_wconf 89' lang='lat' dir='ltr'><strong>bationis</strong></span> <span class='ocrx_word' id='word_1_265' title='bbox 588 4149 740 4222; x_wconf 88' lang='lat' dir='ltr'><strong>ﬁdei,</strong></span> <span class='ocrx_word' id='word_1_266' title='bbox 773 4156 829 4206; x_wconf 87' lang='lat' dir='ltr'><strong>et</strong></span> <span class='ocrx_word' id='word_1_267' title='bbox 858 4152 996 4222; x_wconf 90' lang='lat' dir='ltr'><strong>quia</strong></span> <span class='ocrx_word' id='word_1_268' title='bbox 1022 4151 1136 4206; x_wconf 91' lang='lat' dir='ltr'><strong>sibi</strong></span> <span class='ocrx_word' id='word_1_269' title='bbox 1163 4152 1604 4208; x_wconf 88' lang='lat' dir='ltr'><strong>succedentibus</strong></span> <span class='ocrx_word' id='word_1_270' title='bbox 1634 4166 1734 4222; x_wconf 90' lang='lat' dir='ltr'><strong>pro</strong></span> <span class='ocrx_word' id='word_1_271' title='bbox 1765 4167 1957 4209; x_wconf 88' lang='lat' dir='ltr'><strong>rerum</strong></span> 
     </span>
    </p>
   </div>
   <div class='ocr_carea' id='block_1_46' title="bbox 301 4237 1965 4310">
    <p class='ocr_par' dir='ltr' id='par_1_46' title="bbox 301 4237 1965 4310">
     <span class='ocr_line' id='line_1_46' title="bbox 301 4237 1965 4310; baseline 0.002 -16"><span class='ocrx_word' id='word_1_272' title='bbox 301 4237 546 4295; x_wconf 85' lang='lat' dir='ltr'><strong>fortuita</strong></span> <span class='ocrx_word' id='word_1_273' title='bbox 571 4239 956 4296; x_wconf 82' lang='lat' dir='ltr'><strong>mutabilitate</strong></span> <span class='ocrx_word' id='word_1_274' title='bbox 981 4240 1403 4310; x_wconf 87' lang='lat' dir='ltr'><strong>principatibus</strong></span> <span class='ocrx_word' id='word_1_275' title='bbox 1432 4241 1809 4310; x_wconf 90' lang='lat' dir='ltr'><strong>quorumdam</strong></span> <span class='ocrx_word' id='word_1_276' title='bbox 1835 4242 1965 4298; x_wconf 78' lang='lat' dir='ltr'><strong>diu-</strong></span> 
     </span>
    </p>
   </div>
   <div class='ocr_carea' id='block_1_47' title="bbox 301 4327 1957 4404">
    <p class='ocr_par' dir='ltr' id='par_1_47' title="bbox 301 4327 1957 4404">
     <span class='ocr_line' id='line_1_47' title="bbox 301 4327 1957 4404; baseline 0.001 -21"><span class='ocrx_word' id='word_1_277' title='bbox 301 4333 515 4384; x_wconf 88' lang='lat' dir='ltr'><strong>turnus</strong></span> <span class='ocrx_word' id='word_1_278' title='bbox 549 4327 709 4384; x_wconf 89' lang='lat' dir='ltr'><strong>labor</strong></span> <span class='ocrx_word' id='word_1_279' title='bbox 746 4329 960 4398; x_wconf 91' lang='lat' dir='ltr'><strong>prioris</strong></span> <span class='ocrx_word' id='word_1_280' title='bbox 999 4329 1222 4384; x_wconf 88' lang='lat' dir='ltr'><strong>servitii</strong></span> <span class='ocrx_word' id='word_1_281' title='bbox 1254 4329 1339 4384; x_wconf 86' lang='lat' dir='ltr'><strong>vel</strong></span> <span class='ocrx_word' id='word_1_282' title='bbox 1375 4329 1653 4386; x_wconf 89' lang='lat' dir='ltr'><strong>oblivioni</strong></span> <span class='ocrx_word' id='word_1_283' title='bbox 1687 4330 1957 4404; x_wconf 89' lang='lat' dir='ltr'><strong>traditur,</strong></span> 
     </span>
    </p>
   </div>
   <div class='ocr_carea' id='block_1_48' title="bbox 2070 499 3722 576">
    <p class='ocr_par' dir='ltr' id='par_1_48' title="bbox 2070 499 3722 576">
     <span class='ocr_line' id='line_1_48' title="bbox 2070 499 3722 576; baseline 0.011 -24"><span class='ocrx_word' id='word_1_284' title='bbox 2070 499 2310 565; x_wconf 88' lang='lat' dir='ltr'><strong>pecunia</strong></span> <span class='ocrx_word' id='word_1_285' title='bbox 2361 503 2550 571; x_wconf 90' lang='lat' dir='ltr'><strong>potuit</strong></span> <span class='ocrx_word' id='word_1_286' title='bbox 2599 505 2916 576; x_wconf 90' lang='lat' dir='ltr'><strong>acquirere,</strong></span> <span class='ocrx_word' id='word_1_287' title='bbox 2967 520 3095 562; x_wconf 90' lang='lat' dir='ltr'><strong>cum</strong></span> <span class='ocrx_word' id='word_1_288' title='bbox 3141 512 3302 563; x_wconf 91' lang='lat' dir='ltr'><strong>curte</strong></span> <span class='ocrx_word' id='word_1_289' title='bbox 3339 513 3396 564; x_wconf 92' lang='lat' dir='ltr'><strong>et</strong></span> <span class='ocrx_word' id='word_1_290' title='bbox 3437 509 3722 571; x_wconf 60' lang='lat' dir='ltr'><strong>aediﬁciis,</strong></span> 
     </span>
    </p>
   </div>
   <div class='ocr_carea' id='block_1_49' title="bbox 2067 588 3725 668">
    <p class='ocr_par' dir='ltr' id='par_1_49' title="bbox 2067 588 3725 668">
     <span class='ocr_line' id='line_1_49' title="bbox 2067 588 3725 668; baseline 0.009 -29"><span class='ocrx_word' id='word_1_291' title='bbox 2067 588 2376 657; x_wconf 89' lang='lat' dir='ltr'><strong>mancipiis</strong></span> <span class='ocrx_word' id='word_1_292' title='bbox 2420 607 2647 664; x_wconf 90' lang='lat' dir='ltr'><strong>quoque</strong></span> <span class='ocrx_word' id='word_1_293' title='bbox 2698 594 2916 650; x_wconf 89' lang='lat' dir='ltr'><strong>additis</strong></span> <span class='ocrx_word' id='word_1_294' title='bbox 2971 609 3210 652; x_wconf 90' lang='lat' dir='ltr'><strong>numero</strong></span> <span class='ocrx_word' id='word_1_295' title='bbox 3253 610 3315 650; x_wconf 77' lang='grc' dir='ltr'>ιι.</span> <span class='ocrx_word' id='word_1_296' title='bbox 3382 597 3725 668; x_wconf 88' lang='lat' dir='ltr'><strong>Eisdemque</strong></span> 
     </span>
    </p>
   </div>
   <div class='ocr_carea' id='block_1_50' title="bbox 2065 676 3727 757">
    <p class='ocr_par' dir='ltr' id='par_1_50' title="bbox 2065 676 3727 757">
     <span class='ocr_line' id='line_1_50' title="bbox 2065 676 3727 757; baseline 0.008 -28"><span class='ocrx_word' id='word_1_297' title='bbox 2065 676 2448 752; x_wconf 90' lang='lat' dir='ltr'><strong>tradentibus,</strong></span> <span class='ocrx_word' id='word_1_298' title='bbox 2495 682 2553 738; x_wconf 92' lang='lat' dir='ltr'><strong>id</strong></span> <span class='ocrx_word' id='word_1_299' title='bbox 2602 689 2708 754; x_wconf 91' lang='lat' dir='ltr'><strong>est,</strong></span> <span class='ocrx_word' id='word_1_300' title='bbox 2766 684 3078 757; x_wconf 88' lang='lat' dir='ltr'><strong>advocatis,</strong></span> <span class='ocrx_word' id='word_1_301' title='bbox 3130 684 3320 741; x_wconf 83' lang='lat' dir='ltr'><strong>Avone</strong></span> <span class='ocrx_word' id='word_1_302' title='bbox 3353 686 3621 741; x_wconf 89' lang='lat' dir='ltr'><strong>videlicet</strong></span> <span class='ocrx_word' id='word_1_303' title='bbox 3671 692 3727 742; x_wconf 91' lang='lat' dir='ltr'><strong>et</strong></span> 
     </span>
    </p>
   </div>
   <div class='ocr_carea' id='block_1_51' title="bbox 2060 766 3730 846">
    <p class='ocr_par' dir='ltr' id='par_1_51' title="bbox 2060 766 3730 846">
     <span class='ocr_line' id='line_1_51' title="bbox 2060 766 3730 846; baseline 0.005 -22"><span class='ocrx_word' id='word_1_304' title='bbox 2060 766 2415 841; x_wconf 89' lang='lat' dir='ltr'><strong>Gundperto,</strong></span> <span class='ocrx_word' id='word_1_305' title='bbox 2435 771 2671 841; x_wconf 89' lang='lat' dir='ltr'><strong>jubente</strong></span> <span class='ocrx_word' id='word_1_306' title='bbox 2698 773 2929 844; x_wconf 89' lang='lat' dir='ltr'><strong>quidem</strong></span> <span class='ocrx_word' id='word_1_307' title='bbox 2954 775 3338 832; x_wconf 83' lang='lat' dir='ltr'><strong>Ambrichone</strong></span> <span class='ocrx_word' id='word_1_308' title='bbox 3361 791 3471 846; x_wconf 91' lang='lat' dir='ltr'><strong>ep.,</strong></span> <span class='ocrx_word' id='word_1_309' title='bbox 3501 780 3557 831; x_wconf 88' lang='lat' dir='ltr'><strong>et</strong></span> <span class='ocrx_word' id='word_1_310' title='bbox 3575 789 3730 832; x_wconf 76' lang='lat' dir='ltr'><strong>acce&#39;</strong></span> 
     </span>
    </p>
   </div>
   <div class='ocr_carea' id='block_1_52' title="bbox 2065 859 3724 937">
    <p class='ocr_par' dir='ltr' id='par_1_52' title="bbox 2065 859 3724 937">
     <span class='ocr_line' id='line_1_52' title="bbox 2065 859 3724 937; baseline 0.007 -24"><span class='ocrx_word' id='word_1_311' title='bbox 2065 859 2150 928; x_wconf 92' lang='lat' dir='ltr'><strong>pit</strong></span> <span class='ocrx_word' id='word_1_312' title='bbox 2191 859 2249 914; x_wconf 91' lang='lat' dir='ltr'><strong>in</strong></span> <span class='ocrx_word' id='word_1_313' title='bbox 2287 862 2692 931; x_wconf 89' lang='lat' dir='ltr'><strong>proprietatem</strong></span> <span class='ocrx_word' id='word_1_314' title='bbox 2741 865 2889 920; x_wconf 91' lang='lat' dir='ltr'><strong>idem</strong></span> <span class='ocrx_word' id='word_1_315' title='bbox 2928 865 3280 936; x_wconf 89' lang='lat' dir='ltr'><strong>Ermpertus,</strong></span> <span class='ocrx_word' id='word_1_316' title='bbox 3324 866 3609 937; x_wconf 88' lang='lat' dir='ltr'><strong>quidquid</strong></span> <span class='ocrx_word' id='word_1_317' title='bbox 3666 868 3724 924; x_wconf 91' lang='lat' dir='ltr'><strong>in</strong></span> 
     </span>
    </p>
   </div>
   <div class='ocr_carea' id='block_1_53' title="bbox 2062 947 3721 1026">
    <p class='ocr_par' dir='ltr' id='par_1_53' title="bbox 2062 947 3721 1026">
     <span class='ocr_line' id='line_1_53' title="bbox 2062 947 3721 1026; baseline 0.005 -22"><span class='ocrx_word' id='word_1_318' title='bbox 2062 947 2337 1007; x_wconf 89' lang='lat' dir='ltr'><strong>beneﬁcio</strong></span> <span class='ocrx_word' id='word_1_319' title='bbox 2361 951 2523 1008; x_wconf 91' lang='lat' dir='ltr'><strong>visus</strong></span> <span class='ocrx_word' id='word_1_320' title='bbox 2559 957 2645 1009; x_wconf 91' lang='lat' dir='ltr'><strong>est</strong></span> <span class='ocrx_word' id='word_1_321' title='bbox 2674 953 2880 1011; x_wconf 89' lang='lat' dir='ltr'><strong>habere</strong></span> <span class='ocrx_word' id='word_1_322' title='bbox 2904 969 3032 1011; x_wconf 91' lang='lat' dir='ltr'><strong>cum</strong></span> <span class='ocrx_word' id='word_1_323' title='bbox 3063 956 3328 1011; x_wconf 66' lang='lat' dir='ltr'><strong>aediﬁciis</strong></span> <span class='ocrx_word' id='word_1_324' title='bbox 3355 961 3410 1012; x_wconf 89' lang='lat' dir='ltr'><strong>et</strong></span> <span class='ocrx_word' id='word_1_325' title='bbox 3437 957 3721 1026; x_wconf 88' lang='lat' dir='ltr'><strong>curtibus,</strong></span> 
     </span>
    </p>
   </div>
   <div class='ocr_carea' id='block_1_54' title="bbox 2065 1041 3721 1118">
    <p class='ocr_par' dir='ltr' id='par_1_54' title="bbox 2065 1041 3721 1118">
     <span class='ocr_line' id='line_1_54' title="bbox 2065 1041 3721 1118; baseline 0.005 -24"><span class='ocrx_word' id='word_1_326' title='bbox 2065 1041 2396 1112; x_wconf 89' lang='lat' dir='ltr'><strong>mancipiis,</strong></span> <span class='ocrx_word' id='word_1_327' title='bbox 2430 1048 2487 1099; x_wconf 91' lang='lat' dir='ltr'><strong>et</strong></span> <span class='ocrx_word' id='word_1_328' title='bbox 2515 1044 2785 1101; x_wconf 88' lang='lat' dir='ltr'><strong>omnibus</strong></span> <span class='ocrx_word' id='word_1_329' title='bbox 2812 1045 3227 1110; x_wconf 81' lang='lat' dir='ltr'><strong>ustensilibus;</strong></span> <span class='ocrx_word' id='word_1_330' title='bbox 3273 1046 3352 1102; x_wconf 81' lang='lat' dir='ltr'><strong>ita</strong></span> <span class='ocrx_word' id='word_1_331' title='bbox 3384 1047 3609 1102; x_wconf 89' lang='lat' dir='ltr'><strong>scilicet</strong></span> <span class='ocrx_word' id='word_1_332' title='bbox 3638 1053 3721 1118; x_wconf 92' lang='lat' dir='ltr'><strong>ut,</strong></span> 
     </span>
    </p>
   </div>
   <div class='ocr_carea' id='block_1_55' title="bbox 2064 1131 3721 1207">
    <p class='ocr_par' dir='ltr' id='par_1_55' title="bbox 2064 1131 3721 1207">
     <span class='ocr_line' id='line_1_55' title="bbox 2064 1131 3721 1207; baseline 0.005 -23"><span class='ocrx_word' id='word_1_333' title='bbox 2064 1134 2121 1185; x_wconf 91' lang='lat' dir='ltr'><strong>et</strong></span> <span class='ocrx_word' id='word_1_334' title='bbox 2141 1131 2273 1186; x_wconf 91' lang='lat' dir='ltr'><strong>dato</strong></span> <span class='ocrx_word' id='word_1_335' title='bbox 2298 1136 2354 1187; x_wconf 91' lang='lat' dir='ltr'><strong>et</strong></span> <span class='ocrx_word' id='word_1_336' title='bbox 2373 1139 2621 1206; x_wconf 90' lang='lat' dir='ltr'><strong>accepto,</strong></span> <span class='ocrx_word' id='word_1_337' title='bbox 2661 1135 2840 1190; x_wconf 90' lang='lat' dir='ltr'><strong>donec</strong></span> <span class='ocrx_word' id='word_1_338' title='bbox 2877 1135 2936 1189; x_wconf 92' lang='lat' dir='ltr'><strong>in</strong></span> <span class='ocrx_word' id='word_1_339' title='bbox 2969 1135 3073 1190; x_wconf 90' lang='lat' dir='ltr'><strong>hac</strong></span> <span class='ocrx_word' id='word_1_340' title='bbox 3102 1134 3297 1207; x_wconf 80' lang='lat' dir='ltr'><strong>fragili</strong></span> <span class='ocrx_word' id='word_1_341' title='bbox 3329 1136 3446 1192; x_wconf 89' lang='lat' dir='ltr'><strong>vita</strong></span> <span class='ocrx_word' id='word_1_342' title='bbox 3484 1136 3721 1207; x_wconf 89' lang='lat' dir='ltr'><strong>viveret,</strong></span> 
     </span>
    </p>
   </div>
   <div class='ocr_carea' id='block_1_56' title="bbox 2065 1221 3726 1297">
    <p class='ocr_par' dir='ltr' id='par_1_56' title="bbox 2065 1221 3726 1297">
     <span class='ocr_line' id='line_1_56' title="bbox 2065 1221 3726 1297; baseline 0.004 -23"><span class='ocrx_word' id='word_1_343' title='bbox 2065 1221 2357 1276; x_wconf 89' lang='lat' dir='ltr'><strong>consimili</strong></span> <span class='ocrx_word' id='word_1_344' title='bbox 2389 1223 2518 1292; x_wconf 89' lang='lat' dir='ltr'><strong>jure</strong></span> <span class='ocrx_word' id='word_1_345' title='bbox 2568 1224 2936 1294; x_wconf 89' lang='lat' dir='ltr'><strong>proprietatis</strong></span> <span class='ocrx_word' id='word_1_346' title='bbox 2967 1229 3243 1295; x_wconf 84' lang='lat' dir='ltr'><strong>uteretur,</strong></span> <span class='ocrx_word' id='word_1_347' title='bbox 3291 1225 3452 1282; x_wconf 90' lang='lat' dir='ltr'><strong>nullo</strong></span> <span class='ocrx_word' id='word_1_348' title='bbox 3486 1226 3726 1297; x_wconf 89' lang='lat' dir='ltr'><strong>inquie—</strong></span> 
     </span>
    </p>
   </div>
   <div class='ocr_carea' id='block_1_57' title="bbox 2066 1311 3723 1379">
    <p class='ocr_par' dir='ltr' id='par_1_57' title="bbox 2066 1311 3723 1379">
     <span class='ocr_line' id='line_1_57' title="bbox 2066 1311 3723 1379; baseline 0.005 -16"><span class='ocrx_word' id='word_1_349' title='bbox 2066 1311 2241 1379; x_wconf 90' lang='lat' dir='ltr'><strong>tante,</strong></span> <span class='ocrx_word' id='word_1_350' title='bbox 2293 1311 2454 1368; x_wconf 90' lang='lat' dir='ltr'><strong>nullo</strong></span> <span class='ocrx_word' id='word_1_351' title='bbox 2506 1313 2946 1369; x_wconf 88' lang='lat' dir='ltr'><strong>contradicente.</strong></span> <span class='ocrx_word' id='word_1_352' title='bbox 2994 1314 3128 1369; x_wconf 91' lang='lat' dir='ltr'><strong>Post</strong></span> <span class='ocrx_word' id='word_1_353' title='bbox 3166 1313 3332 1370; x_wconf 91' lang='lat' dir='ltr'><strong>illius</strong></span> <span class='ocrx_word' id='word_1_354' title='bbox 3371 1321 3560 1370; x_wconf 88' lang='lat' dir='ltr'><strong>autem</strong></span> <span class='ocrx_word' id='word_1_355' title='bbox 3593 1316 3723 1372; x_wconf 71' lang='lat' dir='ltr'><strong>vitae</strong></span> 
     </span>
    </p>
   </div>
   <div class='ocr_carea' id='block_1_58' title="bbox 2070 1397 3724 1475">
    <p class='ocr_par' dir='ltr' id='par_1_58' title="bbox 2070 1397 3724 1475">
     <span class='ocr_line' id='line_1_58' title="bbox 2070 1397 3724 1475; baseline 0.005 -23"><span class='ocrx_word' id='word_1_356' title='bbox 2070 1397 2291 1454; x_wconf 87' lang='lat' dir='ltr'><strong>obitum</strong></span> <span class='ocrx_word' id='word_1_357' title='bbox 2340 1400 2494 1456; x_wconf 90' lang='lat' dir='ltr'><strong>salva</strong></span> <span class='ocrx_word' id='word_1_358' title='bbox 2532 1403 2724 1458; x_wconf 92' lang='lat' dir='ltr'><strong>omnia</strong></span> <span class='ocrx_word' id='word_1_359' title='bbox 2750 1408 2804 1458; x_wconf 91' lang='lat' dir='ltr'><strong>et</strong></span> <span class='ocrx_word' id='word_1_360' title='bbox 2849 1403 3181 1458; x_wconf 89' lang='lat' dir='ltr'><strong>intemerata</strong></span> <span class='ocrx_word' id='word_1_361' title='bbox 3230 1404 3466 1460; x_wconf 90' lang='lat' dir='ltr'><strong>servitio</strong></span> <span class='ocrx_word' id='word_1_362' title='bbox 3511 1419 3724 1475; x_wconf 83' lang='lat' dir='ltr'><strong>supra-</strong></span> 
     </span>
    </p>
   </div>
   <div class='ocr_carea' id='block_1_59' title="bbox 2068 1485 3726 1549">
    <p class='ocr_par' dir='ltr' id='par_1_59' title="bbox 2068 1485 3726 1549">
     <span class='ocr_line' id='line_1_59' title="bbox 2068 1485 3726 1549; baseline 0.005 -8"><span class='ocrx_word' id='word_1_363' title='bbox 2068 1485 2357 1543; x_wconf 91' lang='lat' dir='ltr'><strong>dictorum</strong></span> <span class='ocrx_word' id='word_1_364' title='bbox 2382 1492 2709 1546; x_wconf 90' lang='lat' dir='ltr'><strong>sanctorum</strong></span> <span class='ocrx_word' id='word_1_365' title='bbox 2751 1491 2951 1547; x_wconf 88' lang='lat' dir='ltr'><strong>cedent</strong></span> <span class='ocrx_word' id='word_1_366' title='bbox 2989 1491 3116 1548; x_wconf 91' lang='lat' dir='ltr'><strong>sine</strong></span> <span class='ocrx_word' id='word_1_367' title='bbox 3141 1505 3316 1548; x_wconf 90' lang='lat' dir='ltr'><strong>mora.</strong></span> <span class='ocrx_word' id='word_1_368' title='bbox 3364 1494 3433 1548; x_wconf 91' lang='lat' dir='ltr'><strong>Et</strong></span> <span class='ocrx_word' id='word_1_369' title='bbox 3459 1493 3556 1548; x_wconf 90' lang='lat' dir='ltr'><strong>isti</strong></span> <span class='ocrx_word' id='word_1_370' title='bbox 3587 1498 3726 1549; x_wconf 90' lang='lat' dir='ltr'><strong>sunt</strong></span> 
     </span>
    </p>
   </div>
   <div class='ocr_carea' id='block_1_60' title="bbox 2070 1579 3721 1654">
    <p class='ocr_par' dir='ltr' id='par_1_60' title="bbox 2070 1579 3721 1654">
     <span class='ocr_line' id='line_1_60' title="bbox 2070 1579 3721 1654; baseline 0.005 -24"><span class='ocrx_word' id='word_1_371' title='bbox 2070 1581 2295 1632; x_wconf 90' lang='lat' dir='ltr'><strong>testes:</strong></span> <span class='ocrx_word' id='word_1_372' title='bbox 2351 1579 2649 1650; x_wconf 84' lang='lat' dir='ltr'><strong>Hadamar,</strong></span> <span class='ocrx_word' id='word_1_373' title='bbox 2750 1581 2994 1653; x_wconf 83' lang='lat' dir='ltr'><strong>Rodker,</strong></span> <span class='ocrx_word' id='word_1_374' title='bbox 3072 1582 3305 1654; x_wconf 91' lang='lat' dir='ltr'><strong>Strupo,</strong></span> <span class='ocrx_word' id='word_1_375' title='bbox 3400 1584 3721 1654; x_wconf 86' lang='lat' dir='ltr'><strong>Ermperht,</strong></span> 
     </span>
    </p>
   </div>
   <div class='ocr_carea' id='block_1_61' title="bbox 2066 1665 2767 1738">
    <p class='ocr_par' dir='ltr' id='par_1_61' title="bbox 2066 1665 2767 1738">
     <span class='ocr_line' id='line_1_61' title="bbox 2066 1665 2767 1738; baseline 0.004 -17"><span class='ocrx_word' id='word_1_376' title='bbox 2066 1665 2478 1738; x_wconf 88' lang='lat' dir='ltr'><strong>Ercbanperht,</strong></span> <span class='ocrx_word' id='word_1_377' title='bbox 2524 1670 2767 1726; x_wconf 87' lang='lat' dir='ltr'><strong>Herirat.</strong></span> 
     </span>
    </p>
   </div>
   <div class='ocr_carea' id='block_1_62' title="bbox 1989 1735 3726 1850">
    <p class='ocr_par' dir='ltr' id='par_1_62' title="bbox 1989 1735 3726 1850">
     <span class='ocr_line' id='line_1_62' title="bbox 1989 1735 3726 1850; baseline 0.005 -22"><span class='ocrx_word' id='word_1_378' title='bbox 1989 1735 2042 1796; x_wconf 83' lang='lat' dir='ltr'><strong>B</strong></span> <span class='ocrx_word' id='word_1_379' title='bbox 2067 1773 2196 1829; x_wconf 80' lang='lat' dir='ltr'><strong>CAP.</strong></span> <span class='ocrx_word' id='word_1_380' title='bbox 2245 1735 2499 1831; x_wconf 85' lang='lat' dir='ltr'><strong>XXXIV.</strong></span> <span class='ocrx_word' id='word_1_381' title='bbox 2528 1806 2597 1850; x_wconf 40' lang='lat'><strong>:—</strong></span> <span class='ocrx_word' id='word_1_382' title='bbox 2627 1776 2982 1832; x_wconf 88' lang='lat' dir='ltr'><strong>Commutatio</strong></span> <span class='ocrx_word' id='word_1_383' title='bbox 3019 1780 3164 1834; x_wconf 84' lang='lat' dir='ltr'><strong>inter</strong></span> <span class='ocrx_word' id='word_1_384' title='bbox 3199 1781 3547 1849; x_wconf 84' lang='lat' dir='ltr'><strong>Ermpertum</strong></span> <span class='ocrx_word' id='word_1_385' title='bbox 3584 1795 3726 1850; x_wconf 87' lang='lat' dir='ltr'><strong>pre—</strong></span> 
     </span>
    </p>
   </div>
   <div class='ocr_carea' id='block_1_63' title="bbox 2512 1847 3265 1917">
    <p class='ocr_par' dir='ltr' id='par_1_63' title="bbox 2512 1847 3265 1917">
     <span class='ocr_line' id='line_1_63' title="bbox 2512 1847 3265 1917; baseline 0.005 -16"><span class='ocrx_word' id='word_1_386' title='bbox 2512 1847 2788 1916; x_wconf 82' lang='lat' dir='ltr'><strong>sbyterum</strong></span> <span class='ocrx_word' id='word_1_387' title='bbox 2825 1853 2876 1902; x_wconf 87' lang='lat' dir='ltr'><strong>et</strong></span> <span class='ocrx_word' id='word_1_388' title='bbox 2915 1850 3265 1917; x_wconf 81' lang='lat' dir='ltr'><strong>Sigifridum.</strong></span> 
     </span>
    </p>
   </div>
   <div class='ocr_carea' id='block_1_64' title="bbox 2139 1953 3724 2026">
    <p class='ocr_par' dir='ltr' id='par_1_64' title="bbox 2139 1953 3724 2026">
     <span class='ocr_line' id='line_1_64' title="bbox 2139 1953 3724 2026; baseline 0.003 -19"><span class='ocrx_word' id='word_1_389' title='bbox 2139 1953 2346 2009; x_wconf 90' lang='lat' dir='ltr'><strong>Notum</strong></span> <span class='ocrx_word' id='word_1_390' title='bbox 2377 1953 2456 2008; x_wconf 89' lang='lat' dir='ltr'><strong>sit</strong></span> <span class='ocrx_word' id='word_1_391' title='bbox 2485 1953 2754 2010; x_wconf 91' lang='lat' dir='ltr'><strong>omnibus</strong></span> <span class='ocrx_word' id='word_1_392' title='bbox 2777 1954 3045 2011; x_wconf 83' lang='lat' dir='ltr'><strong>ﬁdelibus</strong></span> <span class='ocrx_word' id='word_1_393' title='bbox 3074 1957 3211 2025; x_wconf 88' lang='lat' dir='ltr'><strong>quia</strong></span> <span class='ocrx_word' id='word_1_394' title='bbox 3241 1957 3573 2026; x_wconf 88' lang='lat' dir='ltr'><strong>Ermpertus</strong></span> <span class='ocrx_word' id='word_1_395' title='bbox 3597 1961 3724 2012; x_wconf 87' lang='lat' dir='ltr'><strong>tra—</strong></span> 
     </span>
    </p>
   </div>
   <div class='ocr_carea' id='block_1_65' title="bbox 2065 2037 3723 2114">
    <p class='ocr_par' dir='ltr' id='par_1_65' title="bbox 2065 2037 3723 2114">
     <span class='ocr_line' id='line_1_65' title="bbox 2065 2037 3723 2114; baseline 0.002 -20"><span class='ocrx_word' id='word_1_396' title='bbox 2065 2037 2217 2095; x_wconf 88' lang='lat' dir='ltr'><strong>didit</strong></span> <span class='ocrx_word' id='word_1_397' title='bbox 2238 2041 2516 2112; x_wconf 82' lang='lat' dir='ltr'><strong>Sigifrido</strong></span> <span class='ocrx_word' id='word_1_398' title='bbox 2537 2056 2665 2098; x_wconf 93' lang='lat' dir='ltr'><strong>cum</strong></span> <span class='ocrx_word' id='word_1_399' title='bbox 2695 2043 2929 2098; x_wconf 92' lang='lat' dir='ltr'><strong>licentia</strong></span> <span class='ocrx_word' id='word_1_400' title='bbox 2948 2042 3358 2100; x_wconf 81' lang='lat' dir='ltr'><strong>Ambrichonis</strong></span> <span class='ocrx_word' id='word_1_401' title='bbox 3379 2045 3632 2114; x_wconf 81' lang='lat' dir='ltr'><strong>episcOpi</strong></span> <span class='ocrx_word' id='word_1_402' title='bbox 3652 2045 3723 2099; x_wconf 93' lang='lat' dir='ltr'><strong>de</strong></span> 
     </span>
    </p>
   </div>
   <div class='ocr_carea' id='block_1_66' title="bbox 2068 2129 3724 2204">
    <p class='ocr_par' dir='ltr' id='par_1_66' title="bbox 2068 2129 3724 2204">
     <span class='ocr_line' id='line_1_66' title="bbox 2068 2129 3724 2204; baseline 0.002 -19"><span class='ocrx_word' id='word_1_403' title='bbox 2068 2129 2239 2185; x_wconf 88' lang='lat' dir='ltr'><strong>rebus</strong></span> <span class='ocrx_word' id='word_1_404' title='bbox 2283 2129 2545 2186; x_wconf 84' lang='lat' dir='ltr'><strong>beneﬁcii</strong></span> <span class='ocrx_word' id='word_1_405' title='bbox 2590 2131 2682 2186; x_wconf 92' lang='lat' dir='ltr'><strong>sui</strong></span> <span class='ocrx_word' id='word_1_406' title='bbox 2719 2131 2864 2187; x_wconf 90' lang='lat' dir='ltr'><strong>duas</strong></span> <span class='ocrx_word' id='word_1_407' title='bbox 2907 2135 3095 2201; x_wconf 89' lang='lat' dir='ltr'><strong>partes</strong></span> <span class='ocrx_word' id='word_1_408' title='bbox 3115 2134 3236 2204; x_wconf 83' lang='lat' dir='ltr'><strong>jug.</strong></span> <span class='ocrx_word' id='word_1_409' title='bbox 3269 2132 3447 2188; x_wconf 91' lang='lat' dir='ltr'><strong>unius</strong></span> <span class='ocrx_word' id='word_1_410' title='bbox 3473 2133 3531 2187; x_wconf 94' lang='lat' dir='ltr'><strong>in</strong></span> <span class='ocrx_word' id='word_1_411' title='bbox 3583 2145 3724 2202; x_wconf 88' lang='lat' dir='ltr'><strong>pro—</strong></span> 
     </span>
    </p>
   </div>
   <div class='ocr_carea' id='block_1_67' title="bbox 2068 2218 3724 2290">
    <p class='ocr_par' dir='ltr' id='par_1_67' title="bbox 2068 2218 3724 2290">
     <span class='ocr_line' id='line_1_67' title="bbox 2068 2218 3724 2290; baseline 0.002 -17"><span class='ocrx_word' id='word_1_412' title='bbox 2068 2218 2260 2289; x_wconf 90' lang='lat' dir='ltr'><strong>prium</strong></span> <span class='ocrx_word' id='word_1_413' title='bbox 2294 2218 2614 2275; x_wconf 89' lang='lat' dir='ltr'><strong>habendum</strong></span> <span class='ocrx_word' id='word_1_414' title='bbox 2647 2219 2716 2275; x_wconf 90' lang='lat' dir='ltr'><strong>ad</strong></span> <span class='ocrx_word' id='word_1_415' title='bbox 2742 2220 3071 2290; x_wconf 89' lang='lat' dir='ltr'><strong>Espilapab.</strong></span> <span class='ocrx_word' id='word_1_416' title='bbox 3102 2222 3145 2275; x_wconf 88' lang='grc' dir='ltr'><strong><em>Ε</em></strong></span> <span class='ocrx_word' id='word_1_417' title='bbox 3179 2225 3376 2276; x_wconf 91' lang='lat' dir='ltr'><strong>contra</strong></span> <span class='ocrx_word' id='word_1_418' title='bbox 3405 2235 3537 2277; x_wconf 90' lang='lat' dir='ltr'><strong>vero</strong></span> <span class='ocrx_word' id='word_1_419' title='bbox 3569 2235 3724 2290; x_wconf 75' lang='lat' dir='ltr'><strong>prae-</strong></span> 
     </span>
    </p>
   </div>
   <div class='ocr_carea' id='block_1_68' title="bbox 2063 2307 3721 2381">
    <p class='ocr_par' dir='ltr' id='par_1_68' title="bbox 2063 2307 3721 2381">
     <span class='ocr_line' id='line_1_68' title="bbox 2063 2307 3721 2381; baseline 0.002 -18"><span class='ocrx_word' id='word_1_420' title='bbox 2063 2307 2257 2363; x_wconf 88' lang='lat' dir='ltr'><strong>dictus</strong></span> <span class='ocrx_word' id='word_1_421' title='bbox 2284 2307 2600 2380; x_wconf 80' lang='lat' dir='ltr'><strong>Sigifridus</strong></span> <span class='ocrx_word' id='word_1_422' title='bbox 2620 2308 2863 2365; x_wconf 87' lang='lat' dir='ltr'><strong>tradidit</strong></span> <span class='ocrx_word' id='word_1_423' title='bbox 2880 2310 3248 2380; x_wconf 78' lang='lat' dir='ltr'><strong>praprietatis</strong></span> <span class='ocrx_word' id='word_1_424' title='bbox 3267 2323 3385 2366; x_wconf 67' lang='lat' dir='ltr'><strong>suae</strong></span> <span class='ocrx_word' id='word_1_425' title='bbox 3396 2310 3521 2381; x_wconf 84' lang='lat' dir='ltr'><strong>jug.</strong></span> <span class='ocrx_word' id='word_1_426' title='bbox 3545 2323 3562 2364; x_wconf 95' lang='grc' dir='ltr'><strong>ι</strong></span> <span class='ocrx_word' id='word_1_427' title='bbox 3591 2314 3721 2366; x_wconf 90' lang='lat' dir='ltr'><strong>ante</strong></span> 
     </span>
    </p>
   </div>
   <div class='ocr_carea' id='block_1_69' title="bbox 2065 2397 3722 2467">
    <p class='ocr_par' dir='ltr' id='par_1_69' title="bbox 2065 2397 3722 2467">
     <span class='ocr_line' id='line_1_69' title="bbox 2065 2397 3722 2467; baseline 0.002 -16"><span class='ocrx_word' id='word_1_428' title='bbox 2065 2397 2359 2452; x_wconf 89' lang='lat' dir='ltr'><strong>nominato</strong></span> <span class='ocrx_word' id='word_1_429' title='bbox 2400 2397 2729 2467; x_wconf 87' lang='lat' dir='ltr'><strong>Eremperto</strong></span> <span class='ocrx_word' id='word_1_430' title='bbox 2757 2397 2817 2453; x_wconf 93' lang='lat' dir='ltr'><strong>in</strong></span> <span class='ocrx_word' id='word_1_431' title='bbox 2843 2398 3035 2454; x_wconf 89' lang='lat' dir='ltr'><strong>eodem</strong></span> <span class='ocrx_word' id='word_1_432' title='bbox 3074 2399 3217 2455; x_wconf 65' lang='lat' dir='ltr'><strong>loco.</strong></span> <span class='ocrx_word' id='word_1_433' title='bbox 3248 2399 3316 2454; x_wconf 91' lang='lat' dir='ltr'><strong>Et</strong></span> <span class='ocrx_word' id='word_1_434' title='bbox 3342 2398 3441 2454; x_wconf 87' lang='lat' dir='ltr'><strong>isti</strong></span> <span class='ocrx_word' id='word_1_435' title='bbox 3470 2403 3606 2455; x_wconf 92' lang='lat' dir='ltr'><strong>sunt</strong></span> <span class='ocrx_word' id='word_1_436' title='bbox 3630 2402 3722 2454; x_wconf 90' lang='lat' dir='ltr'><strong>te-</strong></span> 
     </span>
    </p>
   </div>
   <div class='ocr_carea' id='block_1_70' title="bbox 2065 2486 3108 2559">
    <p class='ocr_par' dir='ltr' id='par_1_70' title="bbox 2065 2486 3108 2559">
     <span class='ocr_line' id='line_1_70' title="bbox 2065 2486 3108 2559; baseline 0 -17"><span class='ocrx_word' id='word_1_437' title='bbox 2065 2492 2212 2542; x_wconf 89' lang='lat' dir='ltr'><strong>stes:</strong></span> <span class='ocrx_word' id='word_1_438' title='bbox 2265 2486 2481 2556; x_wconf 84' lang='lat' dir='ltr'><strong>Albric,</strong></span> <span class='ocrx_word' id='word_1_439' title='bbox 2513 2486 2764 2558; x_wconf 89' lang='lat' dir='ltr'><strong>Folcrih,</strong></span> <span class='ocrx_word' id='word_1_440' title='bbox 2799 2489 2973 2559; x_wconf 84' lang='lat' dir='ltr'><strong>Hitto,</strong></span> <span class='ocrx_word' id='word_1_441' title='bbox 3003 2493 3108 2544; x_wconf 90' lang='lat' dir='ltr'><strong>etc.</strong></span> 
     </span>
    </p>
   </div>
   <div class='ocr_carea' id='block_1_71' title="bbox 2061 2593 3724 2665">
    <p class='ocr_par' dir='ltr' id='par_1_71' title="bbox 2061 2593 3724 2665">
     <span class='ocr_line' id='line_1_71' title="bbox 2061 2593 3724 2665; baseline -0.001 -16"><span class='ocrx_word' id='word_1_442' title='bbox 2061 2593 2189 2649; x_wconf 89' lang='lat' dir='ltr'><strong>CAP.</strong></span> <span class='ocrx_word' id='word_1_443' title='bbox 2230 2593 2460 2649; x_wconf 84' lang='lat' dir='ltr'><strong>XXXV.</strong></span> <span class='ocrx_word' id='word_1_444' title='bbox 2482 2623 2557 2635; x_wconf 90' lang='lat'><strong>—</strong></span> <span class='ocrx_word' id='word_1_445' title='bbox 2594 2595 2950 2650; x_wconf 83' lang='lat' dir='ltr'><strong>Commutatio</strong></span> <span class='ocrx_word' id='word_1_446' title='bbox 2979 2597 3122 2650; x_wconf 86' lang='lat' dir='ltr'><strong>inter</strong></span> <span class='ocrx_word' id='word_1_447' title='bbox 3150 2594 3572 2649; x_wconf 82' lang='lat' dir='ltr'><strong>Ambrichonem</strong></span> <span class='ocrx_word' id='word_1_448' title='bbox 3612 2596 3724 2665; x_wconf 84' lang='lat' dir='ltr'><strong>epi-</strong></span> 
     </span>
    </p>
   </div>
   <div class='ocr_carea' id='block_1_72' title="bbox 2227 2667 3551 2736">
    <p class='ocr_par' dir='ltr' id='par_1_72' title="bbox 2227 2667 3551 2736">
     <span class='ocr_line' id='line_1_72' title="bbox 2227 2667 3551 2736; baseline 0.002 -16"><span class='ocrx_word' id='word_1_449' title='bbox 2227 2681 2445 2736; x_wconf 86' lang='lat' dir='ltr'><strong>scopum</strong></span> <span class='ocrx_word' id='word_1_450' title='bbox 2475 2671 2526 2721; x_wconf 86' lang='lat' dir='ltr'><strong>et</strong></span> <span class='ocrx_word' id='word_1_451' title='bbox 2553 2667 2891 2722; x_wconf 86' lang='lat' dir='ltr'><strong>Attimarum</strong></span> <span class='ocrx_word' id='word_1_452' title='bbox 2924 2671 3086 2736; x_wconf 81' lang='lat' dir='ltr'><strong>atque</strong></span> <span class='ocrx_word' id='word_1_453' title='bbox 3112 2667 3551 2722; x_wconf 86' lang='lat' dir='ltr'><strong>Cundrammum.</strong></span> 
     </span>
    </p>
   </div>
   <div class='ocr_carea' id='block_1_73' title="bbox 2133 2769 3724 2845">
    <p class='ocr_par' dir='ltr' id='par_1_73' title="bbox 2133 2769 3724 2845">
     <span class='ocr_line' id='line_1_73' title="bbox 2133 2769 3724 2845; baseline 0.001 -18"><span class='ocrx_word' id='word_1_454' title='bbox 2133 2773 2344 2829; x_wconf 87' lang='lat' dir='ltr'><strong>Notum</strong></span> <span class='ocrx_word' id='word_1_455' title='bbox 2373 2773 2739 2829; x_wconf 90' lang='lat' dir='ltr'><strong>sitomnibus</strong></span> <span class='ocrx_word' id='word_1_456' title='bbox 2761 2773 3029 2829; x_wconf 86' lang='lat' dir='ltr'><strong>ﬁdelibus</strong></span> <span class='ocrx_word' id='word_1_457' title='bbox 3046 2773 3182 2845; x_wconf 86' lang='lat' dir='ltr'><strong>quia</strong></span> <span class='ocrx_word' id='word_1_458' title='bbox 3206 2773 3461 2829; x_wconf 90' lang='lat' dir='ltr'><strong>Wicram</strong></span> <span class='ocrx_word' id='word_1_459' title='bbox 3491 2769 3724 2829; x_wconf 83' lang='lat' dir='ltr'><strong>advoca&#39;</strong></span> 
     </span>
    </p>
   </div>
   <div class='ocr_carea' id='block_1_74' title="bbox 2065 2860 3721 2932">
    <p class='ocr_par' dir='ltr' id='par_1_74' title="bbox 2065 2860 3721 2932">
     <span class='ocr_line' id='line_1_74' title="bbox 2065 2860 3721 2932; baseline 0.001 -17"><span class='ocrx_word' id='word_1_460' title='bbox 2065 2865 2159 2916; x_wconf 90' lang='lat' dir='ltr'><strong>tus</strong></span> <span class='ocrx_word' id='word_1_461' title='bbox 2177 2860 2585 2916; x_wconf 82' lang='lat' dir='ltr'><strong>Ambricbonis</strong></span> <span class='ocrx_word' id='word_1_462' title='bbox 2601 2876 2687 2932; x_wconf 91' lang='lat' dir='ltr'><strong>ep.</strong></span> <span class='ocrx_word' id='word_1_463' title='bbox 2715 2862 2958 2917; x_wconf 83' lang='lat' dir='ltr'><strong>tradidit</strong></span> <span class='ocrx_word' id='word_1_464' title='bbox 2971 2861 3254 2918; x_wconf 84' lang='lat' dir='ltr'><strong>Attimaro</strong></span> <span class='ocrx_word' id='word_1_465' title='bbox 3272 2867 3328 2918; x_wconf 84' lang='lat' dir='ltr'><strong>et</strong></span> <span class='ocrx_word' id='word_1_466' title='bbox 3341 2862 3496 2918; x_wconf 91' lang='lat' dir='ltr'><strong>Cund</strong></span> <span class='ocrx_word' id='word_1_467' title='bbox 3507 2875 3721 2917; x_wconf 90' lang='lat' dir='ltr'><strong>rammo</strong></span> 
     </span>
    </p>
   </div>
   <div class='ocr_carea' id='block_1_75' title="bbox 2065 2949 3717 3023">
    <p class='ocr_par' dir='ltr' id='par_1_75' title="bbox 2065 2949 3717 3023">
     <span class='ocr_line' id='line_1_75' title="bbox 2065 2949 3717 3023; baseline 0.001 -20"><span class='ocrx_word' id='word_1_468' title='bbox 2065 2963 2193 3004; x_wconf 91' lang='lat' dir='ltr'><strong>cum</strong></span> <span class='ocrx_word' id='word_1_469' title='bbox 2216 2949 2450 3004; x_wconf 89' lang='lat' dir='ltr'><strong>licentia</strong></span> <span class='ocrx_word' id='word_1_470' title='bbox 2470 2951 2788 3019; x_wconf 89' lang='lat' dir='ltr'><strong>supradicti</strong></span> <span class='ocrx_word' id='word_1_471' title='bbox 2807 2965 2933 3006; x_wconf 93' lang='lat' dir='ltr'><strong>ven.</strong></span> <span class='ocrx_word' id='word_1_472' title='bbox 2956 2965 3043 3020; x_wconf 91' lang='lat' dir='ltr'><strong>ep.</strong></span> <span class='ocrx_word' id='word_1_473' title='bbox 3088 2957 3253 3007; x_wconf 74' lang='lat' dir='ltr'><strong>terrae</strong></span> <span class='ocrx_word' id='word_1_474' title='bbox 3281 2951 3522 3008; x_wconf 90' lang='lat' dir='ltr'><strong>arabilis</strong></span> <span class='ocrx_word' id='word_1_475' title='bbox 3540 2952 3662 3023; x_wconf 82' lang='lat' dir='ltr'><strong>jug.</strong></span> <span class='ocrx_word' id='word_1_476' title='bbox 3684 2964 3717 3004; x_wconf 93' lang='lat' dir='ltr'><strong>v</strong></span> 
     </span>
    </p>
   </div>
   <div class='ocr_carea' id='block_1_76' title="bbox 2068 3037 3722 3111">
    <p class='ocr_par' dir='ltr' id='par_1_76' title="bbox 2068 3037 3722 3111">
     <span class='ocr_line' id='line_1_76' title="bbox 2068 3037 3722 3111; baseline 0.001 -19"><span class='ocrx_word' id='word_1_477' title='bbox 2068 3037 2128 3092; x_wconf 90' lang='lat' dir='ltr'><strong>in</strong></span> <span class='ocrx_word' id='word_1_478' title='bbox 2158 3037 2282 3094; x_wconf 91' lang='lat' dir='ltr'><strong>loco</strong></span> <span class='ocrx_word' id='word_1_479' title='bbox 2326 3043 2654 3108; x_wconf 89' lang='lat' dir='ltr'><strong>nuncupato</strong></span> <span class='ocrx_word' id='word_1_480' title='bbox 2683 3039 2912 3111; x_wconf 82' lang='lat' dir='ltr'><strong>Atinga.</strong></span> <span class='ocrx_word' id='word_1_481' title='bbox 2941 3041 2986 3094; x_wconf 90' lang='lat' dir='ltr'>E</span> <span class='ocrx_word' id='word_1_482' title='bbox 3031 3045 3231 3095; x_wconf 88' lang='lat' dir='ltr'><strong>contra</strong></span> <span class='ocrx_word' id='word_1_483' title='bbox 3257 3042 3540 3097; x_wconf 89' lang='lat' dir='ltr'><strong>dederunt</strong></span> <span class='ocrx_word' id='word_1_484' title='bbox 3562 3041 3722 3096; x_wconf 88' lang='lat' dir='ltr'><strong>Atti—</strong></span> 
     </span>
    </p>
   </div>
   <div class='ocr_carea' id='block_1_77' title="bbox 1984 3101 3713 3200">
    <p class='ocr_par' dir='ltr' id='par_1_77' title="bbox 1984 3101 3713 3200">
     <span class='ocr_line' id='line_1_77' title="bbox 1984 3101 3713 3200; baseline 0.001 -18"><span class='ocrx_word' id='word_1_485' title='bbox 1984 3101 2034 3167; x_wconf 58' lang='grc' dir='ltr'><strong>(ἶ</strong></span> <span class='ocrx_word' id='word_1_486' title='bbox 2068 3140 2189 3182; x_wconf 91' lang='lat' dir='ltr'><strong>mar</strong></span> <span class='ocrx_word' id='word_1_487' title='bbox 2213 3133 2268 3182; x_wconf 90' lang='lat' dir='ltr'><strong>et</strong></span> <span class='ocrx_word' id='word_1_488' title='bbox 2290 3101 2576 3183; x_wconf 79' lang='lat' dir='ltr'><strong>Cundram</strong></span> <span class='ocrx_word' id='word_1_489' title='bbox 2606 3127 2674 3182; x_wconf 92' lang='lat' dir='ltr'><strong>ad</strong></span> <span class='ocrx_word' id='word_1_490' title='bbox 2702 3127 2756 3182; x_wconf 94' lang='lat' dir='ltr'><strong>S.</strong></span> <span class='ocrx_word' id='word_1_491' title='bbox 2789 3101 3264 3184; x_wconf 67' lang='lat' dir='ltr'><strong>Emmerammum</strong></span> <span class='ocrx_word' id='word_1_492' title='bbox 3289 3128 3434 3200; x_wconf 80' lang='lat' dir='ltr'><strong>ligni</strong></span> <span class='ocrx_word' id='word_1_493' title='bbox 3460 3130 3582 3200; x_wconf 83' lang='lat' dir='ltr'><strong>jug.</strong></span> <span class='ocrx_word' id='word_1_494' title='bbox 3612 3143 3713 3185; x_wconf 85' lang='lat' dir='ltr'><strong>vn.</strong></span> 
     </span>
    </p>
   </div>
   <div class='ocr_carea' id='block_1_78' title="bbox 2063 3215 3720 3286">
    <p class='ocr_par' dir='ltr' id='par_1_78' title="bbox 2063 3215 3720 3286">
     <span class='ocr_line' id='line_1_78' title="bbox 2063 3215 3720 3286; baseline 0.001 -17"><span class='ocrx_word' id='word_1_495' title='bbox 2063 3216 2261 3270; x_wconf 89' lang='lat' dir='ltr'><strong>Postea</strong></span> <span class='ocrx_word' id='word_1_496' title='bbox 2288 3222 2476 3270; x_wconf 90' lang='lat' dir='ltr'><strong>autem</strong></span> <span class='ocrx_word' id='word_1_497' title='bbox 2510 3215 2751 3270; x_wconf 89' lang='lat' dir='ltr'><strong>tradidit</strong></span> <span class='ocrx_word' id='word_1_498' title='bbox 2779 3215 3028 3270; x_wconf 84' lang='lat' dir='ltr'><strong>Attimar</strong></span> <span class='ocrx_word' id='word_1_499' title='bbox 3056 3222 3112 3271; x_wconf 92' lang='lat' dir='ltr'><strong>et</strong></span> <span class='ocrx_word' id='word_1_500' title='bbox 3139 3217 3207 3271; x_wconf 90' lang='lat' dir='ltr'><strong>ad</strong></span> <span class='ocrx_word' id='word_1_501' title='bbox 3236 3229 3407 3286; x_wconf 76' lang='lat' dir='ltr'><strong>super</strong></span> <span class='ocrx_word' id='word_1_502' title='bbox 3434 3229 3720 3272; x_wconf 90' lang='lat' dir='ltr'><strong>memora—</strong></span> 
     </span>
    </p>
   </div>
   <div class='ocr_carea' id='block_1_79' title="bbox 2065 3303 3721 3375">
    <p class='ocr_par' dir='ltr' id='par_1_79' title="bbox 2065 3303 3721 3375">
     <span class='ocr_line' id='line_1_79' title="bbox 2065 3303 3721 3375; baseline 0.001 -17"><span class='ocrx_word' id='word_1_503' title='bbox 2065 3307 2184 3360; x_wconf 94' lang='lat' dir='ltr'><strong>tum</strong></span> <span class='ocrx_word' id='word_1_504' title='bbox 2230 3308 2488 3359; x_wconf 91' lang='lat' dir='ltr'><strong>sanctum</strong></span> <span class='ocrx_word' id='word_1_505' title='bbox 2519 3305 2589 3359; x_wconf 92' lang='lat' dir='ltr'><strong>de</strong></span> <span class='ocrx_word' id='word_1_506' title='bbox 2618 3307 2769 3358; x_wconf 91' lang='lat' dir='ltr'><strong>terra</strong></span> <span class='ocrx_word' id='word_1_507' title='bbox 2795 3303 3002 3359; x_wconf 90' lang='lat' dir='ltr'><strong>arabili</strong></span> <span class='ocrx_word' id='word_1_508' title='bbox 3029 3305 3152 3375; x_wconf 80' lang='lat' dir='ltr'><strong>jug.</strong></span> <span class='ocrx_word' id='word_1_509' title='bbox 3187 3318 3262 3358; x_wconf 79' lang='grc' dir='ltr'><strong>ιν.</strong></span> <span class='ocrx_word' id='word_1_510' title='bbox 3296 3306 3338 3359; x_wconf 92' lang='grc' dir='ltr'>Ε</span> <span class='ocrx_word' id='word_1_511' title='bbox 3359 3308 3556 3360; x_wconf 92' lang='lat' dir='ltr'><strong>contra</strong></span> <span class='ocrx_word' id='word_1_512' title='bbox 3581 3305 3721 3360; x_wconf 90' lang='lat' dir='ltr'><strong>Wi—</strong></span> 
     </span>
    </p>
   </div>
   <div class='ocr_carea' id='block_1_80' title="bbox 2064 3392 3718 3463">
    <p class='ocr_par' dir='ltr' id='par_1_80' title="bbox 2064 3392 3718 3463">
     <span class='ocr_line' id='line_1_80' title="bbox 2064 3392 3718 3463; baseline 0.001 -15"><span class='ocrx_word' id='word_1_513' title='bbox 2064 3406 2218 3448; x_wconf 90' lang='lat' dir='ltr'><strong>cram</strong></span> <span class='ocrx_word' id='word_1_514' title='bbox 2259 3392 2501 3448; x_wconf 89' lang='lat' dir='ltr'><strong>tradidit</strong></span> <span class='ocrx_word' id='word_1_515' title='bbox 2542 3392 2778 3448; x_wconf 89' lang='lat' dir='ltr'><strong>totidem</strong></span> <span class='ocrx_word' id='word_1_516' title='bbox 2821 3393 2943 3463; x_wconf 80' lang='lat' dir='ltr'><strong>jug.</strong></span> <span class='ocrx_word' id='word_1_517' title='bbox 2982 3393 3041 3448; x_wconf 90' lang='lat' dir='ltr'><strong>in</strong></span> <span class='ocrx_word' id='word_1_518' title='bbox 3073 3393 3368 3462; x_wconf 89' lang='lat' dir='ltr'><strong>proprium</strong></span> <span class='ocrx_word' id='word_1_519' title='bbox 3395 3392 3718 3450; x_wconf 91' lang='lat' dir='ltr'><strong>habendum</strong></span> 
     </span>
    </p>
   </div>
   <div class='ocr_carea' id='block_1_81' title="bbox 2063 3482 2364 3538">
    <p class='ocr_par' dir='ltr' id='par_1_81' title="bbox 2063 3482 2364 3538">
     <span class='ocr_line' id='line_1_81' title="bbox 2063 3482 2364 3538; baseline -0.003 -2"><span class='ocrx_word' id='word_1_520' title='bbox 2063 3482 2364 3538; x_wconf 86' lang='lat' dir='ltr'><strong>Attimaro.</strong></span> 
     </span>
    </p>
   </div>
   <div class='ocr_carea' id='block_1_82' title="bbox 2065 3589 3714 3659">
    <p class='ocr_par' dir='ltr' id='par_1_82' title="bbox 2065 3589 3714 3659">
     <span class='ocr_line' id='line_1_82' title="bbox 2065 3589 3714 3659; baseline 0 -15"><span class='ocrx_word' id='word_1_521' title='bbox 2065 3590 2194 3644; x_wconf 87' lang='lat' dir='ltr'><strong>CAP.</strong></span> <span class='ocrx_word' id='word_1_522' title='bbox 2245 3589 2497 3644; x_wconf 87' lang='lat' dir='ltr'><strong>XXXVI.</strong></span> <span class='ocrx_word' id='word_1_523' title='bbox 2531 3619 2605 3629; x_wconf 90' lang='lat'><strong>—</strong></span> <span class='ocrx_word' id='word_1_524' title='bbox 2645 3589 2894 3644; x_wconf 86' lang='lat' dir='ltr'><strong>Traditio</strong></span> <span class='ocrx_word' id='word_1_525' title='bbox 2924 3589 3214 3657; x_wconf 83' lang='lat' dir='ltr'><strong>Adalungi</strong></span> <span class='ocrx_word' id='word_1_526' title='bbox 3240 3589 3714 3659; x_wconf 78' lang='lat' dir='ltr'><strong>archipresbyteri.</strong></span> 
     </span>
    </p>
   </div>
   <div class='ocr_carea' id='block_1_83' title="bbox 2136 3695 3720 3753">
    <p class='ocr_par' dir='ltr' id='par_1_83' title="bbox 2136 3695 3720 3753">
     <span class='ocr_line' id='line_1_83' title="bbox 2136 3695 3720 3753; baseline 0.001 -1"><span class='ocrx_word' id='word_1_527' title='bbox 2136 3699 2345 3752; x_wconf 90' lang='lat' dir='ltr'><strong>Notum</strong></span> <span class='ocrx_word' id='word_1_528' title='bbox 2376 3696 2455 3752; x_wconf 89' lang='lat' dir='ltr'><strong>sit</strong></span> <span class='ocrx_word' id='word_1_529' title='bbox 2487 3695 2755 3751; x_wconf 91' lang='lat' dir='ltr'><strong>omnibus</strong></span> <span class='ocrx_word' id='word_1_530' title='bbox 2785 3700 2993 3752; x_wconf 72' lang='lat' dir='ltr'><strong>sancta:</strong></span> <span class='ocrx_word' id='word_1_531' title='bbox 3012 3696 3112 3750; x_wconf 91' lang='lat' dir='ltr'><strong>Dei</strong></span> <span class='ocrx_word' id='word_1_532' title='bbox 3151 3697 3417 3752; x_wconf 73' lang='lat' dir='ltr'><strong>Ecclesiae</strong></span> <span class='ocrx_word' id='word_1_533' title='bbox 3452 3695 3720 3753; x_wconf 90' lang='lat' dir='ltr'><strong>ﬁdelibus</strong></span> 
     </span>
    </p>
   </div>
   <div class='ocr_carea' id='block_1_84' title="bbox 2071 3784 3718 3856">
    <p class='ocr_par' dir='ltr' id='par_1_84' title="bbox 2071 3784 3718 3856">
     <span class='ocr_line' id='line_1_84' title="bbox 2071 3784 3718 3856; baseline 0.001 -16"><span class='ocrx_word' id='word_1_534' title='bbox 2071 3785 2209 3856; x_wconf 87' lang='lat' dir='ltr'><strong>quia</strong></span> <span class='ocrx_word' id='word_1_535' title='bbox 2227 3784 2484 3840; x_wconf 82' lang='lat' dir='ltr'><strong>Adalunc</strong></span> <span class='ocrx_word' id='word_1_536' title='bbox 2500 3784 2852 3855; x_wconf 90' lang='lat' dir='ltr'><strong>archipresb.</strong></span> <span class='ocrx_word' id='word_1_537' title='bbox 2875 3785 3119 3841; x_wconf 89' lang='lat' dir='ltr'><strong>tradidit</strong></span> <span class='ocrx_word' id='word_1_538' title='bbox 3137 3786 3536 3856; x_wconf 88' lang='lat' dir='ltr'><strong>proprietatem</strong></span> <span class='ocrx_word' id='word_1_539' title='bbox 3551 3799 3718 3841; x_wconf 85' lang='lat' dir='ltr'><strong>suam</strong></span> 
     </span>
    </p>
   </div>
   <div class='ocr_carea' id='block_1_85' title="bbox 2069 3874 3724 3947">
    <p class='ocr_par' dir='ltr' id='par_1_85' title="bbox 2069 3874 3724 3947">
     <span class='ocr_line' id='line_1_85' title="bbox 2069 3874 3724 3947; baseline -0.001 -17"><span class='ocrx_word' id='word_1_540' title='bbox 2069 3874 2354 3946; x_wconf 90' lang='lat' dir='ltr'><strong>quidquid</strong></span> <span class='ocrx_word' id='word_1_541' title='bbox 2383 3874 2450 3930; x_wconf 84' lang='lat' dir='ltr'><strong>ad</strong></span> <span class='ocrx_word' id='word_1_542' title='bbox 2483 3874 2769 3931; x_wconf 88' lang='lat' dir='ltr'><strong>Sulactala</strong></span> <span class='ocrx_word' id='word_1_543' title='bbox 2794 3874 3016 3946; x_wconf 89' lang='lat' dir='ltr'><strong>habuit,</strong></span> <span class='ocrx_word' id='word_1_544' title='bbox 3042 3875 3358 3947; x_wconf 81' lang='lat' dir='ltr'><strong>Amalungo</strong></span> <span class='ocrx_word' id='word_1_545' title='bbox 3389 3878 3559 3946; x_wconf 90' lang='lat' dir='ltr'><strong>atque</strong></span> <span class='ocrx_word' id='word_1_546' title='bbox 3579 3875 3724 3930; x_wconf 79' lang='lat' dir='ltr'><strong>Ada-</strong></span> 
     </span>
    </p>
   </div>
   <div class='ocr_carea' id='block_1_86' title="bbox 2067 3963 3723 4035">
    <p class='ocr_par' dir='ltr' id='par_1_86' title="bbox 2067 3963 3723 4035">
     <span class='ocr_line' id='line_1_86' title="bbox 2067 3963 3723 4035; baseline 0.002 -17"><span class='ocrx_word' id='word_1_547' title='bbox 2067 3971 2244 4035; x_wconf 75' lang='lat' dir='ltr'><strong>[ungo</strong></span> <span class='ocrx_word' id='word_1_548' title='bbox 2287 3977 2470 4034; x_wconf 90' lang='lat' dir='ltr'><strong>usque</strong></span> <span class='ocrx_word' id='word_1_549' title='bbox 2516 3963 2586 4018; x_wconf 91' lang='lat' dir='ltr'><strong>ad</strong></span> <span class='ocrx_word' id='word_1_550' title='bbox 2634 3963 2857 4020; x_wconf 89' lang='lat' dir='ltr'><strong>obitum</strong></span> <span class='ocrx_word' id='word_1_551' title='bbox 2905 3979 3072 4020; x_wconf 91' lang='lat' dir='ltr'><strong>suum</strong></span> <span class='ocrx_word' id='word_1_552' title='bbox 3130 3965 3553 4034; x_wconf 88' lang='lat' dir='ltr'><strong>possidendum.</strong></span> <span class='ocrx_word' id='word_1_553' title='bbox 3589 3966 3723 4022; x_wconf 89' lang='lat' dir='ltr'><strong>Post</strong></span> 
     </span>
    </p>
   </div>
   <div class='ocr_carea' id='block_1_87' title="bbox 2068 4052 3724 4125">
    <p class='ocr_par' dir='ltr' id='par_1_87' title="bbox 2068 4052 3724 4125">
     <span class='ocr_line' id='line_1_87' title="bbox 2068 4052 3724 4125; baseline 0.002 -17"><span class='ocrx_word' id='word_1_554' title='bbox 2068 4052 2290 4108; x_wconf 91' lang='lat' dir='ltr'><strong>obitum</strong></span> <span class='ocrx_word' id='word_1_555' title='bbox 2312 4065 2443 4108; x_wconf 90' lang='lat' dir='ltr'><strong>vero</strong></span> <span class='ocrx_word' id='word_1_556' title='bbox 2467 4065 2662 4109; x_wconf 91' lang='lat' dir='ltr'><strong>eorum</strong></span> <span class='ocrx_word' id='word_1_557' title='bbox 2680 4054 2749 4109; x_wconf 91' lang='lat' dir='ltr'><strong>ad</strong></span> <span class='ocrx_word' id='word_1_558' title='bbox 2777 4059 3036 4110; x_wconf 92' lang='lat' dir='ltr'><strong>sanctum</strong></span> <span class='ocrx_word' id='word_1_559' title='bbox 3060 4055 3162 4110; x_wconf 91' lang='lat' dir='ltr'><strong>Dei</strong></span> <span class='ocrx_word' id='word_1_560' title='bbox 3187 4059 3487 4125; x_wconf 86' lang='lat' dir='ltr'><strong>martyrem</strong></span> <span class='ocrx_word' id='word_1_561' title='bbox 3509 4057 3724 4111; x_wconf 89' lang='lat' dir='ltr'><strong>Emme-</strong></span> 
     </span>
    </p>
   </div>
   <div class='ocr_carea' id='block_1_88' title="bbox 2070 4141 3720 4213">
    <p class='ocr_par' dir='ltr' id='par_1_88' title="bbox 2070 4141 3720 4213">
     <span class='ocr_line' id='line_1_88' title="bbox 2070 4141 3720 4213; baseline 0.002 -16"><span class='ocrx_word' id='word_1_562' title='bbox 2070 4155 2349 4197; x_wconf 90' lang='lat' dir='ltr'><strong>rammum</strong></span> <span class='ocrx_word' id='word_1_563' title='bbox 2374 4142 2432 4197; x_wconf 92' lang='lat' dir='ltr'><strong>in</strong></span> <span class='ocrx_word' id='word_1_564' title='bbox 2457 4155 2683 4198; x_wconf 89' lang='lat' dir='ltr'><strong>manum</strong></span> <span class='ocrx_word' id='word_1_565' title='bbox 2705 4141 3112 4201; x_wconf 80' lang='lat' dir='ltr'><strong>Ambrichonis</strong></span> <span class='ocrx_word' id='word_1_566' title='bbox 3130 4157 3254 4199; x_wconf 90' lang='lat' dir='ltr'><strong>ven.</strong></span> <span class='ocrx_word' id='word_1_567' title='bbox 3279 4157 3365 4213; x_wconf 91' lang='lat' dir='ltr'><strong>ep.</strong></span> <span class='ocrx_word' id='word_1_568' title='bbox 3386 4150 3443 4200; x_wconf 91' lang='lat' dir='ltr'><strong>et</strong></span> <span class='ocrx_word' id='word_1_569' title='bbox 3460 4145 3720 4201; x_wconf 88' lang='lat' dir='ltr'><strong>advocati</strong></span> 
     </span>
    </p>
   </div>
   <div class='ocr_carea' id='block_1_89' title="bbox 2070 4231 3720 4304">
    <p class='ocr_par' dir='ltr' id='par_1_89' title="bbox 2070 4231 3720 4304">
     <span class='ocr_line' id='line_1_89' title="bbox 2070 4231 3720 4304; baseline 0.001 -16"><span class='ocrx_word' id='word_1_570' title='bbox 2070 4231 2162 4288; x_wconf 92' lang='lat' dir='ltr'><strong>sui</strong></span> <span class='ocrx_word' id='word_1_571' title='bbox 2186 4231 2530 4304; x_wconf 82' lang='lat' dir='ltr'><strong>Reginhehi,</strong></span> <span class='ocrx_word' id='word_1_572' title='bbox 2552 4237 2608 4287; x_wconf 92' lang='lat' dir='ltr'><strong>et</strong></span> <span class='ocrx_word' id='word_1_573' title='bbox 2629 4233 2935 4304; x_wconf 85' lang='lat' dir='ltr'><strong>mancipia,</strong></span> <span class='ocrx_word' id='word_1_574' title='bbox 2961 4247 3088 4304; x_wconf 61' lang='lat' dir='ltr'><strong>qua:</strong></span> <span class='ocrx_word' id='word_1_575' title='bbox 3115 4232 3198 4288; x_wconf 86' lang='lat' dir='ltr'><strong>ibi</strong></span> <span class='ocrx_word' id='word_1_576' title='bbox 3222 4233 3444 4303; x_wconf 89' lang='lat' dir='ltr'><strong>habuit,</strong></span> <span class='ocrx_word' id='word_1_577' title='bbox 3475 4247 3720 4303; x_wconf 90' lang='lat' dir='ltr'><strong>quorum</strong></span> 
     </span>
    </p>
   </div>
   <div class='ocr_carea' id='block_1_90' title="bbox 2072 4321 3718 4393">
    <p class='ocr_par' dir='ltr' id='par_1_90' title="bbox 2072 4321 3718 4393">
     <span class='ocr_line' id='line_1_90' title="bbox 2072 4321 3718 4393; baseline 0 -17"><span class='ocrx_word' id='word_1_578' title='bbox 2072 4321 2304 4376; x_wconf 91' lang='lat' dir='ltr'><strong>nomina</strong></span> <span class='ocrx_word' id='word_1_579' title='bbox 2330 4326 2467 4376; x_wconf 92' lang='lat' dir='ltr'><strong>sunt</strong></span> <span class='ocrx_word' id='word_1_580' title='bbox 2491 4321 2632 4376; x_wconf 70' lang='lat' dir='ltr'><strong>haec:</strong></span> <span class='ocrx_word' id='word_1_581' title='bbox 2653 4321 2828 4389; x_wconf 85' lang='lat' dir='ltr'><strong>Ekko,</strong></span> <span class='ocrx_word' id='word_1_582' title='bbox 2851 4322 3153 4393; x_wconf 86' lang='lat' dir='ltr'><strong>Hiltipold,</strong></span> <span class='ocrx_word' id='word_1_583' title='bbox 3182 4322 3438 4393; x_wconf 84' lang='lat' dir='ltr'><strong>Ratheri,</strong></span> <span class='ocrx_word' id='word_1_584' title='bbox 3459 4321 3718 4392; x_wconf 86' lang='lat' dir='ltr'><strong>Paldker,</strong></span> 
     </span>
    </p>
   </div>
   <div class='ocr_carea' id='block_1_91' title="bbox 300 4409 3723 4516">
    <p class='ocr_par' dir='ltr' id='par_1_91' title="bbox 300 4409 3723 4516">
     <span class='ocr_line' id='line_1_91' title="bbox 300 4409 3723 4516; baseline 0 0"><span class='ocrx_word' id='word_1_585' title='bbox 300 4417 389 4516; x_wconf 57' lang='grc' dir='ltr'>γει</span> <span class='ocrx_word' id='word_1_586' title='bbox 419 4422 544 4486; x_wconf 56' lang='lat' dir='ltr'><strong>post</strong></span> <span class='ocrx_word' id='word_1_587' title='bbox 587 4422 805 4516; x_wconf 58' lang='grc' dir='ltr'>ιρτειιιξι</span> <span class='ocrx_word' id='word_1_588' title='bbox 839 4416 1079 4516; x_wconf 59' lang='lat' dir='ltr'><strong>forsitan</strong></span> <span class='ocrx_word' id='word_1_589' title='bbox 1495 4424 1793 4516; x_wconf 57' lang='grc' dir='ltr'><strong>οωρετυξιε</strong></span> <span class='ocrx_word' id='word_1_590' title='bbox 1821 4421 1962 4491; x_wconf 74' lang='grc' dir='ltr'>οιιιί-</span> <span class='ocrx_word' id='word_1_591' title='bbox 1985 4455 2040 4516; x_wconf 73' lang='grc' dir='ltr'>υ</span> <span class='ocrx_word' id='word_1_592' title='bbox 2072 4410 2384 4516; x_wconf 47' lang='lat' dir='ltr'><strong>super.</strong></span> <span class='ocrx_word' id='word_1_593' title='bbox 2411 4410 3352 4516; x_wconf 51' lang='grc' dir='ltr'><strong>ιὲυωέίην.,ἓυὲἓδηέἒῗνηωδέίην</strong></span> <span class='ocrx_word' id='word_1_594' title='bbox 3378 4409 3723 4516; x_wconf 49' lang='lat' dir='ltr'><strong>ﬁatut?</strong></span> 
     </span>
    </p>
   </div>
   <div class='ocr_carea' id='block_1_92' title="bbox 298 4499 3718 4580">
    <p class='ocr_par' dir='ltr' id='par_1_92' title="bbox 298 4499 3718 4580">
     <span class='ocr_line' id='line_1_92' title="bbox 298 4499 3718 4580; baseline 0.003 -19"><span class='ocrx_word' id='word_1_595' title='bbox 298 4506 432 4561; x_wconf 88' lang='lat' dir='ltr'><strong>dam</strong></span> <span class='ocrx_word' id='word_1_596' title='bbox 459 4506 623 4576; x_wconf 90' lang='lat' dir='ltr'><strong>quasi</strong></span> <span class='ocrx_word' id='word_1_597' title='bbox 649 4506 1046 4577; x_wconf 90' lang='lat' dir='ltr'><strong>prudentiores</strong></span> <span class='ocrx_word' id='word_1_598' title='bbox 1067 4507 1247 4563; x_wconf 89' lang='lat' dir='ltr'><strong>altius</strong></span> <span class='ocrx_word' id='word_1_599' title='bbox 1269 4509 1594 4580; x_wconf 84' lang='lat' dir='ltr'><strong>excogitare</strong></span> <span class='ocrx_word' id='word_1_600' title='bbox 1624 4510 1874 4580; x_wconf 90' lang='lat' dir='ltr'><strong>qualiter</strong></span> <span class='ocrx_word' id='word_1_601' title='bbox 1904 4516 1960 4565; x_wconf 92' lang='lat' dir='ltr'><strong>et</strong></span> <span class='ocrx_word' id='word_1_602' title='bbox 1989 4499 2038 4516; x_wconf 70' lang='lat'>”</span> <span class='ocrx_word' id='word_1_603' title='bbox 2073 4500 2170 4556; x_wconf 67' lang='lat' dir='ltr'><strong>isti</strong></span> <span class='ocrx_word' id='word_1_604' title='bbox 2198 4503 2335 4555; x_wconf 75' lang='grc' dir='ltr'><strong>811οῐ</strong></span> <span class='ocrx_word' id='word_1_605' title='bbox 2365 4504 2536 4554; x_wconf 63' lang='lat' dir='ltr'><strong>testes</strong></span> <span class='ocrx_word' id='word_1_606' title='bbox 2583 4499 2920 4556; x_wconf 68' lang='lat' dir='ltr'><strong>traditionis</strong></span> <span class='ocrx_word' id='word_1_607' title='bbox 2953 4500 3128 4568; x_wconf 72' lang='lat' dir='ltr'><strong>huius</strong></span> <span class='ocrx_word' id='word_1_608' title='bbox 3153 4517 3166 4552; x_wconf 72' lang='grc' dir='ltr'><strong>ε</strong></span> <span class='ocrx_word' id='word_1_609' title='bbox 3209 4500 3348 4570; x_wconf 66' lang='grc' dir='ltr'><strong>Οὲον</strong></span> <span class='ocrx_word' id='word_1_610' title='bbox 3375 4499 3718 4571; x_wconf 65' lang='grc' dir='ltr'><strong>Εὲίιεϐδιοῒιν</strong></span> 
     </span>
    </p>
   </div>
   <div class='ocr_carea' id='block_1_93' title="bbox 299 4595 1955 4668">
    <p class='ocr_par' dir='ltr' id='par_1_93' title="bbox 299 4595 1955 4668">
     <span class='ocr_line' id='line_1_93' title="bbox 299 4595 1955 4668; baseline 0.002 -18"><span class='ocrx_word' id='word_1_611' title='bbox 299 4595 577 4650; x_wconf 86' lang='lat' dir='ltr'><strong>beneﬁcia</strong></span> <span class='ocrx_word' id='word_1_612' title='bbox 599 4595 896 4664; x_wconf 65' lang='lat' dir='ltr'><strong>praasentis</strong></span> <span class='ocrx_word' id='word_1_613' title='bbox 914 4596 1044 4651; x_wconf 76' lang='lat' dir='ltr'><strong>vitae</strong></span> <span class='ocrx_word' id='word_1_614' title='bbox 1061 4595 1338 4651; x_wconf 89' lang='lat' dir='ltr'><strong>solamine</strong></span> <span class='ocrx_word' id='word_1_615' title='bbox 1351 4597 1572 4653; x_wconf 91' lang='lat' dir='ltr'><strong>arctius</strong></span> <span class='ocrx_word' id='word_1_616' title='bbox 1584 4597 1697 4654; x_wconf 92' lang='lat' dir='ltr'><strong>sibi</strong></span> <span class='ocrx_word' id='word_1_617' title='bbox 1712 4599 1955 4668; x_wconf 88' lang='lat' dir='ltr'><strong>quodam</strong></span> 
     </span>
    </p>
   </div>
   <div class='ocr_carea' id='block_1_94' title="bbox 301 4684 1956 4756">
    <p class='ocr_par' dir='ltr' id='par_1_94' title="bbox 301 4684 1956 4756">
     <span class='ocr_line' id='line_1_94' title="bbox 301 4684 1956 4756; baseline 0.002 -18"><span class='ocrx_word' id='word_1_618' title='bbox 301 4684 473 4739; x_wconf 92' lang='lat' dir='ltr'><strong>modo</strong></span> <span class='ocrx_word' id='word_1_619' title='bbox 529 4684 1004 4756; x_wconf 84' lang='lat' dir='ltr'><strong>constringerent,</strong></span> <span class='ocrx_word' id='word_1_620' title='bbox 1053 4689 1111 4740; x_wconf 92' lang='lat' dir='ltr'><strong>et</strong></span> <span class='ocrx_word' id='word_1_621' title='bbox 1158 4685 1548 4756; x_wconf 89' lang='lat' dir='ltr'><strong>proprietatis,</strong></span> <span class='ocrx_word' id='word_1_622' title='bbox 1608 4687 1658 4742; x_wconf 92' lang='lat' dir='ltr'><strong>si</strong></span> <span class='ocrx_word' id='word_1_623' title='bbox 1716 4687 1811 4742; x_wconf 93' lang='lat' dir='ltr'><strong>cui</strong></span> <span class='ocrx_word' id='word_1_624' title='bbox 1861 4700 1956 4742; x_wconf 89' lang='lat' dir='ltr'><strong>eas</strong></span> 
     </span>
    </p>
   </div>
   <div class='ocr_carea' id='block_1_95' title="bbox 297 4772 1956 4844">
    <p class='ocr_par' dir='ltr' id='par_1_95' title="bbox 297 4772 1956 4844">
     <span class='ocr_line' id='line_1_95' title="bbox 297 4772 1956 4844; baseline 0.002 -16"><span class='ocrx_word' id='word_1_625' title='bbox 297 4772 612 4844; x_wconf 85' lang='lat' dir='ltr'><strong>contigerit</strong></span> <span class='ocrx_word' id='word_1_626' title='bbox 643 4773 867 4844; x_wconf 79' lang='lat' dir='ltr'><strong>habere,</strong></span> <span class='ocrx_word' id='word_1_627' title='bbox 901 4787 1002 4844; x_wconf 91' lang='lat' dir='ltr'><strong>pro</strong></span> <span class='ocrx_word' id='word_1_628' title='bbox 1033 4774 1304 4830; x_wconf 82' lang='lat' dir='ltr'><strong>instantis</strong></span> <span class='ocrx_word' id='word_1_629' title='bbox 1335 4774 1611 4830; x_wconf 90' lang='lat' dir='ltr'><strong>levamine</strong></span> <span class='ocrx_word' id='word_1_630' title='bbox 1639 4775 1956 4832; x_wconf 88' lang='lat' dir='ltr'><strong>necessita—</strong></span> 
     </span>
    </p>
   </div>
   <div class='ocr_carea' id='block_1_96' title="bbox 301 4861 1958 4934">
    <p class='ocr_par' dir='ltr' id='par_1_96' title="bbox 301 4861 1958 4934">
     <span class='ocr_line' id='line_1_96' title="bbox 301 4861 1958 4934; baseline 0.002 -18"><span class='ocrx_word' id='word_1_631' title='bbox 301 4862 391 4934; x_wconf 40' lang='lat' dir='ltr'><strong>tis‘</strong></span> <span class='ocrx_word' id='word_1_632' title='bbox 421 4867 478 4916; x_wconf 88' lang='lat' dir='ltr'><strong>et</strong></span> <span class='ocrx_word' id='word_1_633' title='bbox 520 4861 728 4918; x_wconf 62' lang='lat' dir='ltr'><strong>futura</strong></span> <span class='ocrx_word' id='word_1_634' title='bbox 759 4877 856 4933; x_wconf 91' lang='lat' dir='ltr'><strong>spe</strong></span> <span class='ocrx_word' id='word_1_635' title='bbox 897 4863 1378 4919; x_wconf 90' lang='lat' dir='ltr'><strong>remunerationis</strong></span> <span class='ocrx_word' id='word_1_636' title='bbox 1421 4863 1667 4920; x_wconf 91' lang='lat' dir='ltr'><strong>cautiori</strong></span> <span class='ocrx_word' id='word_1_637' title='bbox 1710 4865 1958 4921; x_wconf 90' lang='lat' dir='ltr'><strong>consilio</strong></span> 
     </span>
    </p>
   </div>
   <div class='ocr_carea' id='block_1_97' title="bbox 300 4951 1960 5024">
    <p class='ocr_par' dir='ltr' id='par_1_97' title="bbox 300 4951 1960 5024">
     <span class='ocr_line' id='line_1_97' title="bbox 300 4951 1960 5024; baseline 0.002 -17"><span class='ocrx_word' id='word_1_638' title='bbox 300 4951 675 5021; x_wconf 76' lang='lat' dir='ltr'><strong>ré’servarent.</strong></span> <span class='ocrx_word' id='word_1_639' title='bbox 710 4953 822 5006; x_wconf 88' lang='lat' dir='ltr'><strong>Hac</strong></span> <span class='ocrx_word' id='word_1_640' title='bbox 854 4953 1045 5022; x_wconf 89' lang='lat' dir='ltr'><strong>itaque</strong></span> <span class='ocrx_word' id='word_1_641' title='bbox 1082 4953 1276 5008; x_wconf 90' lang='lat' dir='ltr'><strong>eadem</strong></span> <span class='ocrx_word' id='word_1_642' title='bbox 1312 4952 1658 5024; x_wconf 79' lang='lat' dir='ltr'><strong>cogitatione</strong></span> <span class='ocrx_word' id='word_1_643' title='bbox 1704 4958 1960 5010; x_wconf 91' lang='lat' dir='ltr'><strong>armatus</strong></span> 
     </span>
    </p>
   </div>
   <div class='ocr_carea' id='block_1_98' title="bbox 298 5041 1962 5113">
    <p class='ocr_par' dir='ltr' id='par_1_98' title="bbox 298 5041 1962 5113">
     <span class='ocr_line' id='line_1_98' title="bbox 298 5041 1962 5113; baseline 0.001 -17"><span class='ocrx_word' id='word_1_644' title='bbox 298 5041 540 5113; x_wconf 89' lang='lat' dir='ltr'><strong>quidam</strong></span> <span class='ocrx_word' id='word_1_645' title='bbox 581 5041 890 5113; x_wconf 86' lang='lat' dir='ltr'><strong>religiosus</strong></span> <span class='ocrx_word' id='word_1_646' title='bbox 916 5041 1209 5113; x_wconf 85' lang='lat' dir='ltr'><strong>presbyter</strong></span> <span class='ocrx_word' id='word_1_647' title='bbox 1246 5046 1303 5098; x_wconf 86' lang='lat' dir='ltr'><strong>et</strong></span> <span class='ocrx_word' id='word_1_648' title='bbox 1343 5043 1803 5112; x_wconf 86' lang='lat' dir='ltr'><strong>Radasponensis</strong></span> <span class='ocrx_word' id='word_1_649' title='bbox 1829 5043 1962 5113; x_wconf 89' lang='lat' dir='ltr'><strong>epi-</strong></span> 
     </span>
    </p>
   </div>
   <div class='ocr_carea' id='block_1_99' title="bbox 297 5130 1958 5202">
    <p class='ocr_par' dir='ltr' id='par_1_99' title="bbox 297 5130 1958 5202">
     <span class='ocr_line' id='line_1_99' title="bbox 297 5130 1958 5202; baseline 0 -16"><span class='ocrx_word' id='word_1_650' title='bbox 297 5130 488 5199; x_wconf 87' lang='lat' dir='ltr'><strong>scopii</strong></span> <span class='ocrx_word' id='word_1_651' title='bbox 513 5131 915 5186; x_wconf 86' lang='lat' dir='ltr'><strong>canonicorum</strong></span> <span class='ocrx_word' id='word_1_652' title='bbox 946 5132 1309 5202; x_wconf 65' lang='lat' dir='ltr'><strong>praepositus,</strong></span> <span class='ocrx_word' id='word_1_653' title='bbox 1354 5133 1583 5188; x_wconf 91' lang='lat' dir='ltr'><strong>nomine</strong></span> <span class='ocrx_word' id='word_1_654' title='bbox 1606 5134 1958 5202; x_wconf 89' lang='lat' dir='ltr'><strong>Ermpertus,</strong></span> 
     </span>
    </p>
   </div>
   <div class='ocr_carea' id='block_1_100' title="bbox 297 5219 1963 5292">
    <p class='ocr_par' dir='ltr' id='par_1_100' title="bbox 297 5219 1963 5292">
     <span class='ocr_line' id='line_1_100' title="bbox 297 5219 1963 5292; baseline 0.001 -17"><span class='ocrx_word' id='word_1_655' title='bbox 297 5219 549 5275; x_wconf 88' lang='lat' dir='ltr'><strong>tradidit</strong></span> <span class='ocrx_word' id='word_1_656' title='bbox 593 5221 647 5276; x_wconf 92' lang='lat' dir='ltr'><strong>S.</strong></span> <span class='ocrx_word' id='word_1_657' title='bbox 687 5221 848 5276; x_wconf 90' lang='lat' dir='ltr'><strong>Petro</strong></span> <span class='ocrx_word' id='word_1_658' title='bbox 894 5221 1146 5292; x_wconf 90' lang='lat' dir='ltr'><strong>principi</strong></span> <span class='ocrx_word' id='word_1_659' title='bbox 1190 5222 1599 5291; x_wconf 89' lang='lat' dir='ltr'><strong>apostolorum,</strong></span> <span class='ocrx_word' id='word_1_660' title='bbox 1653 5227 1963 5292; x_wconf 88' lang='lat' dir='ltr'><strong>sanctoque</strong></span> 
     </span>
    </p>
   </div>
   <div class='ocr_carea' id='block_1_101' title="bbox 298 5311 1964 5382">
    <p class='ocr_par' dir='ltr' id='par_1_101' title="bbox 298 5311 1964 5382">
     <span class='ocr_line' id='line_1_101' title="bbox 298 5311 1964 5382; baseline 0.001 -17"><span class='ocrx_word' id='word_1_661' title='bbox 298 5312 716 5365; x_wconf 88' lang='lat' dir='ltr'><strong>Emmerammo</strong></span> <span class='ocrx_word' id='word_1_662' title='bbox 762 5311 997 5381; x_wconf 85' lang='lat' dir='ltr'><strong>martyri</strong></span> <span class='ocrx_word' id='word_1_663' title='bbox 1042 5317 1098 5366; x_wconf 91' lang='lat' dir='ltr'><strong>et</strong></span> <span class='ocrx_word' id='word_1_664' title='bbox 1140 5312 1410 5382; x_wconf 93' lang='lat' dir='ltr'><strong>episcopo</strong></span> <span class='ocrx_word' id='word_1_665' title='bbox 1452 5311 1510 5365; x_wconf 92' lang='lat' dir='ltr'><strong>in</strong></span> <span class='ocrx_word' id='word_1_666' title='bbox 1553 5324 1778 5366; x_wconf 90' lang='lat' dir='ltr'><strong>manum</strong></span> <span class='ocrx_word' id='word_1_667' title='bbox 1819 5311 1964 5366; x_wconf 83' lang='lat' dir='ltr'><strong>Am-</strong></span> 
     </span>
    </p>
   </div>
   <div class='ocr_carea' id='block_1_102' title="bbox 301 5399 1963 5472">
    <p class='ocr_par' dir='ltr' id='par_1_102' title="bbox 301 5399 1963 5472">
     <span class='ocr_line' id='line_1_102' title="bbox 301 5399 1963 5472; baseline 0.001 -17"><span class='ocrx_word' id='word_1_668' title='bbox 301 5399 606 5455; x_wconf 90' lang='lat' dir='ltr'><strong>brichonis</strong></span> <span class='ocrx_word' id='word_1_669' title='bbox 640 5413 763 5455; x_wconf 87' lang='lat' dir='ltr'><strong>ven.</strong></span> <span class='ocrx_word' id='word_1_670' title='bbox 810 5413 898 5471; x_wconf 86' lang='lat' dir='ltr'><strong>ep.</strong></span> <span class='ocrx_word' id='word_1_671' title='bbox 948 5401 1188 5472; x_wconf 85' lang='lat' dir='ltr'><strong>ejusque</strong></span> <span class='ocrx_word' id='word_1_672' title='bbox 1216 5401 1617 5456; x_wconf 91' lang='lat' dir='ltr'><strong>advocatorum</strong></span> <span class='ocrx_word' id='word_1_673' title='bbox 1669 5400 1882 5456; x_wconf 85' lang='lat' dir='ltr'><strong>Avonis</strong></span> <span class='ocrx_word' id='word_1_674' title='bbox 1907 5406 1963 5456; x_wconf 86' lang='lat' dir='ltr'><strong>et</strong></span> 
     </span>
    </p>
   </div>
   <div class='ocr_carea' id='block_1_103' title="bbox 301 5488 1966 5562">
    <p class='ocr_par' dir='ltr' id='par_1_103' title="bbox 301 5488 1966 5562">
     <span class='ocr_line' id='line_1_103' title="bbox 301 5488 1966 5562; baseline 0.002 -18"><span class='ocrx_word' id='word_1_675' title='bbox 301 5488 624 5558; x_wconf 86' lang='lat' dir='ltr'><strong>Gundperti</strong></span> <span class='ocrx_word' id='word_1_676' title='bbox 648 5502 810 5545; x_wconf 89' lang='lat' dir='ltr'><strong>suam</strong></span> <span class='ocrx_word' id='word_1_677' title='bbox 843 5491 1246 5560; x_wconf 88' lang='lat' dir='ltr'><strong>pr0prietatem</strong></span> <span class='ocrx_word' id='word_1_678' title='bbox 1279 5489 1339 5544; x_wconf 90' lang='lat' dir='ltr'><strong>in</strong></span> <span class='ocrx_word' id='word_1_679' title='bbox 1369 5489 1647 5545; x_wconf 86' lang='lat' dir='ltr'><strong>comitatu</strong></span> <span class='ocrx_word' id='word_1_680' title='bbox 1667 5490 1966 5562; x_wconf 77' lang='lat' dir='ltr'><strong>Engildeo.</strong></span> 
     </span>
    </p>
   </div>
   <div class='ocr_carea' id='block_1_104' title="bbox 310 5577 1963 5648">
    <p class='ocr_par' dir='ltr' id='par_1_104' title="bbox 310 5577 1963 5648">
     <span class='ocr_line' id='line_1_104' title="bbox 310 5577 1963 5648; baseline 0.001 -15"><span class='ocrx_word' id='word_1_681' title='bbox 310 5577 404 5633; x_wconf 90' lang='lat' dir='ltr'><strong>nis</strong></span> <span class='ocrx_word' id='word_1_682' title='bbox 426 5578 662 5634; x_wconf 86' lang='lat' dir='ltr'><strong>comitis</strong></span> <span class='ocrx_word' id='word_1_683' title='bbox 691 5577 753 5633; x_wconf 92' lang='lat' dir='ltr'><strong>in</strong></span> <span class='ocrx_word' id='word_1_684' title='bbox 783 5577 908 5634; x_wconf 93' lang='lat' dir='ltr'><strong>loco</strong></span> <span class='ocrx_word' id='word_1_685' title='bbox 929 5579 1030 5648; x_wconf 92' lang='lat' dir='ltr'><strong>qui</strong></span> <span class='ocrx_word' id='word_1_686' title='bbox 1061 5579 1282 5635; x_wconf 89' lang='lat' dir='ltr'><strong>dicitur</strong></span> <span class='ocrx_word' id='word_1_687' title='bbox 1305 5577 1714 5647; x_wconf 87' lang='lat' dir='ltr'><strong>Scornashova,</strong></span> <span class='ocrx_word' id='word_1_688' title='bbox 1737 5578 1963 5648; x_wconf 89' lang='lat' dir='ltr'><strong>qualem</strong></span> 
     </span>
    </p>
   </div>
   <div class='ocr_carea' id='block_1_105' title="bbox 2068 4587 3717 4660">
    <p class='ocr_par' dir='ltr' id='par_1_105' title="bbox 2068 4587 3717 4660">
     <span class='ocr_line' id='line_1_105' title="bbox 2068 4587 3717 4660; baseline 0.001 -18"><span class='ocrx_word' id='word_1_689' title='bbox 2068 4590 2272 4659; x_wconf 82' lang='lat' dir='ltr'><strong>Wago,</strong></span> <span class='ocrx_word' id='word_1_690' title='bbox 2301 4587 2601 4659; x_wconf 91' lang='lat' dir='ltr'><strong>Gerperht,</strong></span> <span class='ocrx_word' id='word_1_691' title='bbox 2635 4588 2905 4659; x_wconf 83' lang='lat' dir='ltr'><strong>Rihpold,</strong></span> <span class='ocrx_word' id='word_1_692' title='bbox 2936 4588 3290 4659; x_wconf 91' lang='lat' dir='ltr'><strong>Perehtheri,</strong></span> <span class='ocrx_word' id='word_1_693' title='bbox 3332 4588 3717 4660; x_wconf 89' lang='lat' dir='ltr'><strong>Eparahchar,</strong></span> 
     </span>
    </p>
   </div>
   <div class='ocr_carea' id='block_1_106' title="bbox 2065 4675 3723 4750">
    <p class='ocr_par' dir='ltr' id='par_1_106' title="bbox 2065 4675 3723 4750">
     <span class='ocr_line' id='line_1_106' title="bbox 2065 4675 3723 4750; baseline 0.001 -17"><span class='ocrx_word' id='word_1_694' title='bbox 2065 4677 2241 4747; x_wconf 87' lang='lat' dir='ltr'><strong>Hitto,</strong></span> <span class='ocrx_word' id='word_1_695' title='bbox 2299 4675 2631 4748; x_wconf 82' lang='lat' dir='ltr'><strong>Adalperht,</strong></span> <span class='ocrx_word' id='word_1_696' title='bbox 2695 4677 2934 4750; x_wconf 81' lang='lat' dir='ltr'><strong>Helfrih,</strong></span> <span class='ocrx_word' id='word_1_697' title='bbox 2989 4679 3152 4749; x_wconf 90' lang='lat' dir='ltr'><strong>Oapi,</strong></span> <span class='ocrx_word' id='word_1_698' title='bbox 3209 4679 3343 4734; x_wconf 92' lang='lat' dir='ltr'><strong>item</strong></span> <span class='ocrx_word' id='word_1_699' title='bbox 3408 4678 3723 4749; x_wconf 86' lang='lat' dir='ltr'><strong>Adalperht</strong></span> 
     </span>
    </p>
   </div>
   <div class='ocr_carea' id='block_1_107' title="bbox 2074 4765 3722 4840">
    <p class='ocr_par' dir='ltr' id='par_1_107' title="bbox 2074 4765 3722 4840">
     <span class='ocr_line' id='line_1_107' title="bbox 2074 4765 3722 4840; baseline 0.001 -17"><span class='ocrx_word' id='word_1_700' title='bbox 2074 4768 2231 4823; x_wconf 88' lang='lat' dir='ltr'><strong>ﬁlius</strong></span> <span class='ocrx_word' id='word_1_701' title='bbox 2260 4765 2608 4836; x_wconf 82' lang='lat' dir='ltr'><strong>Engiscalhi.</strong></span> <span class='ocrx_word' id='word_1_702' title='bbox 2655 4770 2768 4824; x_wconf 88' lang='lat' dir='ltr'><strong>Hoc</strong></span> <span class='ocrx_word' id='word_1_703' title='bbox 2797 4767 3010 4826; x_wconf 86' lang='lat' dir='ltr'><strong>factum</strong></span> <span class='ocrx_word' id='word_1_704' title='bbox 3041 4768 3227 4826; x_wconf 89' lang='lat' dir='ltr'><strong>fuerat</strong></span> <span class='ocrx_word' id='word_1_705' title='bbox 3263 4769 3333 4825; x_wconf 92' lang='lat' dir='ltr'><strong>ad</strong></span> <span class='ocrx_word' id='word_1_706' title='bbox 3374 4768 3722 4840; x_wconf 73' lang='lat' dir='ltr'><strong>Pilistingon</strong></span> 
     </span>
    </p>
   </div>
   <div class='ocr_carea' id='block_1_108' title="bbox 2069 4856 2628 4927">
    <p class='ocr_par' dir='ltr' id='par_1_108' title="bbox 2069 4856 2628 4927">
     <span class='ocr_line' id='line_1_108' title="bbox 2069 4856 2628 4927; baseline -0.004 -14"><span class='ocrx_word' id='word_1_707' title='bbox 2069 4858 2192 4914; x_wconf 90' lang='lat' dir='ltr'><strong>Kal.</strong></span> <span class='ocrx_word' id='word_1_708' title='bbox 2226 4872 2319 4914; x_wconf 76' lang='grc' dir='ltr'>χιί</span> <span class='ocrx_word' id='word_1_709' title='bbox 2342 4856 2628 4927; x_wconf 87' lang='lat' dir='ltr'><strong>Septemb.</strong></span> 
     </span>
    </p>
   </div>
   <div class='ocr_carea' id='block_1_109' title="bbox 2067 4948 3724 5008">
    <p class='ocr_par' dir='ltr' id='par_1_109' title="bbox 2067 4948 3724 5008">
     <span class='ocr_line' id='line_1_109' title="bbox 2067 4948 3724 5008; baseline -0.002 -2"><span class='ocrx_word' id='word_1_710' title='bbox 2067 4951 2192 5006; x_wconf 87' lang='lat' dir='ltr'><strong>CAP.</strong></span> <span class='ocrx_word' id='word_1_711' title='bbox 2223 4952 2503 5008; x_wconf 87' lang='lat' dir='ltr'><strong>XXXVII.</strong></span> <span class='ocrx_word' id='word_1_712' title='bbox 2532 4982 2601 4990; x_wconf 90' lang='lat'><strong>—</strong></span> <span class='ocrx_word' id='word_1_713' title='bbox 2639 4950 2991 5005; x_wconf 87' lang='lat' dir='ltr'><strong>Commutatio</strong></span> <span class='ocrx_word' id='word_1_714' title='bbox 3030 4953 3174 5004; x_wconf 77' lang='lat' dir='ltr'><strong>inter</strong></span> <span class='ocrx_word' id='word_1_715' title='bbox 3216 4948 3536 5005; x_wconf 82' lang='lat' dir='ltr'><strong>Gerbertum</strong></span> <span class='ocrx_word' id='word_1_716' title='bbox 3563 4950 3724 5004; x_wconf 86' lang='lat' dir='ltr'><strong>advo-</strong></span> 
     </span>
    </p>
   </div>
   <div class='ocr_carea' id='block_1_110' title="bbox 2637 5021 3151 5092">
    <p class='ocr_par' dir='ltr' id='par_1_110' title="bbox 2637 5021 3151 5092">
     <span class='ocr_line' id='line_1_110' title="bbox 2637 5021 3151 5092; baseline 0 -16"><span class='ocrx_word' id='word_1_717' title='bbox 2637 5026 2817 5076; x_wconf 86' lang='lat' dir='ltr'><strong>catum</strong></span> <span class='ocrx_word' id='word_1_718' title='bbox 2843 5025 2893 5074; x_wconf 87' lang='lat' dir='ltr'><strong>et</strong></span> <span class='ocrx_word' id='word_1_719' title='bbox 2914 5021 3151 5092; x_wconf 85' lang='lat' dir='ltr'><strong>Otniam,</strong></span> 
     </span>
    </p>
   </div>
   <div class='ocr_carea' id='block_1_111' title="bbox 2141 5128 3717 5202">
    <p class='ocr_par' dir='ltr' id='par_1_111' title="bbox 2141 5128 3717 5202">
     <span class='ocr_line' id='line_1_111' title="bbox 2141 5128 3717 5202; baseline -0.004 -14"><span class='ocrx_word' id='word_1_720' title='bbox 2141 5134 2350 5189; x_wconf 88' lang='lat' dir='ltr'><strong>Notum</strong></span> <span class='ocrx_word' id='word_1_721' title='bbox 2368 5133 2446 5188; x_wconf 91' lang='lat' dir='ltr'><strong>sit</strong></span> <span class='ocrx_word' id='word_1_722' title='bbox 2463 5131 2733 5188; x_wconf 91' lang='lat' dir='ltr'><strong>omnibus</strong></span> <span class='ocrx_word' id='word_1_723' title='bbox 2759 5131 3027 5188; x_wconf 89' lang='lat' dir='ltr'><strong>ﬁdelibus</strong></span> <span class='ocrx_word' id='word_1_724' title='bbox 3040 5133 3176 5202; x_wconf 90' lang='lat' dir='ltr'><strong>quia</strong></span> <span class='ocrx_word' id='word_1_725' title='bbox 3200 5132 3369 5189; x_wconf 91' lang='lat' dir='ltr'><strong>Otoni</strong></span> <span class='ocrx_word' id='word_1_726' title='bbox 3389 5130 3632 5188; x_wconf 87' lang='lat' dir='ltr'><strong>tradidit</strong></span> <span class='ocrx_word' id='word_1_727' title='bbox 3649 5128 3717 5182; x_wconf 92' lang='lat' dir='ltr'><strong>ad</strong></span> 
     </span>
    </p>
   </div>
   <div class='ocr_carea' id='block_1_112' title="bbox 2071 5215 3722 5277">
    <p class='ocr_par' dir='ltr' id='par_1_112' title="bbox 2071 5215 3722 5277">
     <span class='ocr_line' id='line_1_112' title="bbox 2071 5215 3722 5277; baseline -0.005 -1"><span class='ocrx_word' id='word_1_728' title='bbox 2071 5221 2124 5276; x_wconf 93' lang='lat' dir='ltr'><strong>S.</strong></span> <span class='ocrx_word' id='word_1_729' title='bbox 2151 5224 2625 5277; x_wconf 89' lang='lat' dir='ltr'><strong>Emmerammum</strong></span> <span class='ocrx_word' id='word_1_730' title='bbox 2663 5221 3059 5277; x_wconf 90' lang='lat' dir='ltr'><strong>nemusculum</strong></span> <span class='ocrx_word' id='word_1_731' title='bbox 3094 5236 3271 5277; x_wconf 92' lang='lat' dir='ltr'><strong>unum</strong></span> <span class='ocrx_word' id='word_1_732' title='bbox 3299 5221 3365 5275; x_wconf 89' lang='lat' dir='ltr'><strong>ad</strong></span> <span class='ocrx_word' id='word_1_733' title='bbox 3408 5221 3644 5274; x_wconf 84' lang='lat' dir='ltr'><strong>Reinna.</strong></span> <span class='ocrx_word' id='word_1_734' title='bbox 3678 5215 3722 5268; x_wconf 87' lang='lat' dir='ltr'><strong>E</strong></span> 
     </span>
    </p>
   </div>
   <div class='ocr_carea' id='block_1_113' title="bbox 2073 5305 3721 5379">
    <p class='ocr_par' dir='ltr' id='par_1_113' title="bbox 2073 5305 3721 5379">
     <span class='ocr_line' id='line_1_113' title="bbox 2073 5305 3721 5379; baseline -0.006 -11"><span class='ocrx_word' id='word_1_735' title='bbox 2073 5317 2272 5368; x_wconf 88' lang='lat' dir='ltr'><strong>contra</strong></span> <span class='ocrx_word' id='word_1_736' title='bbox 2312 5325 2444 5367; x_wconf 92' lang='lat' dir='ltr'><strong>vero</strong></span> <span class='ocrx_word' id='word_1_737' title='bbox 2490 5311 2802 5367; x_wconf 90' lang='lat' dir='ltr'><strong>Gerbertus</strong></span> <span class='ocrx_word' id='word_1_738' title='bbox 2843 5311 3170 5379; x_wconf 88' lang='lat' dir='ltr'><strong>advocatus,</strong></span> <span class='ocrx_word' id='word_1_739' title='bbox 3207 5309 3442 5379; x_wconf 91' lang='lat' dir='ltr'><strong>jubente</strong></span> <span class='ocrx_word' id='word_1_740' title='bbox 3487 5305 3721 5363; x_wconf 88' lang='lat' dir='ltr'><strong>domino</strong></span> 
     </span>
    </p>
   </div>
   <div class='ocr_carea' id='block_1_114' title="bbox 2073 5395 3718 5471">
    <p class='ocr_par' dir='ltr' id='par_1_114' title="bbox 2073 5395 3718 5471">
     <span class='ocr_line' id='line_1_114' title="bbox 2073 5395 3718 5471; baseline -0.005 -15"><span class='ocrx_word' id='word_1_741' title='bbox 2073 5414 2179 5457; x_wconf 90' lang='lat' dir='ltr'><strong>suo</strong></span> <span class='ocrx_word' id='word_1_742' title='bbox 2202 5401 2442 5471; x_wconf 80' lang='lat' dir='ltr'><strong>Asperto</strong></span> <span class='ocrx_word' id='word_1_743' title='bbox 2461 5415 2546 5471; x_wconf 91' lang='lat' dir='ltr'><strong>ep.</strong></span> <span class='ocrx_word' id='word_1_744' title='bbox 2583 5401 2826 5457; x_wconf 89' lang='lat' dir='ltr'><strong>tradidit</strong></span> <span class='ocrx_word' id='word_1_745' title='bbox 2851 5401 3034 5457; x_wconf 90' lang='lat' dir='ltr'><strong>eidem</strong></span> <span class='ocrx_word' id='word_1_746' title='bbox 3061 5399 3244 5455; x_wconf 81' lang='lat' dir='ltr'><strong>Otniae</strong></span> <span class='ocrx_word' id='word_1_747' title='bbox 3271 5395 3514 5465; x_wconf 90' lang='lat' dir='ltr'><strong>puellam</strong></span> <span class='ocrx_word' id='word_1_748' title='bbox 3547 5406 3718 5449; x_wconf 90' lang='lat' dir='ltr'><strong>unam</strong></span> 
     </span>
    </p>
   </div>
   <div class='ocr_carea' id='block_1_115' title="bbox 2073 5481 3721 5560">
    <p class='ocr_par' dir='ltr' id='par_1_115' title="bbox 2073 5481 3721 5560">
     <span class='ocr_line' id='line_1_115' title="bbox 2073 5481 3721 5560; baseline -0.003 -16"><span class='ocrx_word' id='word_1_749' title='bbox 2073 5503 2199 5560; x_wconf 70' lang='lat' dir='ltr'><strong>quae</strong></span> <span class='ocrx_word' id='word_1_750' title='bbox 2224 5494 2458 5546; x_wconf 89' lang='lat' dir='ltr'><strong>vocatur</strong></span> <span class='ocrx_word' id='word_1_751' title='bbox 2499 5491 2839 5546; x_wconf 89' lang='lat' dir='ltr'><strong>Ermanhilt.</strong></span> <span class='ocrx_word' id='word_1_752' title='bbox 2866 5491 2933 5545; x_wconf 88' lang='lat' dir='ltr'><strong>Et</strong></span> <span class='ocrx_word' id='word_1_753' title='bbox 2977 5488 3073 5543; x_wconf 92' lang='lat' dir='ltr'><strong>isti</strong></span> <span class='ocrx_word' id='word_1_754' title='bbox 3117 5491 3250 5541; x_wconf 91' lang='lat' dir='ltr'><strong>sunt</strong></span> <span class='ocrx_word' id='word_1_755' title='bbox 3276 5487 3482 5539; x_wconf 82' lang='lat' dir='ltr'><strong>testes:</strong></span> <span class='ocrx_word' id='word_1_756' title='bbox 3511 5481 3721 5539; x_wconf 92' lang='lat' dir='ltr'><strong>Gund-</strong></span> 
     </span>
    </p>
   </div>
   <div class='ocr_carea' id='block_1_116' title="bbox 2065 5571 3696 5649">
    <p class='ocr_par' dir='ltr' id='par_1_116' title="bbox 2065 5571 3696 5649">
     <span class='ocr_line' id='line_1_116' title="bbox 2065 5571 3696 5649; baseline -0.002 -15"><span class='ocrx_word' id='word_1_757' title='bbox 2065 5578 2249 5649; x_wconf 88' lang='lat' dir='ltr'><strong>perht,</strong></span> <span class='ocrx_word' id='word_1_758' title='bbox 2270 5578 2604 5649; x_wconf 87' lang='lat' dir='ltr'><strong>Odalperht,</strong></span> <span class='ocrx_word' id='word_1_759' title='bbox 2622 5578 2880 5646; x_wconf 89' lang='lat' dir='ltr'><strong>Deotrih,</strong></span> <span class='ocrx_word' id='word_1_760' title='bbox 2900 5574 3186 5646; x_wconf 84' lang='lat' dir='ltr'><strong>Engilrih,</strong></span> <span class='ocrx_word' id='word_1_761' title='bbox 3212 5571 3464 5642; x_wconf 84' lang='lat' dir='ltr'><strong>Wicker,</strong></span> <span class='ocrx_word' id='word_1_762' title='bbox 3487 5572 3696 5646; x_wconf 87' lang='lat' dir='ltr'><strong>Deotpa</strong></span> 
     </span>
    </p>
   </div>
  </div>
