4068 6178
239 226 342 286 961

1006 229 1388 289 EUTROPIUS
1427 231 1657 289 PRESB.
1700 232 1991 292 lDNGOB.
2035 237 2126 294 DE
2160 238 2437 296 JURIBUS
2473 241 2653 298 IMPP.
2699 243 2866 301 ROM.

3546 249 3656 310 962

236 355 665 448 conﬁrmarent,
710 357 973 448 quodita
1003 364 1058 416 et
1088 358 1363 418 fecerunt.
1395 363 1658 420 Tradidit
1697 363 1893 436 itaque
1921 365 1976 424 A
2005 379 2121 438 ger,
2169 367 2497 440 Gundpald,
2552 370 2801 443 Folcrih,
2862 373 3038 445 Hitto,
3089 374 3292 448 Wetti,
3343 377 3653 438 Ambrlcho

237 445 517 516 praedicta
547 446 721 502 vidua
757 447 990 519 Sigifrit
1021 449 1190 505 talem
1232 451 1636 522 proprietatem
1665 453 1890 524 qualem

231 535 305 590 ad
331 535 627 591 Milizreod
655 535 859 592 habere
881 538 1001 593 visa
1023 544 1109 594 est
1130 539 1303 596 simul
1327 554 1456 597 cum
1478 543 1748 600 advocato
1765 558 1888 615 suo,

233 625 474 680 nomine
500 624 760 692 Ratoldo,
780 627 850 682 ad
873 627 926 683 S.
958 628 1184 684 Petrum
1207 636 1582 703 sanctumque
1604 633 1705 688 Dei
1734 647 1893 688 mar-

231 719 420 785 tyrem
477 715 954 772 Emmerammum
996 735 1010 787 ;
1054 716 1161 774 hoc
1201 726 1289 776 est
1329 738 1342 775 :
1389 734 1576 777 aream
1622 736 1661 789 ι,
1715 726 1772 777 et
1821 723 1891 779 de

228 808 390 860 terra
420 803 629 860 arabili
665 805 868 878 jugera
905 820 1038 863 xxvx
1079 811 1137 864 et
1175 812 1469 889 pratorum
1512 811 1582 866 ad
1621 811 1890 867 carradas

226 907 362 964 vm,
397 893 459 949 in
483 907 712 951 manum
742 895 1014 952 videlicet
1034 897 1263 968 Asperti
1285 912 1372 969 ep.
1401 903 1458 955 et
1477 899 1737 956 advocati
1763 901 1890 970 ejus

227 983 536 1040 Heri-andi.
572 985 615 1039 E
647 989 846 1041 contra
889 999 1020 1043 vero
1062 987 1211 1043 idem
1251 988 1600 1061 Herrandus,
1639 999 1890 1046 consen-

227 1075 414 1131 tiente
456 1073 692 1130 domino
732 1089 837 1132 suo
873 1089 962 1146 ep.
998 1077 1242 1133 tradidit
1272 1077 1342 1133 de
1374 1078 1542 1134 rebus
1571 1079 1624 1134 S.
1662 1080 1889 1136 Emme—

228 1165 440 1220 rammi
473 1164 798 1220 Pezcinmos
832 1163 1078 1234 praefatae
1103 1165 1290 1223 viduae
1310 1179 1497 1223 aream
1525 1181 1540 1223 ι
1565 1172 1622 1223 et
1639 1169 1711 1224 de
1737 1173 1886 1226 terra

225 1252 443 1310 arabili
469 1253 592 1324 jug.
619 1267 734 1308 xxx
766 1253 824 1308 in
858 1261 1185 1324 perpetuam
1218 1256 1654 1325 passessionem.
1686 1257 1754 1313 Et
1785 1258 1883 1314 isti

224 1347 368 1400 sunt
391 1345 565 1399 testes
588 1360 602 1398 :
625 1342 923 1414 Garaheri,
955 1342 1335 1416 Chuniperht,
1361 1345 1691 1418 Sindperht,
1725 1347 1886 1404 Rod-

2002 455 2262 526 Asperht.

1999 563 2125 619 CAP.
2160 567 2319 621 XLV.
2353 596 2428 608 —
2455 567 2808 644 Commutatio
2832 571 2988 644 inter
3027 570 3321 640 Aspertu-m
3351 577 3652 644 episcorum

2616 646 2666 694 et
2701 643 3037 708 Ratfridum.

2071 726 2304 782 Noverit
2352 733 2690 786 cunctorum
2752 732 3040 793 industria
3089 734 3345 791 ﬁdelium
3403 735 3654 807 qualiter

1999 813 2354 887 subsequens
2380 823 2604 889 peracta
2628 826 2716 878 est
2739 826 3132 883 commutatio.
3166 825 3429 881 Tradidit
3456 825 3652 896 itaque

1999 904 2232 976 quidam
2266 907 2481 964 nobilis
2502 910 2610 981 vir,
2641 913 2870 970 nomine
2894 914 3140 987 Ratfrid,
3167 916 3236 972 ad
3251 902 3521 971 sanctum
3547 913 3648 970 Dei

1999 999 2300 1066 martyrem
2343 997 2818 1057 Emmerammum
2861 1003 2920 1059 in
2971 1018 3201 1062 manum
3244 1003 3472 1074 Asperti
3521 1016 3645 1059 ven.

1995 1096 2082 1153 ep.
2129 1087 2186 1139 et
2227 1085 2483 1142 advocati
2525 1089 2650 1157 ejus
2692 1091 2996 1148 Garaharii
3043 1093 3104 1148 in
3150 1093 3274 1149 loco
3311 1092 3647 1164 Samutinga

1997 1176 2326 1243 nuncupato
2363 1187 2550 1232 casam
2581 1191 2709 1234 cum
2741 1185 2921 1252 curte,
2963 1185 3127 1239 terrae
3164 1181 3618 1238 arabilis.........

1994 1262 2199 1316 Desunt
2236 1269 2514 1333 sequentes
2539 1268 2772 1337 pauculi
2801 1285 3008 1336 versus,
3055 1273 3118 1326 ob
3151 1272 3348 1340 folium
3395 1272 3648 1327 ultimum

1995 1365 2021 1405 e
2059 1351 2238 1407 codice
2275 1355 2532 1410 excisum.

226 1524 3638 1558 ἦ

1601 1659 1779 1704 ANNO
1818 1658 2054 1704 DOMINI
2103 1660 2324 1706 DCCCC.

1310 1816 2585 1970 EUTBOPIUS

1464 2059 1968 2118 LONGOBARDUS
2004 2061 2418 2119 PRESBYTER.

221 2299 337 2427 DE
429 2297 831 2428 JUBIBUS
924 2297 1046 2428 AG
1123 2298 1729 2430 PRIVILEGIIS
1810 2299 2506 2431 IMPERATOR“
2567 2302 2662 2432 IN
2739 2303 3135 2435 IMPERIO
3218 2305 3632 2436 ROMANO.

1327 2510 1522 2568 ANNO
1589 2509 1839 2569 DOMINI
1902 2510 2220 2569 CIRCITER
2293 2511 2523 2569 DCCCC.

1126 2627 1302 2692 (Apud
1347 2627 1598 2689 Goldast,
1646 2628 1939 2693 Scriptores
1983 2630 2184 2680 Rerum
2235 2630 2739 2694 Alamannicarum.)

1709 2743 2114 2758 —-———-

289 2877 1864 2952 Priscistemporibusimperialedecuseﬁ‘loruitRomae,
1900 2888 1951 2949 Β
1981 2881 2320 2951 stianitatis,
2369 2881 2429 2938 in
2482 2885 2713 2953 accepto
2771 2883 3077 2958 privilegio
3131 2886 3283 2958 Jesu,
3334 2885 3436 2944 ubi
3489 2887 3576 2945 ait
3617 2907 3630 2944 :

223 2969 327 3026 sub
365 2971 536 3040 cujus
566 2969 958 3025 dominatione
985 2969 1212 3025 diversa
1249 2969 1642 3026 consistebant
1673 2984 1865 3043 regna,

221 3064 275 3115 et
313 3059 411 3114 cui
456 3062 677 3114 cunctae
715 3063 910 3130 gentes
953 3058 1186 3129 propria
1234 3059 1651 3116 submittebant
1694 3059 1860 3116 colla.

219 3146 534 3203 Constituit
562 3160 695 3218 ergo
724 3147 1008 3216 consules,
1050 3148 1151 3218 qui
1193 3147 1533 3218 quotidiano
1563 3162 1673 3204 usu
1705 3147 1864 3219 regni

220 3236 604 3308 gubernacula
646 3235 892 3292 consilio
938 3235 1338 3306 disponebant.
1392 3237 1568 3291 Erant
1622 3249 1866 3306 namque

217 3325 532 3383 distributa
557 3323 742 3382 oﬁicia
764 3339 861 3396 per
886 3330 1174 3382 senatores
1193 3329 1249 3380 et
1276 3324 1666 3396 magistratus,
1697 3329 1867 3394 prout

218 3415 536 3486 unicuique
562 3415 951 3472 ministerium
975 3428 1140 3484 Opere
1165 3413 1537 3485 competebat.
1565 3413 1867 3484 lmperiale

216 3519 346 3561 vero
375 3505 552 3560 decus
576 3503 849 3561 laudibus
877 3503 1308 3575 honoribusque
1336 3502 1406 3560 ab
1431 3503 1701 3560 omnibus
1733 3508 1868 3559 tan-

217 3593 511 3650 tummodo
525 3592 922 3650 extollebatur.
945 3593 1076 3649 Post
1090 3593 1394 3649 adventum
1418 3593 1705 3666 unigeniti
1724 3592 1861 3649 Filii

215 3683 332 3755 Dei,
380 3687 437 3739 et
483 3687 609 3754 post
651 3681 1007 3738 ascensionis
1056 3683 1182 3751 ejus
1225 3681 1489 3754 gloriam,
1546 3682 1862 3739 Romanum

218 3772 524 3844 imperium
553 3772 882 3844 Byzantium
905 3785 965 3828 se
993 3771 1262 3842 contulit,
1290 3785 1415 3842 quae
1435 3784 1467 3827 a
1487 3771 1863 3829 Constantino

214 3864 416 3934 Magno
465 3861 684 3918 Czesare
732 3861 1264 3932 Constantinopolis
1320 3865 1516 3918 vocata
1567 3865 1673 3916 est.
1727 3861 1863 3931 Qua:

213 3952 347 4022 quia
398 3951 650 4008 Romano
693 3949 1050 4023 gloriabatur
1093 3950 1356 4022 imperio,
1401 3951 1556 4007 dicta
1598 3955 1683 4007 est
1724 3966 1864 4006 ηουα

208 4043 373 4096 Roma
399 4059 416 4106 ;
438 4041 523 4096 sic
549 4046 736 4096 tamen
762 4045 826 4096 ut
845 4040 1083 4110 antiqua
1110 4041 1283 4096 Roma
1305 4039 1557 4111 gloriosa
1579 4054 1866 4111 praepone-

209 4135 368 4187 retur
394 4130 635 4186 cmteris.
663 4129 950 4186 Euntibus
977 4132 1165 4185 autem
1204 4129 1482 4200 apostolis
1515 4129 1599 4185 vel
1631 4143 1866 4185 succes-

1985 2971 2065 3023 Tu
2104 2970 2378 3023 vocaberis
2423 2969 2633 3040 Cephas
2658 2989 2676 3037 ;
2703 2977 2758 3027 et
2799 2972 2942 3028 alibi
2973 2992 2985 3029 :
3019 2975 3134 3042 Ego
3175 2975 3376 3044 rogabo
3417 2992 3524 3048 pro
3558 2981 3630 3042 te,

1979 3073 2046 3113 ne
2083 3059 2298 3127 deﬁciat
2327 3061 2460 3128 ﬁnes
2502 3063 2616 3113 tua.

2049 3147 2245 3203 Diviso
2270 3153 2457 3202 autem
2488 3149 2740 3204 Romano
2776 3151 3038 3222 imperio,
3069 3165 3136 3209 eo
3167 3153 3318 3224 quod
3349 3153 3631 3224 imperia-

1979 3235 2054 3291 lis
2079 3236 2261 3307 sedes,
2289 3251 2416 3307 qua:
2435 3239 2689 3309 antiquae
2714 3241 2903 3297 Romae
2929 3241 3098 3296 solita
3120 3247 3260 3310 erat,
3291 3241 3632 3298 Constanti-

1978 3324 2231 3394 nopolim
2276 3330 2426 3380 esset
2465 3326 2730 3398 deducta,
2770 3329 3079 3386 multarum
3127 3329 3382 3402 gentium
3431 3331 3627 3401 p0puli

1976 3419 2174 3470 contra
2212 3413 2418 3470 Urbem
2453 3413 2684 3472 fuerant
2719 3416 2976 3474 rebelles.
3010 3418 3166 3473 Unde
3199 3431 3400 3489 magna
3429 3423 3485 3474 et
3515 3432 3628 3476 non

1979 3517 2155 3574 pauca
2198 3507 2396 3560 contra
2435 3518 2555 3562 eam
2596 3511 2973 3563 surrexerunt
3010 3505 3177 3579 bella,
3219 3511 3361 3564 teste
3398 3507 3623 3568 Orosio.

1973 3594 2131 3650 Tunc
2159 3594 2312 3650 enim
2351 3594 2526 3652 Roma
2557 3609 2656 3666 per
2688 3596 2964 3667 patricios
3002 3595 3456 3668 principabatur.
3490 3599 3627 3656 Erat

1973 3688 2163 3739 autem
2190 3687 2410 3740 tantum
2441 3684 2696 3755 subjecta
2721 3699 2826 3742 suo
2855 3685 3209 3757 imperatori,
3238 3686 3318 3742 ita
3346 3692 3409 3743 ut
3434 3687 3484 3744 si
3507 3688 3628 3744 ali—

1976 3772 2202 3842 quando
2236 3772 2546 3842 imperator
2576 3787 2928 3845 paganorum
2960 3775 3079 3829 ritu
3113 3774 3470 3832 inveniretur
3499 3790 3626 3833 cru-

1971 3860 2139 3933 delis,
2169 3875 2266 3930 per
2289 3876 2425 3918 suos
2446 3862 2682 3934 legatos,
2716 3863 3113 3920 sanctissimos
3144 3863 3415 3933 praesules
3439 3865 3626 3921 alios-

1973 3962 2084 4019 que
2106 3949 2468 4006 Christianos
2491 3965 2590 4020 per
2612 3951 2838 4007 diversa
2865 3952 3150 4022 supplicia
3176 3953 3448 4022 martyrio
3469 3966 3628 4009 coro-

1974 4043 2153 4107 naret,
2197 4041 2496 4095 Crescente
2536 4044 2725 4096 autem
2771 4040 3098 4097 Christiana
3140 4041 3438 4112 religione,
3491 4041 3624 4098 talis

1973 4133 2146 4184 aestus
2169 4127 2297 4184 ﬁdei
2317 4142 2349 4184 a
2372 4128 2634 4198 patribus
2649 4129 2884 4197 exarsit,
2907 4144 3088 4200 usque
3109 4131 3244 4186 dum
3265 4131 3620 4202 Longobardi

206 4219 442 4276 soribus
487 4233 684 4276 eorum
738 4219 1049 4290 praedicare
1102 4219 1493 4290 Evangelium,
1543 4218 1861 4275 secundum
1893 4217 1942 4283 C
1972 4217 3618 4291 suntltaliamingressi.CumqueappropinquarentPado,

203 4309 470 4365 divinum
490 4313 852 4379 praeceptum,
879 4309 939 4364 in
957 4307 1232 4364 mundum
1252 4307 1604 4378 universum,
1628 4307 1859 4364 Romam

201 4398 454 4454 Caesares
512 4397 956 4468 revertebantur,
1015 4397 1242 4453 diversa
1299 4400 1580 4453 tormenta
1641 4396 1859 4453 sanctis

203 4485 539 4554 inferentes,
581 4491 647 4544 ut
680 4487 800 4543 diis
842 4485 968 4543 suis
1007 4485 1314 4556 placerent.
1357 4485 1514 4544 Unde
1543 4486 1764 4542 accedit
1795 4493 1861 4543 ut

200 4575 408 4633 beatus
450 4577 669 4647 Petrus,
718 4575 818 4646 qui
861 4575 1131 4646 praelatus
1174 4575 1362 4632 fuerat
1403 4575 1628 4632 caeteris
1662 4589 1694 4630 a
1723 4577 1854 4632 Iesu

197 4665 434 4721 Christo
455 4665 696 4721 Domino
718 4669 936 4736 nostro,
968 4665 1201 4720 Romam
1233 4664 1664 4735 praedicationis
1683 4677 1854 4720 causa

195 4755 444 4824 veniret,
466 4769 590 4826 quae
606 4755 861 4811 omnium
882 4754 1136 4826 gentium
1157 4753 1573 4825 przedicabatur
1588 4754 1849 4824 domina;

197 4858 328 4915 qua:
354 4847 611 4915 eatenus,
645 4845 798 4900 sicut
825 4842 1026 4900 multis
1058 4842 1342 4899 idolorum
1375 4841 1707 4898 simulacris
1731 4845 1852 4897 erat

193 4933 457 5002 seducta,
494 4931 572 4986 ita
605 4931 875 5003 plurimis
915 4929 1426 5002 praedicationibus
1459 4929 1848 5000 apostolorum

192 5022 568 5093 aliorumque
598 5027 909 5092 martyrum
940 5019 1441 5077 exhortationibus
1466 5033 1594 5076 cum
1629 5019 1850 5075 caeteris

193 5125 470 5168 conversa
497 5131 510 5181 ;
537 5111 631 5168 ubi
663 5113 836 5168 etiam
869 5112 1070 5168 beatus
1102 5113 1302 5166 Petrus
1330 5115 1386 5166 et
1414 5109 1627 5166 Paulus
1649 5110 1850 5166 doctor

190 5203 455 5273 gentium
489 5201 759 5272 martyrio
788 5201 1043 5258 coronati
1075 5206 1250 5256 sunt:
1284 5204 1348 5255 ut
1372 5199 1523 5255 sicut
1545 5199 1718 5255 Roma
1752 5212 1850 5269 per

190 5293 436 5363 antiqua
480 5291 688 5347 moenia
726 5296 899 5361 caput
947 5294 1070 5346 erat
1124 5290 1435 5345 multarum
1481 5288 1737 5360 gentium
1786 5289 1844 5342 in

187 5382 486 5438 divisione
517 5381 980 5452 simulacrorum,
1007 5382 1087 5437 ita
1106 5385 1281 5451 caput
1299 5383 1354 5434 et
1373 5379 1605 5434 domina
1626 5392 1847 5435 vocare-

1971 4307 2301 4364 nuntiatum
2354 4312 2441 4364 est
2491 4308 2680 4364 Romae
2727 4305 3092 4378 (praesidebat
3141 4322 3274 4365 vero
3329 4310 3622 4380 Sylverius

1973 4410 2114 4467 papa
2142 4402 2278 4453 tunc
2318 4398 2582 4454 Romanae
2611 4395 2897 4469 Ecclesiae)
2929 4399 3109 4452 Narso
3154 4397 3421 4467 patricio,
3449 4399 3619 4467 cujus

1970 4499 2116 4541 uxor
2135 4485 2444 4542 vocabatur
2463 4486 2791 4557 Polyxiana,
2823 4485 3153 4542 nuntiatum
3175 4489 3262 4541 est
3282 4490 3470 4541 autem
3495 4487 3619 4542 illis

1967 4574 2118 4644 quod
2166 4574 2437 4644 praefatus
2481 4574 2738 4646 pontifex
2782 4575 3036 4631 misisset
3075 4575 3143 4630 ad
3192 4574 3614 4648 Longobardos,

1967 4662 2219 4718 invitans
2256 4676 2352 4718 eos
2381 4665 2634 4735 Romam,
2686 4669 2968 4736 quatenus
3009 4668 3256 4734 potestas
3289 4664 3616 4721 Griecorum

1964 4750 2291 4808 aboleretur
2345 4757 2402 4808 et
2444 4752 2710 4808 Ecclesiaa
2745 4754 2877 4823 jura
2915 4753 3159 4809 elevaret
3192 4752 3300 4809 sub
3341 4757 3619 4823 potestate

1965 4839 2255 4910 pontiﬁcis
2287 4858 2302 4909 ;
2333 4841 2427 4895 cui
2463 4845 2617 4897 tanta
2647 4845 2769 4896 erat
2809 4841 3138 4913 necessitas,
3175 4845 3239 4897 ut
3270 4841 3420 4897 nihil
3452 4842 3613 4899 aliud

1963 4936 2167 4999 praeter
2218 4929 2603 4985 Ecclesiarum
2656 4936 2712 4986 et
2757 4930 3041 4987 clerorum
3103 4930 3336 4987 haberet
3388 4945 3610 4988 curam.

1959 5019 2338 5088 Quotidianos
2365 5033 2497 5091 ergo
2527 5019 2716 5075 victus
2744 5019 2990 5076 dabatur
3018 5021 3088 5076 de
3119 5019 3334 5090 palatio
3362 5035 3615 5079 consue-

1959 5111 2073 5174 tus,
2097 5112 2152 5164 et
2175 5109 2447 5164 annualia
2462 5110 2610 5165 dona
2640 5123 2740 5180 pro
2778 5110 3198 5166 restauratione
3232 5110 3607 5169 ecclesiarum

1956 5197 2245 5254 etCaesare
2278 5199 2632 5270 eleemosyna
2665 5199 2901 5255 honoris
2935 5214 3106 5256 causa
3132 5218 3147 5272 ς
3170 5204 3226 5257 et
3252 5201 3610 5258 solummodo

1957 5292 2080 5344 erat
2108 5288 2178 5344 ob
2219 5289 2589 5345 reverentiam
2617 5289 3008 5359 apostolorum
3043 5291 3191 5346 Petri
3237 5297 3293 5346 et
3333 5291 3514 5346 Pauli.
3544 5289 3602 5344 Si

1957 5378 2184 5448 quando
2212 5378 2532 5449 imperialis
2562 5377 2784 5450 legatus
2810 5378 3136 5436 mitteretur
3165 5393 3196 5434 a
3231 5379 3511 5448 principe,
3540 5380 3604 5432 ut

187 5475 288 5527 tur
316 5472 580 5529 omnium
619 5471 1079 5528 Christianorum
1116 5471 1172 5526 in
1210 5469 1430 5527 unitate
1459 5481 1602 5523 vera:
1633 5467 1762 5524 ﬁdei
1791 5472 1848 5524 et
1877 5460 1932 5522 D
1954 5469 2244 5524 Romanus
2275 5467 2530 5538 pontifex
2561 5468 3020 5539 proﬁcisceretur
3045 5465 3600 5536 Constantinopolim

189 5559 513 5618 inconfusze
532 5561 792 5633 deitatis,
817 5560 1031 5618 habens
1055 5561 1445 5632 principatum
1467 5557 1648 5615 totius
1669 5557 1847 5615 Chri-

1952 5557 2022 5614 ad
2089 5557 2488 5629 imperatorem
2555 5559 2713 5616 omni
2777 5559 3028 5631 neglecta
3093 5555 3389 5612 occasione
3455 5551 3594 5627 ibat,
