4076 6154
416 186 524 245 963

1457 177 1838 238 EUTROPIUS
1875 173 2270 233 PRESBYTER
2307 174 2830 235 LANGOBARDUS.

3719 176 3827 238 964

416 313 643 371 etiamsi
685 327 786 384 pro
813 317 966 370 certe
1002 312 1268 370 sciretut
1298 311 1358 367 in
1395 310 1667 368 exsilium
1709 308 2058 364 mitterotur.
2092 302 2152 365 A
2181 304 2391 363 bantur
2437 306 2719 373 monachi,
2772 305 3015 364 ferentes
3050 307 3372 381 vectigalia,
3425 308 3576 379 vina,
3617 312 3679 364 et
3715 309 3828 366 alia

420 403 756 460 Mittebatur
776 403 1090 474 aliquando
1114 402 1344 473 quidem
1367 401 1610 458 nuntius
1629 413 1660 454 a
1683 401 1862 454 Narso
1881 395 2071 468 patri—

418 493 509 549 cio
535 488 603 548 ad
633 491 951 563 Sylverium
985 503 1206 562 papam,
1241 503 1485 561 cumque
1516 487 1974 559 proﬁcisceretur
1997 486 2067 542 ad

417 582 648 638 domum
692 581 880 652 illius,
915 581 1014 636 ubi
1041 580 1269 652 jacebat
1306 585 1574 650 aegrotus,
1609 577 1762 633 dixit
1794 575 1882 631 illi
1924 588 2070 632 uxor

418 685 524 728 sua
551 690 564 726 :
597 673 822 726 Domine
841 687 1016 741 papa,
1056 670 1194 739 quid
1221 669 1326 723 tibi
1347 682 1654 738 peccamus,
1687 667 1821 736 quia
1847 665 2072 720 voluisti

418 759 676 815 inducere
718 759 1102 828 Langobardos
1150 773 1314 828 super
1353 773 1449 812 nos
1479 759 1506 811 ?
1538 757 1640 812 His
1684 755 1883 826 dictis,
1933 751 2070 810 fecit

419 862 547 906 eum
606 847 1007 920 comprehendi
1063 851 1118 904 et
1170 846 1484 917 tonsurari,
1550 849 1875 914 vestemque
1941 856 2071 899 mo-

421 937 717 994 nachicam
786 937 1043 1007 induere,
1119 949 1338 992 necnon
1419 935 1705 991 sedentem
1766 932 1932 989 asino
1997 931 2067 988 ad

422 1026 832 1084 monasterium
903 1026 1119 1082 Sanctae
1187 1024 1345 1080 Sabae
1417 1024 1742 1095 perducere.
1815 1022 2071 1091 Cumque

421 1130 684 1188 egressus
724 1119 873 1175 esset
924 1113 1098 1186 foras,
1151 1114 1354 1171 sedens
1397 1127 1571 1183 super
1617 1112 1868 1180 asinum,
1917 1111 2072 1166 dixit

422 1206 655 1277 quidam
683 1206 754 1262 de
781 1204 1106 1262 astantibus
1130 1222 1144 1260 :
1172 1206 1292 1259 Heu
1315 1206 1335 1258 !
1356 1204 1609 1259 dominus
1630 1218 1785 1274 papa
1824 1206 2071 1257 mortuus

421 1300 517 1351 est.

492 1385 767 1440 Praeterea
829 1383 1250 1440 inundantibus
1317 1381 1704 1454 Longobardis
1755 1379 1999 1451 Italiam,
2041 1393 2072 1436 e

422 1473 714 1530 conversis
753 1472 823 1527 ad
864 1472 1082 1528 Christi
1128 1471 1316 1541 ﬁdem,
1361 1469 1544 1542 fugati
1588 1474 1726 1525 sunt
1767 1469 1972 1540 Graeci,
2016 1473 2074 1524 et

423 1561 668 1618 cessavit
689 1561 994 1630 imperium
1025 1561 1096 1616 ab
1128 1560 1268 1616 urbe
1295 1561 1467 1616 Roma
1495 1572 1676 1630 usque
1700 1557 1768 1614 ad
1802 1560 2064 1614 Francos.

2179 397 2439 467 donaria,
2468 397 2632 466 juxta
2663 397 2875 454 virium
2908 411 3089 468 posse.
3128 399 3312 469 Igitur
3342 397 3616 455 Romanis
3642 399 3703 454 in
3726 413 3826 455 sua

2179 486 2486 543 securitate
2507 485 2912 559 gloriantibus,
2934 488 3177 544 levatum
3197 492 3284 543 est
3297 501 3397 544 cor
3415 488 3652 544 illorum
3665 489 3828 558 juxta

2183 574 2414 632 illorum
2453 577 2928 634 consuetudinem
2964 595 2977 646 ;
3011 576 3430 648 volueruntque
3469 577 3827 648 imperialem

2180 669 2512 735 potestatem
2557 667 2852 722 vindicare
2892 666 3005 723 sibi
3042 685 3055 722 :
3089 667 3388 725 resistente
3417 672 3606 724 autem
3651 669 3828 724 Leone

2180 768 2340 828 papa,
2401 756 2954 826 comprehenderunt
3008 770 3158 829 eum,
3226 756 3648 828 volueruntque
3707 758 3830 827 ejus

2177 859 2376 902 eruere
2417 845 2634 903 oculos.
2680 848 2970 903 Eruerunt
3011 851 3200 903 autem
3246 861 3446 918 unum,
3491 851 3550 902 et
3582 846 3826 902 alterum

2180 949 2290 991 non
2319 939 2646 1006 potuerunt,
2677 935 2812 1007 quia
2840 935 3108 992 liberavit
3129 949 3280 1006 eum,
3303 935 3502 992 divina
3532 935 3828 991 miseratio

2177 1029 2234 1080 et
2265 1025 2479 1093 ejectus
2517 1029 2606 1080 est
2633 1023 2703 1080 ab
2749 1025 2871 1080 illis
2913 1030 3071 1080 extra
3109 1023 3333 1094 Urbem,
3375 1024 3540 1095 quasi
3584 1024 3831 1095 penditis

2178 1113 2456 1172 ambobus
2486 1114 2825 1170 luminibus.
2858 1115 2966 1185 Qui
3001 1113 3229 1186 fugiens
3260 1115 3319 1171 in
3348 1114 3671 1184 Franciam,
3698 1127 3829 1184 per—

2180 1205 2423 1262 venitad
2450 1203 2733 1261 Carolum.
2765 1204 2921 1260 Unde
2949 1205 3163 1261 accidit
3185 1218 3314 1261 eum
3344 1204 3607 1261 Carolum
3637 1205 3829 1259 venire

2184 1308 2285 1365 pro
2325 1293 2580 1350 vindicta
2627 1293 2952 1365 apostolici,
2999 1293 3479 1365 comprehendens
3521 1293 3828 1363 Romanos,

2179 1387 2250 1443 de
2291 1384 2605 1455 majoribus
2647 1397 2842 1441 eorum
2886 1384 2946 1439 in
2980 1397 3092 1440 uno
3131 1383 3226 1439 die
3267 1383 3324 1438 in
3354 1396 3552 1454 campo
3591 1384 3830 1438 Latera-

2182 1475 2343 1531 nensi
2383 1472 2520 1530 fecit
2557 1477 2837 1530 trecentos
2869 1473 3162 1530 decollari.

2253 1565 2552 1634 PrOpterea
2581 1564 2876 1620 inventum
2908 1567 3012 1634 est,
3048 1568 3113 1620 ut
3141 1575 3337 1620 omnes
3366 1562 3608 1632 majores
3640 1560 3831 1616 Romae

427 1652 529 1705 Per
557 1663 716 1722 reges
745 1650 894 1704 enim
933 1649 1406 1720 principabantur
1445 1647 1820 1720 Longobardi.
1854 1647 2071 1702 Divisis
2101 1643 2154 1704 Β
2180 1657 2369 1710 essent
2395 1653 2740 1723 imperiales,
2770 1658 2883 1709 tam
2905 1653 3159 1724 episcopi
3188 1666 3357 1723 quam
3381 1651 3518 1708 laici
3542 1670 3557 1720 ς
3581 1656 3639 1707 et
3663 1663 3833 1706 omne

426 1739 640 1809 quippe
658 1738 837 1794 Italiae
864 1738 1096 1807 ﬁnibus,
1126 1737 1561 1808 Spoletanorum
1587 1737 1706 1792 dux
1735 1737 1919 1792 Roma:
1942 1749 2074 1792 con-

427 1829 671 1884 stitutus
693 1832 780 1883 est
805 1828 926 1883 vice
955 1827 1128 1898 regis,
1158 1827 1258 1882 tali
1291 1831 1454 1897 pacto
1481 1831 1546 1881 ut
1572 1827 1800 1896 quando
1831 1831 2072 1895 aposto-

427 1918 577 1974 licus
599 1917 802 1984 abiret,
835 1917 1132 1973 interesset
1156 1918 1274 1974 dux
1299 1915 1568 1987 praefatus
1591 1915 1861 1971 electioni
1886 1914 2070 1972 futuri

429 2007 740 2077 pontiﬁcis,
762 2006 1052 2077 accipiens
1074 2007 1322 2077 plurima
1343 2006 1491 2062 dona
1512 2006 1569 2061 in
1595 2010 1810 2076 partem
1835 2005 2071 2076 regiam.

427 2096 485 2152 Si
517 2102 704 2153 autem
739 2096 872 2153 lites
907 2097 1058 2153 inter
1086 2097 1368 2153 Romanos
1397 2095 1726 2167 surgebant,
1759 2109 1826 2151 ex
1855 2095 2076 2165 prima-

426 2188 585 2246 tibus
614 2186 791 2258 regiis
821 2186 1156 2243 adveniebat
1194 2187 1407 2251 missus
1436 2199 1565 2241 cum
1601 2185 1796 2241 eodem
1831 2185 1975 2242 duce
2004 2183 2072 2240 ad

425 2277 824 2335 deliberandas
847 2290 1052 2334 causas
1079 2280 1136 2333 et
1160 2275 1496 2349 legaliorum
1520 2275 1762 2345 judicia.
1794 2276 1862 2329 Et
1887 2273 1987 2344 qui
2013 2273 2074 2329 in

427 2368 654 2438 culpam
700 2366 970 2423 criminis
1017 2366 1404 2432 incurrebant,
1460 2364 1638 2436 regali
1688 2363 2078 2434 puniebantur

429 2460 704 2527 potestate
723 2459 825 2510 aut
853 2455 911 2510 in
938 2454 1210 2510 exsilium
1239 2453 1634 2522 mittebantur,
1664 2452 1834 2507 etiam
1867 2451 2076 2507 incon—

429 2545 582 2601 sulto
630 2543 992 2613 apostolico:
1029 2556 1211 2614 usque
1252 2542 1322 2597 ad
1371 2541 1700 2597 Zachariam
1752 2539 2068 2610 praesidem,

429 2633 530 2704 qui
557 2632 795 2689 subdole
813 2632 977 2703 quasi
999 2645 1100 2702 pro
1125 2630 1518 2687 familiaritate
1540 2630 1783 2700 quadam
1806 2627 2075 2699 praefatus

429 2726 515 2778 est
560 2722 629 2777 ad
677 2721 941 2777 Carolum
986 2733 1170 2792 regem
1220 2721 1586 2789 Francorum,
1627 2733 1692 2774 eo
1731 2719 1881 2789 quod
1927 2718 2074 2774 idem

427 2811 666 2868 Carolus
691 2809 933 2866 habebat
959 2808 1134 2864 ﬁliam
1165 2807 1464 2886 Desiderii
1485 2807 1638 2880 regis
1664 2807 1791 2864 Itali
1819 2821 2073 2878 uxorem,

2180 1742 2388 1814 vulgus
2404 1743 2619 1813 pariter
2633 1741 2840 1799 faceret
2857 1757 2984 1799 cum
3003 1742 3098 1799 his
3114 1742 3443 1798 ﬁdelitatem
3464 1741 3830 1810 imperatori;

2181 1838 2236 1890 et
2258 1838 2321 1890 ut
2346 1848 2488 1890 suus
2511 1834 2724 1890 missus
2747 1833 2902 1889 omni
2926 1838 3176 1904 tempore
3203 1837 3522 1888 moraretur
3547 1831 3738 1886 Romae
3759 1831 3828 1886 ad

2182 1923 2581 1978 deliberandas
2645 1923 2935 1995 litigiosas
3007 1922 3420 1978 contentiones.
3499 1919 3834 1976 Morabatur

2186 2013 2397 2086 quippe
2428 2013 2487 2068 in
2523 2011 2738 2083 palatio
2772 2012 2956 2068 sancti
2997 2011 3148 2068 Petri
3177 2016 3274 2081 ;et
3295 2013 3416 2067 erat
3443 2010 3829 2066 constitutum

2187 2107 2396 2174 quanta
2435 2105 2492 2158 et
2530 2101 2724 2173 qualia
2769 2101 3056 2173 stipendia
3099 2101 3170 2157 de
3201 2100 3413 2172 palatio
3457 2100 3508 2154 ei
3551 2099 3833 2154 darentur

2185 2191 2445 2264 quotidie
2485 2191 2633 2262 quod
2659 2190 2848 2248 autem
2886 2189 3174 2261 reliquum
3199 2194 3342 2256 erat,
3367 2190 3437 2245 de
3476 2187 3832 2258 supradictis

2187 2280 2551 2337 monasteriis
2585 2279 2671 2336 vel
2706 2274 3071 2350 patrimoniis
3109 2277 3478 2335 deserebatur
3509 2277 3828 2333 aﬂluenter.

2182 2371 2359 2426 Tanta
2392 2383 2588 2440 nempe
2623 2369 2943 2440 imperialis
2979 2369 3166 2424 virtus
3201 2368 3281 2424 ibi
3315 2367 3561 2439 vigebat,
3592 2372 3656 2422 ut
3689 2365 3740 2420 si
3773 2365 3832 2420 in

2184 2461 2352 2534 legali
2375 2460 2597 2531 judicio
2620 2459 2862 2516 minoris
2877 2459 2961 2515 vel
2985 2459 3156 2515 inscii
3178 2471 3349 2516 causa
3369 2461 3832 2528 postponeretur,

2181 2555 2238 2607 et
2269 2550 2368 2606 ille
2395 2549 2645 2620 alicujus
2673 2548 2919 2606 consilio
2951 2549 3118 2618 pedes
3145 2552 3360 2604 teneret
3389 2546 3558 2618 legati
3593 2546 3837 2614 impera-

2184 2640 2350 2710 toris,
2396 2645 2589 2709 petens
2627 2639 2697 2694 ab
2722 2652 2788 2694 eo
2816 2639 3030 2708 justam
3075 2639 3251 2709 legem
3281 2655 3295 2707 ;
3327 2641 3382 2693 et
3413 2637 3625 2692 missus
3655 2635 3838 2702 adju-

2189 2733 2338 2784 raret
2377 2728 2669 2798 principes
2700 2729 3077 2784 Romanorum
3114 2727 3314 2782 dicens
3347 2745 3359 2780 :
3390 2727 3492 2780 Per
3519 2741 3637 2780 eam
3668 2723 3838 2793 fidem

2185 2834 2350 2888 quam
2376 2819 2602 2872 Domino
2643 2817 2960 2888 imperatori
3001 2816 3225 2880 debetis,
3265 2817 3431 2884 facite
3460 2814 3587 2868 huic
3625 2813 3841 2868 homini

431 2899 812 2970 invitavitque
841 2898 1100 2954 eumdem
1129 2897 1395 2952 Carolum
1424 2897 1484 2952 in
1508 2896 1754 2961 Italiam,
1786 2897 2077 2953 seminans
2175 2906 2389 2976 justam
2427 2907 2614 2974 legem,
2655 2919 2819 2961 nemo
2847 2909 2969 2961 erat
3011 2919 3190 2961 ausus
3222 2903 3514 2960 declinare
3545 2915 3731 2974 neque
3759 2902 3836 2957 ad

431 2989 583 3044 inter
609 3001 767 3059 reges
792 2985 1136 3058 discordias,
1166 2984 1427 3056 laudans,
1455 2989 1512 3040 et
1535 2983 1826 3056 proferens
1853 2984 1942 3041 illi
1976 2984 2076 3040 im-
2105 2987 2154 3048 C
2185 2996 2473 3052 dexteram
2502 3008 2683 3066 neque
2711 2995 2780 3052 ad
2808 2994 3128 3065 sinistram,
3161 2993 3389 3050 etiamsi
3419 3006 3453 3048 a
3485 2992 3844 3064 propinquis

431 3078 646 3149 periala
684 3081 948 3148 sceptra;
975 3075 1306 3146 accepitque
1343 3074 1414 3130 ab
1449 3088 1513 3131 eo
1558 3075 1923 3132 securitatem
1963 3089 2076 3146 quo

430 3172 683 3239 tempore
714 3166 937 3239 ingredi
975 3165 1206 3222 deberet
1239 3163 1460 3220 Italiam
1490 3182 1505 3236 ;
1532 3165 1911 3236 jurantesque
1943 3179 2078 3222 mu-

429 3260 550 3330 tuo,
595 3271 853 3314 reversus
895 3259 998 3312 est.
1053 3257 1406 3312 Transeunte
1456 3260 1645 3312 autem
1685 3268 1751 3312 eo
1797 3268 1896 3325 per
1938 3255 2080 3312 ﬁnes

431 3348 591 3421 regni
635 3347 939 3417 Desiderii,
983 3346 1268 3416 separavit
1303 3345 1374 3401 ab
1403 3359 1468 3402 eo
1513 3345 1790 3417 quosdam
1824 3345 1894 3402 de
1929 3346 2076 3411 suis,

429 3438 572 3494 dans
593 3437 938 3509 quibusdam
961 3436 1212 3508 plurima
1228 3435 1396 3504 dona,
1418 3435 1763 3506 quibusdam
1776 3435 1937 3505 jurat
1951 3434 2077 3492 dari

430 3526 668 3583 similia.
732 3526 1067 3596 Accipiente
1131 3530 1322 3581 autem
1383 3524 1586 3581 Carolo
1651 3524 1759 3580 hoc
1817 3537 2074 3596 regnum,

431 3615 721 3688 profectus
758 3619 844 3672 est
882 3616 1136 3685 Romam,
1173 3614 1447 3686 deditque
1491 3613 1573 3669 ibi
1604 3613 1843 3670 donaria
1876 3614 2076 3686 multa,

431 3719 558 3776 quae
605 3717 784 3775 usque
829 3703 999 3758 hodie
1041 3702 1358 3758 Romanum
1402 3705 1598 3758 tenent
1637 3701 1961 3758 dominium
2008 3702 2079 3758 de

432 3793 592 3865 regni
627 3793 803 3862 hujus
843 3790 1186 3848 conﬁnibus.
1232 3789 1499 3860 Fecitque
1537 3794 1764 3860 pactum
1791 3805 1920 3847 cum
1960 3793 2082 3849 Ro-

431 3881 618 3938 manis
642 3892 954 3949 eorumque
980 3877 1266 3950 pontiﬁce,
1298 3883 1354 3934 et
1377 3877 1447 3934 de
1467 3878 1831 3937 ordinatione
1857 3880 2083 3952 pontiﬁ-

429 3972 536 4034 cis,
582 3975 647 4026 ut
686 3970 985 4024 interesset
1030 3967 1165 4038 quis
1207 3967 1449 4039 legatus,
1487 3972 1544 4024 et
1587 3973 1650 4025 ut
1692 3972 2080 4031 contentiosas

430 4060 563 4116 lites
589 4059 713 4130 ipse
732 4057 1097 4114 deliberaret.
1128 4056 1568 4114 Constituebant
1591 4066 1778 4116 autem
1802 4063 2078 4120 annualia

429 4151 580 4207 dona
613 4149 671 4204 in
700 4147 886 4218 Papiae
919 4146 1194 4217 palatium
1225 4147 1602 4220 perducenda,
1629 4150 1758 4206 auri
1786 4151 1967 4208 libras
1989 4153 2084 4211 de.

430 4254 570 4312 cem,
603 4237 824 4311 argenti
852 4243 1101 4308 centum,
1135 4236 1310 4308 pallia
1341 4238 1554 4308 optima
1583 4238 1796 4310 decem,
1830 4244 2082 4312 exceptis

2189 3084 2480 3157 pontiﬁcis
2514 3089 2667 3141 certa
2706 3089 2855 3140 esset
2895 3083 3130 3154 injuria.
3179 3083 3511 3140 Multotiens
3546 3095 3680 3138 vero
3720 3095 3844 3138 non

2185 3179 2316 3231 ante
2339 3175 2718 3244 apostolicum
2748 3174 2843 3230 sed
2878 3173 2936 3229 in
2959 3172 3229 3244 judiciali
3265 3175 3387 3230 loco
3410 3173 3480 3228 ad
3513 3173 3844 3242 Lateratus,

2189 3264 2288 3321 ubi
2317 3264 2550 3335 quidam
2583 3264 2746 3321 locus
2772 3264 2992 3321 dicitur
3020 3263 3089 3318 ad
3122 3265 3336 3334 Lupam
3365 3277 3489 3334 qua:
3519 3267 3702 3319 mater
3731 3277 3849 3320 vo-

2187 3352 2426 3410 cabatur
2437 3353 2838 3419 Romanorum,
2856 3352 2934 3408 ibi
2947 3352 3320 3423 judiciariam
3339 3352 3514 3424 legem
3533 3351 3842 3410 ﬁniebant.

2186 3443 2642 3514 Compositiones
2665 3455 2894 3515 quoque
2924 3456 3049 3514 quae
3073 3441 3351 3512 solebant,
3381 3455 3414 3496 a
3442 3441 3849 3499 malefactori-

2188 3532 2298 3590 bus
2338 3532 2639 3603 aequaliter
2683 3531 3090 3588 dividebantur
3137 3531 3314 3588 misso
3368 3531 3741 3602 imperatoris
3784 3539 3848 3589 et

2187 3621 2510 3692 apostolici.
2538 3620 2598 3677 Si
2623 3623 2811 3678 autem
2837 3619 2974 3676 talis
2999 3619 3168 3692 culpa
3189 3624 3330 3692 erat,
3354 3625 3419 3677 ut
3445 3635 3536 3678 res
3561 3621 3845 3678 scelerata

2190 3712 2326 3769 ﬁsco
2384 3711 2615 3782 publico
2681 3710 3044 3783 subderetur,
3109 3723 3224 3768 non
3269 3711 3338 3768 ad
3384 3710 3843 3768 ecclesiasticam

2189 3800 2474 3858 transibat
2511 3799 2942 3871 subjectionem,
2983 3801 3098 3858 nisi
3132 3815 3230 3872 per
3268 3801 3608 3858 donativum
3650 3801 3848 3872 impe-

2189 3893 2332 3950 riale
2379 3883 2738 3964 praeceptum.
2777 3891 2838 3947 Si
2877 3891 3030 3948 enim
3063 3891 3284 3961 aliquis
3320 3891 3462 3947 iram
3506 3891 3847 3948 incurrebat

2191 3983 2573 4054 imperatoris,
2611 3983 2914 4052 episcOpus
2946 3986 3048 4037 aut
3071 3981 3248 4051 judex
3277 3981 3588 4052 Romanus,
3619 3986 3679 4037 et
3703 3981 3848 4038 lici—

2190 4077 2311 4129 tum
2360 4078 2510 4129 esset
2550 4071 2789 4127 Cazsrari
2840 4071 3034 4127 venire
3078 4072 3331 4142 Romam,
3387 4071 3656 4128 veniebat
3694 4090 3710 4139 ς
3753 4072 3845 4127 sin

2189 4168 2400 4234 autem,
2433 4160 2767 4217 mittebatur
2794 4161 2912 4217 dux
2941 4161 3290 4232 Spoletinus,
3323 4160 3846 4231 comprehendeba-

2191 4255 2287 4308 tur
2314 4250 2560 4308 oﬁensor
2597 4255 2652 4306 et
2675 4250 2992 4307 ducebatur
3031 4251 3090 4306 in
3129 4250 3420 4308 exsilium.
3461 4251 3683 4307 Domus
3713 4264 3844 4308 vero

433 4329 673 4401 privatis
728 4328 917 4384 donis.
971 4327 1041 4383 Et
1093 4327 1322 4398 quando
1380 4327 1690 4397 imperator
1745 4329 2081 4388 adveniebat
2110 4314 2162 4376 D
2193 4339 2356 4397 illius
2382 4339 2720 4411 signabatur
2758 4339 2972 4396 annulo
3013 4339 3186 4411 regis,
3228 4353 3410 4410 usque
3437 4339 3508 4395 ad
3538 4341 3671 4409 ejus
3696 4353 3846 4396 con-

430 4422 683 4490 Romam,
710 4418 795 4475 vel
827 4432 968 4475 suus
995 4417 1237 4490 legatus,
1273 4417 1651 4472 mittebantur
1670 4418 1898 4487 judices
1917 4435 1949 4476 a
1975 4435 2082 4492 pa—

433 4510 572 4566 latio
621 4507 875 4580 singulis
916 4505 1104 4574 annis,
1155 4504 1254 4575 qui
1301 4517 1401 4574 per
1441 4511 1647 4560 cuncta
1694 4507 2078 4566 Romanorum

430 4597 679 4653 conﬁnia
719 4595 924 4666 legalia
976 4592 1346 4648 vindicabant
1394 4592 1624 4663 placita,
1676 4597 2079 4668 compellentes

433 4685 783 4740 habitatores
835 4683 1090 4738 locorum
1138 4680 1370 4738 illorum
1419 4683 1612 4740 venire
1653 4686 1723 4742 ad
1775 4687 2076 4765 placitum,

432 4771 829 4829 indicantibus
854 4784 1050 4826 eorum
1077 4770 1378 4840 judicibus
1405 4778 1615 4830 rectam
1643 4773 1821 4848 legem
1856 4778 1916 4834 in
1945 4795 2080 4850 prae-

323 4936 334 4944 ‘
432 4863 616 4918 sentia
663 4861 1048 4932 imperialium
1086 4860 1370 4930 judicum.
1411 4863 1480 4918 Et
1517 4863 1580 4919 si
1608 4863 1850 4922 alterius
1892 4870 2079 4940 gentis

433 4951 872 5008 inveniebantur
898 4949 1267 5019 habitatores,
1299 4951 1473 5023 regali
1496 4953 1722 5022 judicio
1740 4956 2081 5026 judicaban-

433 5047 547 5098 tur.
590 5041 764 5095 Erant
799 5039 1047 5110 denique
1091 5040 1435 5096 monasteria
1473 5041 1532 5096 in
1572 5042 1805 5100 Sabinis
1843 5047 2074 5105 Domini

430 5130 742 5188 Salvatoris
781 5134 838 5186 et
865 5135 1074 5186 sancta
1113 5130 1212 5185 Dei
1253 5131 1567 5188 Genitricis
1606 5135 1818 5207 Maria,
1855 5150 2074 5197 necnon

431 5227 486 5278 et
515 5220 920 5278 monasterium
943 5219 1092 5276 beati
1124 5219 1358 5275 Andreae
1379 5221 1623 5291 apostoli
1641 5223 1807 5292 juxta
1830 5233 2076 5286 montem

430 5310 700 5381 Soractis,
737 5323 838 5366 seu
877 5313 1077 5364 caetera
1127 5307 1345 5364 ﬁscalia
1390 5311 1734 5380 patrimonia
1783 5314 1932 5373 inter
1973 5319 2078 5376 Ro-

433 5413 630 5458 manas
654 5399 795 5456 ﬁnes
821 5399 888 5456 ad
913 5411 1081 5456 usum
1113 5397 1488 5468 imperialem.
1518 5401 1638 5458 Non
1671 5402 1856 5461 solum
1886 5415 2074 5465 autem

433 5490 494 5546 in
517 5489 716 5548 Italico
746 5502 938 5564 regno,
968 5500 1164 5546 verum
1193 5487 1365 5546 etiem
1394 5488 1455 5545 in
1485 5490 1726 5549 Francia
1756 5494 2075 5564 proﬁcisceo

2190 4429 2406 4486 sultum
2431 4447 2446 4500 ;
2471 4434 2535 4486 ut
2558 4428 2609 4485 si
2637 4428 2865 4499 quando
2892 4433 3266 4485 reverteretur
3284 4428 3352 4484 ad
3377 4429 3646 4500 gratiam,
3678 4429 3845 4486 habe-

2191 4523 2276 4574 ret
2297 4518 2527 4588 prepria
2552 4517 2740 4587 salva;
2759 4518 2851 4573 sui
2874 4517 3040 4589 alias,
3072 4531 3169 4588 per
3196 4517 3523 4588 imperialia
3556 4524 3840 4589 praecepta

2187 4607 2688 4664 distribuebantur
2718 4606 3026 4663 militibus.
3060 4607 3219 4677 Quod
3252 4607 3302 4664 si
3333 4607 3400 4662 ad
3430 4607 3660 4676 judicis
3692 4613 3842 4678 pote-

2187 4701 2388 4754 statem
2421 4697 2790 4767 rejiciebatur
2815 4697 3144 4769 quisquam,
3171 4702 3228 4753 et
3249 4697 3490 4752 Caesaris
3518 4697 3840 4754 adhmreret

2185 4787 2521 4857 clementiae,
2569 4786 2904 4843 mittebatur
2943 4801 3043 4857 pro
3086 4786 3190 4843 tali
3227 4786 3478 4859 negotio,
3524 4786 3750 4858 legatus
3769 4787 3842 4842 ah

2189 4877 2547 4947 imperatore,
2571 4876 2670 4946 qui
2692 4875 3002 4948 diligenter
3021 4877 3372 4934 examinaret
3398 4876 3481 4932 rei
3499 4877 3799 4933 veritatem
3823 4895 3838 4946 ;

2185 4966 2319 5023 etsi
2354 4966 2569 5035 ejectus
2607 4965 2896 5036 propriam
2941 4965 3176 5022 haberet
3221 4965 3470 5038 culpam,
3522 4967 3842 5024 sustineret

2188 5055 2482 5125 injuriam.

2256 5145 2368 5199 Hac
2392 5143 2807 5200 consuetudine
2845 5143 2936 5200 usi
2965 5148 3101 5202 sunt
3133 5145 3371 5220 Romani
3413 5160 3601 5217 usque
3618 5146 3687 5203 ad
3719 5149 3843 5205 Lu-

2185 5234 2448 5292 dovicum
2479 5234 2744 5306 Magnum
2771 5232 2893 5304 (qui
2914 5235 3055 5290 alias
3084 5235 3352 5291 secundus
3381 5241 3634 5308 uocatur)
3662 5239 3839 5308 impe-

2187 5328 2452 5394 ratorem,
2498 5323 2755 5380 Lotharii
2787 5322 2992 5380 ﬁlium.
3031 5325 3154 5390 Hic,
3205 5325 3343 5396 quia
3383 5326 3568 5397 magis
3611 5327 3836 5383 Italiam

2188 5411 2446 5468 habitare
2489 5411 2680 5484 elegit,
2724 5411 2975 5469 vicinior
3013 5411 3199 5470 factus
3242 5419 3330 5470 est
3370 5414 3562 5471 Roma:
3605 5415 3748 5486 ;ubi
3782 5426 3842 5472 et

2183 5499 2451 5572 ampliori
2478 5499 2721 5572 quadam
2744 5515 2887 5558 usus
2904 5507 2991 5560 est
3017 5506 3308 5575 potestate,
3333 5502 3550 5561 habens
3568 5509 3842 5562 strenuos
