4068 6178
240 254 358 316 965

1533 257 1625 315 DE
1673 257 1948 315 JURIBUS
1984 259 2166 315 IMPP.
2209 257 2378 326 ROM.

3551 260 3659 320 966

241 383 409 438 viros
459 381 586 452 ejus
623 380 815 451 Urbis,
861 381 1108 438 scientes
1158 380 1456 451 antiquam
1491 379 1899 452 imperatorum
1930 386 1985 446 A
2015 394 2213 451 papam
2265 386 2322 437 et
2363 381 2786 450 imperatorem.
2833 381 2967 436 Erat
2995 381 3207 453 quippe
3239 384 3548 455 imperator
3597 386 3656 443 in

242 471 750 542 consuetudinem,
787 475 844 526 et
875 470 1205 526 intimantes
1223 471 1451 541 Casari,
1495 472 1595 542 qui
1629 485 1906 544 suggere-

246 560 390 616 bant
441 559 541 615 ille
589 563 840 631 repetere
869 558 1166 630 antiquam
1223 559 1629 630 imperatorum
1656 574 1906 617 consue—

246 650 536 706 tudinem.
569 651 639 704 Et
670 648 784 706 nisi
829 648 900 705 ob
927 650 1298 705 reverentiam
1344 649 1637 707 beatorum
1669 656 1906 721 aposto-

249 739 444 795 lorum
470 738 812 809 dimitteret,
847 752 947 808 pro
969 743 1123 794 certo
1149 736 1374 795 faceret.
1409 739 1510 794 Hic
1536 739 1707 796 etiam
1737 739 1906 809 prin-

248 841 388 898 ceps
413 827 716 883 Beneventi
767 827 909 892 ﬁnes
949 827 1242 900 ingressus
1283 832 1388 899 est,
1429 832 1485 883 et
1511 828 1692 884 totius
1735 827 1908 883 Cala-

250 916 417 987 bria,
473 916 704 973 duobus
760 916 963 974 modis.
1026 916 1168 987 Uno,
1229 917 1376 987 quod
1428 916 1722 988 provincia
1758 921 1906 974 esset

248 1005 458 1076 Italia,
499 1005 696 1062 volens
724 1006 906 1062 totius
948 1004 1109 1077 regni
1155 1004 1295 1062 ﬁnes
1325 1019 1441 1062 sua
1488 1006 1781 1062 vindicare
1805 1005 1907 1061 di-

249 1095 405 1151 tioni
443 1094 688 1167 ;altero,
731 1108 796 1150 eo
831 1095 980 1165 quod
1021 1093 1438 1151 immanissima
1469 1108 1607 1166 gens
1652 1095 1907 1167 Aggare—

251 1198 485 1255 norum,
516 1184 617 1240 illa
643 1185 760 1255 jam
792 1184 1058 1258 tangebat
1082 1185 1330 1242 conﬁnia
1357 1204 1372 1257 ;
1397 1185 1687 1256 capientes
1716 1199 1910 1256 quam-

251 1273 388 1329 dam
421 1272 639 1344 urbem,
687 1263 816 1344 qua'
841 1278 1077 1330 vocatur
1106 1275 1233 1330 Bari
1260 1293 1275 1346 ;
1305 1288 1473 1346 quam
1508 1275 1830 1330 munienter
1853 1279 1910 1330 et

253 1362 464 1418 multis
487 1362 863 1433 vectigalibus
887 1363 1187 1433 implentes
1209 1379 1310 1434 pro
1333 1362 1576 1436 refugiis
1605 1363 1902 1420 habebant.

253 1454 328 1508 Et
352 1452 480 1508 ideo
509 1465 542 1508 a
563 1452 1146 1524 comprovincialibus
1167 1459 1330 1510 terra
1354 1453 1518 1511 illius
1547 1453 1790 1525 benigne
1819 1468 1911 1511 su-

255 1546 492 1612 sceptus
520 1545 625 1598 est.

332 1628 610 1686 Prafatus
653 1630 846 1701 itaque
881 1631 1068 1688 Casar
1113 1646 1243 1688 cum
1290 1633 1664 1690 multitudine
1708 1632 1908 1703 populi

2015 469 2228 541 palatio
2260 470 2443 527 sancti
2495 469 2642 525 Petri
2690 469 2957 539 apostoli,
3017 475 3072 526 et
3124 485 3266 542 papa
3311 473 3378 528 ad
3423 475 3659 532 Sanctos

2010 559 2330 630 Apostolos.
2352 560 2605 630 Cumque
2635 571 2831 614 omnes
2863 557 3026 614 illius
3059 559 3302 617 insidias
3331 568 3529 619 contra
3563 579 3660 620 re-

2013 647 2164 719 giam
2201 649 2539 721 dignitatem
2572 661 2673 718 pro
2714 647 2901 704 nihilo
2943 647 3310 721 ducerentur,
3354 652 3660 710 constituit

2014 738 2320 794 monachos
2346 753 2446 795 seu
2485 738 2715 794 Christo
2743 737 2963 794 dicatas
2993 737 3248 809 virgines
3272 753 3340 795 ex
3370 747 3662 798 monaste-

2015 826 2123 882 riis
2148 827 2354 898 Roma,
2381 833 2444 884 ut
2461 827 2626 898 quasi
2655 825 2762 883 sub
2779 826 3015 883 obtentu
3038 827 3340 899 religionis
3361 831 3662 900 quotidia-

2016 929 2118 972 nas
2142 916 2492 973 celebrarent
2522 917 2782 972 latanias
2807 931 2904 986 per
2934 917 3247 974 circuitum
3268 932 3583 991 murorum,
3607 927 3662 976 et

2017 1003 2223 1060 missas
2251 1011 2536 1076 canerent,
2560 1010 2757 1062 contra
2789 1005 3080 1077 principes
3112 1007 3256 1062 male
3285 1013 3532 1080 agentes.
3562 1009 3664 1064 His

2015 1092 2255 1165 auditis,
2292 1094 2554 1164 primarii
2586 1093 2736 1166 regis
2768 1086 3070 1151 humiliter
3095 1097 3425 1153 accedentes
3453 1097 3520 1153 ad
3558 1111 3664 1167 pa—

2018 1196 2165 1255 pam,
2201 1189 2541 1256 rogaverunt
2563 1197 2692 1240 eum
2720 1182 3088 1240 familiariter
3118 1190 3181 1242 ut
3210 1185 3352 1243 talia
3385 1187 3665 1258 prohibe-

2018 1277 2121 1328 ret.
2146 1273 2214 1327 Et
2239 1286 2368 1328 cum
2401 1273 2551 1327 nihil
2591 1271 2662 1328 ab
2690 1273 3029 1342 imperatore
3066 1273 3370 1344 impetrare
3410 1282 3660 1351 possent,

2019 1361 2230 1417 reversi
2276 1367 2412 1417 sunt
2468 1366 2785 1418 marentes.
2853 1363 3104 1432 Quadam
3171 1377 3301 1421 vero
3369 1366 3484 1436 die,
3530 1381 3660 1423 cum

2019 1451 2253 1521 quidam
2285 1451 2500 1507 milites
2533 1449 2750 1520 prafati
2781 1452 3065 1522 principis
3092 1452 3243 1509 irent
3282 1455 3351 1510 ad
3390 1456 3659 1513 Sanctum

2017 1539 2278 1612 Paulum,
2311 1544 2366 1595 et
2405 1545 2841 1609 reverterentur,
2869 1541 3090 1596 accedit
3117 1555 3214 1598 eos
3236 1556 3534 1600 occurrere
3554 1545 3662 1600 la-

2021 1629 2214 1684 taniis.
2263 1629 2371 1697 Qui
2407 1629 2688 1684 instinctu
2726 1629 2952 1700 antiqui
2991 1629 3176 1687 hostis
3225 1632 3282 1686 in
3339 1633 3481 1688 iram
3513 1635 3660 1690 versi

256 1718 752 1790 proﬁciscebatur,
781 1719 848 1774 ad
873 1720 1237 1790 accipiendas
1259 1721 1480 1778 easdem
1506 1727 1717 1793 gentes.
1749 1724 1817 1778 Et
1842 1735 1911 1778 ne
1938 1723 1988 1784 B
2020 1725 2174 1789 sunt,
2197 1724 2253 1773 et
2270 1731 2369 1787 pro
2385 1717 2658 1773 ﬁdelitate
2682 1717 2773 1774 sui
2802 1719 3050 1774 senioris
3070 1719 3380 1776 vindictam
3407 1735 3667 1780 exercue-

255 1813 524 1882 gravaret
543 1822 639 1865 eos
655 1808 755 1880 qui
781 1809 1092 1879 depradati
1118 1809 1188 1866 ab
1209 1810 1524 1884 Aggarenis
1544 1817 1727 1884 erant,
1746 1827 1911 1883 qua-

254 1898 401 1955 sivit
421 1897 692 1954 solatium
705 1898 1010 1969 Ravenna;
1030 1900 1124 1955 sed
1144 1901 1594 1970 quasivitetiam
1615 1902 1907 1971 solatium,

257 2001 390 2059 qua
415 1987 605 2043 vicina
633 1992 773 2057 erat,
801 1989 1069 2061 Venetia,
1103 1998 1386 2060 quatenus
1413 1991 1598 2047 navali
1621 1991 1911 2061 adjutorio

258 2074 469 2146 fultus,
505 2080 693 2146 posset
721 2075 1079 2132 abundanter
1116 2076 1264 2134 ferre
1305 2079 1592 2150 Apuliam.
1627 2079 1912 2136 Praside—

257 2163 361 2219 bat
391 2177 634 2234 namque
663 2168 801 2220 tunc
829 2165 1141 2222 Ravennati
1171 2167 1436 2224 Ecclesia
1456 2171 1699 2225 Joannes
1727 2167 1916 2224 archi-

256 2253 588 2324 episcopus,
623 2253 723 2323 qui
751 2254 1008 2310 serviens
1034 2255 1363 2326 imperatori
1392 2256 1740 2314 familiarior
1766 2263 1905 2314 erat.

257 2343 421 2398 Unde
447 2342 666 2397 invidia
687 2343 897 2399 ductus
923 2344 1211 2402 Romanus
1241 2345 1516 2417 pontifex,
1544 2347 1776 2403 nomine
1801 2348 1914 2402 Ni-

256 2431 482 2502 colaus,
513 2431 731 2486 exarsit
770 2433 829 2487 in
862 2432 1004 2488 iram
1058 2440 1257 2490 contra
1304 2435 1492 2508 illum,
1525 2451 1734 2494 vocans
1779 2451 1910 2494 eum

257 2519 502 2576 subdole
527 2521 781 2591 Romam,
817 2527 878 2577 ut
913 2522 1079 2592 quasi
1105 2523 1496 2581 ecclesiastico
1524 2526 1750 2595 judicio
1773 2539 1912 2598 pos-

258 2619 350 2666 set
408 2610 562 2665 hunc
607 2610 1002 2681 condemnare,
1061 2618 1118 2667 et
1154 2612 1398 2669 alterum
1451 2614 1780 2687 subrogare.
1812 2616 1912 2672 His

257 2699 477 2770 quippe
500 2698 740 2771 auditis,
773 2699 1241 2772 archiepiscopus
1272 2701 1536 2775 confugit
1558 2703 1626 2759 ad
1657 2704 1911 2776 reginam

258 2788 706 2860 Engelbergam;
764 2803 890 2859 qua
923 2803 1058 2846 suos
1084 2790 1298 2862 legatos
1329 2793 1545 2849 direxit
1574 2795 1909 2867 apostolico,

261 2890 474 2949 rogans
529 2883 592 2933 ut
644 2878 904 2934 redderet
952 2880 1192 2951 gratiam
1249 2881 1700 2953 archiepiscopo.
1751 2884 1911 2953 Quod

261 2979 395 3022 cum
421 2967 723 3036 impetrare
750 2967 1031 3038 nequiret,
1055 2983 1159 3024 suo
1179 2969 1414 3026 domino
1436 2971 1736 3027 humiliter
1766 2972 1915 3028 inti—

2022 1811 2156 1862 runt
2185 1813 2382 1862 contra
2423 1807 2576 1877 illos,
2619 1807 3002 1877 percutientes
3035 1815 3091 1865 et
3113 1810 3393 1866 cadentes
3417 1813 3665 1882 graviter

2019 1893 2416 1951 cumfustibus
2435 1908 2576 1965 quas
2595 1895 3218 1952 manibusdeferebant.
3245 1898 3353 1966 Qui
3379 1898 3664 1971 fugientes

2023 1986 2594 2055 projeceruntcruces
2605 1989 2661 2039 et
2675 1985 2870 2039 iconas
2887 1998 3029 2055 quas
3044 1985 3362 2058 portabant,
3378 1989 3666 2048 sicutmos

2020 2073 2484 2142 estGracorum;
2517 2086 2547 2126 e
2569 2061 2784 2142 quibus
2813 2072 3104 2129 nonnulla
3133 2075 3496 2149 conculcata,
3531 2091 3667 2137 non-

2023 2160 2194 2216 nulla
2221 2160 2499 2229 disrupta
2519 2164 2672 2215 sunt.
2705 2159 2860 2215 Unde
2879 2166 2934 2216 et
2974 2161 3284 2232 imperator
3312 2166 3560 2235 graviter
3579 2171 3664 2223 est
3744 2200 3752 2206 ι

2023 2254 2316 2320 permotus
2348 2249 2407 2304 in
2442 2248 2606 2318 iram,
2641 2252 2698 2303 et
2723 2263 2824 2318 pro
2845 2263 2958 2320 qua
2983 2263 3155 2306 causa
3183 2253 3534 2322 apostolicus
3565 2257 3666 2311 mi-

2022 2339 2138 2394 tior
2155 2337 2388 2394 eﬁ‘ectus
2411 2343 2513 2394 est.
2540 2337 2831 2394 Profectus
2859 2343 2946 2394 est
2962 2339 3211 2410 denique
3238 2340 3385 2396 idem
3409 2343 3665 2412 pontifex

2021 2429 2089 2484 ad
2133 2428 2400 2484 Sanctum
2445 2429 2692 2497 Petrum,
2740 2441 2946 2499 rogans
2987 2428 3381 2499 imperatorem
3414 2447 3516 2502 pro
3539 2434 3666 2491 suis

2021 2517 2160 2572 talia
2188 2516 2584 2588 patrantibus;
2617 2521 2674 2572 et
2701 2517 2798 2573 vix
2822 2516 3080 2573 obtinere
3097 2517 3297 2574 valuit.
3324 2521 3444 2575 Jam
3472 2521 3668 2593 itaque

2023 2606 2175 2662 inter
2203 2619 2262 2661 se
2289 2604 2604 2661 familiares
2619 2603 2803 2661 eﬁ‘ecti
2830 2611 2967 2661 sunt
2988 2623 3002 2677 ;
3029 2610 3216 2662 tamen
3247 2609 3668 2681 regisdignitas

2024 2709 2244 2767 semper
2270 2693 2384 2751 fuit
2408 2696 2596 2751 Roma
2620 2695 2858 2766 suisque
2877 2695 3168 2765 conﬁniis,
3199 2712 3380 2769 usque
3399 2699 3468 2755 ad
3502 2699 3668 2756 ﬁnem

2021 2786 2246 2842 dierum
2276 2783 2659 2856 imperatoris,
2691 2785 2843 2840 sicut
2868 2798 3042 2855 supra
3077 2785 3437 2856 pralibatum
3458 2793 3563 2844 est.
3591 2791 3669 2846 Eo

2003 2891 2153 2934 vero
2185 2875 2531 2947 inﬁrmante,
2558 2881 2614 2931 et
2632 2875 2700 2931 ad
2728 2880 3044 2932 extremum
3073 2877 3670 2950 propiuquante,§quia

2023 2979 2135 3021 non
2181 2964 2422 3020 habebat
2453 2964 2658 3034 ﬁlium,
2703 2964 2889 3020 voluit
2928 2964 3042 3020 sibi
3075 2967 3377 3022 succedere
3405 2967 3669 3024 Carolum

264 3055 447 3112 mavit
475 3062 539 3112 ut
573 3057 815 3128 gratiam
863 3055 1190 3114 interferret
1229 3074 1347 3115 sua
1388 3059 1656 3116 tuitionis
1683 3061 1918 3118 archie—
1947 3049 1996 3115 C
2024 3057 2287 3125 Magnum
2311 3050 2432 3124 (qui
2455 3053 2602 3108 alias
2631 3053 3058 3108 Carolomannus
3083 3055 3381 3128 scribitur)
3401 3057 3469 3112 ad
3493 3057 3674 3113 susci-

264 3145 546 3217 piscopo,
571 3149 767 3201 vetans
804 3145 1185 3216 apostolicum
1215 3147 1266 3203 ei
1296 3147 1512 3204 nullam
1547 3149 1917 3221 inquietudi-

263 3248 395 3290 nem
425 3233 626 3290 facere.
675 3235 742 3288 Et
768 3233 924 3306 quia,
965 3234 1227 3292 inaudito
1254 3237 1532 3308 principe,
1564 3238 1918 3307 apostolicus

261 3323 889 3380 excommunicationes
905 3323 964 3379 in
977 3338 1107 3380 eum
1123 3325 1386 3396 protulit,
1401 3327 1591 3398 gravis
1605 3326 1917 3384 inimicitia

267 3412 424 3468 inter
450 3426 546 3468 eos
575 3411 722 3468 facta
747 3417 848 3469 est.
875 3415 1110 3470 Erectus
1137 3420 1222 3471 est
1245 3415 1493 3486 denique
1521 3415 1715 3488 regius
1736 3417 1919 3474 honor

263 3506 468 3558 contra
491 3501 862 3574 apostolicam
889 3503 1250 3576 dignitatem,
1288 3503 1570 3574 objiciens
1593 3506 1646 3562 ei
1678 3507 1919 3578 antiqua

262 3592 499 3648 Patrum
552 3595 798 3648 statuta:
826 3593 949 3648 Non
992 3593 1148 3648 licere
1177 3593 1410 3664 praelato
1458 3597 1919 3651 eacommunicare

264 3682 578 3751 episcopum
639 3683 942 3737 inconsulto
984 3682 1241 3751 synodali
1305 3683 1573 3751 concilio;
1635 3690 1692 3740 et
1739 3684 1912 3757 quia:

266 3771 524 3839 Synodus
545 3786 654 3825 non
693 3787 725 3825 a
764 3787 936 3842 papa,
977 3771 1073 3826 sed
1096 3773 1165 3826 ab
1193 3775 1517 3843 imperatore
1544 3777 1729 3830 vocari
1751 3775 1919 3831 debe—

264 3865 366 3914 ret.
394 3859 663 3916 Plurima
693 3875 936 3934 namque
959 3862 1339 3934 irrogationes
1365 3877 1466 3934 pro
1491 3863 1594 3919 tali
1621 3865 1918 3922 occasione

267 3949 450 4004 illata
480 3954 616 4005 sunt
639 3951 890 4007 Romano
916 3951 1195 4022 pontiﬁci.
1229 3954 1368 4008 Nam
1391 3953 1683 4023 Pentapoli
1717 3953 1920 4012 beneﬁ-

267 4038 449 4094 ciales
469 4039 702 4095 ordines
718 4041 842 4097 suis
866 4041 1188 4113 distribuit,
1220 4041 1560 4113 pracipiens
1582 4043 1798 4099 nullam
1827 4044 1921 4100 ad-

272 4127 761 4184 ministrationem
777 4130 1100 4200 impendere
1114 4133 1322 4199 Roma,
1337 4132 1590 4202 exceptis
1602 4131 1916 4204 suﬁragiis,

270 4217 462 4272 navali
489 4217 900 4287 deportatione.
934 4220 1088 4276 Fecit
1117 4221 1289 4276 etiam
1334 4235 1612 4292 occupare
1643 4220 1921 4278 nonnulla

271 4305 624 4374 patrimonia
671 4306 729 4360 in
759 4307 1078 4377 Campania
1123 4308 1384 4378 partibus
1411 4310 1568 4382 regio
1616 4309 1750 4366 usui
1779 4324 1924 4367 suo—

2026 3143 2232 3213 pienda
2282 3141 2568 3212 imperiali
2614 3147 2850 3212 sceptra.
2883 3143 3030 3197 Dum
3073 3143 3188 3198 hac
3240 3145 3319 3199 ita
3367 3151 3667 3218 geruntur,

2025 3231 2263 3287 Romani
2298 3230 2594 3300 pontiﬁces
2615 3243 2837 3300 semper
2858 3243 2957 3300 per
2985 3235 3240 3287 oratores
3270 3231 3494 3287 litteras
3522 3233 3668 3288 mit-

2028 3321 2220 3377 tebant
2263 3321 2628 3376 invitatorias
2667 3321 2738 3376 ad
2769 3321 3034 3376 Carolum
3086 3334 3271 3392 regem
3300 3323 3667 3395 Francorum,

2030 3410 2339 3466 invitantes
2367 3424 2496 3464 eum
2536 3409 2702 3465 clam.
2745 3411 2816 3465 Et
2854 3409 2990 3479 quia
3020 3415 3142 3465 erat
3173 3411 3231 3464 in
3258 3405 3474 3466 litteris
3503 3411 3668 3483 quasi

2029 3499 2427 3572 phi1050phus,
2443 3498 2717 3571 rogabant
2739 3498 2906 3554 illum
2924 3499 3291 3570 supervenire
3309 3499 3472 3556 beato
3484 3503 3667 3576 Petro,

2026 3593 2084 3646 et
2100 3589 2170 3645 de
2190 3589 2488 3646 servitutis
2497 3591 2636 3660 jugo
2651 3589 2720 3645 ad
2740 3601 2912 3660 prOpr
2926 3587 3372 3646 iamlibertatem
3404 3591 3672 3651 reducere

2028 3693 2189 3736 suam
2218 3679 2552 3750 Ecclesiam,
2595 3682 2659 3735 ut
2687 3678 2854 3751 quasi
2887 3691 2986 3750 per
3027 3677 3142 3736 vim
3173 3677 3246 3735 ab
3287 3678 3484 3752 aliquo
3524 3686 3673 3740 esset

2029 3782 2319 3841 oppressa.

2097 3858 2333 3914 Talibus
2357 3857 2604 3915 evolutis
2630 3856 3177 3930 machinationibus,
3208 3859 3456 3916 moritur
3480 3859 3676 3918 Ludo-

2026 3947 2206 4005 vicus.
2242 3947 2496 4004 Mittitur
2515 3947 2710 4003 statim
2737 3947 3005 4019 citatus_a
3031 3949 3245 4005 Joanne
3271 3949 3372 4021 qui
3401 3956 3520 4006 tum
3543 3964 3679 4021 pra-

2027 4042 2208 4094 erata
2250 4050 2393 4106 papa
2428 4036 2650 4108 legatus
2686 4036 2756 4091 ad
2797 4037 3058 4093 eumdem
3083 4037 3372 4110 Carolum,
3404 4039 3505 4109 qui
3537 4039 3680 4096 nul-

2029 4126 2116 4181 las
2139 4125 2417 4181 veniendo
2465 4123 2681 4180 faciens
2713 4138 2920 4197 moras,
2970 4125 3264 4198 ingressus
3293 4127 3537 4199 Italiam,
3573 4142 3678 4198 pe-

2031 4215 2130 4271 tiit
2153 4215 2402 4271 Romam.
2436 4214 2688 4270 Mittitur
2711 4213 2962 4284 denique
2984 4214 3140 4271 alius
3168 4215 3378 4272 missus
3402 4216 3473 4271 ab
3502 4230 3676 4272 uxore

2033 4305 2396 4376 imperatoris
2436 4303 2804 4376 Engelberga,
2842 4302 2929 4358 vel
2972 4316 3004 4358 a
3048 4303 3174 4360 suis
3214 4305 3562 4374 primatibus
3605 4305 3674 4361 ad

273 4407 520 4464 rumque
550 4393 822 4450 ﬁdelium.
868 4399 944 4452 De
971 4396 1264 4467 pradictis
1296 4411 1525 4470 quoque
1555 4399 1921 4457 monasteriis
1947 4431 2001 4492 D
2030 4395 2293 4453 Carolum
2331 4397 2629 4492 ‘Magnum,
2685 4392 3085 4492 ostendenshei
3131 4398 3257 4492 vota
3298 4392 3680 4492 defuncta-Et

272 4483 617 4555 quotidiana
653 4483 1028 4556 exigebantur
1065 4486 1300 4543 servitia
1352 4487 1412 4543 in
1443 4488 1605 4544 disco
1637 4490 1790 4562 regis
1823 4503 1920 4561 per

271 4572 534 4628 diversos
597 4577 923 4644 apparatus.
981 4575 1300 4632 Constituit
1345 4577 1596 4648 denique
1659 4579 1923 4635 consulta

273 4662 661 4718 Romanorum
716 4663 1044 4735 principum
1095 4666 1155 4721 in
1206 4665 1346 4723 urbe
1390 4667 1564 4724 Roma
1619 4668 1924 4726 Arsenium

274 4751 580 4822 quemdam
611 4751 964 4826 episcopum,
998 4754 1304 4812 sanctitate
1332 4760 1389 4814 et
1414 4757 1659 4814 scientia
1687 4759 1924 4814 adorna~

275 4845 423 4911 tum,
452 4845 509 4896 et
535 4841 976 4910 apocrisiarium
1008 4844 1172 4900 Sedis
1201 4845 1484 4917 Romana,
1513 4846 1787 4917 deditque
1833 4846 1922 4902 illi

272 4929 597 4998 adjutorem
620 4929 888 4986 Joannem
915 4932 1222 4990 diaconum
1249 4937 1306 4989 et
1324 4933 1921 5007 archicancellarium,

273 5031 565 5088 suumque
585 5016 975 5092 secretarium,
997 5022 1096 5092 qui
1122 5026 1313 5092 postea
1330 5023 1604 5080 Reatinus
1624 5024 1928 5094 episcopus

272 5106 514 5164 eﬁ'ectus
542 5112 644 5177 est,
691 5109 840 5163 unde
859 5109 976 5178 jam
1007 5110 1223 5167 electus
1251 5117 1388 5168 erat.

345 5197 623 5266 Tempore
669 5197 852 5268 igitur
880 5212 1133 5270 congruo
1174 5202 1482 5271 imperator
1523 5202 1786 5258 veniebat
1810 5205 1929 5259 Ro—

274 5299 449 5356 mam,
498 5292 552 5341 et
581 5286 1008 5358 suscipiebatur
1054 5289 1124 5344 ab
1151 5290 1421 5347 omnibus
1469 5297 1580 5347 tam
1617 5293 1929 5362 majoribus

278 5390 450 5448 quam
505 5376 831 5433 minoribus
859 5378 1207 5449 honoriﬁce;
1259 5380 1634 5452 veniebatque
1690 5397 1819 5439 cum
1863 5396 1928 5440 eo

271 5466 392 5535 jam
440 5465 633 5521 dictus
678 5466 1148 5539 archiepisc0pus
1196 5470 1493 5541 Ravenna,
1535 5469 1620 5525 nil
1674 5476 1930 5528 metuens

283 5555 474 5611 minas
503 5554 816 5626 pontiﬁcis.
845 5556 1002 5614 Unde
1037 5557 1226 5616 evenit
1256 5559 1436 5629 major
1458 5559 1752 5617 discordia
1780 5561 1930 5620 inter

2032 4488 2170 4560 quia
2192 4486 2422 4558 longius
2441 4489 2581 4555 erat,
2607 4483 2797 4540 noluit
2815 4487 2930 4538 tam
2950 4483 3067 4538 cito
3093 4483 3286 4538 venire
3312 4487 3377 4538 ut
3401 4483 3680 4554 impedire

2034 4583 2223 4648 posset
2249 4576 2358 4632 iter
2385 4574 2572 4631 Caroli
2602 4573 2780 4629 Calvi.
2808 4570 2918 4640 Qui
2959 4571 3193 4629 veniens
3221 4572 3476 4644 Romam,
3507 4587 3682 4630 reno-

2032 4667 2185 4722 vavit
2231 4670 2455 4736 pactum
2502 4677 2633 4719 cum
2665 4662 2955 4733 Romanis,
3008 4662 3329 4733 perdonans
3357 4663 3681 4734 illiusjura

2035 4755 2194 4828 regni
2217 4760 2272 4810 et
2295 4752 2743 4810 consuetudines
2762 4753 2945 4825 illius,
2976 4752 3236 4809 tribuens
3263 4753 3387 4810 illis
3415 4759 3683 4825 sumptus

2032 4847 2102 4903 de
2159 4843 2346 4902 tribus
2375 4841 2728 4912 supradictis
2771 4843 3156 4915 monasteriis,
3215 4842 3270 4899 id
3320 4847 3406 4900 est
3450 4843 3680 4900 Domini

1999 4955 2003 4957 ·
2033 4933 2362 5004 Salvatoris,
2408 4937 2466 4986 et
2503 4931 2679 4987 beata
2722 4930 2916 4986 Maria
2944 4945 3163 5001 semper
3194 4931 3451 5004 Virginis
3483 4933 3543 4988 in
3573 4933 3682 4988 Sa—

2036 5023 2212 5095 binis,
2245 5027 2415 5093 atque
2438 5020 2630 5076 Sancti
2662 5020 2899 5076 Andrea
2936 5020 3100 5090 juxta
3132 5027 3376 5077 montem
3405 5023 3678 5096 Soractis,

2035 5119 2093 5170 et
2134 5114 2205 5168 de
2255 5110 2477 5167 cateris
2524 5110 2973 5181 quamplurimis
3020 5111 3408 5184 monasteriis,
3463 5112 3681 5169 ﬁscalia

2037 5201 2404 5275 patrimonia.
2454 5201 2674 5256 Patrias
2722 5205 2913 5257 autem
2968 5200 3212 5257 Samnia
3273 5202 3327 5258 ei
3383 5201 3677 5272 Calabria,

2037 5292 2212 5348 simul
2243 5305 2372 5348 cum
2416 5290 2684 5347 omnibus
2710 5289 3048 5346 civitatibus
3086 5291 3384 5348 Beneventi
3421 5291 3506 5345 eis
3535 5303 3681 5345 con-

2039 5380 2215 5451 tulit;
2249 5380 2486 5450 insuper
2527 5380 2595 5435 ad
2625 5379 2957 5436 dedecorem
3007 5381 3166 5452 regni
3197 5385 3374 5436 totum
3406 5379 3677 5433 ducatum

2037 5471 2416 5542 Spoletinum,
2447 5484 2576 5526 cum
2619 5469 2846 5527 duabus
2888 5469 3224 5527 civitatibus
3264 5467 3502 5535 Tuscia,
3525 5462 3677 5534 quod

2039 5559 2250 5618 solitus
2277 5564 2400 5617 erat
2425 5559 2632 5618 habere
2671 5561 2794 5633 ipse
2820 5560 2958 5629 dux,
2993 5558 3051 5614 id
3075 5561 3163 5614 est
3185 5554 3436 5612 Aritium
3458 5558 3515 5610 et
3535 5551 3683 5610 Clu-
