4068 6178
501 279 607 338 997

1359 275 1687 332 SUPPLEM.
1749 270 1840 330 AD
1877 269 2161 326 sonum
2197 265 2464 325 PONTIF.
2506 243 2672 325 nom.
2714 267 2877 325 sac.
2919 269 3018 325 1x.
3747 276 3829 338 963

503 401 679 463 sium.
721 401 1003 470 quatenus
1048 401 1112 454 ut
1159 397 1230 469 is,
1265 397 1364 468 qui
1398 400 1636 468 praerat
1659 395 1817 468 regia
1841 394 1964 450 vice
1996 396 2145 460 ante,
2175 369 2234 452 Α
2260 389 2330 445 de
2360 402 2534 461 regno
2557 388 2925 461 egrederetur
2963 387 3182 446 Italico.
3213 389 3483 463 Egressus
3508 407 3715 467 namque
3738 400 3824 471 vix,

501 489 775 545 Romanis
825 489 1118 544 videretur
1166 493 1292 558 post
1337 501 1460 544 esse
1521 486 1832 556 subjectus.
1893 480 2152 537 Removit

503 577 674 634 etiam
722 577 792 633 ab
848 578 933 633 eis
986 577 1171 648 re‘gias
1227 576 1561 647 legationes,
1618 572 2018 629 assiduitatem
2063 568 2150 625 vel

503 668 862 738 prasentiam
875 666 1203 737 apostolica
1215 665 1532 721 electionis.
1554 663 1702 733 Quid
1721 660 2153 732 plura‘ICuncta

504 757 628 814 illis
658 756 905 814 contulit
926 771 1052 828 qua
1077 755 1404 824 voluerunt;
1439 751 1912 824 quemadmodum
1943 751 2156 806 dantur

505 847 630 918 illa,
685 861 811 918 qua
867 859 969 902 nec
1018 849 1168 902 recte
1220 843 1627 915 acquiruntur,
1673 855 1774 897 nec
1825 851 2155 911 possessura

505 943 830 1008 sperantur.
863 938 1080 1007 Fugato
1125 935 1320 1005 itaque
1348 933 1460 989 isto
1489 931 1690 988 Carolo
1734 945 1847 1002 pra
1888 935 2041 986 metu
2065 929 2160 985 al—

501 1027 686 1085 terius
739 1025 951 1096 Caroli,
1004 1024 1104 1095 qui
1148 1021 1431 1091 veniebat,
1464 1020 1810 1093 inﬁrmatur,
1854 1025 2157 1092 antequam

2260 476 2566 534 defunctus
2585 484 2690 535 est.
2713 479 2796 534 Ab
2823 479 2927 535 illo
2947 484 3134 536 autem
3157 480 3250 535 die
3273 480 3620 540 honoriﬁcias
3637 499 3828 545 consue-

2264 569 2493 624 tudines
2525 569 2694 640 regia
2744 570 3052 642 dignitatis
3086 583 3246 626 nemo
3279 570 3675 644 imperatorum,
3709 591 3828 634 nemo

2265 671 2460 729 regum
2489 658 2832 728 acquisivit:
2861 659 2997 730 quia
3021 664 3123 716 aut
3143 659 3329 716 virtus
3357 659 3550 732 defuit,
3572 668 3658 719 aut
3683 667 3830 723 scien-

2264 747 2366 817 tia,
2419 761 2521 818 pro
2579 747 2778 804 multis
2837 749 2994 821 regni
3046 750 3508 807 contentionibus
3547 757 3598 807 et
3633 756 3830 813 assiduis

2265 837 2677 894 divisionibus.
2743 838 2901 894 Unde
2955 839 3135 896 multa
3189 840 3402 912 pralia,
3466 841 3739 901 delationes
3791 852 3831 902 et

2268 927 2483 999 rapina
2515 926 2748 985 fuerunt
2771 927 2830 984 in
2857 941 3048 1001 regno.

503 1210 1076 1215 ______
2364 1211 2394 1242 η
3791 1210 3816 1212 ἡ

504 1255 3823 1284 Μ

1546 1389 2872 1657 SUPPLEARDJENTUM

581 1768 1848 1929 EPISTOLAS
2051 1768 2319 1914 ET
2522 1765 3777 1921 DIPLOMATA

1108 2026 2126 2145 PONTIFICUM

2277 2023 3312 2141 ROMANORUM

1309 2230 1453 2305 QUI
1499 2226 1950 2292 CURRENTE
1989 2223 2330 2288 SECULO
2373 2224 2598 2288 NONO
2637 2225 3104 2290 FLORUERE.

1850 2718 2225 2839 LEO
2271 2721 2572 2839 ΙΙΙ.

1299 3055 1343 3112 Ι.

499 3215 860 3262 Ριιινιικαιυκ
885 3212 1080 3258 LEONIS
1105 3213 1170 3257 III
1193 3213 1299 3256 PRO
1315 3210 1657 3256 NONASTERIO
1679 3210 1779 3255 ΒΑΝ
1799 3209 2146 3254 υιοηγειΑΝο.

1154 3323 1336 3398 (Anno
1354 3321 1502 3398 798.)

713 3469 1032 3548 [Doublet.,
1051 3472 1196 3526 Hist.
1223 3471 1290 3526 de
1305 3470 1672 3533 Saint-Denis,
1699 3481 1750 3538 p.
1776 3462 1934 3541 452.]

566 3600 675 3657 Leo
731 3599 1056 3670 episcOpus,
1101 3609 1302 3652 servus
1358 3606 1651 3651 servorum
1693 3591 1815 3663 Dei,
1876 3589 2145 3662 Fulrado,

493 3689 707 3746 dilecto
753 3689 886 3758 Deo,
945 3684 1273 3756 presbytero
1319 3687 1376 3739 et
1404 3681 1596 3738 abbati
1647 3677 1993 3737 venerabilis
2021 3691 2151 3734 mo—

495 3776 733 3834 nasterii
761 3774 945 3831 sancti
975 3772 1190 3829 Christi
1216 3771 1486 3842 martyris
1523 3769 1808 3840 Dionysii,
1836 3771 1893 3823 et
1920 3767 2150 3824 cunctis

496 3864 742 3936 posteris
765 3865 833 3919 ad
864 3867 1220 3933 perpetuum.

563 3953 841 4022 Quoniam
879 3951 1147 4022 expetisti
1180 3964 1212 4007 a
1255 3949 1395 4005 Sede
1422 3947 1736 4019 apostolica
1776 3945 2145 4019 privilegium

495 4041 756 4100 renovari
799 4041 948 4113 quod
998 4041 1273 4097 hactenus
1313 4042 1638 4094 antecessor
1668 4044 1860 4094 noster
1884 4037 2045 4094 bona
2091 4042 2147 4093 et

493 4138 701 4190 sanctae
746 4131 1050 4188 memoria.
1093 4130 1418 4200 Stephanus
1451 4141 1592 4199 papa
1623 4142 1691 4184 ex
1723 4126 2144 4199 monasteriis}!

491 4238 552 4281 se
576 4222 928 4279 constructis
952 4219 1331 4290 conﬁrmavit,
1355 4217 1463 4274 tibi
1491 4223 1547 4273 et
1571 4217 1840 4275 omnibus
1860 4231 2148 4274 successo-

492 4313 658 4371 ribus
680 4312 800 4369 tuis
827 4310 1152 4381 abbatibus,
1189 4309 1396 4366 iterum
1426 4320 1696 4364 renovare
1725 4309 1781 4362 et
1808 4305 2144 4362 conﬁrmare

2183 3054 2235 3116 B
2259 3053 2430 3127 regis,
2459 3053 2544 3112 vel
2566 3059 2683 3127 tua,
2713 3054 3004 3114 licentiam
3033 3056 3244 3116 habeat
3267 3059 3725 3118 missascelebrare
3749 3056 3830 3113 nisi

2261 3159 2359 3215 per
2388 3150 2631 3202 vestram
2661 3149 3141 3219 convocationem,
3181 3151 3280 3208 sed
3315 3153 3594 3223 proprium
3623 3149 3833 3207 habentes

2259 3234 2610 3307 episcopum,
2653 3235 2879 3294 tabulas
2911 3242 2966 3294 et
3013 3239 3270 3297 chrisma
3311 3241 3734 3308 consecrandum,
3769 3234 3830 3292 vel

2260 3328 2493 3382 cateros
2529 3339 2722 3382 sacros
2769 3327 3019 3400 ordines,
3053 3327 3211 3386 sicut
3250 3331 3309 3387 in
3344 3330 3627 3402 privilegio
3662 3325 3829 3385 domini

2258 3412 2529 3483 Stephani
2568 3429 2724 3486 papa
2759 3416 2987 3486 plenius
3023 3419 3377 3490 continetur,
3413 3419 3762 3477 auctoritatem
3793 3421 3832 3470 et

2259 3501 2553 3559 licentiam
2574 3504 2633 3559 in
2661 3505 2930 3563 omnibus
2950 3507 3352 3582 attribuimus,
3374 3515 3429 3566 et
3450 3511 3548 3567 hoc
3571 3507 3700 3565 beati
3720 3502 3829 3561 Petri

2258 3592 2646 3662 apostolorum
2692 3596 2976 3666 principis
3030 3600 3378 3656 auctoritate
3416 3599 3689 3656 fulcientes
3731 3608 3830 3666 pro—

2261 3683 2557 3752 testamur,
2593 3686 2658 3738 ut
2698 3696 2894 3740 omnes
2914 3697 3118 3742 causas
3168 3686 3255 3742 vel
3288 3687 3636 3744 necessitates
3661 3689 3764 3740 tuas
3784 3693 3829 3736 ac

2259 3770 2594 3827 monasterii
2623 3773 2710 3829 tui
2732 3773 3088 3830 sanctissimi
3110 3776 3376 3848 Dionysii
3392 3777 3640 3848 martyris
3657 3779 3702 3830 et
3719 3775 3834 3828 cate-

2257 3871 2451 3914 rorum
2501 3863 2976 3920 monasteriorum
3027 3864 3116 3920 illi
3167 3867 3546 3936 subditorum,
3585 3865 3645 3921 ad
3682 3861 3829 3919 Sedem

2253 3950 2624 4018 apostolicam
2658 3950 2948 4008 licentiam
2989 3953 3219 4027 habeas,
3252 3962 3309 4013 et
3333 3970 3522 4012 omnes
3546 3962 3830 4012 successores

2253 4038 2342 4095 tui
2372 4039 2606 4097 abbates
2632 4041 3000 4114 reclamandi,
3051 4049 3107 4100 et
3133 4059 3225 4102 res
3254 4061 3320 4103 ac
3347 4047 3571 4118 pradia,
3608 4045 3710 4100 sive
3736 4053 3829 4096 mo—

2255 4130 2506 4186 nasteria
2529 4143 2561 4185 a
2605 4135 2659 4186 te
2683 4137 3014 4189 constructa
3044 4139 3100 4190 et
3125 4137 3415 4206 ordinata,
3457 4137 3599 4192 sicut
3622 4136 3672 4190 in
3695 4135 3827 4188 testa—

2255 4225 2442 4274 mento
2495 4225 2596 4276 tuo
2647 4220 2838 4291 habes,
2889 4222 2958 4278 ad
3011 4226 3422 4282 monasterium
3463 4224 3628 4282 sancti
3664 4216 3826 4277 Christi

2255 4310 2524 4379 martyris
2552 4309 2836 4382 Dionysii,
2866 4316 2922 4368 et
2961 4314 3370 4372 monachorum
3410 4329 3629 4372 suorum
3668 4309 3828 4367 tradita

493 4419 592 4476 per
639 4407 891 4460 nostram
936 4399 1336 4457 auctoritatem
1383 4397 1443 4453 in
1491 4400 1656 4452 antea
1699 4394 2051 4466 deberemus,
2087 4399 2144 4451 et
2172 4429 2221 4492 C
2251 4404 2307 4454 et
2330 4399 2661 4455 conﬁrmata
2689 4400 2747 4455 in
2779 4399 3039 4458 futurum
3066 4409 3443 4474 perseverent,
3469 4407 3742 4461 statuentes
3757 4410 3828 4468 per

491 4493 824 4550 subditione
873 4493 1080 4547 sancta
1119 4488 1273 4544 sedis
1321 4486 1589 4542 Ecclesia
1631 4485 1892 4540 Romana
1921 4497 2142 4554 semper
2179 4485 2220 4492 '
2251 4487 2394 4543 hanc
2431 4489 2636 4545 seriem
2676 4491 3094 4561 scripturarum
3155 4499 3332 4565 atque
3383 4493 3748 4550 interdicentes
3781 4489 3826 4541 ut

492 4589 762 4655 perpetua
835 4578 1265 4637 conservatione
1330 4574 1646 4631 subsistere
1701 4577 1758 4630 et
1815 4588 2142 4645 permanere

490 4671 838 4729 omnimodis
866 4669 1126 4737 debeant,
1157 4679 1222 4722 eo
1247 4664 1517 4720 videlicet
1541 4664 1742 4721 ordine
1768 4670 1829 4720 ut
1851 4664 2137 4735 quidquid

489 4774 558 4817 ex
577 4760 884 4816 donatione
908 4754 1378 4813 excellentissimi
1412 4753 1519 4810 ﬁlii
1545 4755 1697 4826 regis
1718 4754 1901 4811 nostri
1923 4753 2136 4824 Caroli,

488 4848 575 4906 vel
596 4848 844 4906 aliorum
871 4859 1089 4919 regum,
1121 4858 1186 4900 ac
1217 4844 1494 4901 bonorum
1523 4844 1818 4901 hominum
1847 4849 1901 4900 et
1928 4858 2139 4914 paren-

489 4945 608 4996 tum
637 4945 890 5009 tuorum,
920 4942 976 4994 et
999 4951 1065 4994 ex
1092 4940 1191 4993 tua
1221 4935 1566 5007 preprietate
1588 4939 1646 4992 et
1661 4934 2140 4992 commutationi-

490 5029 599 5085 bus
622 5028 828 5084 habere
851 5032 907 5083 et
934 5026 1221 5084 dominari
1264 5025 1428 5082 modo
1469 5025 1704 5096 videris,
1750 5024 1835 5080 vel
1871 5024 1929 5079 in
1972 5027 2137 5080 antea

489 5118 787 5189 acquirere
815 5120 879 5173 tu
907 5122 962 5173 et
987 5129 1342 5176 successores
1367 5114 1453 5170 tui
1481 5105 1757 5184 petueris,
1791 5120 1902 5170 tam
1933 5113 1991 5168 in
2026 5127 2137 5170 mo-

489 5207 761 5265 nasteriis
789 5205 1143 5262 adiﬁcandis
1167 5218 1336 5275 quam
1375 5209 1429 5260 et
1452 5204 1632 5274 villis,
1680 5205 1799 5260 sive
1826 5203 2135 5273 mancipiis

489 5299 548 5353 in
576 5296 1019 5368 quibuscunque
1044 5295 1225 5364 pagis,
1256 5293 1398 5349 locis
1423 5297 1479 5348 et
1493 5293 1649 5365 agris
1671 5293 2027 5360 constitutis,
2052 5292 2132 5350 ita

483 5385 742 5444 stabilita
771 5388 829 5440 et
858 5387 979 5439 rata
1006 5383 1063 5437 in
1101 5386 1432 5452 perpetuum
1464 5385 1745 5451 maneant,
1796 5386 1851 5438 et
1879 5382 1937 5437 in
1979 5396 2133 5452 pra-

479 5476 658 5534 dictis
675 5472 1041 5532 monasteriis
1066 5470 1262 5528 nullus
1291 5469 1686 5541 episcOporum
1717 5470 1804 5527 vel
1841 5472 2124 5541 sacerdos,

479 5567 694 5638 absque
723 5564 1014 5623 voluntate
1041 5559 1557 5635 pracellentissimi
1587 5559 1693 5616 ﬁlii
1721 5562 1904 5619 nostri
1935 5561 2122 5619 Caroli

2252 4578 2539 4650 quisquis,
2563 4579 2647 4635 vel
2674 4581 3111 4654 cunjuscunque
3139 4584 3450 4656 dignitatis
3465 4595 3678 4654 persona
3700 4593 3726 4633 a
3747 4587 3826 4631 ma-

2249 4681 2358 4740 gno
2381 4669 2562 4739 gradu
2590 4684 2772 4740 usque
2801 4672 2869 4727 ad
2896 4672 3198 4729 minimum
3226 4673 3423 4746 fuerit,
3459 4675 3551 4744 qui
3584 4673 3675 4728 hoc
3696 4664 3825 4738 privi-

2248 4757 2462 4828 legium
2487 4759 2806 4829 irrumpere
2834 4763 3157 4831 tentaverit,
3187 4764 3272 4819 vel
3306 4763 3502 4820 fecerit
3526 4761 3624 4819 sub
3649 4756 3825 4815 anathe-

2249 4847 2419 4904 matis
2442 4848 2694 4919 vinculo,
2726 4849 2873 4906 beati
2907 4851 3056 4906 Petri
3087 4853 3477 4922 apostolorum
3505 4847 3754 4918 Principis
3775 4855 3823 4896 ac

2247 4941 2440 4992 nostra
2471 4938 2830 5010 auctOritate,
2859 4953 2980 4996 esse
3009 4941 3311 5014 alligatum
3343 4940 3664 4999 universalis
3686 4932 3824 4992 Eccle-

2247 5025 2334 5082 sia
2359 5027 2523 5098 sciat,
2558 5027 2670 5083 nisi
2691 5028 2864 5100 digna
2895 5029 3289 5088 satisfactione
3323 5046 3507 5088 coram
3531 5033 3631 5086 Deo
3653 5033 3699 5082 et
3718 5034 3822 5079 san-

2243 5120 2465 5170 ctorum
2496 5129 2732 5172 suorum
2765 5118 3154 5186 pienitentiam
3200 5120 3400 5192 egerit.
3444 5121 3579 5175 Bene
3605 5115 3766 5172 valete.

2311 5205 2451 5260 Data
2491 5218 2546 5260 v1
2601 5205 2722 5262 Kal.
2782 5208 2940 5263 Junii
2982 5221 3130 5266 anno
3181 5210 3237 5265 in
3297 5207 3665 5266 sacratissima
3705 5196 3819 5256 beati

2240 5295 2392 5350 Petri
2435 5294 2564 5351 sede
2605 5309 2689 5366 iii,
2739 5310 2839 5353 seu
2887 5297 3097 5356 domno
3146 5299 3367 5369 Carolo,
3404 5290 3819 5354 excellentissimo

2241 5397 2369 5456 rege
2398 5386 2743 5443 Francorum
2789 5391 2844 5443 et
2890 5388 3388 5461 Longobardorum
3428 5395 3590 5458 atque
3626 5375 3818 5454 patricio

2237 5475 2640 5549 Romanorum,
2673 5490 2705 5533 a
2728 5491 2842 5548 quo
2866 5483 3030 5549 capta
3066 5477 3179 5536 fuit
3215 5478 3400 5551 Italia,
3429 5490 3570 5534 anno
3597 5468 3816 5531 vicesimo

2238 5563 2462 5636 quinto,
2491 5565 2811 5624 indictione
2840 5572 3016 5624 sexta.
