4068 6178
1005 429 1052 483 II

271 567 528 610 EPISTOLA
571 566 765 609 LEONIS
812 565 876 607 Ῑῐῐ
927 565 996 606 ΑΙ)
1046 563 1404 607 FOBTUNATUM
1449 561 1776 607 GRADENSEH

822 636 1228 678 PATRIARCHAI.

845 763 1028 839 (Anno
1055 762 1205 838 803.)

270 908 454 984 [Apud
483 906 735 981 Ugbelli,
783 907 949 962 Italia
981 921 1160 974 sacra,
1194 908 1330 962 tom.
1364 905 1429 978 V,
1458 919 1585 977 pag.
1627 901 1775 980 49L]

267 1054 394 1124 Lso
417 1049 743 1124 episcopus,
784 1063 984 1108 servus
1011 1061 1305 1106 servorum
1329 1047 1452 1120 Dei,
1482 1047 1849 1104 reverendis—

195 1143 340 1200 simo
357 1148 414 1199 et
443 1141 808 1199 sanctissimo
833 1137 1113 1197 confratri
1141 1139 1466 1196 FORTUNATO
1499 1137 1840 1210 patriarcha

194 1232 505 1289 Gradensis
541 1230 827 1287 Ecclesia.

267 1321 409 1378 Vita
453 1326 564 1377 tua
603 1319 1000 1376 tantummodo
1029 1317 1278 1375 oﬁicium
1330 1315 1646 1374 sacerdotis
1670 1329 1846 1373 assu-

197 1425 364 1482 mere,
408 1411 458 1466 si
491 1409 758 1466 interiori
799 1408 1104 1480 vigilantia
1135 1407 1569 1479 perpendamus,
1598 1405 1730 1477 plus
1758 1408 1846 1462 est

196 1500 389 1558 oneris
433 1511 602 1570 quam
648 1496 918 1568 honoris;
978 1496 1192 1568 quippe
1234 1497 1335 1568 qui
1381 1495 1613 1567 pr0pria
1642 1507 1846 1551 curare

198 1603 308 1646 non
338 1587 555 1645 sufﬁcit
599 1587 712 1644 nisi
753 1591 810 1645 et
850 1585 1163 1643 salubriter
1193 1586 1434 1659 gesserit
1461 1584 1669 1641 aliena.
1703 1586 1844 1640 Nam

194 1679 262 1736 ad
287 1678 396 1735 hoc
420 1676 726 1748 pastoralis
747 1675 1050 1748 regiminis
1061 1689 1257 1734 curam
1269 1675 1604 1746 aggreditur
1621 1677 1686 1731 ut
1704 1673 1844 1730 alio-

1771 299 1903 360 LEO
1939 301 2030 358 III.

1875 423 1932 485 A
1961 425 2113 482 narii
2160 426 2216 484 S.
2265 427 2328 484 Β.
2363 429 2450 500 Ε.,
2484 427 2544 484 in
2576 439 2765 484 mense
2805 426 3031 488 Martio.
3075 424 3274 483 indict.
3321 423 3406 482 14.
3454 425 3598 482 Bene

3499 292 3604 353 9'70

1960 513 2160 572 valete.

2031 605 2237 662 Datum
2297 604 2365 663 42
2419 606 2540 662 Kal.
2601 605 2784 676 April.
2851 617 2948 674 per
3013 616 3242 659 manum
3300 599 3598 657 Eustachii

1960 691 2286 752 Primicerii
2318 704 2525 752 sancta
2561 694 2724 752 Sedis
2750 691 3108 765 Apostolica,
3140 691 3458 762 imperante
3487 702 3600 746 no-

1962 786 2082 838 stro
2135 784 2370 840 domino
2406 784 2607 842 Carolo
2662 783 2927 854 piissimo
2971 781 3232 854 Augusto
3261 793 3293 835 a
3330 781 3444 835 Deo
3497 791 3601 834 co-

1963 876 2162 928 ronato
2205 886 2406 946 magno
2443 877 2500 931 et
2547 873 2782 946 paciﬁco
2827 872 3169 943 imperatore
3197 881 3347 926 anno
3398 866 3594 938 tertio,

1963 960 2083 1017 ind.
2116 959 2200 1017 Μ.

2739 1089 2828 1143 III.

1951 1226 2208 1270 EPISTOLA
2259 1225 2450 1268 LEONIS
2496 1226 2560 1269 III
2604 1224 2674 1268 AD
2710 1225 2843 1268 ΛΜΗ
2880 1222 3252 1267 SABIONENSEM
3301 1219 3599 1263 EPISCOPUI

2022 1298 2088 1340 ΕΤ
2126 1297 2198 1340 ΔΙ)
2245 1298 2402 1340 ALIOS
2438 1296 2744 1341 PROVINCIE
2788 1295 3165 1339 BAJOARIORUM
3214 1293 3514 1336 EPISCOI’OS.

2625 1409 2808 1483 (Anno
2851 1408 2929 1482 8.)

2027 1550 2323 1629 mansizii,
2358 1555 2651 1612 Germania
2697 1571 2876 1618 sacra,
2909 1557 3052 1611 tom.
3113 1553 3180 1622 II,
3217 1564 3344 1623 pag.
3377 1545 3523 1624 109.]

2030 1679 2439 1741 Dilectissimis
2490 1681 2657 1739 nobis
2702 1680 2848 1736 ALIM
2893 1677 3161 1735 Ecclesia
3205 1674 3596 1746 Sabionensis,

197 1781 322 1825 rum
349 1767 412 1822 in
437 1781 497 1824 se
520 1765 978 1823 sollicitudinem
1002 1765 1096 1836 pia
1113 1765 1439 1836 provisione
1457 1763 1760 1834 suscipiat,
1786 1767 1843 1820 et

1958 1772 2056 1844 qui
2084 1786 2236 1829 nunc
2265 1771 2643 1841 Brixinensis,
2672 1784 2774 1827 seu
2803 1769 3006 1825 Arrom
3054 1765 3321 1822 Ecclesia
3368 1763 3599 1819 Frisiu-

196 1858 256 1912 in
285 1870 482 1913 eorum
503 1868 626 1911 sese
655 1854 918 1911 custodia
937 1853 1246 1926 vigilanter
1265 1853 1553 1924 disponat,
1581 1858 1645 1909 ut
1669 1851 1845 1922 lupus

196 1946 482 2003 insidians
520 1944 968 2016 possibilitatem
1000 1944 1061 2000 in
1091 1957 1156 2000 eo
1189 1942 1547 2014 irrumpendi
1592 1954 1706 1998 non
1733 1941 1846 1997 ha-

195 2035 341 2105 beat,
370 2048 472 2090 nec
493 2033 783 2091 lasionem
810 2033 1014 2091 ovibus
1037 2032 1266 2090 inferat.
1283 2033 1381 2091 Sic
1397 2032 1497 2103 qui
1515 2031 1840 2088 animarum

195 2138 390 2180 curam
408 2124 787 2195 suscepimus,
801 2123 1093 2180 assiduam
1105 2121 1376 2178 debemus
1387 2113 1842 2178 sollicitudinem

196 2227 387 2287 gerere
405 2219 468 2270 ut
481 2205 694 2269 callido
713 2213 953 2284 antiquo
969 2213 1204 2268 humani
1223 2211 1449 2284 generis
1467 2210 1706 2266 inimico
1723 2209 1844 2266 adi-

194 2309 315 2358 tum
366 2301 786 2373 pracludamus
814 2305 872 2358 et
918 2301 1056 2358 totis
1085 2305 1282 2358 contra
1318 2301 1444 2371 ejus
1471 2298 1841 2356 voracitatem

194 2391 420 2447 viribus
444 2390 814 2462 obsistamus,
847 2404 916 2447 ne
946 2394 1140 2446 nostra
1165 2389 1310 2446 forte
1339 2388 1584 2459 desidia,
1617 2386 1839 2458 rabida,

197 2480 344 2552 quod
385 2479 562 2550 absit,
615 2493 957 2550 quemquam
988 2477 1151 2536 fauce
1186 2479 1488 2550 deglutiat,
1521 2485 1578 2534 et
1613 2478 1739 2548 ejus
1767 2475 1838 2532 ad

196 2574 445 2626 nostram
489 2582 601 2626 non
636 2568 920 2624 immerito
950 2567 1272 2638 applicetur
1320 2581 1541 2638 panam
1568 2565 1839 2638 perditio,

195 2658 292 2730 qui
325 2659 666 2716 commissos
694 2658 947 2715 sollicita
977 2657 1268 2714 custodire
1293 2661 1350 2712 et
1381 2657 1594 2728 quibus
1619 2655 1842 2712 cautela

197 2748 562 2822 negligimus.
577 2748 959 2805 Exhibeamus
968 2761 1102 2819 ergo
1115 2747 1263 2818 quod
1275 2746 1546 2817 dicimus,
1561 2750 1618 2802 et
1629 2745 1844 2817 quibus

193 2839 378 2894 divini
405 2838 834 2909 dispensatione
879 2836 1112 2893 consilii
1145 2849 1383 2907 praesse
1411 2834 1676 2907 contigit,
1702 2849 1843 2905 pro-

193 2931 353 2986 desse
379 2935 659 3000 quantum
691 2941 995 3000 possumus
1016 2925 1372 2998 festinemus,
1397 2930 1461 2982 ut
1487 2926 1624 2982 dum
1645 2925 1844 2981 credi-

192 3025 282 3076 tor
312 3019 592 3074 rationem
625 3017 921 3074 nobiscum
949 3016 1248 3088 positurus
1267 3015 1580 3086 advenerit,
1613 3014 1838 3071 lucrum

1950 1863 2059 1935 gia
2087 1876 2154 1918 ac
2183 1861 2357 1918 simul
2396 1861 2662 1918 Ecclesia
2701 1857 3059 1930 Reginensis,
3105 1869 3209 1911 nec
3257 1867 3368 1910 non
3415 1852 3600 1908 Ἦλι-

1948 1965 2106 2008 τῐιιαο
2158 1951 2426 2008 Ecclesia
2479 1949 2831 2007 Pataviensis
2882 1952 2938 2002 et
2996 1946 3271 2000 Smssaro
3329 1942 3595 1999 Ecclesia

1949 2039 2472 2112 Niwenburgensis,
2526 2038 2834 2110 provincia
2860 2033 3252 2104 Bajoariorum
3283 2030 3591 2102 episcOpis,

1951 2131 2080 2196 Lso,
2125 2143 2322 2187 servus
2370 2141 2657 2185 servorum
2689 2127 2811 2182 Dei.

2019 2218 2360 2276 Dilectionis
2403 2222 2603 2275 vestra
2633 2229 2774 2288 quas
2804 2213 2969 2271 nobis
2996 2211 3293 2284 petitorias
3317 2205 3598 2265 emisistis

1951 2307 2220 2380 syllabas,
2243 2307 2448 2364 libenti
2475 2305 2833 2376 suscepimus
2863 2302 3077 2373 animo,
3107 2301 3164 2356 in
3197 2297 3412 2370 quibus
3441 2295 3596 2351 fere-

1952 2396 2140 2469 batur,
2175 2402 2239 2454 ut
2269 2398 2329 2454 in
2361 2396 2656 2468 provincia
2679 2399 2867 2451 vestra
2893 2390 3282 2462 Bajoariorum
3313 2385 3594 2456 archiepi-

1950 2499 2184 2557 scopum
2237 2486 2656 2556 ordinaremus,
2705 2497 2818 2555 quo
2863 2480 3160 2553 provincia
3188 2479 3312 2549 ipsa
3350 2475 3594 2532 miriﬁce

1949 2589 1981 2631 a
2013 2575 2135 2631 ﬁlio
2165 2580 2363 2632 nostro
2409 2575 2644 2631 domino
2684 2571 2908 2643 Carolo,
2954 2565 3438 2626 excellentissimo
3464 2576 3594 2635 rege

1950 2667 2298 2722 Francorum
2336 2668 2395 2720 et
2418 2662 2917 2736 Langobardorum
2946 2663 3004 2716 et
3032 2656 3276 2730 patricio
3303 2655 3596 2710 Romano-

1951 2769 2100 2824 rum,
2128 2755 2361 2826 penitus
2404 2767 2474 2810 ex
2512 2753 2667 2810 omni
2701 2754 2879 2822 parte,
2911 2749 3066 2806 sicut
3088 2745 3302 2804 decuit.
3333 2743 3600 2799 ordinata

1948 2849 2052 2902 est.
2084 2844 2304 2901 Idcirco
2332 2843 2618 2914 convenit,
2647 2855 2752 2898 nos
2796 2841 2954 2911 ipsos
2982 2850 3180 2908 nempe
3206 2829 3598 2891 ecclesiastico

1950 2934 2338 2991 moderamine
2384 2934 2445 2988 in
2490 2946 2652 2989 sacro
2689 2930 2891 2987 ordine
2939 2927 3185 2984 ﬁdeliter
3211 2928 3384 2996 atque
3414 2919 3602 2992 spiri—

1948 3023 2185 3079 tualiter
2214 3022 2526 3079 secundum
2557 3033 2856 3077 censuram
2891 3017 3244 3086 canonicam,
3282 3015 3461 3083 ipsam
3494 3025 3599 3066 or—

194 3122 296 3164 nos
325 3107 534 3164 fecisse
557 3107 822 3177 reperiat,
851 3111 908 3162 et
936 3119 1061 3177 sua,
1093 3106 1247 3162 sicut
1272 3104 1559 3175 promisit,
1585 3117 1838 3160 remune-
1865 3089 1914 3156 C
1945 3113 2147 3168 dinam
2225 3111 2616 3181 Bajoariorum
2687 3108 3060 3179 provinciam.
3136 3106 3206 3159 Et
3279 3103 3416 3174 quia
3479 3103 3595 3156 Deo

191 3198 417 3253 ratione
463 3196 729 3253 latiﬁcet.
802 3197 917 3253 Hoc
964 3195 1178 3266 itaque,
1248 3192 1426 3250 frater
1474 3193 1833 3264 charissime,

191 3287 584 3356 considera,et
600 3285 787 3342 locum
807 3300 970 3357 quem
993 3286 1234 3355 adeptus
1255 3298 1314 3340 es
1331 3297 1444 3340 non
1464 3284 1534 3339 ad
1560 3281 1834 3353 requiem,

189 3376 287 3432 sed
318 3376 392 3432 ad
426 3374 675 3431 laborem
707 3379 762 3430 te
801 3375 1123 3444 suscepisse
1151 3385 1444 3445 cognosce.
1479 3371 1842 3428 Adhortatio-

189 3466 286 3522 nis
323 3479 432 3536 ope
471 3464 725 3521 ﬁdelium
769 3465 942 3521 corda
970 3463 1296 3531 corrobora,
1339 3461 1663 3518 inﬁdelium
1708 3471 1840 3517 vero

189 3568 420 3612 summo
470 3567 639 3625 opere
684 3559 962 3610 converte.
1011 3553 1169 3622 Quod
1218 3556 1284 3609 ut
1327 3550 1562 3608 facilius
1610 3548 1839 3620 assequi

189 3644 487 3715 merearis,
518 3639 977 3716 pradicationem
1000 3646 1154 3698 tuam
1171 3642 1285 3697 vita
1313 3639 1695 3709 commendet;
1719 3639 1843 3708 ipsa

182 3733 270 3789 eis
301 3734 637 3800 instructio,
664 3733 788 3803 ipsa
811 3730 1074 3803 migistra
1090 3731 1200 3800 sit;
1227 3729 1297 3786 ad
1315 3729 1668 3786 desiderium
1688 3732 1847 3784 ater-

185 3837 271 3879 na
302 3823 438 3878 vita
477 3822 713 3878 docente
750 3822 1045 3892 suspirent
1071 3825 1168 3876 tuo
1197 3819 1452 3876 viventes
1480 3818 1756 3888 exemplo,
1785 3820 1844 3873 et

185 3911 544 3984 perveniant,
566 3911 900 3982 temporalia
920 3909 1263 3982 despiciant,
1286 3915 1342 3965 et
1358 3923 1484 3981 qua
1505 3907 1842 3966 transitoria

183 4007 333 4058 sunt
366 4005 813 4070 contemnentes,
842 4001 910 4056 ad
941 4015 1005 4057 ea
1039 4014 1165 4071 qua
1205 4013 1426 4070 semper
1449 4000 1680 4070 durant,
1713 4010 1841 4068 qua

185 4093 352 4148 nullo
392 4089 501 4145 ﬁne
541 4089 912 4159 clauduntur,
961 4089 1270 4146 desideriis
1312 4088 1597 4144 anhelent.
1634 4089 1694 4143 In
1749 4087 1843 4144 his

184 4181 377 4253 igitur
401 4179 659 4235 studium
676 4177 905 4250 adhibe,
939 4179 999 4234 in
1024 4179 1127 4235 hac
1151 4183 1269 4235 tota
1296 4177 1504 4234 mentis
1525 4177 1844 4233 intentione

183 4269 457 4340 persiste,
492 4271 775 4339 quatenus
794 4267 929 4324 dum
957 4274 1055 4324 tua
1081 4267 1488 4339 praedicatione
1516 4271 1688 4338 atque
1721 4265 1846 4324 imi-

181 4358 413 4415 tatione
450 4357 566 4413 hac
614 4356 835 4414 fuerint
877 4357 1194 4429 consecuti,
1228 4361 1386 4414 tanto
1427 4357 1642 4426 majora
1672 4369 1705 4412 a
1729 4357 1843 4412 Deo

1945 3204 2198 3274 auspice,
2232 3201 2580 3272 reperientes
2607 3199 2792 3255 virum
2819 3197 3152 3265 almiﬁcum,
3185 3196 3242 3248 et
3269 3192 3327 3246 in
3348 3191 3604 3260 Scriptu-

1949 3294 2032 3348 ris
2059 3293 2278 3348 divinis
2319 3289 2756 3362 peritissimum,
2790 3293 2844 3344 et
2877 3289 2934 3343 in
2959 3287 3229 3343 omnibus
3260 3284 3598 3341 misericor—

1947 3381 2272 3450 dissimum,
2301 3378 2708 3450 spiritualibus
2733 3377 2990 3434 moribus
3006 3374 3457 3445 comprobatum,
3484 3387 3598 3431 una

1949 3484 2076 3526 cum
2121 3483 2404 3526 consensu
2466 3474 2521 3525 et
2569 3467 2860 3524 voluntate
2921 3464 3180 3536 pradicti
3251 3462 3361 3519 ﬁlii
3411 3461 3596 3519 nostri

1949 3558 2168 3615 domini
2200 3558 2408 3628 Caroli,
2446 3555 2957 3628 pracellentissimi
2981 3554 3152 3626 regis,
3185 3552 3349 3610 vobis
3372 3551 3600 3608 ordina-

1950 3649 2160 3720 vimus,
2206 3649 2518 3704 secundum
2559 3646 2884 3703 sanctiones
2931 3645 3162 3700 Patrum
3201 3643 3599 3713 archiepisco-

1954 3753 2108 3810 pum,
2166 3737 2435 3794 videlicet
2483 3739 2788 3807 Arnonem,
2854 3734 3122 3791 Ecclesia
3171 3733 3596 3799 Juvavensium,

1953 3841 2076 3900 qua
2106 3831 2162 3883 et
2187 3827 2414 3883 Petrina
2444 3829 2828 3895 nuncupatur,
2854 3838 2978 3895 qua
3002 3823 3061 3878 in
3091 3823 3304 3880 honore
3334 3823 3391 3877 B.
3424 3823 3596 3896 Petri,

1952 3917 2238 3988 principis
2262 3915 2670 3987 apostolorum,
2696 3913 3099 3971 venerabiliter
3120 3916 3207 3969 est
3230 3917 3594 3983 consecrata;

1953 4007 2150 4077 ibique
2191 4004 2502 4076 requiescit
2547 4017 2757 4073 corpus
2800 4002 2948 4059 sacri
2977 4002 3270 4073 pontiﬁcis
3298 4001 3596 4075 Rudperti,

1953 4110 2066 4154 una
2122 4108 2250 4150 cum
2311 4092 2738 4149 venerabilibus
2793 4093 2920 4149 suis
2980 4091 3301 4163 sodalibus,
3371 4091 3601 4148 scilicet

1951 4183 2250 4240 Chunaldo
2309 4189 2364 4238 et
2423 4181 2706 4252 Gisilano,
2769 4195 3014 4252 quorum
3075 4195 3314 4252 corpora
3385 4180 3597 4236 ibidem

1952 4287 1985 4329 a
2049 4273 2318 4330 ﬁdelibus
2370 4271 2764 4340 honorantur;
2818 4271 2919 4341 qui
2963 4271 3182 4327 dudum
3249 4276 3441 4328 noster
3485 4270 3602 4327 fuit

1955 4363 2348 4434 coepiscopus,
2383 4375 2534 4418 nunc
2562 4364 2748 4417 autem
2791 4357 2966 4415 frater
2993 4365 3050 4416 et
3086 4360 3460 4430 coepiscOpus
3488 4373 3597 4413 no—

181 4453 393 4504 nostro
446 4447 712 4518 recipias,
752 4451 966 4518 quanto
1007 4461 1257 4518 congrua
1315 4445 1716 4502 sollicitudine
1746 4443 1846 4502 lu-
1876 4461 1932 4524 D
1958 4457 2092 4524 star,
2125 4457 2307 4509 vester
2349 4456 2536 4508 autem
2575 4448 3080 4520 archiepiscopus;
3121 4454 3176 4504 et
3221 4446 3598 4504 venerabilem

177 4536 428 4592 crandis
479 4536 564 4591 eis
605 4536 910 4592 animabus
957 4534 1129 4592 ofﬁcii
1181 4535 1267 4592 tui
1309 4549 1570 4592 exercere
1617 4550 1844 4606 operam

179 4627 436 4682 minime
460 4625 760 4682 destitisti.
787 4625 1030 4681 Pallium
1062 4629 1332 4695 praterea
1357 4626 1523 4696 juxta
1547 4625 1844 4696 antiquam

177 4715 676 4772 consuetudinem
699 4713 1046 4770 fraternitati
1074 4714 1487 4785 tuadedimus,
1513 4728 1628 4786 quo
1651 4715 1729 4770 ita
1759 4714 1845 4771 uti

177 4803 551 4874 memineris,
584 4803 760 4860 sicuti
789 4803 1230 4873 pradecessores
1255 4805 1436 4862 nostri
1473 4803 1593 4860 tuis
1643 4803 1849 4876 prado-

173 4893 526 4950 cessoribus
545 4906 889 4965 concessere,
915 4894 1349 4966 privilegiorum
1367 4911 1600 4953 suorum
1625 4899 1851 4956 scilicet

176 4983 532 5057 integritate
579 4990 815 5039 servata.
867 4983 1063 5040 Fidem
1110 4990 1299 5040 autem
1349 4985 1698 5042 fraternitati
1733 4993 1846 5045 tua

174 5075 463 5146 quamvis
507 5075 565 5130 in
597 5075 840 5145 epistola
884 5079 983 5132 tua
1014 5089 1184 5146 quam
1214 5077 1504 5147 direxisti,
1552 5077 1850 5135 subtiliter

171 5165 502 5222 debuisses
553 5180 852 5236 exponere,
884 5172 1271 5222 verumtamen
1320 5167 1580 5224 latamur
1622 5169 1682 5225 in
1729 5171 1851 5226 Do—

176 5258 372 5326 mino,
420 5256 558 5327 quia
615 5270 736 5312 eam
781 5261 991 5312 rectam
1031 5270 1155 5312 esse
1189 5261 1246 5313 et
1293 5257 1534 5314 solemni
1584 5261 1846 5330 synodali

173 5346 556 5402 confessione
576 5346 908 5402 didicimus.
933 5347 1178 5403 Oramus
1192 5351 1382 5403 autem
1404 5348 1849 5418 omnipotentem

168 5438 504 5493 Dominum
530 5440 593 5492 ut
623 5449 726 5492 sua
752 5441 806 5492 te
835 5436 1157 5493 munitione
1180 5437 1554 5508 circumtegat
1575 5444 1629 5492 et
1655 5451 1854 5494 sacer-

171 5525 338 5583 dotii
361 5530 696 5597 susceptum
728 5523 977 5582 ofﬁcium
1001 5525 1276 5597 Operibus
1299 5526 1534 5597 implere
1553 5528 1847 5584 concaiat.

1956 4541 2142 4598 sedem
2212 4542 2338 4611 ejus
2386 4539 2880 4609 metrOpolitanam
2940 4537 3228 4605 habentes,
3299 4537 3368 4593 ad
3425 4549 3595 4609 quam

1955 4634 2151 4686 sancto
2203 4629 2442 4699 Arnoni,
2497 4629 2931 4699 archiepiscopo
2969 4632 3176 4698 vestro,
3223 4641 3391 4682 usum
3433 4625 3599 4696 pallii

1958 4719 2294 4788 tribuentes,
2322 4718 2588 4774 dedimus
2609 4719 2667 4773 in
2689 4719 2973 4775 mandatis
2996 4723 3078 4790 ut,
3101 4717 3416 4775 secundum
3439 4729 3603 4773 cano-

1958 4809 2116 4865 nicas
2169 4808 2587 4878 institutiones,
2661 4809 2930 4865 omnibus
2988 4807 3263 4865 Ecclesiis
3333 4806 3604 4879 superius

1960 4899 2272 4954 nominatis
2328 4898 2386 4953 in
2437 4897 2784 4954 dioecesibus
2839 4899 2928 4953 illi
2986 4899 3281 4969 subjectis,
3329 4897 3603 4954 canonice

1957 4987 2574 5044 valeatadminiculum
2609 4987 2919 5059 impartiri,
2949 4993 3012 5042 ut
3036 4988 3096 5043 in
3124 4986 3320 5042 futuro
3340 4988 3602 5044 examine

1958 5084 2088 5134 ante
2150 5077 2404 5133 tribunal
2454 5076 2670 5133 Christi
2742 5075 3062 5133 liberaliter
3117 5075 3300 5131 valeat
3355 5077 3596 5133 audire:

1957 5169 2128 5236 Euge,
2169 5183 2316 5222 serve
2349 5167 2480 5222 bone
2523 5171 2571 5220 et
2609 5166 2807 5236 ﬁdelis,
2849 5168 2983 5235 quia
3024 5180 3187 5236 super
3218 5182 3403 5235 pauca
3440 5166 3602 5233 fuisti

1957 5259 2155 5327 ﬁdelis,
2182 5274 2351 5327 supra
2374 5258 2546 5311 multa
2576 5261 2624 5310 te
2663 5257 3021 5325 constituam;
3073 5259 3224 5311 intra
3245 5259 3305 5311 in
3337 5256 3601 5324 gaudium

1957 5350 2174 5402 Domini
2216 5351 2314 5402 tui.
2357 5349 2500 5403 Bene
2543 5345 2743 5403 valete.
2773 5345 2935 5401 Anno
2967 5346 3155 5418 tertio,
3188 5352 3357 5416 atque
3381 5341 3600 5397 domini

1957 5438 2144 5494 Caroli
2198 5437 2668 5494 excellentissimi
2725 5435 2876 5508 regis
2904 5435 3245 5491 Francorum
3277 5436 3333 5486 et
3371 5433 3596 5498 Longo—

1959 5527 2266 5584 bardorum
2300 5532 2356 5582 et
2387 5527 2615 5606 patricii
2643 5530 3048 5602 Romanorum,
3098 5535 3129 5576 a
3159 5534 3272 5591 quo
3302 5518 3452 5588 cepit
3479 5520 3602 5572 Ita-

257 5617 564 5690 Scriptum
616 5631 718 5688 per
765 5629 993 5672 manum
1023 5616 1314 5674 Benedicti
1347 5616 1556 5674 notarii
1612 5621 1670 5673 et
1702 5617 1862 5676 scri-
1952 5618 2112 5689 liam,
2138 5629 2290 5673 anno
2321 5629 2456 5687 xxv,
2500 5616 2816 5673 indictione
2847 5619 3024 5670 sexta.

635 5717 867 5772 Parnm.
909 5715 1162 5774 CXXIX.

3321 5705 3384 5764 3i
