4068 6178
427 197 526 257 974

1209 330 1279 384 IV

635 445 890 488 EPISTOLA
915 447 1108 489 LEONIS
1141 447 1206 490 III
1255 447 1325 490 AD
1373 448 1554 490 OMNES
1609 448 1853 491 FIDELES.

1063 521 1244 595 (Anno
1282 520 1432 597 816.)

426 609 610 682 [Apud
635 609 994 683 Coquelines,
1017 612 1203 682 Ampi.
1231 613 1366 684 Coll.
1389 614 1571 684 Epist.
1605 617 1655 668 et
1677 612 1826 684 Dipl,
1859 615 1994 669 tom.
2023 613 2068 682 Ι,

1091 681 1215 755 pag.
1260 681 1404 754 464.]

423 772 679 826 Divinam
706 771 1105 840 humanamque
1132 771 1433 826 vindictam
1457 772 1720 827 adversus
1742 775 2069 842 usurpantes

495 843 634 896 bona
663 846 712 896 et
729 843 870 912 jura
900 845 1218 898 monasterii
1249 846 1427 899 sancti
1465 845 1630 898 Pauli
1671 844 1736 898 de
1768 843 1906 898 Urbe
1935 858 2073 897 con-

495 918 745 969 testatur.

495 1020 603 1074 Lso
660 1019 984 1091 episcopus,
1036 1034 1236 1077 servus
1283 1034 1578 1077 servorum
1624 1021 1748 1093 Dei,
1801 1018 2072 1078 omnibus

426 1107 774 1164 Christianis
814 1109 1078 1166 notitiam
1111 1110 1568 1166 contestationis.

495 1196 833 1268 Quicunque
851 1197 999 1254 dona
1015 1198 1101 1254 vel
1128 1198 1446 1255 oblationes
1467 1197 1842 1255 sacratissimi
1868 1197 2072 1255 altaris

426 1284 662 1357 gloriosi
697 1286 857 1342 Pauli
883 1287 1443 1358 apostolitotiusque
1468 1287 1664 1356 templi
1705 1288 1831 1357 ejus
1858 1287 1929 1343 ab
1962 1303 2071 1344 usu

423 1379 479 1429 et
528 1375 779 1431 utilitate
831 1375 926 1430 hic
970 1376 1213 1431 Domino
1266 1375 1638 1432 servientium
1690 1375 1890 1432 tollere
1921 1391 2072 1446 prae-

423 1463 752 1533 sumpserit,
780 1468 882 1518 aut
911 1464 1012 1533 qui
1064 1470 1337 1519 rectorem
1367 1477 1464 1534 per
1494 1463 1793 1533 pecuniam
1837 1463 1921 1519 vel
1953 1463 2074 1519 ali-

424 1551 575 1620 quod
628 1550 839 1606 malum
873 1551 1167 1622 ingenium
1214 1551 1273 1606 in
1306 1552 1412 1607 hoc
1462 1551 1584 1608 loco
1613 1558 1812 1608 contra
1857 1557 2072 1610 statuta

1034 199 1323 256 APPEND.
1364 201 1457 258 AD
1493 201 1652 259 SIEC.
1689 203 1788 260 IX.
1817 231 1891 244 —
1915 200 2244 288 SUPPLEM.
2284 200 2378 257 AD
2416 201 2699 259 SCRIPTA
2735 201 2999 260 PONTIF.
3042 198 3209 258 ROM.

3729 198 3835 259 972

2097 324 2159 385 A
2252 324 2380 390 LEO,
2413 337 2610 381 servus
2639 339 2930 382 servorum
2960 327 3085 398 Dei,
3121 326 3524 384 dilectissimis
3556 324 3836 382 fratribus

2180 411 2469 537 gniversis
2496 415 2783 485 episcOpis
2807 415 2866 471 in
2895 414 3096 472 Galliae
3136 416 3399 486 partibus
3433 417 3840 472 commoranti-

2221 498 2308 537 us.
2447 512 2472 534 .

2221 498 2308 539 us.

2252 571 2484 629 Utilitas
2498 573 2899 632 ecclesiasticae
2923 576 3222 646 doctrinae,
3243 575 3380 632 licet
3405 577 3697 633 ﬁuctuoso
3721 589 3841 646 pro-

2179 658 2452 715 cellarum
2475 661 2706 718 turbine
2729 661 2990 736 feriatur,
3019 670 3207 720 tamen
3229 669 3464 721 strenua
3493 678 3604 735 pou
3617 664 3839 720 tiﬁcum

2179 747 2433 818 solertia,
2466 750 2716 820 Optabile
2747 752 2954 808 salutis
2985 753 3229 823 percipit
3257 753 3600 824 remedium,
3637 753 3840 823 sicque

2181 836 2339 906 pacis
2351 838 2610 894 nutritur
2624 840 3033 897 incrementum
3047 842 3356 912 etjustitia:
3369 842 3547 898 decus
3562 842 3835 898 ﬂorescit.

2177 923 2340 981 Anno
2361 932 2518 983 sexto
2546 927 2798 998 piissimi
2826 929 3194 1000 imperatoris
3220 930 3434 1000 Caroli,
3469 945 3604 988 cum
3635 931 3847 986 unani-

2180 1012 2350 1068 miter
2364 1020 2788 1073 sacrosanctum
2803 1017 3115 1074 concilium
3136 1017 3472 1088 pontiﬁcum
3489 1023 3847 1091 agereturex

2182 1102 2425 1173 imperio
2468 1105 2660 1177 magni
2705 1106 3011 1163 orthodoxi
3040 1108 3406 1178 imperatoris
3435 1108 3652 1179 Caroli,
3691 1109 3846 1164 inter

2178 1191 2374 1261 aliqua
2395 1193 2656 1249 canonici
2700 1193 2988 1264 profectus
3015 1197 3307 1252 commode
3336 1197 3639 1267 spirituali
3668 1197 3854 1268 aptis.

2179 1282 2325 1337 sima
2357 1280 2536 1350 lucro,
2583 1283 2826 1355 contigit
2857 1289 2921 1338 ut
2962 1283 3277 1342 Gulfardus
3310 1286 3628 1357 religiosus
3659 1287 3854 1344 abbas

2181 1371 2511 1426 monasterii
2543 1371 2734 1427 Sancti
2766 1372 3020 1442 Martini,
3057 1373 3116 1428 in
3149 1388 3263 1444 quo
3279 1375 3692 1431 venerabiliter
3718 1389 3854 1431 cor-

2183 1474 2289 1530 pus
2327 1461 2451 1530 ejus
2492 1461 2740 1532 quiescit
2767 1461 3086 1532 humatum,
3116 1463 3369 1534 supplici
3402 1477 3536 1520 voce
3569 1470 3858 1534 precatus

2179 1553 2266 1603 est
2296 1549 2380 1603 uti
2422 1549 2790 1621 privilegium
2824 1564 2976 1606 nunc
3020 1565 3259 1621 praeesse
3297 1565 3356 1608 se
3385 1552 3695 1622 perhibens
3730 1567 3861 1608 sae-

423 1639 651 1693 Patrum
701 1643 1076 1710 nostrumque
1121 1647 1461 1710 praeceptum
1525 1640 1898 1709 ordinaverit,
1953 1641 2150 1730 siveEB
2181 1637 3063 1708 vissimisluporumdilaniatur
3083 1641 3524 1710 morsibus;nec
3550 1642 3862 1698 ﬁuctuoso

423 1726 523 1796 qui
570 1727 956 1783 haereditatem
1012 1729 1186 1798 hujus
1237 1728 1351 1784 loci
1404 1728 1773 1798 destruendo,
1830 1731 2071 1786 vendere

423 1815 508 1871 vel
539 1830 866 1886 comparare
896 1831 1074 1873 ausus
1107 1816 1304 1889 fuerit,
1337 1817 1748 1887 omnipotentis
1776 1819 1877 1873 Dei
1908 1819 2073 1874 male-

422 1905 733 1960 dictionem
780 1905 838 1960 in
887 1918 1124 1975 corpore
1168 1920 1275 1962 suo
1315 1906 1554 1977 suisque
1605 1907 1775 1962 rebus
1825 1907 2064 1974 habeat;

423 1994 570 2065 quod
605 1993 788 2050 facere
836 1996 1264 2065 prtesumpserit
1306 2001 1640 2051 evacuetur:
1680 1995 1934 2068 infamis,
1967 2010 2069 2052 sa-

423 2083 674 2154 crilegus
703 2083 772 2138 ab
812 2085 1080 2140 omnibus
1140 2085 1451 2141 habeatur:
1502 2086 1897 2141 testimonium
1941 2087 2067 2156 ejus

424 2172 482 2227 in
514 2172 673 2228 nullo
705 2173 916 2244 placito
940 2174 1295 2244 recipiatur;
1329 2174 1615 2246 quidquid
1651 2175 1967 2246 possederit
1995 2175 2063 2230 ad

425 2261 832 2331 rempublicam
887 2261 1286 2320 transferatur.
1339 2266 1428 2336 Et,
1476 2263 1527 2320 si
1570 2277 1682 2320 non
1733 2265 2063 2335 resipuerit,

423 2351 762 2408 auctoritate
785 2351 1061 2410 caelorum
1092 2353 1427 2425 Principum
1471 2354 1529 2410 in
1571 2351 1798 2412 inferno
1825 2354 2071 2410 damne-

424 2444 536 2495 tur.
570 2440 714 2511 Fiat,
757 2439 876 2514 ﬁat,
921 2441 1037 2498 ﬁat.

489 2629 744 2672 EPISTOLA
797 2631 992 2674 LEONIS
1018 2632 1081 2674 III
1131 2632 1200 2673 AD
1247 2632 1576 2676 WOLFERIUM
1616 2633 1991 2677 VIENNENSEM.

1007 2701 1471 2746 ARCHIEPISCOPUI

1047 2777 1228 2849 (Anno
1275 2777 1424 2853 800.)

559 2878 742 2957 [Apud
774 2884 968 2956 Bosco,
999 2884 1149 2939 Flov.
1189 2885 1445 2940 Biblioth.
1483 2901 1623 2954 reg.,
1657 2901 1709 2956 p.
1775 2882 1922 2958 £47.]

2181 1723 2495 1794 improvide
2544 1724 2916 1797 naufragetur
2948 1727 3325 1796 procellarum
3359 1728 3610 1798 turbine,
3653 1735 3865 1798 pasto-

2179 1813 2286 1868 rali
2315 1818 2546 1870 tueatur
2576 1828 2862 1887 mucrone,
2895 1821 2952 1870 et
2976 1822 3330 1872 sustentetur
3355 1817 3558 1873 baculo
3579 1818 3866 1874 subleve-

2179 1905 2388 1972 turque
2422 1903 2717 1971 juvamine
2747 1903 2799 1959 ei
2844 1905 3152 1961 concedere
3193 1905 3546 1962 deberemus.
3585 1909 3867 1977 Prospe-

2175 1997 2264 2045 cto
2293 1991 2474 2062 igitur
2487 1992 2696 2064 regalis
2724 1994 3129 2050 muniﬁcentia:
3147 1996 3354 2064 edicto,
3370 1995 3662 2065 simulque
3682 1997 3864 2053 votis

2174 2085 2231 2135 et
2256 2081 2522 2149 precibus
2548 2081 2802 2138 ﬁdelium
2829 2085 3152 2155 annuendo,
3183 2086 3470 2156 hujusque
3494 2090 3710 2141 sancta:
3757 2101 3869 2158 ap-

2176 2169 2394 2225 stolica:
2409 2169 2572 2226 Sedis
2587 2171 2812 2228 decreto
2829 2172 3122 2229 ﬁrmamus
3137 2187 3233 2244 per
3244 2175 3449 2230 seriem
3464 2175 3775 2248 privilegii
3796 2187 3867 2235 ut

2176 2257 2330 2314 sicut
2359 2259 2610 2328 ejusdem
2638 2261 2902 2331 praecepti
2932 2263 3110 2319 series
3135 2263 3409 2335 continet,
3447 2263 3868 2336 institutaque

2178 2353 2503 2405 sanctorum
2525 2350 3001 2418 praedecessorum
3021 2357 3346 2409 nostrorum
3359 2353 3862 2424 apostolicorum,

2177 2437 2444 2493 videlicet
2470 2439 2731 2509 Gregorii
2771 2445 2828 2495 et
2854 2439 3127 2496 Adeodati
3153 2445 3210 2496 et
3234 2440 3479 2496 aliorum
3507 2455 3605 2512 per
3639 2443 3868 2499 Galli-

2178 2540 2374 2582 canam
2393 2527 3024 2585 videlicetProvinciam
3037 2529 3482 2586 constitutorum
3495 2531 3864 2590 antistitum

2175 2616 2244 2672 ad
2275 2615 2330 2670 id
2357 2629 2696 2672 consensum
2736 2617 3109 2688 praebentium
3141 2617 3598 2689 subscriptiones
3627 2621 3866 2679 subter

2177 2717 2425 2760 annean
2458 2705 2831 2778 inspeximus,
2858 2722 2981 2778 quae
3009 2708 3181 2764 iidem
3213 2707 3418 2764 fratres
3446 2710 3628 2765 nostri
3665 2725 3858 2769 reve-

2177 2793 2507 2849 rendissimi
2560 2796 2831 2864 przesules
2873 2796 3130 2852 conferre
3161 2797 3566 2868 providerunt;
3628 2804 3688 2854 et
3731 2801 3867 2858 Nos

2176 2882 2356 2938 simili
2384 2897 2624 2940 censura
2673 2885 2898 2941 ﬁrmare
2926 2888 3313 2956 concedimus,
3355 2887 3671 2958 apostolica
3701 2889 3866 2946 fulti

485 2991 592 3045 LEO
646 2991 970 3061 episcopus,
1031 3005 1230 3049 servus
1273 3005 1567 3050 servorum
1616 2993 1739 3064 Dei,
1785 2995 2063 3051 VOLFERIO
2093 2986 2140 3048 ρ
2173 2973 2534 3064 auctoritate,
2581 2981 2864 3046 quatenus
2896 2977 3085 3032 nullas
3128 2979 3461 3050 gravedines
3487 2992 3519 3033 a
3561 2979 3867 3049 quolibet

419 3077 720 3135 Viennensi
761 3079 1214 3152 archiepiscopo,
1265 3087 1319 3140 et
1367 3082 1594 3138 cunctis
1623 3083 1913 3155 episcopis
1965 3098 2063 3156 per

417 3167 786 3226 Viennensem
838 3170 1190 3240 provinciam
1237 3172 1594 3228 constitutis.

484 3259 710 3315 Petente
740 3259 954 3329 inclyto
977 3272 1043 3316 ac
1082 3260 1503 3332 triumphatore
1535 3261 1654 3318 ﬁlio
1679 3261 1903 3336 Carolo,
1935 3263 2063 3320 Au-

413 3352 578 3420 gusto
599 3354 656 3403 et
673 3348 1002 3417 justissimo
1022 3349 1384 3422 imperatore,
1405 3365 1558 3407 more
1581 3352 2059 3422 praedecessorum

412 3441 760 3509 nostrorum,
774 3436 1090 3494 Galliarum
1108 3439 1396 3510 episcOpis
1412 3454 1515 3496 sua
1527 3440 1660 3510 jura
1682 3440 2056 3514 ﬁrmavimus,

413 3540 513 3598 pro
546 3540 658 3598 quo
685 3527 859 3583 etiam
901 3526 1294 3598 presbyterum
1331 3535 1494 3586 tuum
1520 3529 1591 3586 ad
1629 3543 1734 3586 nos
1760 3530 2056 3603 direxisti,

412 3622 474 3672 ut
499 3615 608 3672 tibi
635 3616 875 3686 antiqua
905 3615 1209 3688 privilegia
1236 3617 1653 3676 roboraremus.
1678 3619 1839 3676 Scias
1866 3624 2058 3678 autem

412 3706 525 3762 Nos
562 3705 634 3760 ab
659 3717 856 3761 eorum
889 3705 1363 3764 institutionibus
1395 3708 1546 3764 nolle
1571 3709 1819 3782 deviare,
1846 3715 1903 3766 et
1933 3725 2058 3782 qua:

411 3793 502 3848 illi
532 3793 798 3849 Ecclesiae
829 3798 940 3850 tua:
970 3795 1358 3867 contulerunt,
1388 3810 1492 3853 nos
1531 3797 1673 3854 velle
1718 3798 2057 3856 inconcussa

410 3895 650 3938 servare.
706 3884 775 3938 Et
819 3883 954 3940 licet
989 3885 1334 3940 Tarentasiae
1379 3885 1703 3959 episcopus,
1757 3887 2058 3959 aliquibus

408 3971 639 4040 oppidis
669 3972 933 4029 videatur
955 3973 1278 4046 episcopus,
1303 3981 1488 4032 tamen
1512 3976 1806 4046 provincia
1820 3976 2054 4049 Alpium
2097 4000 2100 4003 ·

407 4059 732 4134 Graiarum,
781 4062 996 4120 ditioni
1041 4063 1384 4122 Viennensis
1436 4065 1704 4122 Ecclesiae
1744 4067 2051 4140 submissa,

407 4149 582 4206 sicuti
620 4164 653 4206 a
702 4153 1214 4223 praadecessoribus
1253 4155 1468 4212 nostris
1518 4156 1913 4212 conﬁrmatum
1945 4163 2049 4228 est,

409 4240 676 4296 manebit.
712 4243 823 4298 Nec
843 4242 1010 4298 debet
1037 4245 1342 4315 episcopus
1367 4244 1714 4316 supradictae
1745 4245 2053 4314 provinciae

2171 3062 2588 3133 episcoporum,
2623 3065 2730 3121 sub
2756 3071 3033 3136 praetextu
3069 3067 3474 3139 discussionis,
3510 3067 3868 3140 religiosus

2170 3152 2345 3209 abbas
2373 3154 2458 3210 vel
2481 3156 2743 3211 canonici
2786 3156 2998 3213 ibidem
3019 3158 3288 3229 degentes
3329 3159 3678 3228 sustineant,
3749 3173 3868 3216 nec

2169 3241 2375 3298 altaria
2397 3244 2763 3302 ecclesiarum
2786 3247 3042 3316 ipsorum
3076 3247 3136 3304 in
3165 3261 3507 3319 quacunque
3526 3248 3866 3319 provincia

2170 3331 2290 3387 sint
2330 3334 2680 3407 constitutae,
2727 3337 2851 3392 sine
2880 3337 3130 3394 consilio
3166 3337 3509 3394 clericorum
3544 3337 3630 3392 ibi
3663 3336 3866 3395 beato

2168 3421 2415 3479 Martino
2445 3423 2644 3480 devote
2661 3423 3087 3499 famulantium,
3114 3427 3294 3484 alicui
3323 3440 3576 3500 unquam
3599 3435 3717 3484 aut.
3758 3432 3866 3488 do-

2170 3523 2325 3583 nare,
2345 3521 2444 3569 aut
2462 3515 2703 3571 vendere
2725 3515 2922 3572 nullus
2939 3517 3246 3588 episcopus
3267 3517 3556 3574 licentiam
3597 3520 3858 3580 habeat.

2166 3600 2236 3655 Et
2257 3599 2455 3657 nullus
2471 3603 2788 3674 superioris
2807 3605 3224 3677 autjnferioris
3241 3607 3464 3664 ordinis
3487 3609 3733 3680 reipnbl
3745 3611 3863 3670 ica

2170 3691 2582 3760 procuratorin
2603 3705 2797 3749 eorum
2821 3693 3103 3768 ecclesiis,
3133 3696 3314 3769 villis,
3347 3698 3779 3756 mansionibus
3803 3707 3862 3757 et

2168 3779 2502 3851 territoriis,
2519 3779 2578 3836 in
2593 3782 3035 3857 quibuscunque
3047 3785 3364 3844 habeantur
3376 3787 3701 3859 provinciis
3718 3792 3861 3847 sive

2166 3869 2348 3941 pagis,
2375 3869 2598 3944 ingredi
2619 3873 2689 3929 ad
2712 3886 2914 3931 causas
2928 3875 3264 3947 audiendas,
3283 3890 3382 3933 nec
3396 3877 3662 3934 homines
3683 3879 3861 3937 illo—

2166 3977 2293 4019 rum
2322 3965 2602 4038 ingenuos
2627 3971 2712 4029 vel
2743 3983 2936 4028 servos
2955 3967 3306 4042 distringere
3329 3971 3430 4025 aut
3454 3967 3857 4040 ﬁdejussores

2163 4056 2364 4113 tollere
2394 4066 2718 4133 prtesumat,
2750 4075 2852 4118 nec
2877 4060 3167 4117 teloneum
3199 4063 3299 4116 aut
3320 4060 3682 4117 nautaticum
3723 4065 3858 4120 exi-

2162 4152 2294 4218 gat;
2326 4152 2382 4204 et
2406 4154 2468 4205 ut
2490 4150 2726 4207 decimae
2751 4157 2807 4207 et
2832 4165 2993 4209 nonat
3021 4164 3092 4206 ex
3117 4165 3315 4208 eorum
3351 4149 3624 4207 omnibus
3653 4153 3855 4211 rebus

2161 4236 2376 4309 absque
2386 4238 2582 4310 aliqua
2596 4241 2900 4310 praesulum
2917 4241 3356 4312 principumque
3369 4240 3855 4300 contradictione

410 4329 762 4387 humilitatis
782 4331 929 4387 viam
956 4333 1014 4388 in
1041 4332 1374 4389 subditione
1405 4332 1642 4402 majoris
1670 4339 2049 4407 contemnere,
2086 4338 2139 4400 D
2163 4326 2435 4397 hospitali
2467 4341 2663 4384 eorum
2695 4330 2979 4386 nobilium
3010 4335 3182 4400 atque
3211 4343 3520 4400 pauperum
3554 4329 3854 4403 integer-

405 4433 534 4476 cum
565 4425 785 4476 constet
812 4434 940 4478 eum
985 4422 1171 4494 gratia
1215 4421 1470 4477 muneris
1514 4421 1817 4492 aliquibus
1844 4424 2055 4493 praela-

407 4512 525 4563 tum
554 4510 848 4566 excellere.
880 4510 1103 4579 Quanta
1127 4514 1314 4565 autem
1337 4509 1408 4565 ab
1441 4510 1639 4580 impiis
1669 4511 1822 4581 passi
1853 4527 2054 4571 sumus

407 4597 461 4648 te
496 4595 760 4665 ignorare
791 4609 901 4652 non
956 4597 1311 4652 dubitamus.
1355 4597 1513 4653 Unde
1557 4603 1788 4669 propter
1824 4600 2052 4658 beatum

405 4682 652 4752 Petrum,
686 4691 751 4739 tu
799 4684 1003 4755 tuique
1046 4683 1214 4740 nobis
1255 4683 1513 4757 faveatis,
1569 4701 1637 4743 ne
1668 4687 2049 4761 malignorum

408 4770 691 4841 iniquitas
735 4772 916 4828 valeat
957 4787 1244 4848 rogamus,
1295 4781 1351 4833 et
1379 4777 1695 4848 apostolica
1737 4778 2051 4834 reverentia

408 4872 719 4916 monemus.
1204 4893 1210 4898 '

473 4949 614 5004 Data
667 4947 734 5007 45
786 4952 1000 5010 mensis
1041 4953 1206 5025 Julii,
1259 4955 1573 5026 imperante
1613 4956 1878 5027 piissimo
1926 4956 2051 5013 Au-

404 5043 570 5109 gusto
598 5038 798 5096 Carolo
827 5055 1028 5114 magno
1061 5043 1426 5115 imperatore,
1480 5058 1511 5100 a
1543 5047 1654 5102 Deo
1683 5050 1974 5102 coronato.

1177 5151 1266 5206 Vl.

544 5251 776 5292 DIPLOMA
807 5251 1001 5294 LEONIS
1049 5253 1110 5294 III
1160 5255 1263 5295 PRO
1302 5253 1554 5298 CECLESIA
1579 5255 1625 5297 S.
1673 5255 1901 5298 MARTINI

1055 5324 1381 5366 TURONENSI.

1033 5397 1214 5470 (Anno
1259 5398 1408 5472 803.)

2164 4415 2308 4470 rime
2329 4416 2657 4474 reddantur.
2675 4419 2970 4490 Quidquid
3000 4419 3238 4490 insuper
3263 4418 3534 4475 utilitatis
3557 4417 3848 4488 illorum,

2161 4505 2278 4561 alia
2308 4506 2611 4580 privilegia
2634 4509 3082 4578 apostolicorum
3107 4518 3163 4564 et
3185 4508 3490 4580 prtesulum
3516 4517 3850 4581 praecepta-

2162 4609 2272 4666 que
2300 4595 2547 4652 retinent
2575 4596 2984 4668 imperatorum
3009 4602 3065 4652 et
3091 4611 3308 4670 regum,
3345 4597 3423 4652 ita
3447 4595 3506 4652 in
3524 4596 3843 4668 reliquum

2160 4685 2542 4755 ejusdemloci
2567 4685 2835 4759 decanus,
2852 4687 3174 4743 sacerdotes
3193 4691 3250 4742 et
3267 4686 3456 4743 clerus
3486 4686 3682 4756 ipsius
3722 4703 3846 4744 mo-

2162 4775 2400 4830 nasterii
2427 4775 2534 4831 sub
2567 4774 2798 4846 praefato
2831 4775 2932 4832 tali
2968 4777 3100 4846 jure
3132 4791 3231 4846 per
3260 4789 3455 4832 omnes
3480 4775 3594 4830 sibi
3622 4790 3844 4849 regum

2162 4877 2414 4936 munere,
2444 4865 2808 4935 aliorumque
2835 4865 3053 4920 Christi
3103 4865 3360 4922 ﬁdelium
3393 4864 3652 4921 mercede
3677 4880 3847 4922 con-

2159 4965 2316 5008 cessa
2343 4953 2481 5008 etin
2511 4953 2798 5024 reliquum
2828 4954 3216 5010 concedendas
3263 4969 3394 5010 cum
3445 4954 3843 5011 universitate

2160 5055 2392 5098 suarum
2425 5043 2849 5113 appendicium,
2880 5047 3152 5113 perpetuo
3194 5043 3525 5113 possideant
3551 5043 3841 5114 integer-

2161 5130 2323 5201 rime,
2351 5130 2429 5185 ita
2451 5137 2513 5187 ut
2530 5146 2702 5201 supra
2725 5131 3103 5204 signavimus,
3130 5131 3354 5188 nullius
3377 5132 3683 5202 potestatis
3705 5135 3838 5190 vim

2159 5219 2474 5289 quidquam
2497 5221 2566 5276 de
2595 5233 2790 5277 eorum
2813 5219 3072 5278 dominio
3105 5220 3188 5278 vel
3207 5221 3567 5291 possessione
3593 5236 3843 5293 praesu-

2159 5317 2273 5366 mat
2299 5308 2523 5366 auferre
2552 5311 2613 5366 in
2648 5325 2758 5382 quo
2791 5311 3320 5368 misericordiarum
3352 5323 3590 5368 suarum
3624 5326 3836 5383 regum

2151 5402 2408 5473 dignitas
2438 5401 2712 5457 beneﬁcia
2742 5399 3022 5458 fratribus
3053 5402 3110 5457 in
3143 5401 3334 5457 eodem
3366 5400 3632 5458 caanobio
3669 5401 3834 5458 beati

397 5482 581 5561 [Apud
603 5488 930 5560 Mousmier,
955 5488 1020 5544 de
1044 5488 1204 5543 Statu
1232 5489 1288 5544 S.
1323 5490 1486 5546 Mart.
1512 5491 1734 5562 Turon.,
1766 5505 1818 5562 p.
1857 5488 2038 5564 4367.]
2147 5489 3837 5562 Martinimorantibuslargiridisposuit,reverendissimus
