  <div class='ocr_page' id='page_1' title='image "/cluster/home/n/w/nwhite01/storage/ocr_20150623/129/hvd.32044054759907/492.png"; bbox 0 0 4068 6178; ppageno 0'>
   <div class='ocr_carea' id='block_1_1' title="bbox 213 299 330 360">
    <p class='ocr_par' dir='ltr' id='par_1_1' title="bbox 213 299 330 360">
     <span class='ocr_line' id='line_1_1' title="bbox 213 299 330 360; baseline 0 0"><span class='ocrx_word' id='word_1_1' title='bbox 213 299 330 360; x_wconf 82' lang='grc'><strong>973</strong></span> 
     </span>
    </p>
   </div>
   <div class='ocr_carea' id='block_1_2' title="bbox 1669 309 2185 370">
    <p class='ocr_par' dir='ltr' id='par_1_2' title="bbox 1669 309 2185 370">
     <span class='ocr_line' id='line_1_2' title="bbox 1669 309 2185 370; baseline 0.004 -4"><span class='ocrx_word' id='word_1_2' title='bbox 1669 309 2062 367; x_wconf 83' lang='lat' dir='ltr'><strong>STEPHANUS</strong></span> <span class='ocrx_word' id='word_1_3' title='bbox 2099 312 2185 370; x_wconf 87' lang='lat' dir='ltr'><strong>IV.</strong></span> 
     </span>
    </p>
   </div>
   <div class='ocr_carea' id='block_1_3' title="bbox 3520 311 3631 372">
    <p class='ocr_par' dir='ltr' id='par_1_3' title="bbox 3520 311 3631 372">
     <span class='ocr_line' id='line_1_3' title="bbox 3520 311 3631 372; baseline -0.009 0"><span class='ocrx_word' id='word_1_4' title='bbox 3520 311 3631 372; x_wconf 75' lang='grc'><strong>974</strong></span> 
     </span>
    </p>
   </div>
   <div class='ocr_carea' id='block_1_4' title="bbox 214 429 3632 512">
    <p class='ocr_par' dir='ltr' id='par_1_4' title="bbox 214 429 3632 512">
     <span class='ocr_line' id='line_1_4' title="bbox 214 429 3632 512; baseline 0.005 -29"><span class='ocrx_word' id='word_1_5' title='bbox 214 442 357 484; x_wconf 87' lang='lat' dir='ltr'><strong>vero</strong></span> <span class='ocrx_word' id='word_1_6' title='bbox 385 429 694 500; x_wconf 80' lang='lat' dir='ltr'><strong>episcOpus</strong></span> <span class='ocrx_word' id='word_1_7' title='bbox 722 429 783 485; x_wconf 91' lang='lat' dir='ltr'><strong>in</strong></span> <span class='ocrx_word' id='word_1_8' title='bbox 809 431 976 500; x_wconf 89' lang='lat' dir='ltr'><strong>cujus</strong></span> <span class='ocrx_word' id='word_1_9' title='bbox 1007 431 1276 502; x_wconf 91' lang='lat' dir='ltr'><strong>parochia</strong></span> <span class='ocrx_word' id='word_1_10' title='bbox 1305 437 1676 492; x_wconf 89' lang='lat' dir='ltr'><strong>memoratum</strong></span> <span class='ocrx_word' id='word_1_11' title='bbox 1703 449 1880 494; x_wconf 88' lang='lat' dir='ltr'><strong>vene—</strong></span> <span class='ocrx_word' id='word_1_12' title='bbox 1904 439 1956 498; x_wconf 91' lang='lat' dir='ltr'><strong>A</strong></span> <span class='ocrx_word' id='word_1_13' title='bbox 1985 438 2261 509; x_wconf 82' lang='lat' dir='ltr'><strong>solvendi,</strong></span> <span class='ocrx_word' id='word_1_14' title='bbox 2297 438 2380 495; x_wconf 89' lang='lat' dir='ltr'><strong>ita</strong></span> <span class='ocrx_word' id='word_1_15' title='bbox 2409 451 2475 496; x_wconf 88' lang='lat' dir='ltr'><strong>eo</strong></span> <span class='ocrx_word' id='word_1_16' title='bbox 2511 438 2738 496; x_wconf 84' lang='lat' dir='ltr'><strong>dicente</strong></span> <span class='ocrx_word' id='word_1_17' title='bbox 2768 457 2782 494; x_wconf 90' lang='lat'>:</span> <span class='ocrx_word' id='word_1_18' title='bbox 2813 440 3152 511; x_wconf 72' lang='lat' dir='ltr'><strong>Quaecunque</strong></span> <span class='ocrx_word' id='word_1_19' title='bbox 3182 441 3437 510; x_wconf 76' lang='lat' dir='ltr'><strong>ligaveris</strong></span> <span class='ocrx_word' id='word_1_20' title='bbox 3466 456 3632 512; x_wconf 81' lang='lat' dir='ltr'><strong>super</strong></span> 
     </span>
    </p>
   </div>
   <div class='ocr_carea' id='block_1_5' title="bbox 215 516 1879 593">
    <p class='ocr_par' dir='ltr' id='par_1_5' title="bbox 215 516 1879 593">
     <span class='ocr_line' id='line_1_5' title="bbox 215 516 1879 593; baseline 0.006 -20"><span class='ocrx_word' id='word_1_21' title='bbox 215 516 408 573; x_wconf 91' lang='lat' dir='ltr'><strong>rabile</strong></span> <span class='ocrx_word' id='word_1_22' title='bbox 437 519 846 576; x_wconf 76' lang='lat' dir='ltr'><strong>monasterium</strong></span> <span class='ocrx_word' id='word_1_23' title='bbox 869 519 953 576; x_wconf 91' lang='lat' dir='ltr'><strong>vel</strong></span> <span class='ocrx_word' id='word_1_24' title='bbox 977 534 1067 577; x_wconf 91' lang='lat' dir='ltr'><strong>res</strong></span> <span class='ocrx_word' id='word_1_25' title='bbox 1086 522 1211 591; x_wconf 87' lang='lat' dir='ltr'><strong>ejus</strong></span> <span class='ocrx_word' id='word_1_26' title='bbox 1229 535 1294 579; x_wconf 90' lang='lat' dir='ltr'><strong>ac</strong></span> <span class='ocrx_word' id='word_1_27' title='bbox 1315 524 1703 593; x_wconf 86' lang='lat' dir='ltr'><strong>possessiones</strong></span> <span class='ocrx_word' id='word_1_28' title='bbox 1730 539 1879 583; x_wconf 90' lang='lat' dir='ltr'><strong>con-</strong></span> 
     </span>
    </p>
   </div>
   <div class='ocr_carea' id='block_1_6' title="bbox 213 605 1878 683">
    <p class='ocr_par' dir='ltr' id='par_1_6' title="bbox 213 605 1878 683">
     <span class='ocr_line' id='line_1_6' title="bbox 213 605 1878 683; baseline 0.007 -23"><span class='ocrx_word' id='word_1_29' title='bbox 213 606 505 673; x_wconf 89' lang='lat' dir='ltr'><strong>stiterint,</strong></span> <span class='ocrx_word' id='word_1_30' title='bbox 529 605 801 663; x_wconf 61' lang='lat' dir='ltr'><strong>faciendae</strong></span> <span class='ocrx_word' id='word_1_31' title='bbox 822 612 1042 666; x_wconf 89' lang='lat' dir='ltr'><strong>tantum</strong></span> <span class='ocrx_word' id='word_1_32' title='bbox 1064 611 1452 668; x_wconf 81' lang='lat' dir='ltr'><strong>ordinationis</strong></span> <span class='ocrx_word' id='word_1_33' title='bbox 1471 626 1537 669; x_wconf 93' lang='lat' dir='ltr'><strong>ac</strong></span> <span class='ocrx_word' id='word_1_34' title='bbox 1555 615 1878 683; x_wconf 90' lang='lat' dir='ltr'><strong>promotio-</strong></span> 
     </span>
    </p>
   </div>
   <div class='ocr_carea' id='block_1_7' title="bbox 214 696 1877 772">
    <p class='ocr_par' dir='ltr' id='par_1_7' title="bbox 214 696 1877 772">
     <span class='ocr_line' id='line_1_7' title="bbox 214 696 1877 772; baseline 0.005 -20"><span class='ocrx_word' id='word_1_35' title='bbox 214 696 316 752; x_wconf 90' lang='lat' dir='ltr'><strong>nis</strong></span> <span class='ocrx_word' id='word_1_36' title='bbox 332 696 693 752; x_wconf 81' lang='lat' dir='ltr'><strong>sacerdotum</strong></span> <span class='ocrx_word' id='word_1_37' title='bbox 713 701 885 768; x_wconf 90' lang='lat' dir='ltr'><strong>atque</strong></span> <span class='ocrx_word' id='word_1_38' title='bbox 901 697 1224 772; x_wconf 84' lang='lat' dir='ltr'><strong>levitarum,</strong></span> <span class='ocrx_word' id='word_1_39' title='bbox 1243 701 1332 757; x_wconf 85' lang='lat' dir='ltr'><strong>vel</strong></span> <span class='ocrx_word' id='word_1_40' title='bbox 1349 701 1690 760; x_wconf 92' lang='lat' dir='ltr'><strong>conﬁciendi</strong></span> <span class='ocrx_word' id='word_1_41' title='bbox 1709 704 1877 760; x_wconf 87' lang='lat' dir='ltr'><strong>chri—</strong></span> 
     </span>
    </p>
   </div>
   <div class='ocr_carea' id='block_1_8' title="bbox 213 787 1874 861">
    <p class='ocr_par' dir='ltr' id='par_1_8' title="bbox 213 787 1874 861">
     <span class='ocr_line' id='line_1_8' title="bbox 213 787 1874 861; baseline 0.003 -16"><span class='ocrx_word' id='word_1_42' title='bbox 213 789 426 845; x_wconf 88' lang='lat' dir='ltr'><strong>smatis</strong></span> <span class='ocrx_word' id='word_1_43' title='bbox 460 787 539 842; x_wconf 87' lang='lat' dir='ltr'><strong>sit</strong></span> <span class='ocrx_word' id='word_1_44' title='bbox 572 791 792 842; x_wconf 87' lang='lat' dir='ltr'><strong>tantum</strong></span> <span class='ocrx_word' id='word_1_45' title='bbox 831 800 1098 844; x_wconf 90' lang='lat' dir='ltr'><strong>concessa</strong></span> <span class='ocrx_word' id='word_1_46' title='bbox 1137 789 1390 848; x_wconf 85' lang='lat' dir='ltr'><strong>licentia.</strong></span> <span class='ocrx_word' id='word_1_47' title='bbox 1426 791 1874 861; x_wconf 90' lang='lat' dir='ltr'><strong>Dispositionem</strong></span> 
     </span>
    </p>
   </div>
   <div class='ocr_carea' id='block_1_9' title="bbox 212 875 1872 949">
    <p class='ocr_par' dir='ltr' id='par_1_9' title="bbox 212 875 1872 949">
     <span class='ocr_line' id='line_1_9' title="bbox 212 875 1872 949; baseline 0.003 -15"><span class='ocrx_word' id='word_1_48' title='bbox 212 885 413 935; x_wconf 88' lang='lat' dir='ltr'><strong>autem</strong></span> <span class='ocrx_word' id='word_1_49' title='bbox 457 875 806 932; x_wconf 85' lang='lat' dir='ltr'><strong>venerabilis</strong></span> <span class='ocrx_word' id='word_1_50' title='bbox 848 875 959 932; x_wconf 93' lang='lat' dir='ltr'><strong>loci</strong></span> <span class='ocrx_word' id='word_1_51' title='bbox 1004 892 1196 949; x_wconf 81' lang='lat' dir='ltr'><strong>gerere</strong></span> <span class='ocrx_word' id='word_1_52' title='bbox 1242 885 1344 936; x_wconf 91' lang='lat' dir='ltr'><strong>aut</strong></span> <span class='ocrx_word' id='word_1_53' title='bbox 1385 882 1872 939; x_wconf 89' lang='lat' dir='ltr'><strong>conversationem</strong></span> 
     </span>
    </p>
   </div>
   <div class='ocr_carea' id='block_1_10' title="bbox 213 965 1874 1040">
    <p class='ocr_par' dir='ltr' id='par_1_10' title="bbox 213 965 1874 1040">
     <span class='ocr_line' id='line_1_10' title="bbox 213 965 1874 1040; baseline 0.002 -17"><span class='ocrx_word' id='word_1_54' title='bbox 213 966 627 1023; x_wconf 88' lang='lat' dir='ltr'><strong>cauonicorum</strong></span> <span class='ocrx_word' id='word_1_55' title='bbox 651 965 971 1036; x_wconf 83' lang='lat' dir='ltr'><strong>exquirere,</strong></span> <span class='ocrx_word' id='word_1_56' title='bbox 1002 967 1272 1038; x_wconf 89' lang='lat' dir='ltr'><strong>religioso</strong></span> <span class='ocrx_word' id='word_1_57' title='bbox 1293 967 1484 1024; x_wconf 86' lang='lat' dir='ltr'><strong>abbati</strong></span> <span class='ocrx_word' id='word_1_58' title='bbox 1508 970 1746 1040; x_wconf 87' lang='lat' dir='ltr'><strong>ejusque</strong></span> <span class='ocrx_word' id='word_1_59' title='bbox 1766 972 1874 1028; x_wconf 86' lang='lat' dir='ltr'><strong>de-</strong></span> 
     </span>
    </p>
   </div>
   <div class='ocr_carea' id='block_1_11' title="bbox 212 1053 1872 1126">
    <p class='ocr_par' dir='ltr' id='par_1_11' title="bbox 212 1053 1872 1126">
     <span class='ocr_line' id='line_1_11' title="bbox 212 1053 1872 1126; baseline 0.003 -13"><span class='ocrx_word' id='word_1_60' title='bbox 212 1070 384 1126; x_wconf 85' lang='lat' dir='ltr'><strong>cano,</strong></span> <span class='ocrx_word' id='word_1_61' title='bbox 418 1054 502 1110; x_wconf 90' lang='lat' dir='ltr'><strong>vel</strong></span> <span class='ocrx_word' id='word_1_62' title='bbox 533 1054 751 1125; x_wconf 88' lang='lat' dir='ltr'><strong>quique</strong></span> <span class='ocrx_word' id='word_1_63' title='bbox 781 1053 1175 1123; x_wconf 86' lang='lat' dir='ltr'><strong>probatissimi</strong></span> <span class='ocrx_word' id='word_1_64' title='bbox 1208 1057 1267 1112; x_wconf 91' lang='lat' dir='ltr'><strong>in</strong></span> <span class='ocrx_word' id='word_1_65' title='bbox 1297 1057 1492 1114; x_wconf 88' lang='lat' dir='ltr'><strong>eodem</strong></span> <span class='ocrx_word' id='word_1_66' title='bbox 1524 1061 1872 1118; x_wconf 88' lang='lat' dir='ltr'><strong>monasterio</strong></span> 
     </span>
    </p>
   </div>
   <div class='ocr_carea' id='block_1_12' title="bbox 213 1144 1870 1216">
    <p class='ocr_par' dir='ltr' id='par_1_12' title="bbox 213 1144 1870 1216">
     <span class='ocr_line' id='line_1_12' title="bbox 213 1144 1870 1216; baseline 0.003 -14"><span class='ocrx_word' id='word_1_67' title='bbox 213 1145 475 1215; x_wconf 83' lang='lat' dir='ltr'><strong>fuerint;</strong></span> <span class='ocrx_word' id='word_1_68' title='bbox 505 1144 657 1216; x_wconf 93' lang='lat' dir='ltr'><strong>quod</strong></span> <span class='ocrx_word' id='word_1_69' title='bbox 687 1144 858 1200; x_wconf 89' lang='lat' dir='ltr'><strong>etiam</strong></span> <span class='ocrx_word' id='word_1_70' title='bbox 890 1145 1111 1216; x_wconf 55' lang='lat' dir='ltr'><strong>praefati</strong></span> <span class='ocrx_word' id='word_1_71' title='bbox 1149 1147 1423 1216; x_wconf 61' lang='lat' dir='ltr'><strong>praesules</strong></span> <span class='ocrx_word' id='word_1_72' title='bbox 1445 1163 1696 1206; x_wconf 89' lang='lat' dir='ltr'><strong>consona</strong></span> <span class='ocrx_word' id='word_1_73' title='bbox 1731 1165 1870 1207; x_wconf 88' lang='lat' dir='ltr'><strong>seu—</strong></span> 
     </span>
    </p>
   </div>
   <div class='ocr_carea' id='block_1_13' title="bbox 214 1233 1867 1307">
    <p class='ocr_par' dir='ltr' id='par_1_13' title="bbox 214 1233 1867 1307">
     <span class='ocr_line' id='line_1_13' title="bbox 214 1233 1867 1307; baseline 0.002 -15"><span class='ocrx_word' id='word_1_74' title='bbox 214 1235 400 1293; x_wconf 80' lang='lat' dir='ltr'><strong>tentia</strong></span> <span class='ocrx_word' id='word_1_75' title='bbox 416 1233 765 1289; x_wconf 90' lang='lat' dir='ltr'><strong>deﬁnierunt</strong></span> <span class='ocrx_word' id='word_1_76' title='bbox 779 1234 1174 1307; x_wconf 88' lang='lat' dir='ltr'><strong>decernimus;</strong></span> <span class='ocrx_word' id='word_1_77' title='bbox 1197 1249 1378 1307; x_wconf 93' lang='lat' dir='ltr'><strong>neque</strong></span> <span class='ocrx_word' id='word_1_78' title='bbox 1395 1251 1494 1307; x_wconf 88' lang='lat' dir='ltr'><strong>per</strong></span> <span class='ocrx_word' id='word_1_79' title='bbox 1509 1239 1867 1298; x_wconf 86' lang='lat' dir='ltr'><strong>occasionem</strong></span> 
     </span>
    </p>
   </div>
   <div class='ocr_carea' id='block_1_14' title="bbox 211 1321 1869 1399">
    <p class='ocr_par' dir='ltr' id='par_1_14' title="bbox 211 1321 1869 1399">
     <span class='ocr_line' id='line_1_14' title="bbox 211 1321 1869 1399; baseline 0.002 -19"><span class='ocrx_word' id='word_1_80' title='bbox 211 1323 511 1380; x_wconf 74' lang='lat' dir='ltr'><strong>canonica:</strong></span> <span class='ocrx_word' id='word_1_81' title='bbox 530 1321 677 1378; x_wconf 90' lang='lat' dir='ltr'><strong>disci</strong></span> <span class='ocrx_word' id='word_1_82' title='bbox 685 1321 857 1391; x_wconf 62' lang='lat' dir='ltr'><strong>plinas</strong></span> <span class='ocrx_word' id='word_1_83' title='bbox 875 1322 1123 1379; x_wconf 90' lang='lat' dir='ltr'><strong>rimandi</strong></span> <span class='ocrx_word' id='word_1_84' title='bbox 1145 1329 1316 1395; x_wconf 86' lang='lat' dir='ltr'><strong>atque</strong></span> <span class='ocrx_word' id='word_1_85' title='bbox 1330 1328 1620 1383; x_wconf 69' lang='lat' dir='ltr'><strong>servandae</strong></span> <span class='ocrx_word' id='word_1_86' title='bbox 1637 1328 1869 1399; x_wconf 85' lang='lat' dir='ltr'><strong>quasli-</strong></span> 
     </span>
    </p>
   </div>
   <div class='ocr_carea' id='block_1_15' title="bbox 211 1411 1869 1482">
    <p class='ocr_par' dir='ltr' id='par_1_15' title="bbox 211 1411 1869 1482">
     <span class='ocr_line' id='line_1_15' title="bbox 211 1411 1869 1482; baseline 0.004 -15"><span class='ocrx_word' id='word_1_87' title='bbox 211 1412 315 1468; x_wconf 89' lang='lat' dir='ltr'><strong>bet</strong></span> <span class='ocrx_word' id='word_1_88' title='bbox 335 1413 420 1467; x_wconf 90' lang='lat' dir='ltr'><strong>eis</strong></span> <span class='ocrx_word' id='word_1_89' title='bbox 443 1411 750 1480; x_wconf 76' lang='lat' dir='ltr'><strong>important</strong></span> <span class='ocrx_word' id='word_1_90' title='bbox 771 1411 1037 1482; x_wconf 87' lang='lat' dir='ltr'><strong>injurias,</strong></span> <span class='ocrx_word' id='word_1_91' title='bbox 1061 1413 1158 1469; x_wconf 90' lang='lat' dir='ltr'><strong>sed</strong></span> <span class='ocrx_word' id='word_1_92' title='bbox 1184 1413 1422 1469; x_wconf 87' lang='lat' dir='ltr'><strong>liberam</strong></span> <span class='ocrx_word' id='word_1_93' title='bbox 1450 1415 1744 1472; x_wconf 88' lang='lat' dir='ltr'><strong>licentiam</strong></span> <span class='ocrx_word' id='word_1_94' title='bbox 1766 1431 1869 1473; x_wconf 90' lang='lat' dir='ltr'><strong>sa—</strong></span> 
     </span>
    </p>
   </div>
   <div class='ocr_carea' id='block_1_16' title="bbox 213 1499 1868 1572">
    <p class='ocr_par' dir='ltr' id='par_1_16' title="bbox 213 1499 1868 1572">
     <span class='ocr_line' id='line_1_16' title="bbox 213 1499 1868 1572; baseline 0.002 -15"><span class='ocrx_word' id='word_1_95' title='bbox 213 1501 470 1557; x_wconf 88' lang='lat' dir='ltr'><strong>lubriter</strong></span> <span class='ocrx_word' id='word_1_96' title='bbox 500 1499 705 1554; x_wconf 91' lang='lat' dir='ltr'><strong>habere</strong></span> <span class='ocrx_word' id='word_1_97' title='bbox 732 1500 1062 1557; x_wconf 87' lang='lat' dir='ltr'><strong>statuimus.</strong></span> <span class='ocrx_word' id='word_1_98' title='bbox 1094 1499 1204 1569; x_wconf 88' lang='lat' dir='ltr'><strong>Qui</strong></span> <span class='ocrx_word' id='word_1_99' title='bbox 1225 1507 1412 1558; x_wconf 90' lang='lat' dir='ltr'><strong>autem</strong></span> <span class='ocrx_word' id='word_1_100' title='bbox 1438 1503 1613 1572; x_wconf 89' lang='lat' dir='ltr'><strong>hujus</strong></span> <span class='ocrx_word' id='word_1_101' title='bbox 1641 1505 1868 1561; x_wconf 84' lang='lat' dir='ltr'><strong>consti-</strong></span> 
     </span>
    </p>
   </div>
   <div class='ocr_carea' id='block_1_17' title="bbox 214 1588 1866 1662">
    <p class='ocr_par' dir='ltr' id='par_1_17' title="bbox 214 1588 1866 1662">
     <span class='ocr_line' id='line_1_17' title="bbox 214 1588 1866 1662; baseline 0.002 -16"><span class='ocrx_word' id='word_1_102' title='bbox 214 1589 468 1646; x_wconf 91' lang='lat' dir='ltr'><strong>tutionis</strong></span> <span class='ocrx_word' id='word_1_103' title='bbox 491 1588 822 1644; x_wconf 91' lang='lat' dir='ltr'><strong>institutum</strong></span> <span class='ocrx_word' id='word_1_104' title='bbox 845 1588 1183 1660; x_wconf 90' lang='lat' dir='ltr'><strong>irrumpere,</strong></span> <span class='ocrx_word' id='word_1_105' title='bbox 1203 1595 1305 1646; x_wconf 93' lang='lat' dir='ltr'><strong>aut</strong></span> <span class='ocrx_word' id='word_1_106' title='bbox 1320 1591 1579 1662; x_wconf 91' lang='lat' dir='ltr'><strong>qualibet</strong></span> <span class='ocrx_word' id='word_1_107' title='bbox 1599 1607 1866 1662; x_wconf 71' lang='lat' dir='ltr'><strong>praesum-</strong></span> 
     </span>
    </p>
   </div>
   <div class='ocr_carea' id='block_1_18' title="bbox 213 1677 1867 1750">
    <p class='ocr_par' dir='ltr' id='par_1_18' title="bbox 213 1677 1867 1750">
     <span class='ocr_line' id='line_1_18' title="bbox 213 1677 1867 1750; baseline 0.002 -15"><span class='ocrx_word' id='word_1_108' title='bbox 213 1680 416 1750; x_wconf 91' lang='lat' dir='ltr'><strong>ptione</strong></span> <span class='ocrx_word' id='word_1_109' title='bbox 441 1677 525 1734; x_wconf 92' lang='lat' dir='ltr'><strong>vel</strong></span> <span class='ocrx_word' id='word_1_110' title='bbox 557 1677 854 1734; x_wconf 89' lang='lat' dir='ltr'><strong>occasione</strong></span> <span class='ocrx_word' id='word_1_111' title='bbox 883 1679 1186 1735; x_wconf 89' lang='lat' dir='ltr'><strong>tentaverit</strong></span> <span class='ocrx_word' id='word_1_112' title='bbox 1209 1685 1476 1750; x_wconf 89' lang='lat' dir='ltr'><strong>evertere,</strong></span> <span class='ocrx_word' id='word_1_113' title='bbox 1500 1681 1584 1738; x_wconf 90' lang='lat' dir='ltr'><strong>vel</strong></span> <span class='ocrx_word' id='word_1_114' title='bbox 1605 1682 1676 1737; x_wconf 91' lang='lat' dir='ltr'><strong>de</strong></span> <span class='ocrx_word' id='word_1_115' title='bbox 1700 1683 1867 1739; x_wconf 91' lang='lat' dir='ltr'><strong>deci—</strong></span> 
     </span>
    </p>
   </div>
   <div class='ocr_carea' id='block_1_19' title="bbox 1986 529 3631 600">
    <p class='ocr_par' dir='ltr' id='par_1_19' title="bbox 1986 529 3631 600">
     <span class='ocr_line' id='line_1_19' title="bbox 1986 529 3631 600; baseline 0.002 -18"><span class='ocrx_word' id='word_1_116' title='bbox 1986 532 2206 591; x_wconf 83' lang='lat' dir='ltr'><strong>terram,</strong></span> <span class='ocrx_word' id='word_1_117' title='bbox 2224 533 2383 583; x_wconf 80' lang='lat' dir='ltr'><strong>erunt</strong></span> <span class='ocrx_word' id='word_1_118' title='bbox 2411 529 2583 596; x_wconf 76' lang='lat' dir='ltr'><strong>ligata</strong></span> <span class='ocrx_word' id='word_1_119' title='bbox 2610 534 2661 584; x_wconf 86' lang='lat' dir='ltr'><strong>et</strong></span> <span class='ocrx_word' id='word_1_120' title='bbox 2686 531 2748 584; x_wconf 76' lang='lat' dir='ltr'><strong>in</strong></span> <span class='ocrx_word' id='word_1_121' title='bbox 2777 531 2940 592; x_wconf 66' lang='lat' dir='ltr'><strong>omits,</strong></span> <span class='ocrx_word' id='word_1_122' title='bbox 2973 535 3024 584; x_wconf 83' lang='lat' dir='ltr'><strong>et</strong></span> <span class='ocrx_word' id='word_1_123' title='bbox 3047 545 3379 600; x_wconf 63' lang='lat' dir='ltr'><strong>quacunque</strong></span> <span class='ocrx_word' id='word_1_124' title='bbox 3407 531 3631 586; x_wconf 80' lang='lat' dir='ltr'><strong>solveris</strong></span> 
     </span>
    </p>
   </div>
   <div class='ocr_carea' id='block_1_20' title="bbox 1983 618 3628 690">
    <p class='ocr_par' dir='ltr' id='par_1_20' title="bbox 1983 618 3628 690">
     <span class='ocr_line' id='line_1_20' title="bbox 1983 618 3628 690; baseline 0.001 -18"><span class='ocrx_word' id='word_1_125' title='bbox 1983 633 2148 688; x_wconf 79' lang='lat' dir='ltr'><strong>super</strong></span> <span class='ocrx_word' id='word_1_126' title='bbox 2187 623 2408 681; x_wconf 84' lang='lat' dir='ltr'><strong>terram,</strong></span> <span class='ocrx_word' id='word_1_127' title='bbox 2449 623 2610 674; x_wconf 81' lang='lat' dir='ltr'><strong>erunt</strong></span> <span class='ocrx_word' id='word_1_128' title='bbox 2646 620 2825 674; x_wconf 86' lang='lat' dir='ltr'><strong>soluta</strong></span> <span class='ocrx_word' id='word_1_129' title='bbox 2861 623 2912 673; x_wconf 85' lang='lat' dir='ltr'><strong>et</strong></span> <span class='ocrx_word' id='word_1_130' title='bbox 2943 621 3005 673; x_wconf 78' lang='lat' dir='ltr'><strong>in</strong></span> <span class='ocrx_word' id='word_1_131' title='bbox 3042 620 3188 674; x_wconf 61' lang='lat' dir='ltr'><strong>oculis</strong></span> <span class='ocrx_word' id='word_1_132' title='bbox 3227 618 3445 687; x_wconf 81' lang='lat' dir='ltr'><strong>(Matth.</strong></span> <span class='ocrx_word' id='word_1_133' title='bbox 3486 620 3628 690; x_wconf 77' lang='lat' dir='ltr'><strong>xw),</strong></span> 
     </span>
    </p>
   </div>
   <div class='ocr_carea' id='block_1_21' title="bbox 1983 707 3635 778">
    <p class='ocr_par' dir='ltr' id='par_1_21' title="bbox 1983 707 3635 778">
     <span class='ocr_line' id='line_1_21' title="bbox 1983 707 3635 778; baseline 0 -16"><span class='ocrx_word' id='word_1_134' title='bbox 1983 708 2219 764; x_wconf 86' lang='lat' dir='ltr'><strong>virtutis</strong></span> <span class='ocrx_word' id='word_1_135' title='bbox 2241 709 2417 778; x_wconf 87' lang='lat' dir='ltr'><strong>hujus</strong></span> <span class='ocrx_word' id='word_1_136' title='bbox 2435 708 2779 765; x_wconf 91' lang='lat' dir='ltr'><strong>conﬁdentia</strong></span> <span class='ocrx_word' id='word_1_137' title='bbox 2796 708 3046 764; x_wconf 88' lang='lat' dir='ltr'><strong>nitentes</strong></span> <span class='ocrx_word' id='word_1_138' title='bbox 3064 707 3193 764; x_wconf 67' lang='lat' dir='ltr'><strong>caeli</strong></span> <span class='ocrx_word' id='word_1_139' title='bbox 3215 708 3437 764; x_wconf 89' lang='lat' dir='ltr'><strong>aditum</strong></span> <span class='ocrx_word' id='word_1_140' title='bbox 3456 707 3635 777; x_wconf 90' lang='lat' dir='ltr'><strong>cupi—</strong></span> 
     </span>
    </p>
   </div>
   <div class='ocr_carea' id='block_1_22' title="bbox 1982 795 3632 854">
    <p class='ocr_par' dir='ltr' id='par_1_22' title="bbox 1982 795 3632 854">
     <span class='ocr_line' id='line_1_22' title="bbox 1982 795 3632 854; baseline 0 -3"><span class='ocrx_word' id='word_1_141' title='bbox 1982 795 2185 852; x_wconf 89' lang='lat' dir='ltr'><strong>ditatis</strong></span> <span class='ocrx_word' id='word_1_142' title='bbox 2209 811 2327 853; x_wconf 72' lang='lat' dir='ltr'><strong>suaa</strong></span> <span class='ocrx_word' id='word_1_143' title='bbox 2358 797 2581 853; x_wconf 89' lang='lat' dir='ltr'><strong>malitia</strong></span> <span class='ocrx_word' id='word_1_144' title='bbox 2609 796 2773 854; x_wconf 91' lang='lat' dir='ltr'><strong>obice</strong></span> <span class='ocrx_word' id='word_1_145' title='bbox 2802 797 3131 854; x_wconf 91' lang='lat' dir='ltr'><strong>claudimus</strong></span> <span class='ocrx_word' id='word_1_146' title='bbox 3155 796 3263 853; x_wconf 90' lang='lat' dir='ltr'><strong>sub</strong></span> <span class='ocrx_word' id='word_1_147' title='bbox 3292 797 3632 852; x_wconf 89' lang='lat' dir='ltr'><strong>anathema-</strong></span> 
     </span>
    </p>
   </div>
   <div class='ocr_carea' id='block_1_23' title="bbox 1984 885 3634 958">
    <p class='ocr_par' dir='ltr' id='par_1_23' title="bbox 1984 885 3634 958">
     <span class='ocr_line' id='line_1_23' title="bbox 1984 885 3634 958; baseline -0.001 -17"><span class='ocrx_word' id='word_1_148' title='bbox 1984 885 2061 941; x_wconf 93' lang='lat' dir='ltr'><strong>tis</strong></span> <span class='ocrx_word' id='word_1_149' title='bbox 2081 886 2331 958; x_wconf 91' lang='lat' dir='ltr'><strong>vinculo,</strong></span> <span class='ocrx_word' id='word_1_150' title='bbox 2356 887 2458 957; x_wconf 91' lang='lat' dir='ltr'><strong>qui</strong></span> <span class='ocrx_word' id='word_1_151' title='bbox 2486 887 2623 943; x_wconf 89' lang='lat' dir='ltr'><strong>huic</strong></span> <span class='ocrx_word' id='word_1_152' title='bbox 2648 887 3072 957; x_wconf 91' lang='lat' dir='ltr'><strong>pernecessario</strong></span> <span class='ocrx_word' id='word_1_153' title='bbox 3102 885 3378 942; x_wconf 87' lang='lat' dir='ltr'><strong>beneﬁcio</strong></span> <span class='ocrx_word' id='word_1_154' title='bbox 3406 885 3463 940; x_wconf 93' lang='lat' dir='ltr'><strong>in</strong></span> <span class='ocrx_word' id='word_1_155' title='bbox 3486 885 3634 941; x_wconf 91' lang='lat' dir='ltr'><strong>sub-</strong></span> 
     </span>
    </p>
   </div>
   <div class='ocr_carea' id='block_1_24' title="bbox 1981 973 3631 1032">
    <p class='ocr_par' dir='ltr' id='par_1_24' title="bbox 1981 973 3631 1032">
     <span class='ocr_line' id='line_1_24' title="bbox 1981 973 3631 1032; baseline -0.001 -2"><span class='ocrx_word' id='word_1_156' title='bbox 1981 974 2292 1031; x_wconf 90' lang='lat' dir='ltr'><strong>stractione</strong></span> <span class='ocrx_word' id='word_1_157' title='bbox 2310 975 2651 1032; x_wconf 89' lang='lat' dir='ltr'><strong>collatarum</strong></span> <span class='ocrx_word' id='word_1_158' title='bbox 2674 989 2865 1032; x_wconf 91' lang='lat' dir='ltr'><strong>rerum</strong></span> <span class='ocrx_word' id='word_1_159' title='bbox 2887 979 2942 1030; x_wconf 90' lang='lat' dir='ltr'><strong>et</strong></span> <span class='ocrx_word' id='word_1_160' title='bbox 2964 975 3244 1031; x_wconf 90' lang='lat' dir='ltr'><strong>honorum</strong></span> <span class='ocrx_word' id='word_1_161' title='bbox 3265 973 3631 1029; x_wconf 90' lang='lat' dir='ltr'><strong>consentiens</strong></span> 
     </span>
    </p>
   </div>
   <div class='ocr_carea' id='block_1_25' title="bbox 1979 1061 3626 1134">
    <p class='ocr_par' dir='ltr' id='par_1_25' title="bbox 1979 1061 3626 1134">
     <span class='ocr_line' id='line_1_25' title="bbox 1979 1061 3626 1134; baseline -0.001 -14"><span class='ocrx_word' id='word_1_162' title='bbox 1979 1068 2081 1120; x_wconf 89' lang='lat' dir='ltr'><strong>aut</strong></span> <span class='ocrx_word' id='word_1_163' title='bbox 2099 1069 2433 1134; x_wconf 87' lang='lat' dir='ltr'><strong>c00perator</strong></span> <span class='ocrx_word' id='word_1_164' title='bbox 2450 1063 2721 1132; x_wconf 85' lang='lat' dir='ltr'><strong>adfuerit,</strong></span> <span class='ocrx_word' id='word_1_165' title='bbox 2747 1065 2884 1134; x_wconf 91' lang='lat' dir='ltr'><strong>nisi,</strong></span> <span class='ocrx_word' id='word_1_166' title='bbox 2911 1068 2976 1120; x_wconf 89' lang='lat' dir='ltr'><strong>ut</strong></span> <span class='ocrx_word' id='word_1_167' title='bbox 2998 1063 3401 1134; x_wconf 69' lang='lat' dir='ltr'><strong>praemisimus,</strong></span> <span class='ocrx_word' id='word_1_168' title='bbox 3424 1061 3626 1118; x_wconf 91' lang='lat' dir='ltr'><strong>divino</strong></span> 
     </span>
    </p>
   </div>
   <div class='ocr_carea' id='block_1_26' title="bbox 1978 1151 3623 1224">
    <p class='ocr_par' dir='ltr' id='par_1_26' title="bbox 1978 1151 3623 1224">
     <span class='ocr_line' id='line_1_26' title="bbox 1978 1151 3623 1224; baseline -0.002 -15"><span class='ocrx_word' id='word_1_169' title='bbox 1978 1153 2159 1210; x_wconf 85' lang='lat' dir='ltr'><strong>fretus</strong></span> <span class='ocrx_word' id='word_1_170' title='bbox 2173 1155 2414 1224; x_wconf 82' lang='lat' dir='ltr'><strong>auxilio,</strong></span> <span class='ocrx_word' id='word_1_171' title='bbox 2432 1155 2808 1211; x_wconf 91' lang='lat' dir='ltr'><strong>correctionis</strong></span> <span class='ocrx_word' id='word_1_172' title='bbox 2829 1167 3061 1209; x_wconf 91' lang='lat' dir='ltr'><strong>munere</strong></span> <span class='ocrx_word' id='word_1_173' title='bbox 3078 1151 3405 1222; x_wconf 88' lang='lat' dir='ltr'><strong>resipuerit,</strong></span> <span class='ocrx_word' id='word_1_174' title='bbox 3428 1151 3623 1206; x_wconf 85' lang='lat' dir='ltr'><strong>invasa</strong></span> 
     </span>
    </p>
   </div>
   <div class='ocr_carea' id='block_1_27' title="bbox 1976 1240 3624 1315">
    <p class='ocr_par' dir='ltr' id='par_1_27' title="bbox 1976 1240 3624 1315">
     <span class='ocr_line' id='line_1_27' title="bbox 1976 1240 3624 1315; baseline -0.003 -16"><span class='ocrx_word' id='word_1_175' title='bbox 1976 1244 2299 1300; x_wconf 89' lang='lat' dir='ltr'><strong>restituerit</strong></span> <span class='ocrx_word' id='word_1_176' title='bbox 2319 1257 2384 1299; x_wconf 90' lang='lat' dir='ltr'><strong>ac</strong></span> <span class='ocrx_word' id='word_1_177' title='bbox 2414 1243 2666 1315; x_wconf 87' lang='lat' dir='ltr'><strong>neglecta</strong></span> <span class='ocrx_word' id='word_1_178' title='bbox 2696 1241 3058 1299; x_wconf 86' lang='lat' dir='ltr'><strong>satisfecerit.</strong></span> <span class='ocrx_word' id='word_1_179' title='bbox 3086 1242 3271 1311; x_wconf 88' lang='lat' dir='ltr'><strong>Hujus</strong></span> <span class='ocrx_word' id='word_1_180' title='bbox 3296 1245 3484 1296; x_wconf 88' lang='lat' dir='ltr'><strong>autem</strong></span> <span class='ocrx_word' id='word_1_181' title='bbox 3513 1240 3624 1295; x_wconf 90' lang='lat' dir='ltr'><strong>de-</strong></span> 
     </span>
    </p>
   </div>
   <div class='ocr_carea' id='block_1_28' title="bbox 1977 1329 3620 1402">
    <p class='ocr_par' dir='ltr' id='par_1_28' title="bbox 1977 1329 3620 1402">
     <span class='ocr_line' id='line_1_28' title="bbox 1977 1329 3620 1402; baseline -0.002 -16"><span class='ocrx_word' id='word_1_182' title='bbox 1977 1331 2264 1388; x_wconf 87' lang='lat' dir='ltr'><strong>ﬁnitionis</strong></span> <span class='ocrx_word' id='word_1_183' title='bbox 2295 1345 2361 1387; x_wconf 91' lang='lat' dir='ltr'><strong>ac</strong></span> <span class='ocrx_word' id='word_1_184' title='bbox 2389 1331 2718 1402; x_wconf 76' lang='lat' dir='ltr'><strong>apostolicae</strong></span> <span class='ocrx_word' id='word_1_185' title='bbox 2746 1329 3248 1387; x_wconf 87' lang='lat' dir='ltr'><strong>determinationis</strong></span> <span class='ocrx_word' id='word_1_186' title='bbox 3277 1329 3620 1384; x_wconf 89' lang='lat' dir='ltr'><strong>sententiam</strong></span> 
     </span>
    </p>
   </div>
   <div class='ocr_carea' id='block_1_29' title="bbox 1975 1416 3623 1489">
    <p class='ocr_par' dir='ltr' id='par_1_29' title="bbox 1975 1416 3623 1489">
     <span class='ocr_line' id='line_1_29' title="bbox 1975 1416 3623 1489; baseline -0.002 -14"><span class='ocrx_word' id='word_1_187' title='bbox 1975 1419 2390 1476; x_wconf 89' lang='lat' dir='ltr'><strong>inviolabiliter</strong></span> <span class='ocrx_word' id='word_1_188' title='bbox 2419 1435 2452 1476; x_wconf 91' lang='lat' dir='ltr'><strong>a</strong></span> <span class='ocrx_word' id='word_1_189' title='bbox 2481 1421 2708 1476; x_wconf 89' lang='lat' dir='ltr'><strong>cunctis</strong></span> <span class='ocrx_word' id='word_1_190' title='bbox 2747 1419 3016 1475; x_wconf 91' lang='lat' dir='ltr'><strong>ﬁdelibus</strong></span> <span class='ocrx_word' id='word_1_191' title='bbox 3054 1432 3383 1489; x_wconf 63' lang='lat' dir='ltr'><strong>quaesumus</strong></span> <span class='ocrx_word' id='word_1_192' title='bbox 3417 1416 3623 1473; x_wconf 82' lang='lat' dir='ltr'><strong>obser—</strong></span> 
     </span>
    </p>
   </div>
   <div class='ocr_carea' id='block_1_30' title="bbox 1974 1505 3619 1579">
    <p class='ocr_par' dir='ltr' id='par_1_30' title="bbox 1974 1505 3619 1579">
     <span class='ocr_line' id='line_1_30' title="bbox 1974 1505 3619 1579; baseline -0.003 -15"><span class='ocrx_word' id='word_1_193' title='bbox 1974 1509 2233 1578; x_wconf 89' lang='lat' dir='ltr'><strong>vandam,</strong></span> <span class='ocrx_word' id='word_1_194' title='bbox 2253 1523 2446 1579; x_wconf 89' lang='lat' dir='ltr'><strong>quam,</strong></span> <span class='ocrx_word' id='word_1_195' title='bbox 2467 1513 2532 1564; x_wconf 89' lang='lat' dir='ltr'><strong>ut</strong></span> <span class='ocrx_word' id='word_1_196' title='bbox 2546 1509 2764 1564; x_wconf 89' lang='lat' dir='ltr'><strong>certius</strong></span> <span class='ocrx_word' id='word_1_197' title='bbox 2781 1509 3048 1564; x_wconf 90' lang='lat' dir='ltr'><strong>credatur</strong></span> <span class='ocrx_word' id='word_1_198' title='bbox 3064 1513 3118 1562; x_wconf 92' lang='lat' dir='ltr'><strong>et</strong></span> <span class='ocrx_word' id='word_1_199' title='bbox 3140 1505 3619 1577; x_wconf 86' lang='lat' dir='ltr'><strong>irrefragabiliter</strong></span> 
     </span>
    </p>
   </div>
   <div class='ocr_carea' id='block_1_31' title="bbox 1973 1595 3620 1668">
    <p class='ocr_par' dir='ltr' id='par_1_31' title="bbox 1973 1595 3620 1668">
     <span class='ocr_line' id='line_1_31' title="bbox 1973 1595 3620 1668; baseline -0.004 -13"><span class='ocrx_word' id='word_1_200' title='bbox 1973 1598 2324 1667; x_wconf 71' lang='lat' dir='ltr'><strong>observetur,</strong></span> <span class='ocrx_word' id='word_1_201' title='bbox 2365 1612 2569 1654; x_wconf 89' lang='lat' dir='ltr'><strong>manus</strong></span> <span class='ocrx_word' id='word_1_202' title='bbox 2607 1599 2851 1668; x_wconf 59' lang='lat' dir='ltr'><strong>propria:</strong></span> <span class='ocrx_word' id='word_1_203' title='bbox 2888 1596 3314 1666; x_wconf 89' lang='lat' dir='ltr'><strong>subscriptione</strong></span> <span class='ocrx_word' id='word_1_204' title='bbox 3346 1595 3620 1650; x_wconf 88' lang='lat' dir='ltr'><strong>adnotare</strong></span> 
     </span>
    </p>
   </div>
   <div class='ocr_carea' id='block_1_32' title="bbox 1974 1682 3614 1758">
    <p class='ocr_par' dir='ltr' id='par_1_32' title="bbox 1974 1682 3614 1758">
     <span class='ocr_line' id='line_1_32' title="bbox 1974 1682 3614 1758; baseline -0.005 -14"><span class='ocrx_word' id='word_1_205' title='bbox 1974 1687 2322 1758; x_wconf 90' lang='lat' dir='ltr'><strong>curavimus,</strong></span> <span class='ocrx_word' id='word_1_206' title='bbox 2381 1693 2834 1756; x_wconf 90' lang='lat' dir='ltr'><strong>perpetuumque</strong></span> <span class='ocrx_word' id='word_1_207' title='bbox 2890 1684 3226 1741; x_wconf 90' lang='lat' dir='ltr'><strong>manendam</strong></span> <span class='ocrx_word' id='word_1_208' title='bbox 3283 1682 3614 1739; x_wconf 89' lang='lat' dir='ltr'><strong>statuimus.</strong></span> 
     </span>
    </p>
   </div>
   <div class='ocr_carea' id='block_1_33' title="bbox 214 1764 3620 1845">
    <p class='ocr_par' dir='ltr' id='par_1_33' title="bbox 214 1764 3620 1845">
     <span class='ocr_line' id='line_1_33' title="bbox 214 1764 3620 1845; baseline 0.001 -22"><span class='ocrx_word' id='word_1_209' title='bbox 214 1769 330 1824; x_wconf 92' lang='lat' dir='ltr'><strong>mis</strong></span> <span class='ocrx_word' id='word_1_210' title='bbox 345 1781 539 1823; x_wconf 90' lang='lat' dir='ltr'><strong>eorum</strong></span> <span class='ocrx_word' id='word_1_211' title='bbox 562 1767 824 1836; x_wconf 89' lang='lat' dir='ltr'><strong>potestati</strong></span> <span class='ocrx_word' id='word_1_212' title='bbox 847 1781 944 1836; x_wconf 93' lang='lat' dir='ltr'><strong>per</strong></span> <span class='ocrx_word' id='word_1_213' title='bbox 961 1767 1251 1839; x_wconf 83' lang='lat' dir='ltr'><strong>legitimos</strong></span> <span class='ocrx_word' id='word_1_214' title='bbox 1264 1783 1445 1826; x_wconf 90' lang='lat' dir='ltr'><strong>annos</strong></span> <span class='ocrx_word' id='word_1_215' title='bbox 1464 1769 1719 1828; x_wconf 90' lang='lat' dir='ltr'><strong>subditis</strong></span> <span class='ocrx_word' id='word_1_216' title='bbox 1734 1771 1866 1842; x_wconf 89' lang='lat' dir='ltr'><strong>(au—</strong></span> <span class='ocrx_word' id='word_1_217' title='bbox 1895 1764 1947 1826; x_wconf 92' lang='lat' dir='ltr'>B</span> <span class='ocrx_word' id='word_1_218' title='bbox 2043 1775 2330 1845; x_wconf 89' lang='lat' dir='ltr'><strong>Scriptum</strong></span> <span class='ocrx_word' id='word_1_219' title='bbox 2355 1789 2454 1845; x_wconf 90' lang='lat' dir='ltr'><strong>per</strong></span> <span class='ocrx_word' id='word_1_220' title='bbox 2470 1789 2698 1831; x_wconf 89' lang='lat' dir='ltr'><strong>manum</strong></span> <span class='ocrx_word' id='word_1_221' title='bbox 2719 1773 2997 1831; x_wconf 86' lang='lat' dir='ltr'><strong>Bonifacii</strong></span> <span class='ocrx_word' id='word_1_222' title='bbox 3018 1771 3387 1828; x_wconf 91' lang='lat' dir='ltr'><strong>archiscomii</strong></span> <span class='ocrx_word' id='word_1_223' title='bbox 3407 1773 3620 1826; x_wconf 85' lang='lat' dir='ltr'><strong>Roma-</strong></span> 
     </span>
    </p>
   </div>
   <div class='ocr_carea' id='block_1_34' title="bbox 211 1855 1866 1928">
    <p class='ocr_par' dir='ltr' id='par_1_34' title="bbox 211 1855 1866 1928">
     <span class='ocr_line' id='line_1_34' title="bbox 211 1855 1866 1928; baseline 0.004 -16"><span class='ocrx_word' id='word_1_224' title='bbox 211 1855 384 1928; x_wconf 84' lang='lat' dir='ltr'><strong>ferre)</strong></span> <span class='ocrx_word' id='word_1_225' title='bbox 422 1861 704 1926; x_wconf 72' lang='lat' dir='ltr'><strong>perpetuae</strong></span> <span class='ocrx_word' id='word_1_226' title='bbox 737 1857 1124 1912; x_wconf 86' lang='lat' dir='ltr'><strong>damnationis</strong></span> <span class='ocrx_word' id='word_1_227' title='bbox 1157 1858 1452 1915; x_wconf 90' lang='lat' dir='ltr'><strong>cumulum</strong></span> <span class='ocrx_word' id='word_1_228' title='bbox 1486 1874 1616 1916; x_wconf 91' lang='lat' dir='ltr'><strong>cum</strong></span> <span class='ocrx_word' id='word_1_229' title='bbox 1656 1866 1866 1918; x_wconf 73' lang='lat' dir='ltr'><strong>sanctae</strong></span> 
     </span>
    </p>
   </div>
   <div class='ocr_carea' id='block_1_35' title="bbox 212 1944 1864 2022">
    <p class='ocr_par' dir='ltr' id='par_1_35' title="bbox 212 1944 1864 2022">
     <span class='ocr_line' id='line_1_35' title="bbox 212 1944 1864 2022; baseline 0.004 -21"><span class='ocrx_word' id='word_1_230' title='bbox 212 1946 360 2018; x_wconf 80' lang='lat' dir='ltr'><strong>legis</strong></span> <span class='ocrx_word' id='word_1_231' title='bbox 383 1944 920 2016; x_wconf 75' lang='lat' dir='ltr'><strong>praevaricatoribus</strong></span> <span class='ocrx_word' id='word_1_232' title='bbox 940 1959 1000 2001; x_wconf 92' lang='lat' dir='ltr'><strong>se</strong></span> <span class='ocrx_word' id='word_1_233' title='bbox 1018 1948 1238 2002; x_wconf 88' lang='lat' dir='ltr'><strong>noverit</strong></span> <span class='ocrx_word' id='word_1_234' title='bbox 1261 1946 1529 2018; x_wconf 84' lang='lat' dir='ltr'><strong>perferre,</strong></span> <span class='ocrx_word' id='word_1_235' title='bbox 1552 1949 1666 2006; x_wconf 88' lang='lat' dir='ltr'><strong>nisi</strong></span> <span class='ocrx_word' id='word_1_236' title='bbox 1688 1951 1864 2022; x_wconf 87' lang='lat' dir='ltr'><strong>digna</strong></span> 
     </span>
    </p>
   </div>
   <div class='ocr_carea' id='block_1_36' title="bbox 212 2033 1864 2109">
    <p class='ocr_par' dir='ltr' id='par_1_36' title="bbox 212 2033 1864 2109">
     <span class='ocr_line' id='line_1_36' title="bbox 212 2033 1864 2109; baseline 0.003 -17"><span class='ocrx_word' id='word_1_237' title='bbox 212 2033 612 2093; x_wconf 82' lang='lat' dir='ltr'><strong>satisfactione</strong></span> <span class='ocrx_word' id='word_1_238' title='bbox 640 2035 955 2090; x_wconf 86' lang='lat' dir='ltr'><strong>correxerit</strong></span> <span class='ocrx_word' id='word_1_239' title='bbox 986 2053 1000 2103; x_wconf 88' lang='lat'><strong>;</strong></span> <span class='ocrx_word' id='word_1_240' title='bbox 1030 2037 1180 2105; x_wconf 89' lang='lat' dir='ltr'><strong>quod</strong></span> <span class='ocrx_word' id='word_1_241' title='bbox 1213 2038 1515 2094; x_wconf 89' lang='lat' dir='ltr'><strong>temeraria</strong></span> <span class='ocrx_word' id='word_1_242' title='bbox 1544 2039 1864 2109; x_wconf 87' lang='lat' dir='ltr'><strong>cupiditate</strong></span> 
     </span>
    </p>
   </div>
   <div class='ocr_carea' id='block_1_37' title="bbox 211 2123 1863 2197">
    <p class='ocr_par' dir='ltr' id='par_1_37' title="bbox 211 2123 1863 2197">
     <span class='ocr_line' id='line_1_37' title="bbox 211 2123 1863 2197; baseline 0.002 -15"><span class='ocrx_word' id='word_1_243' title='bbox 211 2125 449 2197; x_wconf 78' lang='lat' dir='ltr'><strong>aggredi</strong></span> <span class='ocrx_word' id='word_1_244' title='bbox 496 2123 816 2192; x_wconf 87' lang='lat' dir='ltr'><strong>tentaverit,</strong></span> <span class='ocrx_word' id='word_1_245' title='bbox 866 2128 1140 2193; x_wconf 88' lang='lat' dir='ltr'><strong>potestate</strong></span> <span class='ocrx_word' id='word_1_246' title='bbox 1180 2125 1364 2196; x_wconf 84' lang='lat' dir='ltr'><strong>igitur</strong></span> <span class='ocrx_word' id='word_1_247' title='bbox 1397 2127 1457 2182; x_wconf 90' lang='lat' dir='ltr'><strong>in</strong></span> <span class='ocrx_word' id='word_1_248' title='bbox 1497 2127 1661 2184; x_wconf 89' lang='lat' dir='ltr'><strong>beato</strong></span> <span class='ocrx_word' id='word_1_249' title='bbox 1699 2130 1863 2186; x_wconf 89' lang='lat' dir='ltr'><strong>Petro</strong></span> 
     </span>
    </p>
   </div>
   <div class='ocr_carea' id='block_1_38' title="bbox 210 2210 1862 2287">
    <p class='ocr_par' dir='ltr' id='par_1_38' title="bbox 210 2210 1862 2287">
     <span class='ocr_line' id='line_1_38' title="bbox 210 2210 1862 2287; baseline 0.002 -17"><span class='ocrx_word' id='word_1_250' title='bbox 210 2211 604 2283; x_wconf 90' lang='lat' dir='ltr'><strong>apostolorum</strong></span> <span class='ocrx_word' id='word_1_251' title='bbox 637 2210 898 2282; x_wconf 88' lang='lat' dir='ltr'><strong>principe</strong></span> <span class='ocrx_word' id='word_1_252' title='bbox 925 2223 1192 2268; x_wconf 89' lang='lat' dir='ltr'><strong>concessa</strong></span> <span class='ocrx_word' id='word_1_253' title='bbox 1221 2225 1254 2269; x_wconf 90' lang='lat' dir='ltr'><strong>a</strong></span> <span class='ocrx_word' id='word_1_254' title='bbox 1277 2214 1520 2271; x_wconf 88' lang='lat' dir='ltr'><strong>Domino</strong></span> <span class='ocrx_word' id='word_1_255' title='bbox 1551 2215 1772 2287; x_wconf 85' lang='lat' dir='ltr'><strong>ligandi</strong></span> <span class='ocrx_word' id='word_1_256' title='bbox 1804 2220 1862 2273; x_wconf 89' lang='lat' dir='ltr'><strong>et</strong></span> 
     </span>
    </p>
   </div>
   <div class='ocr_carea' id='block_1_39' title="bbox 1975 1859 3616 1934">
    <p class='ocr_par' dir='ltr' id='par_1_39' title="bbox 1975 1859 3616 1934">
     <span class='ocr_line' id='line_1_39' title="bbox 1975 1859 3616 1934; baseline -0.004 -13"><span class='ocrx_word' id='word_1_257' title='bbox 1975 1879 2060 1920; x_wconf 71' lang='lat' dir='ltr'><strong>na:</strong></span> <span class='ocrx_word' id='word_1_258' title='bbox 2095 1864 2381 1934; x_wconf 62' lang='lat' dir='ltr'><strong>Ecclesiae,</strong></span> <span class='ocrx_word' id='word_1_259' title='bbox 2421 1865 2479 1920; x_wconf 89' lang='lat' dir='ltr'><strong>iu</strong></span> <span class='ocrx_word' id='word_1_260' title='bbox 2526 1877 2715 1920; x_wconf 90' lang='lat' dir='ltr'><strong>mense</strong></span> <span class='ocrx_word' id='word_1_261' title='bbox 2753 1863 2962 1933; x_wconf 83' lang='lat' dir='ltr'><strong>Aprili,</strong></span> <span class='ocrx_word' id='word_1_262' title='bbox 2999 1863 3317 1919; x_wconf 90' lang='lat' dir='ltr'><strong>indictione</strong></span> <span class='ocrx_word' id='word_1_263' title='bbox 3353 1859 3616 1931; x_wconf 89' lang='lat' dir='ltr'><strong>septima.</strong></span> 
     </span>
    </p>
   </div>
   <div class='ocr_carea' id='block_1_40' title="bbox 1973 1954 2343 2010">
    <p class='ocr_par' dir='ltr' id='par_1_40' title="bbox 1973 1954 2343 2010">
     <span class='ocr_line' id='line_1_40' title="bbox 1973 1954 2343 2010; baseline -0.005 0"><span class='ocrx_word' id='word_1_264' title='bbox 1973 1955 2117 2010; x_wconf 88' lang='lat' dir='ltr'><strong>Bene</strong></span> <span class='ocrx_word' id='word_1_265' title='bbox 2147 1954 2343 2010; x_wconf 90' lang='lat' dir='ltr'><strong>valete.</strong></span> 
     </span>
    </p>
   </div>
   <div class='ocr_carea' id='block_1_41' title="bbox 2041 2036 3615 2112">
    <p class='ocr_par' dir='ltr' id='par_1_41' title="bbox 2041 2036 3615 2112">
     <span class='ocr_line' id='line_1_41' title="bbox 2041 2036 3615 2112; baseline -0.004 -16"><span class='ocrx_word' id='word_1_266' title='bbox 2041 2044 2181 2098; x_wconf 87' lang='lat' dir='ltr'><strong>Data</strong></span> <span class='ocrx_word' id='word_1_267' title='bbox 2225 2042 2428 2112; x_wconf 91' lang='lat' dir='ltr'><strong>quinto</strong></span> <span class='ocrx_word' id='word_1_268' title='bbox 2471 2042 2608 2097; x_wconf 92' lang='lat' dir='ltr'><strong>ldus</strong></span> <span class='ocrx_word' id='word_1_269' title='bbox 2646 2040 2888 2111; x_wconf 88' lang='lat' dir='ltr'><strong>Aprilis,</strong></span> <span class='ocrx_word' id='word_1_270' title='bbox 2930 2053 3080 2095; x_wconf 87' lang='lat' dir='ltr'><strong>anno</strong></span> <span class='ocrx_word' id='word_1_271' title='bbox 3120 2036 3422 2095; x_wconf 89' lang='lat' dir='ltr'><strong>undecimo</strong></span> <span class='ocrx_word' id='word_1_272' title='bbox 3464 2048 3615 2104; x_wconf 90' lang='lat' dir='ltr'><strong>pon—</strong></span> 
     </span>
    </p>
   </div>
   <div class='ocr_carea' id='block_1_42' title="bbox 1972 2122 3616 2198">
    <p class='ocr_par' dir='ltr' id='par_1_42' title="bbox 1972 2122 3616 2198">
     <span class='ocr_line' id='line_1_42' title="bbox 1972 2122 3616 2198; baseline -0.005 -13"><span class='ocrx_word' id='word_1_273' title='bbox 1972 2128 2224 2186; x_wconf 88' lang='lat' dir='ltr'><strong>tiﬁcatus</strong></span> <span class='ocrx_word' id='word_1_274' title='bbox 2255 2128 2477 2186; x_wconf 90' lang='lat' dir='ltr'><strong>domini</strong></span> <span class='ocrx_word' id='word_1_275' title='bbox 2505 2127 2708 2184; x_wconf 91' lang='lat' dir='ltr'><strong>Leonis</strong></span> <span class='ocrx_word' id='word_1_276' title='bbox 2742 2141 2899 2198; x_wconf 68' lang='lat' dir='ltr'><strong>papa:</strong></span> <span class='ocrx_word' id='word_1_277' title='bbox 2923 2129 3015 2198; x_wconf 90' lang='lat' dir='ltr'><strong>Ill,</strong></span> <span class='ocrx_word' id='word_1_278' title='bbox 3047 2139 3196 2182; x_wconf 89' lang='lat' dir='ltr'><strong>anno</strong></span> <span class='ocrx_word' id='word_1_279' title='bbox 3220 2128 3379 2181; x_wconf 80' lang='lat' dir='ltr'><strong>sexto</strong></span> <span class='ocrx_word' id='word_1_280' title='bbox 3412 2122 3616 2179; x_wconf 88' lang='lat' dir='ltr'><strong>Carolo</strong></span> 
     </span>
    </p>
   </div>
   <div class='ocr_carea' id='block_1_43' title="bbox 1971 2216 2879 2288">
    <p class='ocr_par' dir='ltr' id='par_1_43' title="bbox 1971 2216 2879 2288">
     <span class='ocr_line' id='line_1_43' title="bbox 1971 2216 2879 2288; baseline -0.003 -14"><span class='ocrx_word' id='word_1_281' title='bbox 1971 2221 2240 2288; x_wconf 84' lang='lat' dir='ltr'><strong>regnante</strong></span> <span class='ocrx_word' id='word_1_282' title='bbox 2278 2216 2619 2286; x_wconf 87' lang='lat' dir='ltr'><strong>imperatore</strong></span> <span class='ocrx_word' id='word_1_283' title='bbox 2657 2228 2879 2288; x_wconf 89' lang='lat' dir='ltr'><strong>magno.</strong></span> 
     </span>
    </p>
   </div>
   <div class='ocr_carea' id='block_1_44' title="bbox 209 2353 3598 2383">
    <p class='ocr_par' dir='ltr' id='par_1_44' title="bbox 209 2353 3598 2383">
     <span class='ocr_line' id='line_1_44' title="bbox 209 2353 3598 2383; baseline 0.001 -18"><span class='ocrx_word' id='word_1_284' title='bbox 209 2353 3598 2383; x_wconf 84' lang='lat'><strong>_____________________________________________..</strong></span> 
     </span>
    </p>
   </div>
   <div class='ocr_carea' id='block_1_45' title="bbox 1849 2495 1932 2598">
    <p class='ocr_par' dir='ltr' id='par_1_45' title="bbox 1849 2495 1932 2598">
     <span class='ocr_line' id='line_1_45' title="bbox 1849 2495 1932 2598; baseline 0 0"><span class='ocrx_word' id='word_1_285' title='bbox 1849 2495 1932 2598; x_wconf 86' lang='lat' dir='ltr'><strong>II</strong></span> 
     </span>
    </p>
   </div>
   <div class='ocr_carea' id='block_1_46' title="bbox 1165 2701 2678 2822">
    <p class='ocr_par' dir='ltr' id='par_1_46' title="bbox 1165 2701 2678 2822">
     <span class='ocr_line' id='line_1_46' title="bbox 1165 2701 2678 2822; baseline 0.001 -2"><span class='ocrx_word' id='word_1_286' title='bbox 1165 2701 2314 2822; x_wconf 80' lang='lat' dir='ltr'><strong>STEPHANUS</strong></span> <span class='ocrx_word' id='word_1_287' title='bbox 2428 2703 2678 2821; x_wconf 85' lang='lat' dir='ltr'><strong>IV.</strong></span> 
     </span>
    </p>
   </div>
   <div class='ocr_carea' id='block_1_47' title="bbox 335 3018 1736 3064">
    <p class='ocr_par' dir='ltr' id='par_1_47' title="bbox 335 3018 1736 3064">
     <span class='ocr_line' id='line_1_47' title="bbox 335 3018 1736 3064; baseline 0.001 -4"><span class='ocrx_word' id='word_1_288' title='bbox 335 3018 604 3062; x_wconf 76' lang='lat' dir='ltr'><strong>STEPHANI</strong></span> <span class='ocrx_word' id='word_1_289' title='bbox 643 3018 699 3062; x_wconf 78' lang='lat' dir='ltr'><strong>IV</strong></span> <span class='ocrx_word' id='word_1_290' title='bbox 729 3018 903 3062; x_wconf 58' lang='grc' dir='ltr'><strong>ΒΗΜΛ</strong></span> <span class='ocrx_word' id='word_1_291' title='bbox 931 3019 1034 3063; x_wconf 76' lang='lat' dir='ltr'><strong>PRO</strong></span> <span class='ocrx_word' id='word_1_292' title='bbox 1072 3020 1416 3063; x_wconf 72' lang='lat' dir='ltr'><strong>MONASTERIO</strong></span> <span class='ocrx_word' id='word_1_293' title='bbox 1449 3020 1736 3064; x_wconf 79' lang='lat' dir='ltr'><strong>FARFENSI.</strong></span> 
     </span>
    </p>
   </div>
   <div class='ocr_carea' id='block_1_48' title="bbox 860 3110 1226 3187">
    <p class='ocr_par' dir='ltr' id='par_1_48' title="bbox 860 3110 1226 3187">
     <span class='ocr_line' id='line_1_48' title="bbox 860 3110 1226 3187; baseline 0 -19"><span class='ocrx_word' id='word_1_294' title='bbox 860 3110 1042 3185; x_wconf 89' lang='lat' dir='ltr'><strong>(Auno</strong></span> <span class='ocrx_word' id='word_1_295' title='bbox 1077 3110 1226 3187; x_wconf 78' lang='grc'><strong>847.)</strong></span> 
     </span>
    </p>
   </div>
   <div class='ocr_carea' id='block_1_49' title="bbox 219 3234 1864 3316">
    <p class='ocr_par' dir='ltr' id='par_1_49' title="bbox 219 3234 1864 3316">
     <span class='ocr_line' id='line_1_49' title="bbox 219 3234 1864 3316; baseline 0.002 -23"><span class='ocrx_word' id='word_1_296' title='bbox 219 3234 409 3312; x_wconf 89' lang='lat' dir='ltr'><strong>[Apud</strong></span> <span class='ocrx_word' id='word_1_297' title='bbox 441 3237 843 3310; x_wconf 81' lang='lat' dir='ltr'><strong>Muratorium,</strong></span> <span class='ocrx_word' id='word_1_298' title='bbox 882 3241 1004 3297; x_wconf 84' lang='lat' dir='ltr'><strong>Rer.</strong></span> <span class='ocrx_word' id='word_1_299' title='bbox 1031 3241 1159 3296; x_wconf 85' lang='lat' dir='ltr'><strong>Ital.</strong></span> <span class='ocrx_word' id='word_1_300' title='bbox 1193 3240 1393 3311; x_wconf 78' lang='lat' dir='ltr'><strong>Script.</strong></span> <span class='ocrx_word' id='word_1_301' title='bbox 1428 3242 1496 3313; x_wconf 90' lang='lat' dir='ltr'><strong>Il,</strong></span> <span class='ocrx_word' id='word_1_302' title='bbox 1527 3253 1591 3313; x_wconf 82' lang='grc' dir='ltr'>ιι,</span> <span class='ocrx_word' id='word_1_303' title='bbox 1626 3255 1678 3312; x_wconf 93' lang='lat' dir='ltr'><strong>p.</strong></span> <span class='ocrx_word' id='word_1_304' title='bbox 1713 3237 1864 3316; x_wconf 91' lang='lat'><strong>366.]</strong></span> 
     </span>
    </p>
   </div>
   <div class='ocr_carea' id='block_1_50' title="bbox 283 3364 1867 3438">
    <p class='ocr_par' dir='ltr' id='par_1_50' title="bbox 283 3364 1867 3438">
     <span class='ocr_line' id='line_1_50' title="bbox 283 3364 1867 3438; baseline 0.003 -18"><span class='ocrx_word' id='word_1_305' title='bbox 283 3364 609 3421; x_wconf 60' lang='lat' dir='ltr'><strong>Srsrnanus</strong></span> <span class='ocrx_word' id='word_1_306' title='bbox 626 3365 952 3438; x_wconf 84' lang='lat' dir='ltr'><strong>episcopus,</strong></span> <span class='ocrx_word' id='word_1_307' title='bbox 970 3380 1169 3424; x_wconf 90' lang='lat' dir='ltr'><strong>servus</strong></span> <span class='ocrx_word' id='word_1_308' title='bbox 1195 3381 1486 3424; x_wconf 91' lang='lat' dir='ltr'><strong>servorum</strong></span> <span class='ocrx_word' id='word_1_309' title='bbox 1505 3367 1626 3438; x_wconf 91' lang='lat' dir='ltr'><strong>Dei,</strong></span> <span class='ocrx_word' id='word_1_310' title='bbox 1653 3367 1867 3425; x_wconf 90' lang='lat' dir='ltr'><strong>dilecto</strong></span> 
     </span>
    </p>
   </div>
   <div class='ocr_carea' id='block_1_51' title="bbox 216 3453 1870 3529">
    <p class='ocr_par' dir='ltr' id='par_1_51' title="bbox 216 3453 1870 3529">
     <span class='ocr_line' id='line_1_51' title="bbox 216 3453 1870 3529; baseline 0 -18"><span class='ocrx_word' id='word_1_311' title='bbox 216 3454 279 3511; x_wconf 92' lang='lat' dir='ltr'><strong>in</strong></span> <span class='ocrx_word' id='word_1_312' title='bbox 329 3454 573 3510; x_wconf 90' lang='lat' dir='ltr'><strong>Domino</strong></span> <span class='ocrx_word' id='word_1_313' title='bbox 627 3453 746 3511; x_wconf 90' lang='lat' dir='ltr'><strong>ﬁlio</strong></span> <span class='ocrx_word' id='word_1_314' title='bbox 799 3455 1064 3512; x_wconf 60' lang='lat' dir='ltr'><strong>Iunonum</strong></span> <span class='ocrx_word' id='word_1_315' title='bbox 1117 3455 1390 3529; x_wconf 84' lang='lat' dir='ltr'><strong>religioso</strong></span> <span class='ocrx_word' id='word_1_316' title='bbox 1445 3455 1770 3527; x_wconf 86' lang='lat' dir='ltr'><strong>presbytero</strong></span> <span class='ocrx_word' id='word_1_317' title='bbox 1813 3461 1870 3512; x_wconf 90' lang='lat' dir='ltr'><strong>et</strong></span> 
     </span>
    </p>
   </div>
   <div class='ocr_carea' id='block_1_52' title="bbox 218 3543 1869 3615">
    <p class='ocr_par' dir='ltr' id='par_1_52' title="bbox 218 3543 1869 3615">
     <span class='ocr_line' id='line_1_52' title="bbox 218 3543 1869 3615; baseline 0.001 -16"><span class='ocrx_word' id='word_1_318' title='bbox 218 3543 520 3612; x_wconf 90' lang='lat' dir='ltr'><strong>monacho,</strong></span> <span class='ocrx_word' id='word_1_319' title='bbox 539 3547 710 3615; x_wconf 90' lang='lat' dir='ltr'><strong>atque</strong></span> <span class='ocrx_word' id='word_1_320' title='bbox 724 3543 918 3601; x_wconf 92' lang='lat' dir='ltr'><strong>abbati</strong></span> <span class='ocrx_word' id='word_1_321' title='bbox 943 3545 1288 3602; x_wconf 88' lang='lat' dir='ltr'><strong>venerabilis</strong></span> <span class='ocrx_word' id='word_1_322' title='bbox 1305 3545 1640 3602; x_wconf 90' lang='lat' dir='ltr'><strong>monasterii</strong></span> <span class='ocrx_word' id='word_1_323' title='bbox 1658 3549 1869 3601; x_wconf 67' lang='lat' dir='ltr'><strong>sanctae</strong></span> 
     </span>
    </p>
   </div>
   <div class='ocr_carea' id='block_1_53' title="bbox 216 3632 1868 3707">
    <p class='ocr_par' dir='ltr' id='par_1_53' title="bbox 216 3632 1868 3707">
     <span class='ocr_line' id='line_1_53' title="bbox 216 3632 1868 3707; baseline 0.001 -19"><span class='ocrx_word' id='word_1_324' title='bbox 216 3632 318 3689; x_wconf 92' lang='lat' dir='ltr'><strong>Dei</strong></span> <span class='ocrx_word' id='word_1_325' title='bbox 333 3632 637 3705; x_wconf 83' lang='lat' dir='ltr'><strong>genitricis</strong></span> <span class='ocrx_word' id='word_1_326' title='bbox 646 3633 858 3706; x_wconf 67' lang='lat' dir='ltr'><strong>Mariae,</strong></span> <span class='ocrx_word' id='word_1_327' title='bbox 873 3634 1024 3707; x_wconf 90' lang='lat' dir='ltr'><strong>quod</strong></span> <span class='ocrx_word' id='word_1_328' title='bbox 1041 3636 1276 3706; x_wconf 90' lang='lat' dir='ltr'><strong>ponitur</strong></span> <span class='ocrx_word' id='word_1_329' title='bbox 1289 3635 1349 3691; x_wconf 91' lang='lat' dir='ltr'><strong>in</strong></span> <span class='ocrx_word' id='word_1_330' title='bbox 1362 3635 1646 3707; x_wconf 88' lang='lat' dir='ltr'><strong>Pharpha,</strong></span> <span class='ocrx_word' id='word_1_331' title='bbox 1665 3635 1723 3690; x_wconf 91' lang='lat' dir='ltr'><strong>in</strong></span> <span class='ocrx_word' id='word_1_332' title='bbox 1743 3634 1868 3691; x_wconf 91' lang='lat' dir='ltr'><strong>loco</strong></span> 
     </span>
    </p>
   </div>
   <div class='ocr_carea' id='block_1_54' title="bbox 219 3721 1868 3798">
    <p class='ocr_par' dir='ltr' id='par_1_54' title="bbox 219 3721 1868 3798">
     <span class='ocr_line' id='line_1_54' title="bbox 219 3721 1868 3798; baseline 0.001 -19"><span class='ocrx_word' id='word_1_333' title='bbox 219 3721 321 3794; x_wconf 89' lang='lat' dir='ltr'><strong>qui</strong></span> <span class='ocrx_word' id='word_1_334' title='bbox 343 3727 711 3792; x_wconf 89' lang='lat' dir='ltr'><strong>nuncupatur</strong></span> <span class='ocrx_word' id='word_1_335' title='bbox 724 3721 1065 3796; x_wconf 87' lang='lat' dir='ltr'><strong>Acutianus,</strong></span> <span class='ocrx_word' id='word_1_336' title='bbox 1089 3725 1328 3798; x_wconf 89' lang='lat' dir='ltr'><strong>suisque</strong></span> <span class='ocrx_word' id='word_1_337' title='bbox 1351 3723 1786 3783; x_wconf 89' lang='lat' dir='ltr'><strong>successoribus</strong></span> <span class='ocrx_word' id='word_1_338' title='bbox 1808 3723 1868 3780; x_wconf 93' lang='lat' dir='ltr'><strong>in</strong></span> 
     </span>
    </p>
   </div>
   <div class='ocr_carea' id='block_1_55' title="bbox 221 3817 582 3881">
    <p class='ocr_par' dir='ltr' id='par_1_55' title="bbox 221 3817 582 3881">
     <span class='ocr_line' id='line_1_55' title="bbox 221 3817 582 3881; baseline -0.003 -15"><span class='ocrx_word' id='word_1_339' title='bbox 221 3817 582 3881; x_wconf 89' lang='lat' dir='ltr'><strong>perpetuum.</strong></span> 
     </span>
    </p>
   </div>
   <div class='ocr_carea' id='block_1_56' title="bbox 291 3900 1871 3974">
    <p class='ocr_par' dir='ltr' id='par_1_56' title="bbox 291 3900 1871 3974">
     <span class='ocr_line' id='line_1_56' title="bbox 291 3900 1871 3974; baseline 0.001 -17"><span class='ocrx_word' id='word_1_340' title='bbox 291 3900 434 3957; x_wconf 91' lang='lat' dir='ltr'><strong>Cum</strong></span> <span class='ocrx_word' id='word_1_341' title='bbox 476 3913 678 3973; x_wconf 86' lang='lat' dir='ltr'><strong>magna</strong></span> <span class='ocrx_word' id='word_1_342' title='bbox 722 3900 890 3959; x_wconf 92' lang='lat' dir='ltr'><strong>nobis</strong></span> <span class='ocrx_word' id='word_1_343' title='bbox 927 3901 1328 3960; x_wconf 89' lang='lat' dir='ltr'><strong>sollicitudine</strong></span> <span class='ocrx_word' id='word_1_344' title='bbox 1369 3903 1549 3959; x_wconf 87' lang='lat' dir='ltr'><strong>instat</strong></span> <span class='ocrx_word' id='word_1_345' title='bbox 1589 3915 1730 3960; x_wconf 89' lang='lat' dir='ltr'><strong>cura</strong></span> <span class='ocrx_word' id='word_1_346' title='bbox 1769 3915 1871 3974; x_wconf 94' lang='lat' dir='ltr'><strong>pro</strong></span> 
     </span>
    </p>
   </div>
   <div class='ocr_carea' id='block_1_57' title="bbox 225 3990 1873 4065">
    <p class='ocr_par' dir='ltr' id='par_1_57' title="bbox 225 3990 1873 4065">
     <span class='ocr_line' id='line_1_57' title="bbox 225 3990 1873 4065; baseline -0.001 -17"><span class='ocrx_word' id='word_1_347' title='bbox 225 3990 515 4048; x_wconf 90' lang='lat' dir='ltr'><strong>universis</strong></span> <span class='ocrx_word' id='word_1_348' title='bbox 537 3991 637 4046; x_wconf 93' lang='lat' dir='ltr'><strong>Dei</strong></span> <span class='ocrx_word' id='word_1_349' title='bbox 659 3991 932 4048; x_wconf 88' lang='lat' dir='ltr'><strong>Ecclesiis</strong></span> <span class='ocrx_word' id='word_1_350' title='bbox 951 4005 1017 4048; x_wconf 90' lang='lat' dir='ltr'><strong>ac</strong></span> <span class='ocrx_word' id='word_1_351' title='bbox 1037 3991 1204 4048; x_wconf 92' lang='lat' dir='ltr'><strong>bonis</strong></span> <span class='ocrx_word' id='word_1_352' title='bbox 1224 3991 1369 4049; x_wconf 92' lang='lat' dir='ltr'><strong>locis</strong></span> <span class='ocrx_word' id='word_1_353' title='bbox 1397 3992 1778 4065; x_wconf 85' lang='lat' dir='ltr'><strong>vigilandum,</strong></span> <span class='ocrx_word' id='word_1_354' title='bbox 1803 4005 1873 4047; x_wconf 92' lang='lat' dir='ltr'><strong>ne</strong></span> 
     </span>
    </p>
   </div>
   <div class='ocr_carea' id='block_1_58' title="bbox 220 4080 1873 4154">
    <p class='ocr_par' dir='ltr' id='par_1_58' title="bbox 220 4080 1873 4154">
     <span class='ocr_line' id='line_1_58' title="bbox 220 4080 1873 4154; baseline 0.001 -19"><span class='ocrx_word' id='word_1_355' title='bbox 220 4081 478 4150; x_wconf 88' lang='lat' dir='ltr'><strong>aliquam</strong></span> <span class='ocrx_word' id='word_1_356' title='bbox 503 4081 863 4136; x_wconf 91' lang='lat' dir='ltr'><strong>necessitatis</strong></span> <span class='ocrx_word' id='word_1_357' title='bbox 883 4081 1164 4150; x_wconf 89' lang='lat' dir='ltr'><strong>jacturam</strong></span> <span class='ocrx_word' id='word_1_358' title='bbox 1192 4081 1536 4154; x_wconf 87' lang='lat' dir='ltr'><strong>sustineant,</strong></span> <span class='ocrx_word' id='word_1_359' title='bbox 1564 4082 1660 4138; x_wconf 90' lang='lat' dir='ltr'><strong>sed</strong></span> <span class='ocrx_word' id='word_1_360' title='bbox 1689 4080 1873 4153; x_wconf 91' lang='lat' dir='ltr'><strong>magis</strong></span> 
     </span>
    </p>
   </div>
   <div class='ocr_carea' id='block_1_59' title="bbox 223 4168 1874 4241">
    <p class='ocr_par' dir='ltr' id='par_1_59' title="bbox 223 4168 1874 4241">
     <span class='ocr_line' id='line_1_59' title="bbox 223 4168 1874 4241; baseline 0.001 -17"><span class='ocrx_word' id='word_1_361' title='bbox 223 4168 474 4239; x_wconf 66' lang='lat' dir='ltr'><strong>propria:</strong></span> <span class='ocrx_word' id='word_1_362' title='bbox 498 4168 771 4226; x_wconf 88' lang='lat' dir='ltr'><strong>utilitatis</strong></span> <span class='ocrx_word' id='word_1_363' title='bbox 792 4170 1081 4240; x_wconf 88' lang='lat' dir='ltr'><strong>stipendia</strong></span> <span class='ocrx_word' id='word_1_364' title='bbox 1105 4174 1550 4241; x_wconf 91' lang='lat' dir='ltr'><strong>consequantur,</strong></span> <span class='ocrx_word' id='word_1_365' title='bbox 1578 4170 1706 4226; x_wconf 93' lang='lat' dir='ltr'><strong>ideo</strong></span> <span class='ocrx_word' id='word_1_366' title='bbox 1727 4183 1874 4225; x_wconf 91' lang='lat' dir='ltr'><strong>con-</strong></span> 
     </span>
    </p>
   </div>
   <div class='ocr_carea' id='block_1_60' title="bbox 1889 3007 3614 3082">
    <p class='ocr_par' dir='ltr' id='par_1_60' title="bbox 1889 3007 3614 3082">
     <span class='ocr_line' id='line_1_60' title="bbox 1889 3007 3614 3082; baseline 0.001 -18"><span class='ocrx_word' id='word_1_367' title='bbox 1889 3007 1940 3070; x_wconf 83' lang='lat' dir='ltr'><strong>C.</strong></span> <span class='ocrx_word' id='word_1_368' title='bbox 1972 3007 2187 3064; x_wconf 87' lang='lat' dir='ltr'><strong>ﬁnibus</strong></span> <span class='ocrx_word' id='word_1_369' title='bbox 2218 3013 2274 3064; x_wconf 93' lang='lat' dir='ltr'><strong>et</strong></span> <span class='ocrx_word' id='word_1_370' title='bbox 2307 3009 2725 3080; x_wconf 87' lang='lat' dir='ltr'><strong>appendicibus</strong></span> <span class='ocrx_word' id='word_1_371' title='bbox 2758 3011 2884 3067; x_wconf 91' lang='lat' dir='ltr'><strong>suis</strong></span> <span class='ocrx_word' id='word_1_372' title='bbox 2924 3011 2984 3066; x_wconf 92' lang='lat' dir='ltr'><strong>in</strong></span> <span class='ocrx_word' id='word_1_373' title='bbox 3025 3011 3334 3082; x_wconf 84' lang='lat' dir='ltr'><strong>integrum,</strong></span> <span class='ocrx_word' id='word_1_374' title='bbox 3371 3008 3614 3068; x_wconf 81' lang='lat' dir='ltr'><strong>fundum</strong></span> 
     </span>
    </p>
   </div>
   <div class='ocr_carea' id='block_1_61' title="bbox 1971 3095 3614 3170">
    <p class='ocr_par' dir='ltr' id='par_1_61' title="bbox 1971 3095 3614 3170">
     <span class='ocr_line' id='line_1_61' title="bbox 1971 3095 3614 3170; baseline 0.002 -19"><span class='ocrx_word' id='word_1_375' title='bbox 1971 3095 2350 3152; x_wconf 88' lang='lat' dir='ltr'><strong>Calistianum</strong></span> <span class='ocrx_word' id='word_1_376' title='bbox 2392 3097 2451 3152; x_wconf 94' lang='lat' dir='ltr'><strong>in</strong></span> <span class='ocrx_word' id='word_1_377' title='bbox 2496 3111 2610 3167; x_wconf 91' lang='lat' dir='ltr'><strong>quo</strong></span> <span class='ocrx_word' id='word_1_378' title='bbox 2652 3103 2741 3154; x_wconf 92' lang='lat' dir='ltr'><strong>est</strong></span> <span class='ocrx_word' id='word_1_379' title='bbox 2784 3098 3024 3155; x_wconf 90' lang='lat' dir='ltr'><strong>ecclesia</strong></span> <span class='ocrx_word' id='word_1_380' title='bbox 3067 3098 3250 3154; x_wconf 89' lang='lat' dir='ltr'><strong>sancti</strong></span> <span class='ocrx_word' id='word_1_381' title='bbox 3296 3099 3614 3170; x_wconf 89' lang='lat' dir='ltr'><strong>Laurentii,</strong></span> 
     </span>
    </p>
   </div>
   <div class='ocr_carea' id='block_1_62' title="bbox 1975 3182 3618 3258">
    <p class='ocr_par' dir='ltr' id='par_1_62' title="bbox 1975 3182 3618 3258">
     <span class='ocr_line' id='line_1_62' title="bbox 1975 3182 3618 3258; baseline 0.002 -20"><span class='ocrx_word' id='word_1_382' title='bbox 1975 3182 2216 3240; x_wconf 83' lang='lat' dir='ltr'><strong>fundum</strong></span> <span class='ocrx_word' id='word_1_383' title='bbox 2255 3185 2679 3258; x_wconf 90' lang='lat' dir='ltr'><strong>Pompeianum,</strong></span> <span class='ocrx_word' id='word_1_384' title='bbox 2723 3185 2964 3243; x_wconf 80' lang='lat' dir='ltr'><strong>fundum</strong></span> <span class='ocrx_word' id='word_1_385' title='bbox 3004 3185 3331 3257; x_wconf 90' lang='lat' dir='ltr'><strong>Pinianum,</strong></span> <span class='ocrx_word' id='word_1_386' title='bbox 3373 3184 3618 3242; x_wconf 81' lang='lat' dir='ltr'><strong>fundum</strong></span> 
     </span>
    </p>
   </div>
   <div class='ocr_carea' id='block_1_63' title="bbox 1973 3271 3622 3343">
    <p class='ocr_par' dir='ltr' id='par_1_63' title="bbox 1973 3271 3622 3343">
     <span class='ocr_line' id='line_1_63' title="bbox 1973 3271 3622 3343; baseline 0.002 -17"><span class='ocrx_word' id='word_1_387' title='bbox 1973 3271 2380 3342; x_wconf 87' lang='lat' dir='ltr'><strong>Cervinariam,</strong></span> <span class='ocrx_word' id='word_1_388' title='bbox 2415 3271 2657 3328; x_wconf 82' lang='lat' dir='ltr'><strong>fundum</strong></span> <span class='ocrx_word' id='word_1_389' title='bbox 2685 3272 3006 3328; x_wconf 89' lang='lat' dir='ltr'><strong>Marianum</strong></span> <span class='ocrx_word' id='word_1_390' title='bbox 3034 3272 3093 3329; x_wconf 90' lang='lat' dir='ltr'><strong>in</strong></span> <span class='ocrx_word' id='word_1_391' title='bbox 3121 3287 3233 3343; x_wconf 91' lang='lat' dir='ltr'><strong>quo</strong></span> <span class='ocrx_word' id='word_1_392' title='bbox 3263 3277 3350 3330; x_wconf 90' lang='lat' dir='ltr'><strong>est</strong></span> <span class='ocrx_word' id='word_1_393' title='bbox 3377 3272 3622 3330; x_wconf 87' lang='lat' dir='ltr'><strong>ecclesia</strong></span> 
     </span>
    </p>
   </div>
   <div class='ocr_carea' id='block_1_64' title="bbox 1977 3359 3620 3432">
    <p class='ocr_par' dir='ltr' id='par_1_64' title="bbox 1977 3359 3620 3432">
     <span class='ocr_line' id='line_1_64' title="bbox 1977 3359 3620 3432; baseline -0.001 -16"><span class='ocrx_word' id='word_1_394' title='bbox 1977 3361 2159 3417; x_wconf 81' lang='lat' dir='ltr'><strong>sancti</strong></span> <span class='ocrx_word' id='word_1_395' title='bbox 2213 3360 2560 3431; x_wconf 90' lang='lat' dir='ltr'><strong>Paterniani,</strong></span> <span class='ocrx_word' id='word_1_396' title='bbox 2621 3359 2865 3418; x_wconf 88' lang='lat' dir='ltr'><strong>fundum</strong></span> <span class='ocrx_word' id='word_1_397' title='bbox 2921 3362 3318 3432; x_wconf 89' lang='lat' dir='ltr'><strong>Arturianum,</strong></span> <span class='ocrx_word' id='word_1_398' title='bbox 3375 3359 3620 3417; x_wconf 89' lang='lat' dir='ltr'><strong>fundum</strong></span> 
     </span>
    </p>
   </div>
   <div class='ocr_carea' id='block_1_65' title="bbox 1976 3448 3617 3522">
    <p class='ocr_par' dir='ltr' id='par_1_65' title="bbox 1976 3448 3617 3522">
     <span class='ocr_line' id='line_1_65' title="bbox 1976 3448 3617 3522; baseline -0.001 -16"><span class='ocrx_word' id='word_1_399' title='bbox 1976 3448 2304 3522; x_wconf 90' lang='lat' dir='ltr'><strong>Ordeolum,</strong></span> <span class='ocrx_word' id='word_1_400' title='bbox 2347 3449 2588 3509; x_wconf 84' lang='lat' dir='ltr'><strong>fundum</strong></span> <span class='ocrx_word' id='word_1_401' title='bbox 2617 3450 2870 3522; x_wconf 88' lang='lat' dir='ltr'><strong>Mutella,</strong></span> <span class='ocrx_word' id='word_1_402' title='bbox 2904 3451 3004 3506; x_wconf 88' lang='lat' dir='ltr'><strong>ubi</strong></span> <span class='ocrx_word' id='word_1_403' title='bbox 3043 3455 3130 3507; x_wconf 91' lang='lat' dir='ltr'><strong>est</strong></span> <span class='ocrx_word' id='word_1_404' title='bbox 3153 3449 3395 3507; x_wconf 90' lang='lat' dir='ltr'><strong>ecclesia</strong></span> <span class='ocrx_word' id='word_1_405' title='bbox 3431 3449 3617 3505; x_wconf 89' lang='lat' dir='ltr'><strong>sancti</strong></span> 
     </span>
    </p>
   </div>
   <div class='ocr_carea' id='block_1_66' title="bbox 1975 3538 3622 3612">
    <p class='ocr_par' dir='ltr' id='par_1_66' title="bbox 1975 3538 3622 3612">
     <span class='ocr_line' id='line_1_66' title="bbox 1975 3538 3622 3612; baseline -0.001 -18"><span class='ocrx_word' id='word_1_406' title='bbox 1975 3538 2200 3611; x_wconf 84' lang='lat' dir='ltr'><strong>Angeli,</strong></span> <span class='ocrx_word' id='word_1_407' title='bbox 2234 3539 2389 3596; x_wconf 90' lang='lat' dir='ltr'><strong>sicut</strong></span> <span class='ocrx_word' id='word_1_408' title='bbox 2418 3553 2451 3596; x_wconf 92' lang='lat' dir='ltr'><strong>a</strong></span> <span class='ocrx_word' id='word_1_409' title='bbox 2470 3545 2720 3612; x_wconf 87' lang='lat' dir='ltr'><strong>tempore</strong></span> <span class='ocrx_word' id='word_1_410' title='bbox 2744 3539 2984 3597; x_wconf 90' lang='lat' dir='ltr'><strong>Adriani</strong></span> <span class='ocrx_word' id='word_1_411' title='bbox 3014 3553 3170 3612; x_wconf 72' lang='lat' dir='ltr'><strong>papae</strong></span> <span class='ocrx_word' id='word_1_412' title='bbox 3197 3538 3268 3594; x_wconf 90' lang='lat' dir='ltr'><strong>ab</strong></span> <span class='ocrx_word' id='word_1_413' title='bbox 3297 3539 3420 3608; x_wconf 90' lang='lat' dir='ltr'><strong>ipso</strong></span> <span class='ocrx_word' id='word_1_414' title='bbox 3445 3550 3622 3593; x_wconf 91' lang='lat' dir='ltr'><strong>vene—</strong></span> 
     </span>
    </p>
   </div>
   <div class='ocr_carea' id='block_1_67' title="bbox 1978 3627 3623 3700">
    <p class='ocr_par' dir='ltr' id='par_1_67' title="bbox 1978 3627 3623 3700">
     <span class='ocr_line' id='line_1_67' title="bbox 1978 3627 3623 3700; baseline -0.001 -16"><span class='ocrx_word' id='word_1_415' title='bbox 1978 3628 2150 3685; x_wconf 90' lang='lat' dir='ltr'><strong>rabili</strong></span> <span class='ocrx_word' id='word_1_416' title='bbox 2189 3629 2534 3686; x_wconf 90' lang='lat' dir='ltr'><strong>monasterio</strong></span> <span class='ocrx_word' id='word_1_417' title='bbox 2570 3642 2892 3700; x_wconf 89' lang='lat' dir='ltr'><strong>possessum</strong></span> <span class='ocrx_word' id='word_1_418' title='bbox 2923 3633 3030 3699; x_wconf 92' lang='lat' dir='ltr'><strong>est,</strong></span> <span class='ocrx_word' id='word_1_419' title='bbox 3064 3628 3306 3686; x_wconf 88' lang='lat' dir='ltr'><strong>fundum</strong></span> <span class='ocrx_word' id='word_1_420' title='bbox 3329 3627 3623 3683; x_wconf 91' lang='lat' dir='ltr'><strong>Urbanum</strong></span> 
     </span>
    </p>
   </div>
   <div class='ocr_carea' id='block_1_68' title="bbox 1980 3716 3623 3791">
    <p class='ocr_par' dir='ltr' id='par_1_68' title="bbox 1980 3716 3623 3791">
     <span class='ocr_line' id='line_1_68' title="bbox 1980 3716 3623 3791; baseline -0.002 -16"><span class='ocrx_word' id='word_1_421' title='bbox 1980 3718 2081 3790; x_wconf 89' lang='lat' dir='ltr'><strong>qui</strong></span> <span class='ocrx_word' id='word_1_422' title='bbox 2120 3723 2177 3774; x_wconf 93' lang='lat' dir='ltr'><strong>et</strong></span> <span class='ocrx_word' id='word_1_423' title='bbox 2214 3719 2554 3776; x_wconf 80' lang='lat' dir='ltr'><strong>Vicus-auro</strong></span> <span class='ocrx_word' id='word_1_424' title='bbox 2592 3723 2845 3791; x_wconf 88' lang='lat' dir='ltr'><strong>vocatur,</strong></span> <span class='ocrx_word' id='word_1_425' title='bbox 2888 3718 2988 3775; x_wconf 93' lang='lat' dir='ltr'><strong>ubi</strong></span> <span class='ocrx_word' id='word_1_426' title='bbox 3029 3723 3116 3776; x_wconf 89' lang='lat' dir='ltr'><strong>est</strong></span> <span class='ocrx_word' id='word_1_427' title='bbox 3152 3718 3394 3776; x_wconf 89' lang='lat' dir='ltr'><strong>ecclesia</strong></span> <span class='ocrx_word' id='word_1_428' title='bbox 3438 3716 3623 3774; x_wconf 87' lang='lat' dir='ltr'><strong>sancti</strong></span> 
     </span>
    </p>
   </div>
   <div class='ocr_carea' id='block_1_69' title="bbox 1978 3806 3626 3881">
    <p class='ocr_par' dir='ltr' id='par_1_69' title="bbox 1978 3806 3626 3881">
     <span class='ocr_line' id='line_1_69' title="bbox 1978 3806 3626 3881; baseline -0.001 -17"><span class='ocrx_word' id='word_1_429' title='bbox 1978 3808 2119 3878; x_wconf 81' lang='lat' dir='ltr'><strong>Viti,</strong></span> <span class='ocrx_word' id='word_1_430' title='bbox 2143 3822 2273 3865; x_wconf 91' lang='lat' dir='ltr'><strong>cum</strong></span> <span class='ocrx_word' id='word_1_431' title='bbox 2297 3808 2497 3881; x_wconf 90' lang='lat' dir='ltr'><strong>pratis,</strong></span> <span class='ocrx_word' id='word_1_432' title='bbox 2522 3808 2688 3866; x_wconf 90' lang='lat' dir='ltr'><strong>silvis</strong></span> <span class='ocrx_word' id='word_1_433' title='bbox 2705 3811 2762 3865; x_wconf 89' lang='lat' dir='ltr'><strong>et</strong></span> <span class='ocrx_word' id='word_1_434' title='bbox 2781 3808 3224 3879; x_wconf 90' lang='lat' dir='ltr'><strong>aquimolendis,</strong></span> <span class='ocrx_word' id='word_1_435' title='bbox 3248 3808 3334 3864; x_wconf 91' lang='lat' dir='ltr'><strong>vel</strong></span> <span class='ocrx_word' id='word_1_436' title='bbox 3355 3806 3626 3864; x_wconf 90' lang='lat' dir='ltr'><strong>omnibus</strong></span> 
     </span>
    </p>
   </div>
   <div class='ocr_carea' id='block_1_70' title="bbox 1980 3895 3626 3970">
    <p class='ocr_par' dir='ltr' id='par_1_70' title="bbox 1980 3895 3626 3970">
     <span class='ocr_line' id='line_1_70' title="bbox 1980 3895 3626 3970; baseline -0.001 -17"><span class='ocrx_word' id='word_1_437' title='bbox 1980 3897 2050 3953; x_wconf 92' lang='lat' dir='ltr'><strong>ad</strong></span> <span class='ocrx_word' id='word_1_438' title='bbox 2067 3911 2196 3954; x_wconf 92' lang='lat' dir='ltr'><strong>eum</strong></span> <span class='ocrx_word' id='word_1_439' title='bbox 2216 3897 2276 3953; x_wconf 91' lang='lat' dir='ltr'><strong>in</strong></span> <span class='ocrx_word' id='word_1_440' title='bbox 2304 3897 2587 3970; x_wconf 83' lang='lat' dir='ltr'><strong>integrum</strong></span> <span class='ocrx_word' id='word_1_441' title='bbox 2621 3897 3066 3970; x_wconf 90' lang='lat' dir='ltr'><strong>pertinentibus,</strong></span> <span class='ocrx_word' id='word_1_442' title='bbox 3087 3910 3157 3953; x_wconf 85' lang='lat' dir='ltr'><strong>ex</strong></span> <span class='ocrx_word' id='word_1_443' title='bbox 3172 3895 3355 3953; x_wconf 82' lang='lat' dir='ltr'><strong>fundo</strong></span> <span class='ocrx_word' id='word_1_444' title='bbox 3371 3895 3626 3952; x_wconf 84' lang='lat' dir='ltr'><strong>Adriano</strong></span> 
     </span>
    </p>
   </div>
   <div class='ocr_carea' id='block_1_71' title="bbox 1983 3985 3622 4058">
    <p class='ocr_par' dir='ltr' id='par_1_71' title="bbox 1983 3985 3622 4058">
     <span class='ocr_line' id='line_1_71' title="bbox 1983 3985 3622 4058; baseline -0.002 -15"><span class='ocrx_word' id='word_1_445' title='bbox 1983 3986 2184 4043; x_wconf 88' lang='lat' dir='ltr'><strong>uncias</strong></span> <span class='ocrx_word' id='word_1_446' title='bbox 2233 3990 2349 4042; x_wconf 93' lang='lat' dir='ltr'><strong>tres</strong></span> <span class='ocrx_word' id='word_1_447' title='bbox 2397 3987 2456 4042; x_wconf 91' lang='lat' dir='ltr'><strong>in</strong></span> <span class='ocrx_word' id='word_1_448' title='bbox 2502 4001 2616 4058; x_wconf 92' lang='lat' dir='ltr'><strong>quo</strong></span> <span class='ocrx_word' id='word_1_449' title='bbox 2662 3991 2750 4045; x_wconf 89' lang='lat' dir='ltr'><strong>est</strong></span> <span class='ocrx_word' id='word_1_450' title='bbox 2790 3986 3031 4043; x_wconf 89' lang='lat' dir='ltr'><strong>ecclesia</strong></span> <span class='ocrx_word' id='word_1_451' title='bbox 3077 3986 3260 4042; x_wconf 91' lang='lat' dir='ltr'><strong>sancti</strong></span> <span class='ocrx_word' id='word_1_452' title='bbox 3310 3985 3622 4056; x_wconf 89' lang='lat' dir='ltr'><strong>Valentini,</strong></span> 
     </span>
    </p>
   </div>
   <div class='ocr_carea' id='block_1_72' title="bbox 1982 4074 3626 4148">
    <p class='ocr_par' dir='ltr' id='par_1_72' title="bbox 1982 4074 3626 4148">
     <span class='ocr_line' id='line_1_72' title="bbox 1982 4074 3626 4148; baseline 0.002 -18"><span class='ocrx_word' id='word_1_453' title='bbox 1982 4074 2224 4132; x_wconf 87' lang='lat' dir='ltr'><strong>fundum</strong></span> <span class='ocrx_word' id='word_1_454' title='bbox 2262 4075 2606 4148; x_wconf 84' lang='lat' dir='ltr'><strong>Medianum,</strong></span> <span class='ocrx_word' id='word_1_455' title='bbox 2645 4074 2887 4132; x_wconf 86' lang='lat' dir='ltr'><strong>fundum</strong></span> <span class='ocrx_word' id='word_1_456' title='bbox 2920 4075 3319 4148; x_wconf 88' lang='lat' dir='ltr'><strong>Casalmontis,</strong></span> <span class='ocrx_word' id='word_1_457' title='bbox 3352 4089 3420 4132; x_wconf 83' lang='lat' dir='ltr'><strong>ex</strong></span> <span class='ocrx_word' id='word_1_458' title='bbox 3446 4075 3626 4134; x_wconf 81' lang='lat' dir='ltr'><strong>fundo</strong></span> 
     </span>
    </p>
   </div>
   <div class='ocr_carea' id='block_1_73' title="bbox 1980 4163 3628 4235">
    <p class='ocr_par' dir='ltr' id='par_1_73' title="bbox 1980 4163 3628 4235">
     <span class='ocr_line' id='line_1_73' title="bbox 1980 4163 3628 4235; baseline 0 -15"><span class='ocrx_word' id='word_1_459' title='bbox 1980 4163 2324 4220; x_wconf 89' lang='lat' dir='ltr'><strong>Arverriauo</strong></span> <span class='ocrx_word' id='word_1_460' title='bbox 2365 4164 2590 4219; x_wconf 90' lang='lat' dir='ltr'><strong>unciam</strong></span> <span class='ocrx_word' id='word_1_461' title='bbox 2628 4177 2818 4235; x_wconf 90' lang='lat' dir='ltr'><strong>unam,</strong></span> <span class='ocrx_word' id='word_1_462' title='bbox 2864 4179 2934 4221; x_wconf 82' lang='lat' dir='ltr'><strong>ex</strong></span> <span class='ocrx_word' id='word_1_463' title='bbox 2974 4164 3152 4222; x_wconf 86' lang='lat' dir='ltr'><strong>fundo</strong></span> <span class='ocrx_word' id='word_1_464' title='bbox 3193 4165 3475 4221; x_wconf 88' lang='lat' dir='ltr'><strong>Terniano</strong></span> <span class='ocrx_word' id='word_1_465' title='bbox 3510 4179 3628 4222; x_wconf 91' lang='lat' dir='ltr'><strong>un-</strong></span> 
     </span>
    </p>
   </div>
   <div class='ocr_carea' id='block_1_74' title="bbox 221 4250 3624 4349">
    <p class='ocr_par' dir='ltr' id='par_1_74' title="bbox 221 4250 3624 4349">
     <span class='ocr_line' id='line_1_74' title="bbox 221 4250 3624 4349; baseline -0.001 -37"><span class='ocrx_word' id='word_1_466' title='bbox 221 4259 402 4327; x_wconf 88' lang='lat' dir='ltr'><strong>venit,</strong></span> <span class='ocrx_word' id='word_1_467' title='bbox 435 4271 540 4313; x_wconf 92' lang='lat' dir='ltr'><strong>nos</strong></span> <span class='ocrx_word' id='word_1_468' title='bbox 568 4257 837 4328; x_wconf 89' lang='lat' dir='ltr'><strong>pastorali</strong></span> <span class='ocrx_word' id='word_1_469' title='bbox 866 4263 983 4315; x_wconf 91' lang='lat' dir='ltr'><strong>tota</strong></span> <span class='ocrx_word' id='word_1_470' title='bbox 1012 4260 1219 4315; x_wconf 92' lang='lat' dir='ltr'><strong>mentis</strong></span> <span class='ocrx_word' id='word_1_471' title='bbox 1240 4259 1513 4315; x_wconf 90' lang='lat' dir='ltr'><strong>aviditate</strong></span> <span class='ocrx_word' id='word_1_472' title='bbox 1541 4259 1867 4315; x_wconf 90' lang='lat' dir='ltr'><strong>eorumdem</strong></span> <span class='ocrx_word' id='word_1_473' title='bbox 1901 4286 1956 4349; x_wconf 83' lang='lat' dir='ltr'>D</span> <span class='ocrx_word' id='word_1_474' title='bbox 1982 4253 2102 4310; x_wconf 90' lang='lat' dir='ltr'><strong>cias</strong></span> <span class='ocrx_word' id='word_1_475' title='bbox 2129 4266 2205 4322; x_wconf 84' lang='lat' dir='ltr'><strong>v1,</strong></span> <span class='ocrx_word' id='word_1_476' title='bbox 2233 4266 2302 4308; x_wconf 86' lang='lat' dir='ltr'><strong>ex</strong></span> <span class='ocrx_word' id='word_1_477' title='bbox 2326 4250 2504 4308; x_wconf 81' lang='lat' dir='ltr'><strong>fundo</strong></span> <span class='ocrx_word' id='word_1_478' title='bbox 2524 4251 2773 4308; x_wconf 86' lang='lat' dir='ltr'><strong>Antiano</strong></span> <span class='ocrx_word' id='word_1_479' title='bbox 2801 4253 3002 4309; x_wconf 89' lang='lat' dir='ltr'><strong>uncias</strong></span> <span class='ocrx_word' id='word_1_480' title='bbox 3034 4268 3114 4323; x_wconf 72' lang='grc' dir='ltr'>ιιι,</span> <span class='ocrx_word' id='word_1_481' title='bbox 3146 4253 3245 4311; x_wconf 89' lang='lat' dir='ltr'><strong>ubi</strong></span> <span class='ocrx_word' id='word_1_482' title='bbox 3268 4259 3354 4310; x_wconf 90' lang='lat' dir='ltr'><strong>est</strong></span> <span class='ocrx_word' id='word_1_483' title='bbox 3383 4253 3624 4310; x_wconf 89' lang='lat' dir='ltr'><strong>ecclesia</strong></span> 
     </span>
    </p>
   </div>
   <div class='ocr_carea' id='block_1_75' title="bbox 222 4340 3625 4420">
    <p class='ocr_par' dir='ltr' id='par_1_75' title="bbox 222 4340 3625 4420">
     <span class='ocr_line' id='line_1_75' title="bbox 222 4340 3625 4420; baseline -0.001 -18"><span class='ocrx_word' id='word_1_484' title='bbox 222 4346 642 4404; x_wconf 85' lang='lat' dir='ltr'><strong>venerabilium</strong></span> <span class='ocrx_word' id='word_1_485' title='bbox 674 4347 928 4404; x_wconf 89' lang='lat' dir='ltr'><strong>locorum</strong></span> <span class='ocrx_word' id='word_1_486' title='bbox 961 4349 1222 4404; x_wconf 68' lang='lat' dir='ltr'><strong>maxima:</strong></span> <span class='ocrx_word' id='word_1_487' title='bbox 1253 4348 1592 4404; x_wconf 88' lang='lat' dir='ltr'><strong>stabilitatis</strong></span> <span class='ocrx_word' id='word_1_488' title='bbox 1625 4348 1873 4420; x_wconf 87' lang='lat' dir='ltr'><strong>integri—</strong></span> <span class='ocrx_word' id='word_1_489' title='bbox 1901 4340 1950 4349; x_wconf 78' lang='grc'><em>”</em></span> <span class='ocrx_word' id='word_1_490' title='bbox 1983 4343 2168 4399; x_wconf 90' lang='lat' dir='ltr'><strong>sancti</strong></span> <span class='ocrx_word' id='word_1_491' title='bbox 2195 4342 2422 4412; x_wconf 91' lang='lat' dir='ltr'><strong>Felicis,</strong></span> <span class='ocrx_word' id='word_1_492' title='bbox 2448 4340 2688 4398; x_wconf 89' lang='lat' dir='ltr'><strong>fundum</strong></span> <span class='ocrx_word' id='word_1_493' title='bbox 2710 4341 2984 4414; x_wconf 87' lang='lat' dir='ltr'><strong>Agellam,</strong></span> <span class='ocrx_word' id='word_1_494' title='bbox 3008 4341 3250 4398; x_wconf 87' lang='lat' dir='ltr'><strong>fundum</strong></span> <span class='ocrx_word' id='word_1_495' title='bbox 3279 4342 3625 4399; x_wconf 89' lang='lat' dir='ltr'><strong>Cicilianum</strong></span> 
     </span>
    </p>
   </div>
   <div class='ocr_carea' id='block_1_76' title="bbox 223 4435 1876 4504">
    <p class='ocr_par' dir='ltr' id='par_1_76' title="bbox 223 4435 1876 4504">
     <span class='ocr_line' id='line_1_76' title="bbox 223 4435 1876 4504; baseline 0 -14"><span class='ocrx_word' id='word_1_496' title='bbox 223 4440 397 4491; x_wconf 88' lang='lat' dir='ltr'><strong>tatem</strong></span> <span class='ocrx_word' id='word_1_497' title='bbox 421 4449 729 4504; x_wconf 89' lang='lat' dir='ltr'><strong>procurare</strong></span> <span class='ocrx_word' id='word_1_498' title='bbox 748 4441 804 4492; x_wconf 90' lang='lat' dir='ltr'><strong>et</strong></span> <span class='ocrx_word' id='word_1_499' title='bbox 832 4436 1028 4492; x_wconf 90' lang='lat' dir='ltr'><strong>sedule</strong></span> <span class='ocrx_word' id='word_1_500' title='bbox 1057 4437 1125 4492; x_wconf 92' lang='lat' dir='ltr'><strong>ad</strong></span> <span class='ocrx_word' id='word_1_501' title='bbox 1157 4450 1354 4492; x_wconf 91' lang='lat' dir='ltr'><strong>eorum</strong></span> <span class='ocrx_word' id='word_1_502' title='bbox 1390 4436 1696 4492; x_wconf 89' lang='lat' dir='ltr'><strong>utilitatem</strong></span> <span class='ocrx_word' id='word_1_503' title='bbox 1727 4435 1876 4492; x_wconf 89' lang='lat' dir='ltr'><strong>sub-</strong></span> 
     </span>
    </p>
   </div>
   <div class='ocr_carea' id='block_1_77' title="bbox 222 4522 1871 4596">
    <p class='ocr_par' dir='ltr' id='par_1_77' title="bbox 222 4522 1871 4596">
     <span class='ocr_line' id='line_1_77' title="bbox 222 4522 1871 4596; baseline 0.002 -17"><span class='ocrx_word' id='word_1_504' title='bbox 222 4525 379 4580; x_wconf 91' lang='lat' dir='ltr'><strong>sidia</strong></span> <span class='ocrx_word' id='word_1_505' title='bbox 421 4523 547 4579; x_wconf 92' lang='lat' dir='ltr'><strong>illic</strong></span> <span class='ocrx_word' id='word_1_506' title='bbox 590 4522 816 4596; x_wconf 81' lang='lat' dir='ltr'><strong>referre,</strong></span> <span class='ocrx_word' id='word_1_507' title='bbox 865 4530 928 4582; x_wconf 90' lang='lat' dir='ltr'><strong>ut</strong></span> <span class='ocrx_word' id='word_1_508' title='bbox 969 4526 1082 4581; x_wconf 90' lang='lat' dir='ltr'><strong>Deo</strong></span> <span class='ocrx_word' id='word_1_509' title='bbox 1132 4530 1326 4581; x_wconf 92' lang='lat' dir='ltr'><strong>nostro</strong></span> <span class='ocrx_word' id='word_1_510' title='bbox 1368 4525 1745 4595; x_wconf 89' lang='lat' dir='ltr'><strong>omnipotenti</strong></span> <span class='ocrx_word' id='word_1_511' title='bbox 1791 4526 1871 4595; x_wconf 92' lang='lat' dir='ltr'><strong>id,</strong></span> 
     </span>
    </p>
   </div>
   <div class='ocr_carea' id='block_1_78' title="bbox 223 4613 1874 4685">
    <p class='ocr_par' dir='ltr' id='par_1_78' title="bbox 223 4613 1874 4685">
     <span class='ocr_line' id='line_1_78' title="bbox 223 4613 1874 4685; baseline 0.002 -17"><span class='ocrx_word' id='word_1_512' title='bbox 223 4613 380 4684; x_wconf 85' lang='lat' dir='ltr'><strong>quod</strong></span> <span class='ocrx_word' id='word_1_513' title='bbox 414 4628 516 4683; x_wconf 90' lang='lat' dir='ltr'><strong>pro</strong></span> <span class='ocrx_word' id='word_1_514' title='bbox 545 4614 669 4684; x_wconf 91' lang='lat' dir='ltr'><strong>ejus</strong></span> <span class='ocrx_word' id='word_1_515' title='bbox 698 4614 880 4670; x_wconf 88' lang='lat' dir='ltr'><strong>sancti</strong></span> <span class='ocrx_word' id='word_1_516' title='bbox 914 4615 1166 4672; x_wconf 87' lang='lat' dir='ltr'><strong>nominis</strong></span> <span class='ocrx_word' id='word_1_517' title='bbox 1197 4615 1430 4685; x_wconf 90' lang='lat' dir='ltr'><strong>honore,</strong></span> <span class='ocrx_word' id='word_1_518' title='bbox 1462 4620 1518 4672; x_wconf 89' lang='lat' dir='ltr'><strong>et</strong></span> <span class='ocrx_word' id='word_1_519' title='bbox 1545 4616 1614 4672; x_wconf 91' lang='lat' dir='ltr'><strong>ad</strong></span> <span class='ocrx_word' id='word_1_520' title='bbox 1649 4617 1874 4672; x_wconf 91' lang='lat' dir='ltr'><strong>laudem</strong></span> 
     </span>
    </p>
   </div>
   <div class='ocr_carea' id='block_1_79' title="bbox 224 4703 1880 4774">
    <p class='ocr_par' dir='ltr' id='par_1_79' title="bbox 224 4703 1880 4774">
     <span class='ocr_line' id='line_1_79' title="bbox 224 4703 1880 4774; baseline 0.002 -16"><span class='ocrx_word' id='word_1_521' title='bbox 224 4708 400 4773; x_wconf 88' lang='lat' dir='ltr'><strong>atque</strong></span> <span class='ocrx_word' id='word_1_522' title='bbox 430 4703 669 4773; x_wconf 81' lang='lat' dir='ltr'><strong>gloriam</strong></span> <span class='ocrx_word' id='word_1_523' title='bbox 693 4703 820 4773; x_wconf 92' lang='lat' dir='ltr'><strong>ejus</strong></span> <span class='ocrx_word' id='word_1_524' title='bbox 843 4704 1054 4760; x_wconf 61' lang='lat' dir='ltr'><strong>divina</strong></span> <span class='ocrx_word' id='word_1_525' title='bbox 1087 4705 1400 4774; x_wconf 88' lang='lat' dir='ltr'><strong>majestatis</strong></span> <span class='ocrx_word' id='word_1_526' title='bbox 1425 4705 1550 4774; x_wconf 92' lang='lat' dir='ltr'><strong>ejus</strong></span> <span class='ocrx_word' id='word_1_527' title='bbox 1575 4705 1880 4761; x_wconf 86' lang='lat' dir='ltr'><strong>venerabi-</strong></span> 
     </span>
    </p>
   </div>
   <div class='ocr_carea' id='block_1_80' title="bbox 225 4792 1875 4865">
    <p class='ocr_par' dir='ltr' id='par_1_80' title="bbox 225 4792 1875 4865">
     <span class='ocr_line' id='line_1_80' title="bbox 225 4792 1875 4865; baseline 0.001 -17"><span class='ocrx_word' id='word_1_528' title='bbox 225 4792 388 4848; x_wconf 91' lang='lat' dir='ltr'><strong>libus</strong></span> <span class='ocrx_word' id='word_1_529' title='bbox 410 4806 513 4848; x_wconf 91' lang='lat' dir='ltr'><strong>nos</strong></span> <span class='ocrx_word' id='word_1_530' title='bbox 533 4797 748 4849; x_wconf 90' lang='lat' dir='ltr'><strong>certum</strong></span> <span class='ocrx_word' id='word_1_531' title='bbox 775 4797 860 4850; x_wconf 89' lang='lat' dir='ltr'><strong>est</strong></span> <span class='ocrx_word' id='word_1_532' title='bbox 880 4793 1195 4850; x_wconf 86' lang='lat' dir='ltr'><strong>contulisse</strong></span> <span class='ocrx_word' id='word_1_533' title='bbox 1216 4794 1379 4865; x_wconf 90' lang='lat' dir='ltr'><strong>locis,</strong></span> <span class='ocrx_word' id='word_1_534' title='bbox 1409 4795 1490 4850; x_wconf 90' lang='lat' dir='ltr'><strong>sit</strong></span> <span class='ocrx_word' id='word_1_535' title='bbox 1508 4794 1875 4865; x_wconf 89' lang='lat' dir='ltr'><strong>acceptabile,</strong></span> 
     </span>
    </p>
   </div>
   <div class='ocr_carea' id='block_1_81' title="bbox 225 4881 1882 4954">
    <p class='ocr_par' dir='ltr' id='par_1_81' title="bbox 225 4881 1882 4954">
     <span class='ocr_line' id='line_1_81' title="bbox 225 4881 1882 4954; baseline 0.001 -17"><span class='ocrx_word' id='word_1_536' title='bbox 225 4881 514 4952; x_wconf 90' lang='lat' dir='ltr'><strong>nobisque</strong></span> <span class='ocrx_word' id='word_1_537' title='bbox 537 4881 607 4937; x_wconf 91' lang='lat' dir='ltr'><strong>ab</strong></span> <span class='ocrx_word' id='word_1_538' title='bbox 638 4882 762 4951; x_wconf 90' lang='lat' dir='ltr'><strong>ejus</strong></span> <span class='ocrx_word' id='word_1_539' title='bbox 792 4882 1249 4952; x_wconf 90' lang='lat' dir='ltr'><strong>locupletissima</strong></span> <span class='ocrx_word' id='word_1_540' title='bbox 1281 4883 1680 4939; x_wconf 88' lang='lat' dir='ltr'><strong>misericordia</strong></span> <span class='ocrx_word' id='word_1_541' title='bbox 1705 4883 1882 4954; x_wconf 86' lang='lat' dir='ltr'><strong>digna</strong></span> 
     </span>
    </p>
   </div>
   <div class='ocr_carea' id='block_1_82' title="bbox 225 4970 1883 5042">
    <p class='ocr_par' dir='ltr' id='par_1_82' title="bbox 225 4970 1883 5042">
     <span class='ocr_line' id='line_1_82' title="bbox 225 4970 1883 5042; baseline 0.001 -15"><span class='ocrx_word' id='word_1_542' title='bbox 225 4971 326 5042; x_wconf 89' lang='lat' dir='ltr'><strong>huj</strong></span> <span class='ocrx_word' id='word_1_543' title='bbox 340 4971 568 5027; x_wconf 89' lang='lat' dir='ltr'><strong>usmodi</strong></span> <span class='ocrx_word' id='word_1_544' title='bbox 596 4971 678 5041; x_wconf 89' lang='lat' dir='ltr'><strong>pii</strong></span> <span class='ocrx_word' id='word_1_545' title='bbox 710 4971 900 5042; x_wconf 87' lang='lat' dir='ltr'><strong>operis</strong></span> <span class='ocrx_word' id='word_1_546' title='bbox 933 4973 992 5027; x_wconf 92' lang='lat' dir='ltr'><strong>in</strong></span> <span class='ocrx_word' id='word_1_547' title='bbox 1022 4972 1266 5029; x_wconf 91' lang='lat' dir='ltr'><strong>sidereis</strong></span> <span class='ocrx_word' id='word_1_548' title='bbox 1293 4970 1621 5030; x_wconf 85' lang='lat' dir='ltr'><strong>conferatur</strong></span> <span class='ocrx_word' id='word_1_549' title='bbox 1649 4972 1883 5029; x_wconf 90' lang='lat' dir='ltr'><strong>arcibus</strong></span> 
     </span>
    </p>
   </div>
   <div class='ocr_carea' id='block_1_83' title="bbox 226 5060 1884 5133">
    <p class='ocr_par' dir='ltr' id='par_1_83' title="bbox 226 5060 1884 5133">
     <span class='ocr_line' id='line_1_83' title="bbox 226 5060 1884 5133; baseline 0.001 -16"><span class='ocrx_word' id='word_1_550' title='bbox 226 5060 638 5117; x_wconf 86' lang='lat' dir='ltr'><strong>remuneratio.</strong></span> <span class='ocrx_word' id='word_1_551' title='bbox 670 5061 874 5132; x_wconf 85' lang='lat' dir='ltr'><strong>Igitur,</strong></span> <span class='ocrx_word' id='word_1_552' title='bbox 909 5061 1047 5132; x_wconf 89' lang='lat' dir='ltr'><strong>quia</strong></span> <span class='ocrx_word' id='word_1_553' title='bbox 1079 5062 1310 5132; x_wconf 90' lang='lat' dir='ltr'><strong>petistis</strong></span> <span class='ocrx_word' id='word_1_554' title='bbox 1335 5075 1367 5118; x_wconf 91' lang='lat' dir='ltr'><strong>a</strong></span> <span class='ocrx_word' id='word_1_555' title='bbox 1401 5061 1569 5119; x_wconf 91' lang='lat' dir='ltr'><strong>nobis</strong></span> <span class='ocrx_word' id='word_1_556' title='bbox 1599 5067 1884 5133; x_wconf 91' lang='lat' dir='ltr'><strong>quatenus</strong></span> 
     </span>
    </p>
   </div>
   <div class='ocr_carea' id='block_1_84' title="bbox 223 5149 1883 5223">
    <p class='ocr_par' dir='ltr' id='par_1_84' title="bbox 223 5149 1883 5223">
     <span class='ocr_line' id='line_1_84' title="bbox 223 5149 1883 5223; baseline 0.001 -16"><span class='ocrx_word' id='word_1_557' title='bbox 223 5166 293 5207; x_wconf 77' lang='lat' dir='ltr'><strong>ex</strong></span> <span class='ocrx_word' id='word_1_558' title='bbox 336 5154 534 5206; x_wconf 89' lang='lat' dir='ltr'><strong>nostra</strong></span> <span class='ocrx_word' id='word_1_559' title='bbox 580 5149 847 5221; x_wconf 85' lang='lat' dir='ltr'><strong>largitate</strong></span> <span class='ocrx_word' id='word_1_560' title='bbox 890 5156 1200 5223; x_wconf 89' lang='lat' dir='ltr'><strong>nostroque</strong></span> <span class='ocrx_word' id='word_1_561' title='bbox 1243 5151 1394 5208; x_wconf 90' lang='lat' dir='ltr'><strong>dono</strong></span> <span class='ocrx_word' id='word_1_562' title='bbox 1445 5151 1883 5210; x_wconf 87' lang='lat' dir='ltr'><strong>concederemus</strong></span> 
     </span>
    </p>
   </div>
   <div class='ocr_carea' id='block_1_85' title="bbox 225 5237 1887 5310">
    <p class='ocr_par' dir='ltr' id='par_1_85' title="bbox 225 5237 1887 5310">
     <span class='ocr_line' id='line_1_85' title="bbox 225 5237 1887 5310; baseline 0.002 -16"><span class='ocrx_word' id='word_1_563' title='bbox 225 5243 432 5296; x_wconf 69' lang='lat' dir='ltr'><strong>vestrae</strong></span> <span class='ocrx_word' id='word_1_564' title='bbox 473 5237 840 5310; x_wconf 89' lang='lat' dir='ltr'><strong>religiositati</strong></span> <span class='ocrx_word' id='word_1_565' title='bbox 877 5253 942 5294; x_wconf 89' lang='lat' dir='ltr'><strong>ac</strong></span> <span class='ocrx_word' id='word_1_566' title='bbox 974 5241 1318 5298; x_wconf 89' lang='lat' dir='ltr'><strong>monasterio</strong></span> <span class='ocrx_word' id='word_1_567' title='bbox 1359 5246 1543 5298; x_wconf 90' lang='lat' dir='ltr'><strong>vestro</strong></span> <span class='ocrx_word' id='word_1_568' title='bbox 1576 5241 1887 5298; x_wconf 88' lang='lat' dir='ltr'><strong>conﬁrma-</strong></span> 
     </span>
    </p>
   </div>
   <div class='ocr_carea' id='block_1_86' title="bbox 225 5329 1888 5401">
    <p class='ocr_par' dir='ltr' id='par_1_86' title="bbox 225 5329 1888 5401">
     <span class='ocr_line' id='line_1_86' title="bbox 225 5329 1888 5401; baseline 0.001 -16"><span class='ocrx_word' id='word_1_569' title='bbox 225 5330 447 5386; x_wconf 90' lang='lat' dir='ltr'><strong>tionem</strong></span> <span class='ocrx_word' id='word_1_570' title='bbox 470 5329 730 5385; x_wconf 89' lang='lat' dir='ltr'><strong>omnium</strong></span> <span class='ocrx_word' id='word_1_571' title='bbox 761 5329 1062 5401; x_wconf 90' lang='lat' dir='ltr'><strong>bonorum,</strong></span> <span class='ocrx_word' id='word_1_572' title='bbox 1098 5345 1222 5400; x_wconf 71' lang='lat' dir='ltr'><strong>quae</strong></span> <span class='ocrx_word' id='word_1_573' title='bbox 1252 5329 1420 5386; x_wconf 90' lang='lat' dir='ltr'><strong>habet</strong></span> <span class='ocrx_word' id='word_1_574' title='bbox 1445 5331 1610 5387; x_wconf 90' lang='lat' dir='ltr'><strong>modo</strong></span> <span class='ocrx_word' id='word_1_575' title='bbox 1631 5336 1686 5386; x_wconf 90' lang='lat' dir='ltr'><strong>et</strong></span> <span class='ocrx_word' id='word_1_576' title='bbox 1714 5331 1888 5386; x_wconf 91' lang='lat' dir='ltr'><strong>habi—</strong></span> 
     </span>
    </p>
   </div>
   <div class='ocr_carea' id='block_1_87' title="bbox 228 5416 1886 5490">
    <p class='ocr_par' dir='ltr' id='par_1_87' title="bbox 228 5416 1886 5490">
     <span class='ocr_line' id='line_1_87' title="bbox 228 5416 1886 5490; baseline 0.002 -17"><span class='ocrx_word' id='word_1_577' title='bbox 228 5422 426 5474; x_wconf 90' lang='lat' dir='ltr'><strong>turum</strong></span> <span class='ocrx_word' id='word_1_578' title='bbox 460 5420 549 5472; x_wconf 93' lang='lat' dir='ltr'><strong>est</strong></span> <span class='ocrx_word' id='word_1_579' title='bbox 579 5416 639 5472; x_wconf 92' lang='lat' dir='ltr'><strong>in</strong></span> <span class='ocrx_word' id='word_1_580' title='bbox 671 5421 1027 5490; x_wconf 90' lang='lat' dir='ltr'><strong>perpetuum,</strong></span> <span class='ocrx_word' id='word_1_581' title='bbox 1070 5418 1475 5474; x_wconf 90' lang='lat' dir='ltr'><strong>conﬁrmamus</strong></span> <span class='ocrx_word' id='word_1_582' title='bbox 1504 5422 1694 5474; x_wconf 89' lang='lat' dir='ltr'><strong>autem</strong></span> <span class='ocrx_word' id='word_1_583' title='bbox 1724 5418 1886 5476; x_wconf 91' lang='lat' dir='ltr'><strong>vobis</strong></span> 
     </span>
    </p>
   </div>
   <div class='ocr_carea' id='block_1_88' title="bbox 230 5506 1883 5578">
    <p class='ocr_par' dir='ltr' id='par_1_88' title="bbox 230 5506 1883 5578">
     <span class='ocr_line' id='line_1_88' title="bbox 230 5506 1883 5578; baseline 0.001 -16"><span class='ocrx_word' id='word_1_584' title='bbox 230 5506 561 5577; x_wconf 88' lang='lat' dir='ltr'><strong>vestrisque</strong></span> <span class='ocrx_word' id='word_1_585' title='bbox 609 5507 1041 5564; x_wconf 89' lang='lat' dir='ltr'><strong>successoribus</strong></span> <span class='ocrx_word' id='word_1_586' title='bbox 1080 5507 1323 5564; x_wconf 88' lang='lat' dir='ltr'><strong>fundum</strong></span> <span class='ocrx_word' id='word_1_587' title='bbox 1367 5506 1734 5578; x_wconf 89' lang='lat' dir='ltr'><strong>Acutianum,</strong></span> <span class='ocrx_word' id='word_1_588' title='bbox 1784 5508 1883 5564; x_wconf 91' lang='lat' dir='ltr'><strong>ubi</strong></span> 
     </span>
    </p>
   </div>
   <div class='ocr_carea' id='block_1_89' title="bbox 231 5595 1886 5669">
    <p class='ocr_par' dir='ltr' id='par_1_89' title="bbox 231 5595 1886 5669">
     <span class='ocr_line' id='line_1_89' title="bbox 231 5595 1886 5669; baseline 0.001 -17"><span class='ocrx_word' id='word_1_589' title='bbox 231 5597 426 5668; x_wconf 90' lang='lat' dir='ltr'><strong>ipsum</strong></span> <span class='ocrx_word' id='word_1_590' title='bbox 451 5595 863 5653; x_wconf 90' lang='lat' dir='ltr'><strong>monasterium</strong></span> <span class='ocrx_word' id='word_1_591' title='bbox 879 5596 1200 5655; x_wconf 87' lang='lat' dir='ltr'><strong>venerabile</strong></span> <span class='ocrx_word' id='word_1_592' title='bbox 1220 5601 1612 5654; x_wconf 89' lang='lat' dir='ltr'><strong>constructum</strong></span> <span class='ocrx_word' id='word_1_593' title='bbox 1631 5600 1737 5669; x_wconf 88' lang='lat' dir='ltr'><strong>est,</strong></span> <span class='ocrx_word' id='word_1_594' title='bbox 1757 5610 1886 5656; x_wconf 91' lang='lat' dir='ltr'><strong>cum</strong></span> 
     </span>
    </p>
   </div>
   <div class='ocr_carea' id='block_1_90' title="bbox 1984 4430 3630 4505">
    <p class='ocr_par' dir='ltr' id='par_1_90' title="bbox 1984 4430 3630 4505">
     <span class='ocr_line' id='line_1_90' title="bbox 1984 4430 3630 4505; baseline -0.002 -15"><span class='ocrx_word' id='word_1_595' title='bbox 1984 4435 2044 4489; x_wconf 93' lang='lat' dir='ltr'><strong>in</strong></span> <span class='ocrx_word' id='word_1_596' title='bbox 2067 4447 2180 4505; x_wconf 91' lang='lat' dir='ltr'><strong>quo</strong></span> <span class='ocrx_word' id='word_1_597' title='bbox 2204 4437 2290 4490; x_wconf 90' lang='lat' dir='ltr'><strong>est</strong></span> <span class='ocrx_word' id='word_1_598' title='bbox 2318 4433 2558 4488; x_wconf 90' lang='lat' dir='ltr'><strong>ecclesia</strong></span> <span class='ocrx_word' id='word_1_599' title='bbox 2588 4432 2769 4487; x_wconf 89' lang='lat' dir='ltr'><strong>sancti</strong></span> <span class='ocrx_word' id='word_1_600' title='bbox 2801 4432 3026 4502; x_wconf 86' lang='lat' dir='ltr'><strong>Donati,</strong></span> <span class='ocrx_word' id='word_1_601' title='bbox 3052 4430 3292 4488; x_wconf 89' lang='lat' dir='ltr'><strong>fundum</strong></span> <span class='ocrx_word' id='word_1_602' title='bbox 3327 4431 3630 4487; x_wconf 73' lang='lat' dir='ltr'><strong>Paternia—</strong></span> 
     </span>
    </p>
   </div>
   <div class='ocr_carea' id='block_1_91' title="bbox 1984 4519 3630 4594">
    <p class='ocr_par' dir='ltr' id='par_1_91' title="bbox 1984 4519 3630 4594">
     <span class='ocr_line' id='line_1_91' title="bbox 1984 4519 3630 4594; baseline -0.001 -16"><span class='ocrx_word' id='word_1_603' title='bbox 1984 4536 2132 4591; x_wconf 90' lang='lat' dir='ltr'><strong>nem,</strong></span> <span class='ocrx_word' id='word_1_604' title='bbox 2161 4521 2402 4579; x_wconf 83' lang='lat' dir='ltr'><strong>fundum</strong></span> <span class='ocrx_word' id='word_1_605' title='bbox 2434 4521 2804 4594; x_wconf 83' lang='lat' dir='ltr'><strong>Gignianum,</strong></span> <span class='ocrx_word' id='word_1_606' title='bbox 2828 4534 2895 4576; x_wconf 86' lang='lat' dir='ltr'><strong>ex</strong></span> <span class='ocrx_word' id='word_1_607' title='bbox 2917 4519 3094 4576; x_wconf 89' lang='lat' dir='ltr'><strong>fundo</strong></span> <span class='ocrx_word' id='word_1_608' title='bbox 3123 4521 3490 4576; x_wconf 90' lang='lat' dir='ltr'><strong>Scandiliano</strong></span> <span class='ocrx_word' id='word_1_609' title='bbox 3512 4534 3630 4577; x_wconf 90' lang='lat' dir='ltr'><strong>un—</strong></span> 
     </span>
    </p>
   </div>
   <div class='ocr_carea' id='block_1_92' title="bbox 1985 4609 3630 4682">
    <p class='ocr_par' dir='ltr' id='par_1_92' title="bbox 1985 4609 3630 4682">
     <span class='ocr_line' id='line_1_92' title="bbox 1985 4609 3630 4682; baseline -0.001 -13"><span class='ocrx_word' id='word_1_610' title='bbox 1985 4613 2105 4669; x_wconf 87' lang='lat' dir='ltr'><strong>cias</strong></span> <span class='ocrx_word' id='word_1_611' title='bbox 2122 4626 2198 4682; x_wconf 75' lang='lat' dir='ltr'><strong>1v,</strong></span> <span class='ocrx_word' id='word_1_612' title='bbox 2220 4611 2461 4668; x_wconf 89' lang='lat' dir='ltr'><strong>fundum</strong></span> <span class='ocrx_word' id='word_1_613' title='bbox 2481 4611 2787 4682; x_wconf 73' lang='lat' dir='ltr'><strong>Cryptulze,</strong></span> <span class='ocrx_word' id='word_1_614' title='bbox 2811 4609 3052 4667; x_wconf 87' lang='lat' dir='ltr'><strong>fundum</strong></span> <span class='ocrx_word' id='word_1_615' title='bbox 3075 4609 3506 4666; x_wconf 85' lang='lat' dir='ltr'><strong>Marcianellum</strong></span> <span class='ocrx_word' id='word_1_616' title='bbox 3529 4626 3630 4682; x_wconf 90' lang='lat' dir='ltr'><strong>per</strong></span> 
     </span>
    </p>
   </div>
   <div class='ocr_carea' id='block_1_93' title="bbox 1988 4698 3632 4771">
    <p class='ocr_par' dir='ltr' id='par_1_93' title="bbox 1988 4698 3632 4771">
     <span class='ocr_line' id='line_1_93' title="bbox 1988 4698 3632 4771; baseline -0.001 -13"><span class='ocrx_word' id='word_1_617' title='bbox 1988 4701 2192 4758; x_wconf 88' lang='lat' dir='ltr'><strong>uncias</strong></span> <span class='ocrx_word' id='word_1_618' title='bbox 2231 4713 2308 4771; x_wconf 79' lang='grc' dir='ltr'><strong>ιν,</strong></span> <span class='ocrx_word' id='word_1_619' title='bbox 2351 4698 2592 4755; x_wconf 87' lang='lat' dir='ltr'><strong>fundum</strong></span> <span class='ocrx_word' id='word_1_620' title='bbox 2635 4698 2977 4769; x_wconf 91' lang='lat' dir='ltr'><strong>Apicianum</strong></span> <span class='ocrx_word' id='word_1_621' title='bbox 3020 4699 3080 4754; x_wconf 91' lang='lat' dir='ltr'><strong>in</strong></span> <span class='ocrx_word' id='word_1_622' title='bbox 3121 4712 3233 4768; x_wconf 91' lang='lat' dir='ltr'><strong>quo</strong></span> <span class='ocrx_word' id='word_1_623' title='bbox 3270 4701 3358 4754; x_wconf 87' lang='lat' dir='ltr'><strong>est</strong></span> <span class='ocrx_word' id='word_1_624' title='bbox 3391 4699 3632 4757; x_wconf 89' lang='lat' dir='ltr'><strong>ecclesia</strong></span> 
     </span>
    </p>
   </div>
   <div class='ocr_carea' id='block_1_94' title="bbox 1990 4785 3628 4861">
    <p class='ocr_par' dir='ltr' id='par_1_94' title="bbox 1990 4785 3628 4861">
     <span class='ocr_line' id='line_1_94' title="bbox 1990 4785 3628 4861; baseline -0.001 -13"><span class='ocrx_word' id='word_1_625' title='bbox 1990 4791 2172 4848; x_wconf 89' lang='lat' dir='ltr'><strong>sancti</strong></span> <span class='ocrx_word' id='word_1_626' title='bbox 2187 4788 2493 4845; x_wconf 89' lang='lat' dir='ltr'><strong>Gordinari</strong></span> <span class='ocrx_word' id='word_1_627' title='bbox 2505 4830 2519 4858; x_wconf 95' lang='lat'><strong>,</strong></span> <span class='ocrx_word' id='word_1_628' title='bbox 2534 4786 2776 4844; x_wconf 86' lang='lat' dir='ltr'><strong>fundum</strong></span> <span class='ocrx_word' id='word_1_629' title='bbox 2789 4787 3176 4859; x_wconf 90' lang='lat' dir='ltr'><strong>Scaplianum,</strong></span> <span class='ocrx_word' id='word_1_630' title='bbox 3192 4785 3432 4845; x_wconf 86' lang='lat' dir='ltr'><strong>fundum</strong></span> <span class='ocrx_word' id='word_1_631' title='bbox 3445 4791 3628 4861; x_wconf 91' lang='lat' dir='ltr'><strong>Testa,</strong></span> 
     </span>
    </p>
   </div>
   <div class='ocr_carea' id='block_1_95' title="bbox 1993 4874 3633 4946">
    <p class='ocr_par' dir='ltr' id='par_1_95' title="bbox 1993 4874 3633 4946">
     <span class='ocr_line' id='line_1_95' title="bbox 1993 4874 3633 4946; baseline 0.001 -12"><span class='ocrx_word' id='word_1_632' title='bbox 1993 4878 2233 4936; x_wconf 85' lang='lat' dir='ltr'><strong>fundum</strong></span> <span class='ocrx_word' id='word_1_633' title='bbox 2258 4877 2532 4946; x_wconf 88' lang='lat' dir='ltr'><strong>Ceritum,</strong></span> <span class='ocrx_word' id='word_1_634' title='bbox 2563 4874 2805 4932; x_wconf 80' lang='lat' dir='ltr'><strong>fundum</strong></span> <span class='ocrx_word' id='word_1_635' title='bbox 2836 4877 3127 4946; x_wconf 90' lang='lat' dir='ltr'><strong>Alianum,</strong></span> <span class='ocrx_word' id='word_1_636' title='bbox 3162 4875 3405 4934; x_wconf 84' lang='lat' dir='ltr'><strong>fundum</strong></span> <span class='ocrx_word' id='word_1_637' title='bbox 3429 4879 3633 4936; x_wconf 86' lang='lat' dir='ltr'><strong>Turris</strong></span> 
     </span>
    </p>
   </div>
   <div class='ocr_carea' id='block_1_96' title="bbox 1992 4964 3634 5040">
    <p class='ocr_par' dir='ltr' id='par_1_96' title="bbox 1992 4964 3634 5040">
     <span class='ocr_line' id='line_1_96' title="bbox 1992 4964 3634 5040; baseline -0.001 -15"><span class='ocrx_word' id='word_1_638' title='bbox 1992 4969 2092 5026; x_wconf 90' lang='lat' dir='ltr'><strong>ubi</strong></span> <span class='ocrx_word' id='word_1_639' title='bbox 2109 4973 2194 5024; x_wconf 91' lang='lat' dir='ltr'><strong>est</strong></span> <span class='ocrx_word' id='word_1_640' title='bbox 2210 4967 2448 5023; x_wconf 89' lang='lat' dir='ltr'><strong>ecclesia</strong></span> <span class='ocrx_word' id='word_1_641' title='bbox 2466 4966 2650 5021; x_wconf 90' lang='lat' dir='ltr'><strong>sancti</strong></span> <span class='ocrx_word' id='word_1_642' title='bbox 2669 4966 2982 5036; x_wconf 89' lang='lat' dir='ltr'><strong>Laurentii,</strong></span> <span class='ocrx_word' id='word_1_643' title='bbox 3003 4981 3071 5021; x_wconf 85' lang='lat' dir='ltr'><strong>ex</strong></span> <span class='ocrx_word' id='word_1_644' title='bbox 3084 4964 3262 5022; x_wconf 91' lang='lat' dir='ltr'><strong>fundo</strong></span> <span class='ocrx_word' id='word_1_645' title='bbox 3286 4967 3634 5040; x_wconf 89' lang='lat' dir='ltr'><strong>Pendigiano</strong></span> 
     </span>
    </p>
   </div>
   <div class='ocr_carea' id='block_1_97' title="bbox 1992 5052 3630 5127">
    <p class='ocr_par' dir='ltr' id='par_1_97' title="bbox 1992 5052 3630 5127">
     <span class='ocr_line' id='line_1_97' title="bbox 1992 5052 3630 5127; baseline -0.002 -13"><span class='ocrx_word' id='word_1_646' title='bbox 1992 5058 2194 5114; x_wconf 91' lang='lat' dir='ltr'><strong>uncias</strong></span> <span class='ocrx_word' id='word_1_647' title='bbox 2207 5071 2270 5127; x_wconf 81' lang='grc' dir='ltr'>ιι,</span> <span class='ocrx_word' id='word_1_648' title='bbox 2287 5054 2528 5112; x_wconf 89' lang='lat' dir='ltr'><strong>fundum</strong></span> <span class='ocrx_word' id='word_1_649' title='bbox 2543 5054 2948 5124; x_wconf 66' lang='lat' dir='ltr'><strong>Cmsarianum,</strong></span> <span class='ocrx_word' id='word_1_650' title='bbox 2966 5052 3206 5110; x_wconf 87' lang='lat' dir='ltr'><strong>fundum</strong></span> <span class='ocrx_word' id='word_1_651' title='bbox 3222 5057 3630 5127; x_wconf 86' lang='lat' dir='ltr'><strong>Ventilianum,</strong></span> 
     </span>
    </p>
   </div>
   <div class='ocr_carea' id='block_1_98' title="bbox 1993 5145 3635 5214">
    <p class='ocr_par' dir='ltr' id='par_1_98' title="bbox 1993 5145 3635 5214">
     <span class='ocr_line' id='line_1_98' title="bbox 1993 5145 3635 5214; baseline -0.002 -10"><span class='ocrx_word' id='word_1_652' title='bbox 1993 5148 2234 5205; x_wconf 84' lang='lat' dir='ltr'><strong>fundum</strong></span> <span class='ocrx_word' id='word_1_653' title='bbox 2277 5146 2574 5203; x_wconf 88' lang='lat' dir='ltr'><strong>Fornicata</strong></span> <span class='ocrx_word' id='word_1_654' title='bbox 2605 5158 2733 5200; x_wconf 93' lang='lat' dir='ltr'><strong>cum</strong></span> <span class='ocrx_word' id='word_1_655' title='bbox 2778 5145 3014 5214; x_wconf 90' lang='lat' dir='ltr'><strong>trajecto</strong></span> <span class='ocrx_word' id='word_1_656' title='bbox 3049 5158 3152 5201; x_wconf 92' lang='lat' dir='ltr'><strong>suo</strong></span> <span class='ocrx_word' id='word_1_657' title='bbox 3192 5160 3292 5202; x_wconf 89' lang='lat' dir='ltr'><strong>seu</strong></span> <span class='ocrx_word' id='word_1_658' title='bbox 3321 5147 3543 5204; x_wconf 89' lang='lat' dir='ltr'><strong>Gualdo</strong></span> <span class='ocrx_word' id='word_1_659' title='bbox 3576 5147 3635 5207; x_wconf 88' lang='lat' dir='ltr'><strong>in</strong></span> 
     </span>
    </p>
   </div>
   <div class='ocr_carea' id='block_1_99' title="bbox 1996 5233 3637 5311">
    <p class='ocr_par' dir='ltr' id='par_1_99' title="bbox 1996 5233 3637 5311">
     <span class='ocr_line' id='line_1_99' title="bbox 1996 5233 3637 5311; baseline -0.003 -17"><span class='ocrx_word' id='word_1_660' title='bbox 1996 5239 2282 5311; x_wconf 89' lang='lat' dir='ltr'><strong>integrum</strong></span> <span class='ocrx_word' id='word_1_661' title='bbox 2305 5234 2748 5307; x_wconf 86' lang='lat' dir='ltr'><strong>pertinentibus,</strong></span> <span class='ocrx_word' id='word_1_662' title='bbox 2772 5247 2838 5290; x_wconf 85' lang='lat' dir='ltr'><strong>ex</strong></span> <span class='ocrx_word' id='word_1_663' title='bbox 2861 5233 3040 5290; x_wconf 90' lang='lat' dir='ltr'><strong>fundo</strong></span> <span class='ocrx_word' id='word_1_664' title='bbox 3061 5236 3496 5292; x_wconf 89' lang='lat' dir='ltr'><strong>Germaniciano</strong></span> <span class='ocrx_word' id='word_1_665' title='bbox 3519 5248 3637 5290; x_wconf 91' lang='lat' dir='ltr'><strong>un—</strong></span> 
     </span>
    </p>
   </div>
   <div class='ocr_carea' id='block_1_100' title="bbox 1994 5323 3636 5392">
    <p class='ocr_par' dir='ltr' id='par_1_100' title="bbox 1994 5323 3636 5392">
     <span class='ocr_line' id='line_1_100' title="bbox 1994 5323 3636 5392; baseline -0.003 -9"><span class='ocrx_word' id='word_1_666' title='bbox 1994 5328 2116 5383; x_wconf 90' lang='lat' dir='ltr'><strong>cias</strong></span> <span class='ocrx_word' id='word_1_667' title='bbox 2146 5342 2204 5382; x_wconf 77' lang='lat' dir='ltr'><strong>1x</strong></span> <span class='ocrx_word' id='word_1_668' title='bbox 2235 5326 2330 5384; x_wconf 92' lang='lat' dir='ltr'><strong>ubi</strong></span> <span class='ocrx_word' id='word_1_669' title='bbox 2358 5330 2445 5382; x_wconf 89' lang='lat' dir='ltr'><strong>est</strong></span> <span class='ocrx_word' id='word_1_670' title='bbox 2469 5323 2710 5381; x_wconf 87' lang='lat' dir='ltr'><strong>ecclesia</strong></span> <span class='ocrx_word' id='word_1_671' title='bbox 2740 5325 2922 5380; x_wconf 88' lang='lat' dir='ltr'><strong>sancti</strong></span> <span class='ocrx_word' id='word_1_672' title='bbox 2964 5325 3138 5392; x_wconf 87' lang='lat' dir='ltr'><strong>Petri,</strong></span> <span class='ocrx_word' id='word_1_673' title='bbox 3178 5324 3416 5381; x_wconf 88' lang='lat' dir='ltr'><strong>fundum</strong></span> <span class='ocrx_word' id='word_1_674' title='bbox 3447 5324 3636 5378; x_wconf 86' lang='lat' dir='ltr'><strong>Musi—</strong></span> 
     </span>
    </p>
   </div>
   <div class='ocr_carea' id='block_1_101' title="bbox 1997 5414 3684 5490">
    <p class='ocr_par' dir='ltr' id='par_1_101' title="bbox 1997 5414 3684 5490">
     <span class='ocr_line' id='line_1_101' title="bbox 1997 5414 3684 5490; baseline -0.005 -16"><span class='ocrx_word' id='word_1_675' title='bbox 1997 5417 2170 5490; x_wconf 89' lang='lat' dir='ltr'><strong>leum,</strong></span> <span class='ocrx_word' id='word_1_676' title='bbox 2202 5415 2444 5473; x_wconf 85' lang='lat' dir='ltr'><strong>fundum</strong></span> <span class='ocrx_word' id='word_1_677' title='bbox 2480 5416 2838 5488; x_wconf 92' lang='lat' dir='ltr'><strong>Cassianum,</strong></span> <span class='ocrx_word' id='word_1_678' title='bbox 2879 5429 2947 5471; x_wconf 87' lang='lat' dir='ltr'><strong>ex</strong></span> <span class='ocrx_word' id='word_1_679' title='bbox 2979 5414 3156 5472; x_wconf 82' lang='lat' dir='ltr'><strong>fundo</strong></span> <span class='ocrx_word' id='word_1_680' title='bbox 3184 5415 3491 5470; x_wconf 88' lang='lat' dir='ltr'><strong>Averriano</strong></span> <span class='ocrx_word' id='word_1_681' title='bbox 3519 5426 3636 5467; x_wconf 93' lang='lat' dir='ltr'><strong>un-</strong></span> <span class='ocrx_word' id='word_1_682' title='bbox 3681 5434 3684 5436; x_wconf 58' lang='grc' dir='ltr'><strong><em>τ</em></strong></span> 
     </span>
    </p>
   </div>
   <div class='ocr_carea' id='block_1_102' title="bbox 1997 5502 3630 5579">
    <p class='ocr_par' dir='ltr' id='par_1_102' title="bbox 1997 5502 3630 5579">
     <span class='ocr_line' id='line_1_102' title="bbox 1997 5502 3630 5579; baseline -0.004 -17"><span class='ocrx_word' id='word_1_683' title='bbox 1997 5508 2117 5564; x_wconf 86' lang='lat' dir='ltr'><strong>cias</strong></span> <span class='ocrx_word' id='word_1_684' title='bbox 2158 5520 2238 5579; x_wconf 79' lang='lat' dir='ltr'><strong>v1,</strong></span> <span class='ocrx_word' id='word_1_685' title='bbox 2290 5505 2532 5562; x_wconf 88' lang='lat' dir='ltr'><strong>fundum</strong></span> <span class='ocrx_word' id='word_1_686' title='bbox 2585 5506 2869 5576; x_wconf 88' lang='lat' dir='ltr'><strong>Casulam,</strong></span> <span class='ocrx_word' id='word_1_687' title='bbox 2930 5504 3165 5561; x_wconf 84' lang='lat' dir='ltr'><strong>fundum</strong></span> <span class='ocrx_word' id='word_1_688' title='bbox 3223 5502 3630 5573; x_wconf 80' lang='lat' dir='ltr'><strong>Lavanianum,</strong></span> 
     </span>
    </p>
   </div>
   <div class='ocr_carea' id='block_1_103' title="bbox 1997 5586 3632 5667">
    <p class='ocr_par' dir='ltr' id='par_1_103' title="bbox 1997 5586 3632 5667">
     <span class='ocr_line' id='line_1_103' title="bbox 1997 5586 3632 5667; baseline -0.004 -14"><span class='ocrx_word' id='word_1_689' title='bbox 1997 5595 2238 5654; x_wconf 78' lang='lat' dir='ltr'><strong>fundum</strong></span> <span class='ocrx_word' id='word_1_690' title='bbox 2259 5596 2679 5667; x_wconf 83' lang='lat' dir='ltr'><strong>Marciliauum,</strong></span> <span class='ocrx_word' id='word_1_691' title='bbox 2700 5593 2939 5652; x_wconf 91' lang='lat' dir='ltr'><strong>fundum</strong></span> <span class='ocrx_word' id='word_1_692' title='bbox 2958 5593 3363 5658; x_wconf 81' lang='lat' dir='ltr'><strong>Monatianum,</strong></span> <span class='ocrx_word' id='word_1_693' title='bbox 3390 5586 3632 5648; x_wconf 85' lang='lat' dir='ltr'><strong>fundum</strong></span> 
     </span>
    </p>
   </div>
  </div>
