4068 6178
391 297 500 356 9Ἰ5

1004 296 1295 353 APPEND.
1338 296 1431 351 AD
1467 295 1628 353 SEC.
1673 295 1774 352 IX.
1803 325 1876 340 —
1903 295 2231 352 SUPPLEM.
2273 296 2366 352 AD
2402 294 2684 352 SCRIPTA
2721 293 2984 350 PONTIF.
3029 294 3197 352 ROM.

3699 295 3805 354 9’76

389 420 773 490 Fisinianum,
805 418 1047 477 fundum
1084 420 1422 490 Canianum,
1457 417 1697 475 fundum
1731 417 2040 474 Lurisnia—
2063 419 2121 478 A
2151 422 2251 474 sta:
2270 418 2568 488 Anatoliac,
2595 433 2662 474 ex
2691 417 2868 475 fundo
2899 418 3207 475 Feclinula:
3239 419 3441 474 uncias
3470 433 3551 489 γι,
3586 418 3690 474 ubi
3723 425 3809 476 est

392 525 547 581 num,
581 508 820 566 fundum
874 509 1301 580 Balburianum,
1352 522 1422 564 ex
1471 506 1648 564 fundo
1694 505 2039 563 Classicellae

391 599 589 656 uncias
621 612 685 654 ιιι
712 597 808 654 ubi
835 602 922 654 est
945 597 1185 654 ecclesia
1211 598 1393 654 sancti
1423 597 1596 667 Petri,
1620 610 1688 652 ex
1714 593 1893 651 fundo
1922 595 2044 650 Fu-

391 687 612 744 liniano
629 687 826 744 uncias
841 701 920 758 γι,
934 701 1004 743 ex
1015 685 1193 744 fundo
1205 686 1452 759 Rigiano
1471 685 1672 742 uncias
1689 698 1767 755 γι,
1782 697 1850 740 ex
1863 682 2044 740 fundo

390 776 726 834 Pontianolo
758 777 961 833 uncias
981 791 1060 848 γι,
1094 775 1338 833 fundum
1367 775 1748 846 Perticatulae,
1777 788 1845 830 ex
1866 773 2046 830 fundo

391 865 667 923 Auriﬁcis
707 867 908 923 uncias
947 879 1026 938 γι,
1065 863 1308 922 fundum
1351 865 1727 934 Pacilianum,
1770 877 1840 920 ex
1869 861 2048 920 fundo

393 955 634 1012 Casiano
673 955 876 1012 uncias
919 968 998 1027 γι,
1042 955 1101 1011 in
1138 969 1252 1026 quo
1285 958 1372 1012 est
1409 953 1649 1011 ecclesia
1697 957 1907 1010 sancta
1944 953 2054 1010 Ju-

403 1052 522 1108 stae.
565 1042 807 1102 fundum
848 1044 1178 1115 Melianum,
1214 1045 1274 1100 in
1305 1057 1419 1116 quo
1449 1048 1537 1100 est
1565 1041 1808 1100 ecclesia
1844 1045 2055 1098 sanctae

407 1135 694 1206 Eugeniaa,
717 1149 786 1191 ex
812 1133 989 1191 fundo
1014 1134 1293 1204 Figniano
1323 1133 1524 1190 uncias
1546 1146 1632 1204 ιιι,
1660 1145 1728 1188 ex
1755 1130 1932 1188 fundo
1955 1131 2059 1186 Ci-

413 1223 683 1280 sternula:
707 1223 907 1280 uncias
932 1236 1057 1294 γιιι,
1081 1237 1149 1278 ex
1175 1221 1352 1278 fundo
1377 1220 1624 1278 Occiano
1651 1220 1853 1276 uncias
1882 1233 1984 1292 γιι,
2005 1222 2062 1276 et

417 1313 611 1383 semis,
645 1311 886 1369 fundum
917 1311 1217 1382 Olivolam,
1251 1311 1492 1367 fundum
1525 1309 1965 1380 Pontianellum,
1994 1324 2064 1365 ex

417 1402 595 1459 fundo
616 1401 811 1458 Ursuli
832 1401 1033 1457 uncias
1053 1415 1111 1456 ιιι
1130 1405 1186 1456 et
1206 1399 1512 1470 scrupulos
1532 1413 1619 1470 ιιι,
1642 1399 1777 1454 item
1795 1413 1862 1454 ex
1884 1396 2064 1455 fundo

418 1491 649 1548 Bussuli
675 1491 902 1547 unciam
926 1503 1116 1560 unam,
1145 1503 1212 1544 ex
1236 1487 1414 1544 fundo
1439 1487 1736 1545 Macerulte
1758 1487 1961 1543 uncias
1983 1501 2063 1558 γι,

417 1596 486 1638 ex
507 1579 685 1636 fundo
708 1579 932 1636 Rutiani
957 1578 1158 1634 uncias
1184 1592 1270 1649 ιιι,
1292 1578 1352 1634 in
1378 1591 1491 1648 quo
1511 1583 1597 1633 est
1615 1577 1857 1633 ecclesia
1877 1577 2062 1632 sancti

417 1669 713 1740 Stephani,
759 1682 828 1724 ex
871 1666 1049 1723 fundo
1088 1666 1386 1724 Macerula‘.
1427 1666 1629 1724 uncias
1669 1679 1746 1737 ιγ,
1789 1681 1857 1722 ex
1886 1665 2065 1723 fundo

2151 507 2390 562 ecclesia
2410 510 2618 563 sanctae
2641 507 2927 576 Victoriae,
2952 521 3020 564 ex
3042 506 3220 564 fundo
3241 509 3480 566 Paterno
3504 509 3715 566 uncias
3730 523 3805 581 vt,

2158 594 2256 650 ubi
2287 600 2374 651 est
2402 595 2641 652 ecclesia
2669 596 2852 652 sancti
2893 595 3200 666 Victorini,
3241 611 3309 653 ex
3341 596 3523 654 fundo
3553 597 3810 655 Salliano

2157 683 2358 740 uncias
2387 698 2473 755 ιιι,
2509 683 2607 740 ubi
2633 689 2722 742 est
2745 685 2982 742 ecclesia
3014 686 3198 742 sancti
3231 687 3465 743 Martini
3495 701 3605 759 ;ex
3631 686 3812 744 fundo

2153 771 2452 829 Curiliano
2485 774 2686 829 uncias
2714 787 2801 845 ιιι,
2835 772 3078 830 fundum
3115 775 3444 847 Forianum,
3482 776 3544 832 in
3578 790 3699 846 quo
3729 780 3814 832 est

2158 859 2400 919 ecclesia
2423 863 2607 918 sancti
2628 862 2880 920 Tolomei
2901 881 2916 935 ς
2936 877 3004 920 ex
3025 862 3205 921 fundo
3228 865 3466 921 Jusiano
3491 865 3704 921 uncias
3726 879 3811 934 ιιι,

2159 961 2229 1005 ex
2259 947 2435 1008 fundo
2470 949 2734 1008 Aciliano
2775 951 2960 1008 unciae
2989 952 3182 1009 semis.
3215 953 3326 1009 Seu
3354 957 3411 1010 et
3453 953 3816 1010 medietatem

2162 1037 2234 1095 de
2269 1039 2510 1110 Gualdo,
2555 1041 2655 1112 qui
2693 1041 2913 1099 dicitur
2950 1044 3216 1113 Laurus;
3249 1047 3304 1098 et
3345 1042 3714 1100 medietatem
3752 1043 3819 1098 de

2167 1128 2428 1200 portione
2452 1129 2678 1186 Probati
2704 1129 2952 1186 Castaldi
2979 1149 2993 1202 ;
3017 1145 3085 1187 ex
3115 1130 3292 1189 fundo
3317 1133 3559 1188 Paterno
3587 1133 3817 1188 unciam

2171 1231 2340 1276 unam
2366 1223 2422 1274 et
2451 1218 2660 1288 semis;
2693 1231 2760 1274 ex
2791 1217 2968 1275 fundo
2997 1220 3295 1276 Valeriano
3320 1221 3510 1277 unciae
3531 1221 3735 1292 semis,
3764 1221 3822 1278 in

2172 1322 2284 1379 quo
2312 1312 2399 1365 est
2424 1308 2665 1364 ecclesia
2707 1308 2887 1364 sancti
2920 1308 3150 1364 Martini
3180 1327 3195 1379 ;
3221 1323 3289 1366 ex
3321 1308 3502 1366 fundo
3539 1311 3825 1366 Corviano

2175 1398 2377 1455 uncias
2397 1411 2476 1470 γι,
2499 1397 2600 1454 ubi
2622 1403 2706 1454 est
2731 1397 2970 1454 ecclesia
2989 1399 3171 1454 sancti
3194 1399 3480 1455 Pancratii
3508 1417 3524 1468 ;
3547 1413 3617 1456 ex
3645 1397 3829 1456 fundo

2175 1487 2421 1558 Bagiano
2463 1492 2669 1542 terram
2720 1487 3040 1543 modiorum
3084 1501 3165 1560 γι,
3209 1501 3278 1544 ex
3323 1487 3500 1544 fundo
3540 1489 3831 1546 Vorriano

2177 1575 2404 1632 unciam
2437 1588 2604 1632 unam
2627 1580 2683 1632 et
2705 1575 2878 1632 semis
2909 1590 3016 1647 gex
3045 1575 3224 1633 fundo
3256 1577 3564 1649 Lavigiano
3592 1579 3832 1634 unciam

2177 1677 2347 1720 unam
2393 1667 2450 1720 et
2485 1665 2660 1721 semis
2699 1682 2714 1734 ;
2757 1679 2826 1720 ex
2873 1663 3052 1721 fundo
3093 1665 3308 1722 Vicarii
3355 1667 3562 1724 uncias
3608 1682 3673 1723 ιιι
3712 1686 3729 1737 ;
3765 1682 3837 1724 ex

417 1759 676 1816 Cassiani
711 1757 939 1814 unciam
971 1769 1164 1828 unam,
1195 1770 1265 1812 ex
1295 1755 1472 1812 fundo
1499 1755 1798 1826 Rapiciani
1834 1756 2062 1812 unciam
2091 1760 2145 1822 Β
2177 1753 2353 1810 fundo
2373 1753 2654 1810 Acutiano
2675 1754 2878 1810 uncias
2900 1768 3024 1826 γιιι,
3051 1755 3110 1811 in
3133 1769 3246 1826 quo
3265 1762 3351 1812 est
3369 1757 3616 1812 ecclesia
3637 1759 3836 1814 sancti

422 1863 594 1906 unam
615 1852 672 1904 et
691 1846 883 1916 semis,
909 1859 978 1902 ex
1001 1844 1177 1902 fundo
1201 1845 1460 1901 Mediana
1486 1845 1688 1901 uncias
1709 1859 1771 1911 ιι,
1795 1859 1864 1900 ex
1889 1843 2066 1900 fundo

419 1938 695 1995 Marciani
728 1937 930 1992 uncias
960 1949 1000 1991 ιι
1032 1941 1088 1992 et
1115 1934 1309 2006 semis,
1348 1933 1448 1990 ubi
1487 1939 1574 1990 est
1609 1934 1850 1990 ecclesia
1881 1933 2064 1990 sancti

422 2027 728 2098 Victorini,
751 2040 818 2082 ex
840 2024 1018 2082 fundo
1048 2025 1212 2080 Prata
1239 2023 1442 2079 uncias
1467 2037 1554 2094 ιιι,
1587 2037 1655 2080 ex
1681 2022 1858 2080 fundo
1882 2023 2070 2095 Arga-

422 2117 587 2174 siano
608 2117 811 2173 uncias
835 2129 914 2184 ιγ,
936 2128 1005 2170 ex
1024 2111 1203 2170 fundo
1221 2113 1534 2170 Catoniano
1563 2113 1764 2169 uncias
1785 2125 1848 2183 ιι,
1873 2112 1933 2168 in
1957 2125 2070 2183 quo

421 2215 508 2265 est
549 2207 790 2264 ecclesia
833 2210 1042 2262 sanctae
1080 2203 1324 2274 Sabinae,
1368 2216 1437 2258 ex
1477 2201 1654 2260 fundo
1695 2203 1912 2260 Arsura
1955 2217 2074 2259 un-

423 2299 545 2355 cias
575 2311 656 2370 ιγ,
691 2310 759 2354 ex
788 2295 966 2352 fundo
1004 2294 1253 2366 Agellari
1286 2293 1489 2350 uncias
1519 2307 1582 2366 ιι,
1614 2307 1683 2349 ex
1712 2291 1890 2350 fundo
1911 2293 2076 2349 Lati-

425 2391 601 2447 niano
619 2387 822 2444 uncias
841 2399 904 2452 ιι,
923 2398 991 2440 ex
1009 2381 1186 2440 fundo
1203 2382 1482 2440 Altariolo
1499 2383 1702 2439 uncias
1722 2392 1786 2455 ιι,
1809 2396 1877 2438 ex
1896 2381 2073 2440 fundo

423 2477 741 2550 Argasiano
771 2480 886 2531 tres
926 2478 1114 2544 partes
1137 2473 1207 2528 de
1238 2472 1431 2544 uncia,
1462 2486 1530 2527 ex
1556 2470 1733 2528 fundo
1773 2472 2073 2529 Petiniano

430 2566 632 2624 uncias
653 2579 714 2635 ιι,
746 2577 815 2620 ex
840 2562 1017 2619 fundo
1041 2561 1314 2632 Paptiano
1341 2560 1543 2616 uncias
1564 2574 1642 2630 ιγ,
1665 2574 1734 2616 ex
1755 2559 1932 2616 fundo
1951 2562 2074 2617 Do-

427 2655 669 2710 mitiano
685 2652 887 2709 uncias
904 2664 980 2721 ιγ,
1002 2651 1060 2707 in
1081 2665 1193 2721 quo
1209 2654 1295 2705 est
1310 2648 1550 2705 ecclesia
1566 2649 1750 2706 sancti
1771 2649 2066 2720 Stephani,

427 2757 496 2799 ex
521 2741 699 2798 fundo
736 2739 1072 2810 Cispiniano
1107 2739 1308 2795 uncias
1345 2752 1431 2806 ιιι,
1467 2751 1535 2794 ex
1572 2737 1749 2794 fundo
1782 2739 2068 2795 Cisiniani

428 2833 630 2890 uncias
651 2845 729 2902 ιχ,
757 2830 815 2885 in
839 2842 951 2900 quo
975 2834 1112 2884 sunt
1131 2827 1386 2884 ecclesia
1412 2833 1621 2884 sanctae
1642 2829 1833 2884 Mariae
1853 2834 1908 2884 et
1929 2844 2072 2886 san-—

423 2923 503 2980 cti
529 2919 810 2991 Silvestri,
839 2933 907 2975 ex
937 2916 1114 2974 fundo
1141 2918 1458 2974 Lacaniano
1489 2918 1717 2974 unciam
1746 2932 1937 2991 unam,
1969 2919 2068 2976 ubi

422 3017 511 3072 est
534 3010 774 3068 ecclesia
801 3007 981 3064 sancti
1015 3007 1187 3078 Petri,
1215 3019 1283 3062 ex
1303 3005 1480 3063 fundo
1505 3008 1751 3079 Begiano
1777 3009 1979 3065 uncias
2005 3025 2069 3081 ιι,

2174 1842 2458 1913 Gregorii.
2501 1841 2760 1898 Fundum
2801 1843 3175 1914 Montianum,
3212 1843 3272 1898 in
3309 1858 3422 1914 quo
3456 1849 3545 1901 est
3582 1846 3841 1902 ecclesia

2176 1930 2358 1987 sancti
2374 1928 2574 2001 Angeli
2592 1947 2607 2000 ;
2623 1928 2863 1986 fundum
2880 1930 3185 1987 Farianum
3200 1949 3215 2003 ;
3233 1930 3476 1988 fundum
3495 1935 3838 2008 Paternum,

2179 2019 2429 2091 positum
2452 2018 2511 2074 in
2539 2020 2802 2090 Variano,
2823 2027 2878 2075 et
2906 2019 2964 2075 in
2994 2019 3298 2091 Tulliano;
3322 2019 3564 2078 fundum
3594 2023 3847 2080 Jussia—

2180 2123 2316 2167 num
2335 2109 2395 2164 in
2418 2109 2722 2181 integrum.
2745 2109 2826 2165 Ex
2845 2107 3024 2166 fundo
3038 2108 3223 2181 Agelli
3243 2110 3446 2167 uncias
3466 2124 3527 2166 Ix
3545 2129 3560 2182 ;
3581 2110 3843 2169 fundum

2179 2198 2538 2271 Sensianum,
2593 2200 2653 2258 in
2697 2213 2810 2270 quo
2857 2203 2944 2256 est
2989 2199 3230 2257 ecclesia
3277 2201 3460 2257 sancti
3502 2201 3792 2272 Anthymi
3828 2221 3843 2274 ;

2184 2289 2424 2348 fundum
2459 2288 2741 2360 Privatis;
2775 2287 3015 2346 fundum
3043 2289 3426 2346 Albucianum
3464 2304 3597 2346 cum
3622 2304 3851 2362 appen-

2181 2379 2413 2436 dicibus
2442 2379 2585 2436 suis.
2610 2377 2896 2434 Gualdum
2920 2377 3158 2434 Tancies
3179 2379 3238 2434 in
3263 2378 3547 2450 integrum
3580 2393 3680 2450 per
3708 2379 3849 2437 loca

2179 2469 2498 2542 designata,
2531 2470 2684 2525 sicut
2705 2468 2978 2540 primitus
3001 2468 3072 2524 ab
3095 2469 3220 2539 ipso
3244 2469 3587 2526 monasterio
3610 2484 3853 2540 posses-

2181 2573 2306 2616 sum
2336 2563 2440 2615 est.
2473 2558 2734 2616 Fundum
2773 2558 3167 2615 Findilianum
3209 2559 3410 2614 uncias
3441 2572 3502 2630 ιι,
3536 2573 3605 2614 ex
3639 2557 3848 2617 fundo

2180 2647 2437 2706 Passiani
2467 2648 2668 2704 uncias
2691 2661 2770 2719 γι,
2794 2661 2863 2704 ex
2886 2646 3063 2704 fundo
3091 2647 3393 2704 Antariani
3424 2648 3624 2705 uncias
3654 2663 3747 2719 γι,
3776 2664 3854 2706 ex

2179 2738 2357 2796 fundo
2379 2738 2750 2794 CasarSurdae
2773 2738 2974 2794 uncias
2995 2752 3056 2809 ιι,
3082 2752 3149 2794 ex
3176 2737 3354 2794 fundo
3373 2737 3685 2795 Terviliani
3717 2755 3855 2796 un-

2179 2829 2299 2886 cias
2328 2843 2405 2891 γι,
2434 2843 2503 2884 ex
2536 2827 2714 2884 fundo
2741 2828 3182 2884 Casa—Candida:
3209 2828 3410 2884 uncias
3434 2843 3511 2900 γι,
3543 2842 3614 2884 ex
3644 2828 3854 2888 fundo

2181 2918 2424 2974 Polliani
2471 2917 2672 2974 uncias
2709 2931 2786 2989 γι,
2826 2931 2895 2973 ex
2936 2915 3115 2972 fundo
3152 2917 3344 2986 Baiani
3391 2918 3589 2974 uncias
3632 2931 3724 2989 γι,
3777 2934 3854 2976 ex

2182 3007 2360 3065 fundo
2394 3008 2684 3064 Betusiani
2726 3008 2926 3064 uncias
2955 3021 3033 3079 γι,
3061 3021 3129 3063 ex
3159 3006 3337 3064 fundo
3365 3007 3673 3064 Serviliani
3712 3024 3855 3066 un-

423 3118 493 3160 ex
511 3100 688 3158 fundo
703 3098 974 3169 Cipriano
993 3096 1221 3153 unciam
1240 3109 1432 3168 unam,
1454 3095 1676 3168 ubi,est
1690 3097 2070 3155 ecclesiasan-
2097 3086 2146 3150 Ο
2179 3098 2300 3154 cias
2335 3094 2412 3168 ιγ,
2439 3111 2509 3153 ex
2544 3096 2722 3154 fundo
2761 3097 3006 3153 Mussini
3039 3097 3240 3154 uncias
3269 3111 3369 3170 γιι,
3403 3112 3468 3154 ex
3499 3096 3681 3154 fundo
3725 3100 3854 3157 Se-

423 3193 501 3250 cti
539 3188 856 3260 Calistrati,
894 3201 963 3244 ex
997 3185 1175 3243 fundo
1213 3183 1469 3256 Belgiani
1507 3187 1737 3242 unciam
1780 3201 1972 3258 unam,
2015 3192 2072 3245 et
2181 3187 2341 3243 riola:
2360 3188 2665 3259 unciastu,
2689 3201 2757 3242 ex
2779 3185 2954 3244 fundo
2973 3187 3212 3243 Mariani
3239 3187 3438 3244 uncias
3453 3201 3530 3258 γι,
3551 3201 3623 3244 ex
3645 3187 3857 3246 fundo

421 3282 617 3354 semis,
649 3278 890 3337 fundum
917 3276 1288 3348 Catilianum,
1322 3274 1564 3333 fundum
1593 3277 1898 3350 Cryptulae,
1929 3277 2072 3334 fun-
2176 3276 2483 3334 Serviliani
2512 3277 2933 3348 portiunculam
2959 3291 3127 3334 unam
3148 3296 3162 3349 ;
3183 3292 3249 3334 ex
3271 3277 3448 3334 fundo
3465 3277 3686 3334 Sisiani
3717 3293 3858 3336 un-

423 3373 562 3429 dum
609 3369 1059 3440 Montanianum,
1103 3366 1345 3425 fundum
1385 3368 1686 3424 Retianum
1731 3367 1789 3423 in
1841 3381 1954 3440 quo
1983 3372 2069 3426 est
2177 3368 2298 3424 cias
2326 3381 2424 3440 vn,
2457 3382 2524 3424 ex
2554 3367 2731 3424 fundo
2755 3367 3045 3426 Catiniani
3077 3367 3304 3424 unciam
3333 3381 3522 3438 unam,
3544 3381 3616 3422 ex
3645 3365 3854 3426 fundo

420 3460 663 3518 ecclesia
713 3459 898 3516 sancti
945 3457 1220 3520 Abundii.
1262 3471 1330 3513 ex
1369 3455 1548 3514 fundo
1595 3457 1906 3512 Lamniano
1950 3471 2066 3514 un-
2176 3457 2306 3514 Gaii
2339 3459 2582 3515 mediam
2613 3459 2863 3529 unciam,
2895 3473 2965 3515 ex
2999 3455 3177 3516 fundo
3203 3457 3470 3514 Turriani
3502 3457 3721 3514 uncias
3761 3473 3851 3532 xx,

419 3551 540 3608 cias
569 3564 657 3621 ιιι,
690 3547 931 3606 fundum
961 3548 1276 3604 Turianum
1311 3547 1369 3602 in
1401 3561 1515 3618 quo
1540 3550 1625 3603 est
1653 3546 1896 3602 ecclesia
1925 3559 2070 3602 san-
2175 3562 2244 3607 ex
2278 3546 2457 3606 fundo
2495 3549 2698 3605 Barani
2735 3548 2937 3605 uncias
2961 3561 3043 3621 ιιι,
3082 3561 3151 3604 ex
3192 3546 3370 3604 fundo
3399 3545 3678 3604 Salisiani
3713 3563 3855 3605 un-

419 3646 524 3697 ctae
552 3640 763 3707 Mariae,
798 3637 1039 3696 fundum
1069 3635 1424 3705 Morianulaa,
1467 3634 1709 3692 fundum
1741 3635 2064 3691 Follianum
2174 3641 2344 3711 ciam,
2376 3653 2445 3695 ex
2473 3636 2652 3695 fundo
2678 3637 2926 3709 Bastani,
2962 3637 3062 3696 ubi
3084 3641 3170 3694 est
3195 3637 3434 3694 ecclesia
3459 3640 3674 3693 sancta:
3703 3637 3854 3694 Ma-

419 3730 479 3785 in
523 3743 634 3800 quo
665 3733 751 3784 est
791 3726 1031 3784 ecclesia
1067 3725 1249 3782 sancti
1279 3725 1501 3797 Sabini,
1535 3739 1605 3780 ex
1643 3723 1821 3780 fundo
1855 3726 2066 3781 Monu—
2175 3729 2294 3786 riae.
2316 3728 2576 3785 Fundum
2593 3727 3037 3798 Corbonianum,
3062 3726 3304 3784 fundum
3327 3727 3707 3797 Luccianum,
3733 3727 3850 3784 ubi

420 3817 596 3872 menti
648 3815 792 3886 Cupi
841 3815 1046 3871 uncias
1099 3827 1185 3882 ιιι,
1243 3811 1483 3869 fundum
1536 3812 1947 3884 Tervilianum,
1996 3828 2065 3870 ex
2173 3823 2261 3876 est
2285 3818 2490 3875 domus
2518 3817 2674 3874 culta
2707 3818 2765 3873 in
2796 3818 3103 3890 integrum.
3146 3819 3228 3874 Ex
3254 3814 3431 3874 fundo
3467 3815 3676 3871 Ariani
3713 3832 3853 3874 un-

419 3905 597 3961 fundo
621 3903 954 3959 Praetoriolo
984 3902 1186 3958 uncias
1207 3915 1295 3973 lii,
1319 3915 1386 3956 ex
1409 3899 1588 3958 fundo
1607 3901 1926 3958 Serviliano
1948 3916 2067 3958 un—
2173 3908 2295 3964 cias
2325 3922 2388 3978 ιι,
2417 3922 2484 3964 ex
2515 3906 2692 3964 fundo
2721 3907 3045 3978 Septiniani
3079 3907 3306 3964 unciam
3341 3920 3506 3963 unam
3535 3911 3592 3961 et
3621 3908 3845 3964 semis.

417 3994 540 4049 cias
581 4006 673 4064 ιιι,
707 3991 801 4049 ubi
838 3996 924 4047 est
955 3991 1195 4047 ecclesia
1239 3992 1423 4047 sancti
1460 3990 1742 4060 Anthimi,
1786 4005 1855 4048 ex
1885 3990 2064 4049 fundo
2173 4000 2309 4052 Item
2326 4011 2394 4053 ex
2412 3995 2588 4054 fundo
2604 3997 2922 4066 Septiniani
2949 3996 3174 4052 unciam
3196 4010 3298 4052 γιι.
3322 3994 3846 4052 Intereacasalem

417 4082 727 4141 Gabiniani
771 4081 973 4138 uncias
1009 4095 1072 4149 ιι,
1114 4094 1182 4136 ex
1221 4079 1399 4137 fundo
1443 4081 1741 4137 Lavariani
1789 4081 2059 4138 uncias...
2173 4087 2541 4157 Pipinianum
2564 4101 2693 4143 cum
2719 4087 2870 4143 casis
2891 4091 2946 4143 et
2970 4087 3176 4157 vineis,
3205 4100 3308 4144 seu
3333 4086 3557 4143 olivetis
3577 4090 3641 4140 et
3659 4085 3849 4143 colo-

416 4173 611 4243 semis,
646 4172 745 4230 ubi
771 4175 856 4228 est
885 4170 1124 4228 ecclesia
1149 4170 1332 4227 sancti
1359 4170 1597 4238 Getulii,
1625 4185 1694 4227 ex
1724 4169 1906 4228 fundo
1929 4173 2065 4228 Leu-
2174 4177 2268 4232 nis
2305 4177 2483 4248 ;item
2526 4177 2768 4233 casalem
2811 4177 3246 4233 Scandilianum
3302 4190 3399 4246 per
3443 4175 3649 4232 uncias
3696 4190 3843 4240 γιιι,

415 4262 665 4336 gianello
693 4261 891 4318 uncias
922 4274 998 4332 ιγ,
1028 4260 1269 4318 fundum
1301 4261 1621 4318 Aurianum
1651 4260 1709 4315 in
1737 4275 1849 4332 quo
1874 4266 1960 4317 est
1980 4275 2066 4317 ec-
2175 4279 2391 4322 necnon
2411 4270 2469 4322 et
2491 4257 2888 4337 casaliculum,
2917 4266 3016 4336 qui
3042 4265 3373 4322 nominatur
3399 4264 3716 4334 Antiquus.
3758 4267 3846 4322 Ει

414 4353 591 4409 clesia
621 4351 804 4408 sancti
836 4350 1146 4422 Valentini,
1173 4365 1242 4407 ex
1272 4348 1449 4407 fundo
1479 4350 1732 4406 Tulliani
1765 4351 1965 4406 uncias
1995 4366 2058 4408 ιιι

2173 4356 2357 4412 casale
2381 4355 2628 4411 Antiano
2654 4355 2856 4411 uncias
2879 4369 2958 4426 γι,
2987 4360 3044 4414 et
3068 4355 3341 4411 olivetum
3367 4355 3424 4410 in
3456 4355 3844 4428 Pr0poraria,

416 4443 515 4500 ubi
550 4449 634 4500 est
653 4441 892 4500 ecclesia
921 4443 1105 4498 sancti
1142 4440 1447 4510 Valentini,
1471 4455 1539 4497 ex
1571 4439 1748 4497 fundo
1776 4441 2058 4498 Mucciani
2087 4435 2142 4497 D
2171 4446 2238 4503 ad
2273 4459 2516 4516 quorum
2540 4445 2691 4500 vices
2713 4444 2965 4514 suscepit
2985 4449 3180 4499 sancta
3203 4448 3395 4499 nostra
3415 4442 3659 4499 ecclesia
3692 4449 3846 4500 tem-

417 4534 618 4589 uncias
640 4548 726 4604 ιιι,
751 4531 992 4590 fundum
1019 4532 1321 4586 Paternum
1350 4529 1412 4584 in
1438 4543 1549 4600 quo
1571 4535 1655 4586 est
1675 4530 1914 4587 ecclesia
1935 4546 2060 4589 san-

415 4623 492 4679 cti
511 4622 820 4692 Valentini,
844 4635 911 4676 ex
935 4619 1114 4676 fundo
1135 4618 1414 4678 Vassiano
1433 4617 1642 4676 uncias‘
1659 4634 1734 4691 γι,
1762 4620 1820 4675 in
1840 4635 1953 4692 quo
1973 4626 2061 4678 est

413 4711 652 4766 ecclesia
665 4711 848 4766 sancti
860 4707 1169 4777 Victorini,
1183 4722 1250 4763 ex
1265 4706 1441 4764 fundo
1453 4708 1753 4766 Casssiano
1769 4711 1968 4767 uncias
1979 4725 2055 4782 γι,

415 4801 474 4855 in
494 4813 608 4869 quo
629 4804 713 4854 est
729 4797 969 4854 ecclesia
985 4796 1166 4852 sancti
1185 4797 1418 4870 Cesigii,
1435 4813 1502 4854 ex
1523 4797 1701 4856 fundo
1722 4799 2056 4872 Oricignani

417 4887 619 4943 uncias
648 4901 726 4958 γι,
763 4887 821 4942 in
854 4899 966 4958 quo
991 4890 1077 4942 est
1097 4886 1336 4943 ecclesia
1366 4889 1551 4944 sancti
1583 4889 1756 4960 Petri,
1790 4902 1858 4945 ex
1879 4888 2058 4946 fundo

411 4976 710 5048 Silignano
736 4977 937 5032 uncias
967 4990 1053 5048 ιιι,
1089 4975 1186 5032 ubi
1218 4982 1306 5032 est
1333 4977 1572 5034 ecclesia
1608 4979 1789 5035 sancti
1826 4977 2052 5051 Angeli,

413 5079 480 5121 ex
500 5063 676 5121 fundo
692 5065 981 5122 Graniano
1000 5067 1228 5122 unciam
1241 5079 1433 5138 unam,
1454 5065 1693 5124 fundum
1707 5067 2055 5138 Nignianum

415 5155 475 5210 in
495 5167 607 5225 quo
623 5158 710 5209 est
725 5154 962 5210 ecclesia
979 5161 1187 5211 sancta:
1203 5156 1442 5227 Helenae,
1463 5155 1704 5212 fundum
1724 5157 2056 5213 Mallianum

414 5245 474 5300 in
506 5258 618 5316 quo
642 5249 728 5300 est
752 5243 992 5300 ecclesia
1021 5246 1202 5300 sancti
1228 5246 1538 5316 Juvenalis,
1563 5260 1630 5302 ex
1658 5245 1835 5302 fundo
1860 5246 2054 5302 Atiani

412 5335 616 5392 uncias
661 5348 749 5406 ιιι,
789 5332 888 5390 ubi
930 5340 1016 5390 est
1054 5334 1294 5390 ecclesia
1337 5335 1519 5390 sancti
1561 5335 1732 5405 Petri,
1770 5349 1836 5391 ex
1880 5335 2057 5395 fundo

411 5427 565 5483 Robe
581 5425 782 5483 uncias
797 5438 876 5495 γι,
895 5437 963 5479 ex
980 5422 1157 5481 fundo
1177 5423 1509 5480 Prmtoriolo
1530 5425 1732 5481 uncias
1754 5439 1829 5497 γι,
1856 5427 1954 5483 ubi
1973 5434 2059 5485 est

407 5516 649 5574 ecclesia
691 5514 874 5571 sancti
914 5513 1256 5583 Sebastiani,
1302 5527 1370 5570 ex
1409 5511 1588 5570 fundo
1624 5515 1823 5574 Usiani
1861 5519 1962 5589 qui
2002 5522 2058 5574 et

410 5606 676 5664 Hilianus
713 5613 966 5676 vocatur,
1008 5603 1212 5662 uncias
1248 5617 1327 5676 γι,
1365 5617 1479 5676 quo
1515 5611 1600 5662 est
1637 5605 1876 5664 ecclesia
1915 5621 2058 5664 san-

2171 4536 2410 4606 poribus
2433 4535 2627 4591 domni
2658 4534 2897 4591 Adriani
2927 4547 3081 4604 papae
3105 4547 3137 4589 a
3169 4534 3562 4604 suprascripto
3590 4548 3845 4592 venera-

2169 4625 2276 4681 bili
2306 4623 2649 4680 monasterio
2677 4628 2775 4680 tuo
2797 4623 3267 4679 commutationis
3291 4623 3538 4688 nomine,
3562 4623 3622 4678 id
3650 4631 3747 4681 est
3775 4626 3836 4681 in

2169 4713 2353 4772 casale
2400 4712 2667 4768 Flaviano
2711 4712 2912 4770 uncias
2957 4726 2996 4769 ιι
3046 4717 3102 4768 et
3145 4712 3340 4768 semis.
3388 4714 3522 4768 ltem
3566 4715 3834 4771 casalem

2166 4804 2454 4874 Canopum
2506 4803 2565 4857 in
2611 4801 2897 4874 integrum
2941 4815 3070 4857 cum
3116 4801 3288 4872 casis,
3335 4801 3539 4870 vineis,
3584 4801 3838 4860 olivetis

2169 4897 2340 4963 atque
2363 4891 2603 4948 colonis.
2635 4894 2695 4947 In
2719 4889 2906 4947 casale
2926 4889 3197 4946 Ortisano
3220 4890 3423 4946 uncias
3446 4904 3522 4962 ιγ,
3548 4891 3607 4946 in
3630 4894 3835 4949 casale

2168 4982 2482 5054 Argasiano
2509 4981 2710 5038 uncias
2741 4994 2827 5051 ιιι,
2864 4981 2922 5036 in
2943 4979 3129 5036 casale
3152 4980 3472 5037 Caesariano
3503 4981 3716 5038 uncias
3748 4997 3831 5055 γι,

2172 5073 2230 5127 in
2261 5072 2445 5128 casale
2475 5071 2814 5127 Fabriciano
2845 5070 3071 5127 unciam
3105 5084 3296 5140 unam,
3342 5072 3401 5126 in
3432 5071 3616 5126 casale
3651 5072 3837 5129 Vale-

2171 5161 2332 5218 riano
2376 5161 2575 5218 uncias
2615 5175 2677 5231 ιι,
2714 5160 2772 5214 in
2817 5160 3001 5216 casale
3043 5160 3457 5216 Secundiliano
3499 5160 3710 5217 uncias
3745 5177 3829 5218 γι.

2168 5250 2450 5321 Utrosque
2479 5263 2609 5306 vero
2641 5249 2856 5305 casales
2875 5263 3005 5306 cum
3035 5249 3323 5320 domibus,
3349 5250 3552 5320 vineis,
3586 5250 3834 5308 olivetis

2169 5347 2340 5410 atque
2381 5340 2603 5396 colonis
2651 5344 2894 5410 tantum,
2941 5339 3042 5410 qui
3083 5352 3116 5394 a
3159 5340 3571 5409 prmdecessore
3619 5347 3831 5398 nostro

2167 5428 2375 5485 domno
2391 5429 2643 5486 Adriano
2666 5442 2808 5500 papa
2828 5429 2948 5485 dati
2971 5437 3130 5500 sunt,
3152 5443 3379 5501 quoque
3402 5429 3631 5500 recepti.
3655 5433 3830 5488 Nunc

2167 5524 2354 5575 autem
2389 5521 2828 5590 praenominatos
2868 5518 3096 5590 fundos,
3129 5519 3214 5575 vel
3248 5519 3449 5576 uncias
3482 5522 3829 5590 suprascri—

2171 5614 2396 5679 ptorum
2458 5607 2790 5682 fundorum,
2841 5622 2942 5668 seu
2989 5608 3281 5679 ecclesias,
3346 5622 3529 5678 casas,
3593 5610 3821 5680 vineas,
