4068 6178
425 289 532 348 979

1039 286 1328 343 APPEND.
1369 283 1462 338 AD
1499 281 1659 337 SEO.
1704 281 1799 335 IX.
1826 310 1899 320 —
1924 278 2252 335 SUPPLEM.
2294 275 2388 333 AD
2425 279 2707 338 SCRIPTA
2743 281 3005 340 PONTIF.
3048 283 3216 341 ROM.

3725 284 3830 343 980

429 418 802 482 perpetuum:
855 411 1261 466 conﬁrmamus
1306 413 1494 465 autem
1541 406 1704 462 vobis
1745 404 2065 474 vestrisque
2093 398 2151 463 A
2245 403 2382 460 Cum
2399 405 3080 467 militiametsaacularem
3098 411 3828 484 deposuerisdignitatem;

423 501 853 558 successoribus
894 501 1126 557 castella
1169 504 1226 555 et
1267 499 1454 562 villas,
1496 509 1726 564 campos
1766 498 1822 550 et
1864 493 2059 562 silvas,

427 599 585 664 prata
617 597 665 645 et
695 603 895 661 aquas,
927 590 1115 645 vineta
1139 593 1196 643 et
1225 586 1452 656 oliveta,
1479 589 1536 640 et
1563 581 1905 654 aquimolas,
1936 593 2066 636 cum

426 680 714 738 universis
738 677 1175 750 appendicibus,
1209 675 1294 732 vel
1325 673 1595 730 omnibus
1623 672 1692 727 ad
1721 684 1819 726 eos
1845 683 2069 741 genera-

423 771 558 828 liter
576 777 632 826 et
655 771 712 826 in
739 770 1023 840 integrum
1047 764 1493 838 pertinentibus,
1520 761 1695 818 sicuti
1721 759 1994 830 primitus
2013 763 2070 815 et

421 875 576 917 nunc
604 859 675 914 ab
716 859 842 929 ipso
879 855 1193 913 venerabili
1236 852 1581 909 monasterio
1612 863 1870 920 possessa
1909 853 2064 916 sunt,

422 956 534 1006 tam
557 950 615 1004 in
638 948 917 1004 comitatu
933 943 1258 1010 Sabinensi,
1284 955 1502 998 necnon
1524 947 1580 996 et
1597 938 1925 1008 Narniensi,
1949 936 2069 992 sive

423 1040 484 1095 in
513 1038 790 1094 comitatu
823 1035 1082 1102 Reatino,
1116 1033 1199 1088 vel
1232 1031 1577 1098 Furconino,
1602 1027 1911 1094 Asculano,
1939 1026 2070 1081 Fir-

425 1141 611 1194 mano,
641 1125 998 1196 Aprutiensi,
1032 1129 1088 1179 et
1118 1121 1413 1189 Pinnensi,
1446 1125 1500 1176 et
1525 1117 1808 1188 Balbensi,
1839 1122 1896 1173 et
1924 1117 2072 1171 Tea—

424 1217 570 1280 tino,
605 1217 856 1271 Romano
885 1213 1077 1281 etiam,
1111 1215 1168 1266 et
1195 1211 1518 1279 Tbuscano,
1568 1219 1876 1277 omnesque
1905 1205 2073 1274 adja—

423 1305 642 1362 centias
654 1304 980 1360 eorumdem
997 1300 1494 1369 monasteriorum,
1508 1303 1680 1368 atque
1697 1294 2072 1367 pertinentias

425 1408 556 1452 cum
582 1394 738 1450 omni
769 1393 1097 1464 integritate
1121 1389 1491 1446 concedimus
1517 1387 1844 1456 detinenda,
1874 1389 1986 1440 tam
2007 1397 2072 1440 ea

429 1498 554 1556 qua:
585 1483 750 1538 modo
778 1483 907 1552 jure
939 1479 1265 1551 possidetis,
1301 1491 1470 1548 quam
1499 1490 1564 1532 ea
1594 1489 1720 1546 quae
1751 1475 1810 1530 in
1853 1472 2071 1543 futuro,

430 1572 708 1644 largiente
733 1571 995 1641 Domino,
1022 1568 1288 1638 poteritis
1306 1566 1606 1636 acquirere
1630 1569 1693 1620 tu
1715 1568 1772 1620 et
1792 1576 2079 1620 successo-

432 1675 522 1719 res
565 1661 673 1732 tui,
721 1659 896 1715 sicuti
936 1672 1034 1728 per
1080 1656 1382 1727 privilegia
1421 1659 1629 1711 sancta:
1659 1650 2076 1710 recordationis

2180 507 2285 550 cur
2329 496 2442 551 Deo
2491 497 2743 554 militare
2787 499 2873 556 vel
2921 501 3237 572 principari
3281 499 3472 574 fugias
3521 503 3832 558 admodum

2180 586 2479 642 miramur.
2511 590 2704 659 Neque
2745 591 2897 646 enim
2934 591 3060 646 sine
3101 597 3263 648 reatu
3291 593 3492 648 divino
3532 592 3835 662 apparebit

2177 676 2532 748 conspectui,
2556 679 2678 749 qui,
2708 678 3020 736 multorum
3044 681 3231 737 salute
3253 681 3530 754 neglecta,
3557 680 3677 736 sibi
3702 686 3835 736 tan-

2178 767 2298 818 tum
2324 764 2491 820 utilis
2516 779 2640 821 esse
2664 766 2890 836 quaerit.
2919 768 3198 837 Quocirca
3224 766 3648 824 fraternitatem
3678 773 3832 824 tuam

2180 866 2623 922 commonemus,
2691 860 2746 912 et
2819 861 3243 913 commonentes
3311 858 3695 926 obtestamur,
3770 871 3838 912 ne

2176 942 2388 1000 divinat
2425 945 2797 1015 dispositioni
2841 946 3072 1003 rebellis
3114 961 3239 1003 esse
3280 948 3615 1004 contendas.
3663 949 3837 1002 Nemo

2178 1033 2330 1088 enim
2360 1034 2668 1090 secundum
2699 1035 3036 1106 Apostolum
3063 1036 3178 1092 sibi
3205 1037 3384 1093 sumit
3414 1036 3716 1105 honorem,
3740 1035 3834 1091 sed

2182 1121 2280 1192 qui
2320 1126 2555 1178 vocatur
2581 1136 2613 1178 a
2637 1125 2750 1179 Deo
2779 1129 3050 1195 tanquam
3088 1124 3297 1181 Aaron.
3334 1125 3474 1181 Cum
3505 1125 3699 1197 igitur
3733 1137 3840 1179 vo—

2179 1215 2368 1266 catum
2417 1211 2758 1268 Viennensis
2804 1214 3055 1270 Ecclesia
3107 1219 3163 1270 te
3210 1215 3269 1270 in
3319 1229 3491 1271 suum
3548 1219 3838 1284 pastorem

2180 1300 2437 1372 elegerit,
2469 1302 2786 1372 apostolica
2810 1303 2951 1373 vice,
2985 1317 3178 1375 quam,
3213 1304 3348 1359 licet
3380 1303 3638 1375 indigni,
3672 1309 3844 1359 tene—

2182 1403 2329 1460 mus,
2361 1389 2730 1461 prtecipimus
2760 1396 2822 1446 ut
2848 1406 2994 1462 opus
3021 1392 3231 1449 bonum
3262 1393 3571 1463 suscipias,
3603 1393 3747 1463 quia
3773 1393 3848 1448 de

2181 1478 2367 1550 gloria
2397 1484 2496 1535 tua
2525 1486 2656 1536 ante
2684 1480 2903 1537 Christi
2939 1481 3197 1538 tribunal
3229 1486 3398 1538 erunt
3430 1481 3489 1538 hi
3523 1483 3624 1553 qui
3661 1496 3766 1552 per
3791 1488 3852 1538 te

2183 1567 2575 1626 salvabuntur.
2622 1570 2782 1640 Quod
2835 1571 2884 1627 si
2940 1571 3221 1640 renueris,
3272 1585 3440 1642 quam
3491 1572 3853 1627 sententiam

2185 1657 2448 1713 notarius
2497 1657 2656 1714 ﬁlius
2709 1665 2904 1716 noster
2948 1660 3281 1732 Gregorius,
3328 1674 3495 1732 quem
3541 1661 3616 1716 de
3665 1661 3858 1716 latere

427 1749 624 1807 domni
647 1748 889 1804 Adriani
913 1747 1197 1818 quondam
1226 1758 1384 1816 papae
1407 1745 1591 1800 eidem
1617 1741 1940 1798 venerabile
1964 1754 2073 1796 mo-
2106 1734 2157 1794 B
2185 1751 2382 1805 nostro
2423 1747 2710 1817 misimus,
2745 1763 2918 1820 super
2960 1750 3349 1807 inobedientia
3379 1757 3476 1807 tua
3506 1750 3852 1821 dictaverit,

431 1838 682 1896 nasterio
706 1837 1040 1894 conﬁrmata
1061 1839 1216 1905 sunt,
1242 1833 1638 1904 permanenda.
1661 1831 2076 1888 Conﬁrmamus

429 1933 618 1984 autem
648 1926 812 1982 vobis
841 1925 1161 1995 vestrisque
1189 1921 1620 1979 successoribus
1650 1921 1710 1976 in
1738 1924 2073 1991 perpetuum

430 2016 770 2080 oblationes,
794 2013 1223 2083 decimationes,
1249 2017 1546 2081 vestraque
1565 2011 1787 2067 ditione
1806 2009 2076 2081 colligen-

428 2107 533 2164 das
552 2104 872 2162 oblationes
893 2108 1272 2173 mortuorum,
1299 2115 1332 2157 a
1360 2101 1587 2158 cunctis
1613 2099 1993 2170 recipiendas,
2020 2104 2077 2155 et

429 2210 462 2252 a
480 2195 661 2252 nullls
677 2193 1118 2250 interdicendas.
1131 2191 1340 2248 Nullus
1354 2195 1543 2246 autem
1555 2190 1861 2261 episcopus
1871 2189 2078 2244 audeat

432 2284 713 2356 synodare
741 2283 827 2338 vel
867 2281 1364 2339 excommunicare
1403 2279 1742 2336 monachum
1772 2277 1860 2334 vel
1898 2277 2080 2334 cleri-

430 2386 566 2429 cum
587 2371 774 2442 ipsius
791 2369 1146 2440 monasterii,
1172 2382 1316 2440 quos
1338 2368 1609 2439 pradicto
1625 2366 1821 2423 abbati
1841 2366 2079 2436 suisque

433 2459 867 2518 successoribus
886 2458 1255 2515 concedimus
1277 2458 1587 2514 monendos
1610 2461 1666 2512 et
1688 2455 2080 2527 constringen-

429 2550 555 2620 dos,
587 2563 620 2605 a
648 2540 912 2619 praesenti
938 2547 1159 2604 decima
1181 2546 1517 2617 indictione,
1543 2551 1656 2602 tua:
1682 2545 2075 2618 religiositati,

430 2639 664 2709 tuisque
680 2637 1111 2694 successoribus
1121 2636 1294 2693 vestri
1310 2636 1641 2692 monasterii
1664 2636 1722 2691 in
1742 2641 2076 2706 perpetuum

431 2728 804 2785 concedimus
823 2726 1149 2782 detinenda.
1177 2726 1503 2782 Statuentes
1526 2727 1739 2796 quippe
1762 2726 2077 2796 apostolica

433 2831 676 2873 censura
701 2830 769 2872 ex
794 2814 1138 2871 auctoritate
1157 2813 1307 2870 beati
1331 2814 1480 2870 Petri
1503 2815 1892 2884 apostolorum
1911 2816 1996 2885 pri
2007 2829 2082 2871 n-

429 2907 604 2976 cipis,
629 2905 738 2962 sub
760 2903 980 2960 divinis
1004 2902 1488 2960 obtestationibus
1511 2909 1568 2960 et
1591 2904 1972 2960 anathematis
1999 2905 2081 2960 in-

429 2993 902 3064 terdictionibus,
923 2997 987 3050 ut
1008 2992 1156 3048 nulli
1179 3006 1431 3064 unquam
1449 2998 1776 3050 nostrorum
1799 3008 2081 3051 successo-

2185 1835 2432 1893 validam
2465 1841 2762 1910 ratamque
2789 1851 3105 1897 censemus.

2959 1982 3048 2037 III.

2184 2096 2478 2141 PASCBALIS
2519 2100 2536 2143 Ι
2583 2099 2756 2144 BULLA
2799 2101 2902 2144 PRO
2941 2101 3285 2144 MONASTERIO
3334 2101 3377 2144 S.
3430 2099 3723 2144 VINCEN‘I’II
3780 2099 3858 2141 AD

2833 2172 3188 2216 VULTURNUH.

2823 2265 3008 2337 (Anno
3026 2264 3176 2340 849.)

2192 2383 2376 2463 [Apud
2451 2390 2852 2464 Muratorium,
2890 2392 3257 2540 ΡιίεὲἓΗΙιαι.
3341 2391 3567 2463 Script.,
3642 2393 3697 2462 Ι,
3793 2404 3866 2461 u,

2256 2572 2559 2627 PASCHALIS
2598 2571 2922 2642 episcopus,
2968 2585 3166 2628 servus
3207 2584 3498 2628 servorum
3541 2571 3672 2640 Dei,
3722 2570 3871 2626 viro

2185 2659 2500 2715 venerabili
2529 2662 2693 2716 Iosue
2722 2659 2914 2717 abbati
2945 2665 3000 2716 et
3039 2660 3386 2717 monasterio
3413 2659 3630 2716 Christi
3681 2673 3875 2716 mar-

2189 2748 2334 2818 tyris
2363 2749 2674 2820 Vincentii,
2708 2750 2856 2820 quod
2893 2750 3068 2806 situm
3098 2754 3185 2806 est
3219 2763 3394 2820 super
3421 2748 3703 2806 Vulturni
3736 2750 3872 2805 ﬂu-

2191 2837 2368 2892 minis
2393 2835 2626 2910 t‘ontem,
2652 2837 2916 2908 partibus
2934 2837 3195 2910 Samniaz,
3225 2837 3516 2894 territorio
3541 2837 3878 2894 Beneven-

2194 2932 2345 2995 tano,
2403 2932 2460 2982 et
2517 2941 2616 2998 per
2672 2933 2728 2983 te
2778 2928 2963 2983 eidem
3016 2926 3327 2984 venerabili
3384 2926 3750 2982 monasterio
3815 2932 3878 2982 et

2192 3015 2461 3073 omnibus
2477 3017 2598 3073 tuis
2621 3018 3052 3075 successoribus
3073 3017 3415 3090 regulariter
3435 3017 3878 3088 promovendis

434 3099 559 3142 rum
600 3083 935 3177 pontiﬁcum
966 3081 1054 3138 vel
1082 3081 1212 3177 alia:
1249 3081 1492 3177 cuilibet
1530 3096 1746 3177 magna:
1785 3097 2080 3177 parvaeque
2114 3071 2162 3133 C
2193 3071 2251 3161 ίη
2286 3071 2639 3177 pergin-uin:

430 3185 705 3244 personae,
741 3170 866 3240 ipsa
898 3170 1310 3240 praenominata
1339 3171 1481 3242 loca,
1514 3171 1600 3227 vel
1635 3171 1872 3241 insuper
1900 3173 2079 3229 auxi-

375 3331 382 3340 ,
427 3266 608 3322 liante
627 3263 740 3317 Deo
763 3259 1074 3330 acquisita,
1102 3263 1158 3315 et
1179 3258 1355 3316 sicuti
1378 3273 1551 3330 supra
1574 3266 1711 3316 sunt
1732 3260 2020 3332 instituta,
2043 3275 2076 3318 a

431 3355 705 3424 potestate
733 3353 791 3405 et
817 3347 1038 3404 ditione
1075 3353 1282 3417 vestra,
1314 3354 1746 3419 vestrorumque
1776 3363 2078 3406 successo-

432 3456 556 3498 rum
579 3455 645 3496 ac
672 3438 847 3495 vestri
873 3437 1207 3493 monasterii
1236 3437 1635 3508 quoquomodo
1661 3437 1831 3494 liceat
1849 3438 2076 3495 auferre

427 3531 512 3587 vel
546 3530 816 3586 alienare.
860 3527 918 3581 Si
955 3526 1088 3598 quis
1115 3531 1305 3581 autem
1337 3526 1641 3582 temerario
1670 3541 1839 3596 ausu,
1873 3541 2076 3599 magna

432 3630 716 3690 parvaque
750 3629 1009 3685 persona,
1047 3619 1246 3670 contra
1279 3614 1384 3670 hoc
1416 3619 1674 3670 nostrum
1707 3616 2074 3687 privilegium

431 3719 595 3777 agere
643 3701 1091 3774 praesumpserit,
1137 3701 1283 3768 sciat
1324 3714 1383 3756 se
1423 3703 1802 3758 anathematis
1845 3703 2078 3761 vinculo

433 3809 556 3850 esse
583 3793 944 3859 innodatum,
970 3797 1027 3844 et
1048 3802 1081 3844 a
1109 3801 1282 3860 regno
1305 3789 1406 3844 Dei
1432 3790 1707 3859 alienum,
1731 3797 1934 3848 etcum
1965 3808 2079 3850 om-

436 3883 608 3938 nibus
636 3880 835 3949 impiis
855 3884 1065 3933 aeterno
1099 3877 1366 3933 incendio
1391 3891 1456 3933 ac
1487 3879 1775 3949 supplicio
1805 3883 2080 3938 condem-

437 3975 649 4024 natum.
684 3967 758 4022 At
786 3979 916 4022 vero
947 3965 1042 4022 cui
1077 3965 1171 4035 pio
1205 3965 1423 4022 intuitu
1454 3973 1686 4024 curator
1727 3974 1782 4025 et
1825 3970 2082 4028 observa-

433 4063 524 4113 tor
555 4057 730 4126 hujus
762 4055 943 4111 nostri
977 4055 1267 4127 privilegii
1299 4056 1606 4127 exstiterit,
1634 4059 1876 4127 gratiam
1909 4067 2082 4132 atque

438 4145 893 4202 misericordiam
911 4144 1202 4214 vitamque
1214 4149 1479 4200 aeternam
1495 4159 1526 4201 a
1542 4147 2082 4207 misericordissimo

437 4235 679 4292 Domino
711 4239 907 4290 nostro
935 4234 1210 4304 consequi
1243 4241 1528 4292 mereatur
1567 4236 1625 4291 in
1659 4239 1866 4294 saecula
1897 4253 2082 4297 saecu-

436 4327 643 4384 lorum.
675 4325 872 4380 Amen.

505 4415 795 4485 Scriptum
829 4426 928 4483 per
952 4426 1155 4469 manus
1181 4412 1581 4482 Christophori
1615 4415 1910 4472 scriniarii
1943 4431 2083 4474 san-

437 4511 540 4561 ctze
581 4505 846 4560 Romamn
887 4502 1174 4572 Ecclesiae,
1219 4502 1279 4557 in
1320 4514 1510 4557 mense
1548 4501 1876 4577 Februario,
1921 4507 2086 4563 indi-

439 4592 628 4654 ctione
653 4589 983 4660 supradicta
1013 4587 1253 4643 decima.
1282 4588 1427 4643 Bene
1454 4589 1650 4645 valete.

508 4681 632 4733 Dat.
667 4679 790 4734 Kal.
825 4676 1122 4735 Februarii
1157 4691 1256 4746 per
1286 4691 1489 4735 manus
1527 4679 1808 4737 Theodori
1841 4697 2086 4740 nomen-

441 4766 677 4822 clatoris
702 4771 910 4822 sanctae
947 4764 1101 4822 sedis
1129 4767 1475 4840 apostolicae,
1520 4769 1834 4839 imperante
1873 4771 2083 4831 domno

445 4854 729 4911 Ludovico
753 4853 1016 4925 piissimo
1039 4861 1309 4926 perpetuo
1332 4857 1591 4931 Augusto
1616 4872 1648 4915 a
1672 4861 1786 4917 Deo
1813 4869 2082 4922 coronato

447 4955 647 5014 magno
679 4941 914 5014 paciﬁco
943 4942 1282 5015 imperatore
1311 4958 1459 5002 anno
1491 4960 1578 5018 Ill,
1608 4946 1808 5005 indict.
1838 4949 2076 5008 decima.

1230 5035 1293 5089 Il.

443 5116 698 5159 EPISTOLA
741 5117 1033 5160 PASCHALIS
1083 5119 1100 5160 Ι
1145 5119 1214 5160 ΑΙ)
1255 5119 1610 5177 BARNARDUM,
1657 5122 2082 5167 AMBRONIACEN-

1080 5190 1182 5231 SEM
1208 5190 1474 5232 ABBATEM.

1091 5263 1270 5335 (Anno
1297 5263 1447 5338 847.)

512 5350 730 5408 Mabill.
776 5352 899 5406 Act.
933 5352 1028 5407 SS.
1061 5352 1517 5500 Grilli
1552 5370 1678 5412 swc.
1719 5371 1794 5430 1v,
1833 5366 1974 5430 part.
2012 5375 2073 5433 ιι,

511 5516 809 5569 PASCllALlS
836 5513 1159 5584 episcopus,
1192 5528 1390 5571 servus
1418 5529 1709 5572 servorum
1748 5519 1870 5590 Dei,
1904 5535 2076 5579 vene-

371 5621 381 5635 ·
469 5601 610 5658 abili
651 5602 844 5659 abbati
873 5601 1238 5660 Ambroniaci
1273 5604 1332 5660 in
1362 5605 1602 5664 Domino
1631 5607 1893 5665 salutem.

2258 3194 2488 3250 Divinis
2517 3195 3001 3267 pmceptionibus
3022 3195 3082 3252 in
3108 3195 3424 3252 sanctuarii
3446 3193 3718 3250 cultibus
3756 3210 3878 3252 nos

2186 3283 2390 3340 debere
2442 3285 2638 3341 sedule
2684 3285 2972 3341 deservire
3030 3299 3130 3356 pro
3182 3285 3504 3340 animarum
3551 3284 3879 3354 regimine

2185 3375 2451 3443 scientes,
2498 3375 2647 3445 quod
2687 3375 2745 3431 in
2779 3374 2872 3430 his
2915 3375 3226 3431 maximum
3269 3380 3355 3432 est
3395 3373 3622 3446 pietatis
3661 3388 3874 3444 opus.

2187 3479 2288 3534 pro
2321 3465 2512 3535 quiete
2543 3466 2972 3534 monachorum,
3015 3465 3413 3522 submoventes
3451 3466 3871 3538 quorumdam

2186 3554 2514 3624 gravamina
2547 3555 2824 3627 ipsorum,
2859 3555 2944 3611 vel
2991 3556 3348 3626 tyrannidem
3390 3554 3873 3623 comprimentes

2190 3642 2490 3715 laicorum,
2523 3645 2835 3701 statuimus
2863 3650 3035 3715 atque
3057 3645 3351 3701 ﬁrmamus
3376 3646 3568 3715 juxtra
3597 3652 3878 3702 nostro—

2189 3747 2314 3789 rum
2346 3735 2572 3789 decreta
2605 3735 3102 3804 praedecessorum.
3159 3737 3352 3804 Itaque
3385 3732 3780 3790 decernimus
3816 3743 3877 3790 et

2188 3823 2595 3879 conﬁrmamus
2635 3823 2742 3879 sub
2779 3823 3191 3892 jurisdictione
3229 3831 3436 3879 sanctze
3477 3829 3723 3893 nostrae,
3762 3825 3872 3881 cui

2187 3913 2300 3968 Deo
2321 3917 2553 3968 auctore
2573 3913 2947 3983 deservimus,
2971 3913 3236 3969 Ecclesia:
3266 3916 3527 3983 perpetuo
3556 3925 3704 3966 mun
3719 3912 3878 3968 ien-

2189 4003 2348 4073 dum,
2371 3993 2450 4057 ita
2471 4007 2534 4058 ut
2553 4002 2775 4058 nullius
2799 4002 3042 4059 alterius
3057 4000 3874 4072 ecclesizejurisdictionibus

2193 4091 2570 4148 submittatur
2586 4091 2921 4162 prtedictum
2947 4091 3356 4148 monasterium
3377 4090 3589 4146 Christi
3615 4099 3876 4163 marty-

2195 4183 2278 4240 ris
2302 4181 2616 4252 Viucentii,
2639 4195 2770 4237 cum
2795 4180 3066 4238 omnibus
3096 4180 3210 4236 sibi
3233 4183 3362 4250 jure
3390 4179 3870 4251 pertinentibus,

2190 4271 2358 4327 cellis
2375 4277 2431 4327 et
2452 4271 2643 4342 terris,
2671 4269 2850 4341 villis,
2879 4270 3153 4340 castellis,
3175 4269 3313 4326 aliis
3338 4281 3559 4340 quoque
3584 4267 3876 4326 redditi-

2193 4360 2320 4416 bus.
2368 4360 2427 4415 ln
2473 4359 2680 4430 primis
2722 4358 2990 4414 videlicet
3033 4357 3438 4415 monasterium
3486 4355 3637 4411 beati
3685 4357 3870 4414 Petri

2109 4427 2163 4489 D
2195 4427 2682 4518 apostoli,_situm
2725 4449 2888 4518 juxta
2933 4447 3108 4504 ﬂuvio
3149 4446 3380 4503 Sabbati
3431 4445 3486 4500 in
3537 4446 3872 4503 territorio

2193 4539 2604 4608 Beneventano,
2658 4536 3068 4593 monasterium
3113 4543 3322 4592 sanctae
3371 4534 3468 4590 Dei
3515 4535 3871 4592 Genitricis

2191 4626 2384 4682 Mariae
2416 4627 2474 4682 in
2507 4626 2631 4682 loco
2659 4627 2806 4682 Sano
2836 4640 2966 4683 cum
2992 4625 3263 4682 omnibus
3291 4624 3417 4681 suis
3445 4623 3863 4694 pertinentiis,

2193 4715 2602 4772 monasterium
2633 4721 2841 4772 sanctae
2871 4715 3061 4772 Mariae
3094 4716 3154 4771 in
3191 4715 3338 4771 duas
3375 4712 3652 4768 Basilicas
3672 4712 3866 4781 juxta

2191 4805 2431 4861 ﬂuvium
2479 4805 2716 4877 Sangro,
2775 4812 2835 4862 et
2882 4806 3054 4862 aliam
3101 4805 3400 4862 ecclesiam
3451 4807 3663 4858 sancta:
3721 4806 3868 4860 Ma-

2192 4895 2293 4950 riae
2344 4895 2404 4951 in
2445 4895 2591 4952 duas
2638 4895 2914 4952 Basilicas
2962 4897 3020 4951 in
3072 4895 3366 4952 territorio
3409 4893 3690 4963 Teatino;
3752 4909 3870 4951 ec—

2191 4985 2425 5040 clesiam
2457 4991 2664 5041 sanctae
2696 4986 2889 5042 Mariae
2930 4987 2992 5042 in
3020 4985 3498 5058 Quinquemillia,
3535 4985 3865 5041 ecclesiam

2193 5083 2402 5132 sach
2456 5077 2646 5132 Mariae
2705 5076 2766 5132 in
2829 5078 3098 5146 Canneto,
3163 5077 3459 5133 ecclesiam
3521 5076 3582 5131 in
3635 5075 3868 5132 Paleue

2193 5173 2400 5222 sanctae
2439 5167 2652 5236 Mariae,
2698 5165 2996 5223 ecclesiam
3041 5173 3252 5224 sancta:
3292 5165 3485 5222 Mariaa
3513 5166 3682 5235 juxta
3730 5167 3866 5223 ﬂu—

2191 5257 2347 5312 vium
2385 5258 2670 5328 Trintum,
2697 5258 2996 5314 ecclesiam
3023 5267 3231 5315 sancta!
3259 5257 3451 5314 Mariae
3480 5257 3540 5312 in
3574 5258 3859 5330 Musano,

2190 5345 2487 5402 ecclesiam
2519 5352 2726 5402 sancta:
2765 5347 2957 5403 Mariae
2989 5347 3048 5403 in
3079 5347 3264 5419 Arole,
3297 5346 3598 5403 ecclesiam
3632 5356 3863 5405 sanctae

2187 5437 2378 5491 Mariae
2407 5436 2463 5490 in
2492 5436 2730 5508 Planisi,
2763 5436 3060 5492 ecclesiam
3091 5443 3302 5493 sanctae
3329 5437 3524 5492 Mariae
3553 5438 3614 5493 in
3643 5437 3863 5494 Casale

2187 5525 2378 5594 Plano.
2419 5527 2553 5580 Item
2588 5526 2996 5582 monasterium
3045 5526 3194 5583 beati
3226 5527 3376 5582 Petri
3404 5527 3654 5597 apostoli
3684 5528 3864 5584 Trite

2185 5626 2314 5670 cum
2340 5612 2610 5670 omnibus
2633 5613 2761 5671 suis
2798 5614 3187 5687 pertinentiis,
3215 5613 3418 5670 cellam
3458 5615 3647 5671 sancti
3685 5615 3857 5672 Petri
