4068 6178
283 325 390 384 981

1774 328 2140 386 PASCHALIS
2175 329 2215 384 Ι.

3590 335 3698 394 982

288 451 352 508 in
384 451 614 523 Vipera,
648 452 848 508 cellam
896 453 1078 510 sancti
1123 451 1273 508 Petri
1330 454 1388 509 in
1432 452 1698 522 Vairano,
1739 450 1938 507 cellam
1967 449 2257 512 Aibidem
2281 452 2680 523 quoquomodo
2712 451 2945 524 inferre,
2978 469 3108 512 cum
3142 455 3439 528 praefatum
3481 473 3691 528 peren—

285 544 479 600 sancti
513 543 663 598 Petri
701 544 759 598 in
789 544 1040 600 Tontole.
1088 546 1224 600 Item
1274 542 1680 599 monasterium
1713 541 1940 598 Domini

284 633 608 690 Salvatoris
639 633 699 688 in
742 632 944 704 Alifas,
977 633 1176 689 cellam
1215 633 1399 689 sancti
1444 632 1721 688 Johannis
1751 631 1810 686 in
1844 631 1945 686 Li-

285 725 442 795 sine,
497 729 552 778 et
612 723 795 779 sancti
849 723 1060 794 Focati,
1116 724 1315 780 cellam
1369 723 1551 780 sancti
1609 721 1843 778 Joannis
1889 725 1945 776 et

288 813 479 870 sancti
513 813 746 869 Martini
788 813 846 868 in
900 814 1156 884 Luceria,
1188 813 1388 870 cellam
1432 812 1615 869 sancti
1655 809 1943 867 Vincentii

290 903 354 958 in
385 903 656 973 Canusia,
681 903 882 959 cellam
923 903 1106 959 sancti
1153 903 1440 960 Vincentii
1465 903 1524 958 in
1575 899 1946 968 Tranis,cel-

284 990 402 1046 lam
461 993 644 1048 sancti
682 993 967 1048 Vincentii
1031 993 1090 1048 in
1113 993 1371 1063 Siponto,
1393 991 1592 1048 cellam
1611 989 1793 1046 sancti
1815 989 1946 1044 Vin-

285 1082 473 1137 centii
526 1088 582 1138 et
629 1083 813 1139 sancti
859 1082 1059 1155 Angeli
1107 1083 1166 1138 in
1203 1082 1442 1153 Telesia,
1497 1081 1698 1138 cellam
1757 1078 1940 1135 sancti

291 1171 583 1227 Vincentii
619 1172 679 1227 in
730 1173 935 1242 Toccu,
986 1172 1186 1228 cellam
1215 1172 1396 1228 sancti
1429 1170 1718 1227 Vincentii
1753 1169 1811 1224 in
1830 1168 1944 1223 Ca-

282 1261 422 1331 jati,
451 1261 651 1316 cellam
683 1261 866 1316 sancti
907 1261 1189 1317 Vincentii
1215 1262 1273 1317 in
1294 1261 1514 1332 Cumis,
1536 1260 1736 1316 cellam
1757 1255 1940 1314 sancti

289 1351 585 1406 Vincentii
626 1351 685 1406 in
725 1351 1062 1423 Tremojola,
1094 1351 1294 1408 cellam
1327 1351 1511 1407 sancti
1551 1348 1838 1405 Vincentii
1883 1347 1941 1402 in

291 1441 473 1496 ﬁuvio
498 1440 842 1510 Thusciano,
869 1441 1070 1496 cellam
1110 1442 1292 1498 sancti
1325 1440 1612 1498 Vincentii
1659 1439 1719 1494 in
1766 1437 1943 1494 ﬁuvio

287 1531 484 1599 Tersa,
517 1529 718 1584 cellam
752 1530 934 1585 sancti
973 1531 1261 1586 Vincentii
1294 1531 1353 1585 in
1373 1529 1718 1599 Pettoriano,
1743 1526 1940 1582 cellam

289 1619 479 1674 sancti
511 1619 800 1675 Vincentii
836 1625 892 1676 et
933 1619 1115 1676 sancti
1144 1619 1346 1692 Angeli
1389 1619 1444 1674 in
1478 1617 1744 1674 Isernias.
1805 1617 1940 1670 Item

290 1707 709 1764 monasterium
742 1708 924 1764 sancti
951 1709 1180 1781 Georgii
1203 1707 1352 1764 infra
1367 1707 1784 1764 Salernitanam
1809 1703 1942 1760 civi-

2046 541 2216 613 niter,
2246 546 2310 598 ut
2333 543 2552 600 dictum
2584 548 2690 614 est,
2720 547 3128 603 monasterium
3175 547 3336 604 ﬁrma
3373 549 3690 605 stabilitate

2041 630 2464 689 decreverimus
2507 633 2614 689 sub
2648 634 3058 704 jurisdictione
3104 643 3160 691 et
3185 638 3432 693 tuitione
3481 646 3690 694 sancta:

2044 725 2252 777 nostra:
2281 723 2546 778 Ecclesiae
2579 725 3040 794 permanendum.
3077 726 3510 798 Promulgantes
3541 741 3687 798 quo-

2045 823 2174 880 que,
2229 815 2286 866 et
2330 813 2673 869 auctoritate
2722 813 2873 870 beati
2949 815 3336 885 apostolorum
3382 816 3686 886 principis,

2043 911 2233 954 coram
2280 901 2393 956 Deo
2443 905 2500 957 et
2560 903 2686 972 ejus
2732 903 2982 960 terribili
3031 906 3292 961 examine
3347 903 3542 961 futuro
3592 918 3692 975 per

2046 986 2220 1058 hujus
2240 990 2420 1046 nostri
2439 992 2739 1062 apostolici
2759 995 3049 1066 privilegii
3068 1000 3239 1067 atque
3273 995 3576 1051 constituti
3598 1007 3694 1064 pa-

2043 1078 2255 1150 ginam,
2308 1081 2598 1138 sancimus
2643 1088 2815 1156 atque
2890 1085 3251 1141 decernimus
3315 1089 3379 1142 ut
3433 1085 3690 1141 diversas

2043 1166 2297 1225 locorum
2326 1172 2731 1244 possessiones,
2780 1189 2958 1246 quaaa
3007 1173 3260 1247 regibus;
3287 1174 3374 1230 vel
3417 1174 3686 1245 ducibus,

2045 1255 2130 1311 vel
2161 1257 2508 1331 calstaldeis,
2536 1266 2593 1317 et
2613 1262 2856 1335 reliquis
2885 1263 3236 1319 Christianis
3263 1263 3472 1334 largita
3519 1269 3693 1335 atque

2043 1349 2232 1406 oblata
2258 1356 2411 1421 sunt,
2443 1358 2545 1409 aut
2589 1354 2648 1408 in
2681 1354 3038 1423 postmodum
3085 1353 3210 1409 illic
3265 1367 3530 1410 concessa
3562 1352 3696 1410 fue-

2043 1439 2183 1508 rint,
2207 1439 2369 1496 ﬁrma
2398 1441 2714 1498 stabilitate
2729 1443 2849 1512 juri
2884 1443 3072 1514 ipsius
3110 1440 3330 1513 praefati
3359 1442 3691 1499 monasterii

2042 1530 2335 1586 existenda
2362 1535 2533 1602 atque
2577 1532 2635 1588 in
2677 1538 3012 1603 perpetuum
3069 1533 3444 1604 permanenda
3475 1533 3696 1589 statui-

2046 1633 2191 1676 mus.
2221 1620 2330 1675 Nec
2354 1619 2542 1690 liceat,
2570 1625 2634 1677 ut
2676 1623 2895 1678 dictum
2922 1628 3027 1694 est,
3060 1636 3128 1678 ex
3157 1623 3282 1692 ejus
3310 1620 3395 1676 vel
3424 1621 3694 1678 omnibus

2044 1709 2296 1779 ejusdem
2322 1711 2652 1767 monasterii
2685 1713 3053 1781 pertinentiis
3084 1713 3354 1784 cuiquam
3404 1713 3697 1770 molestias

290 1802 490 1867 tatem,
541 1798 950 1854 monasterium
993 1798 1176 1854 sancti
1207 1797 1440 1854 Martini
1475 1797 1533 1853 in
1563 1799 1752 1852 Monte
1790 1793 1948 1849 Mar—
1972 1783 2025 1845 Β
2050 1795 2281 1868 inferre,
2329 1799 2412 1854 vel
2465 1799 2576 1856 sibi
2631 1801 2840 1857 donata
2888 1800 3114 1858 auferre
3144 1817 3176 1859 a
3204 1783 3486 1876 praefato,
3533 1805 3700 1873 juxta

289 1885 438 1957 sico,
471 1889 882 1944 monasterium
913 1893 1121 1944 sanctae
1149 1887 1436 1944 Columba:
1467 1887 1526 1943 in
1557 1886 1711 1956 Sera,
1742 1883 1945 1940 cellam

290 1976 482 2030 sancti
500 1977 704 2032 Donati
726 1977 786 2032 in
814 1978 1066 2048 Canuno,
1095 1981 1151 2033 et
1175 1977 1358 2033 sancti
1383 1975 1620 2046 Juliani,
1646 1973 1944 2031 ecclesiam

290 2065 479 2120 sancti
513 2066 697 2122 Mauri
723 2065 782 2121 in
812 2065 1088 2139 Anglone,
1117 2071 1173 2122 et
1197 2067 1380 2121 sancti
1407 2064 1718 2134 Valentini,
1741 2061 1944 2119 cellam

292 2160 508 2212 sanctae
552 2155 754 2211 Crucis
804 2155 862 2210 in
927 2157 1114 2212 Monte
1161 2156 1423 2228 Marsico,
1494 2154 1694 2210 cellam
1759 2153 1943 2210 sancti

291 2245 505 2301 Hilarii
570 2245 629 2301 in
699 2244 974 2315 Calinole,
1030 2245 1230 2302 cellam
1295 2245 1478 2302 sancti
1540 2243 1828 2300 Vincentii
1885 2243 1945 2299 in

292 2336 525 2406 Suessa,
553 2333 753 2390 cellam
781 2339 988 2390 sanctae
1028 2334 1259 2406 Agathaa
1287 2335 1344 2390 in
1385 2334 1646 2406 Tercino,
1683 2338 1740 2389 et
1762 2331 1951 2389 eccle—

295 2424 443 2480 siam
478 2423 660 2478 sancti
682 2421 946 2496 Gregorii
976 2423 1034 2478 in
1060 2426 1288 2492 Matese,
1319 2423 1521 2478 cellam
1556 2422 1740 2479 sancti
1766 2419 1946 2477 Sossii

297 2513 358 2568 in
395 2511 663 2567 Liburias
693 2525 821 2568 cum
868 2511 1081 2582 inclyto
1110 2512 1348 2569 Gualdo.
1386 2514 1447 2568 In
1477 2512 1569 2568 his
1606 2510 1875 2568 omnibus
1894 2514 1951 2566 et

295 2602 437 2658 aliis
467 2601 581 2657 sibi
619 2602 748 2671 jure
774 2602 1196 2672 pertinentibus
1224 2602 1608 2672 praecipimus,
1641 2599 1952 2657 interdici-

297 2708 428 2750 mus
468 2706 532 2748 ac
564 2696 966 2763 protestamur,
1001 2696 1065 2748 ut
1109 2691 1307 2747 nullus
1355 2690 1611 2762 qualibet
1653 2690 1952 2746 occasione

294 2782 465 2838 dolos
494 2781 581 2837 vel
615 2781 1003 2836 immissiones
1040 2779 1268 2852 aliquas
1326 2781 1583 2852 ingerere
1622 2783 1945 2850 praesumat.

294 2870 680 2927 Concedimus
721 2869 894 2925 etiam
942 2869 1106 2925 vobis
1153 2870 1472 2940 vestrisque
1519 2867 1952 2924 successoribus

299 2958 610 3014 abbatibus
637 2958 740 3012 hac
769 2961 964 3013 nostra
996 2958 1261 3027 praesenti
1292 2958 1635 3014 auctoritate
1657 2955 1948 3012 licentiam

297 3047 631 3120 apostolica:
680 3047 834 3103 sedis
883 3052 1089 3103 nostrae
1140 3046 1456 3118 quamlibet
1492 3044 1952 3102 Christianitatis

2047 1886 2197 1957 quod
2223 1886 2541 1958 subjectum
2570 1889 2776 1946 iisdem
2822 1891 3248 1948 \‘enerabilibus
3275 1893 3419 1948 locis
3460 1897 3698 1962 aposto-

2045 1974 2180 2032 licis
2198 1976 2487 2034 institutis
2501 1983 2671 2050 atque
2691 1979 3014 2051 privilegiis
3035 1981 3318 2051 constitit,
3343 1983 3696 2038 inconcussas

2045 2071 2426 2136 permaneant.
2455 2068 2523 2124 Et
2548 2069 2716 2124 liceat
2761 2069 2986 2126 eosdem
3020 2070 3327 2127 monachos
3350 2071 3420 2126 de
3446 2083 3549 2126 sua
3570 2084 3702 2125 con-

2045 2156 2374 2228 gregatione
2402 2171 2624 2229 semper
2651 2158 2910 2214 abbatem
2941 2159 3182 2231 eligere;
3225 2166 3280 2216 et
3310 2161 3482 2216 liceat
3504 2161 3693 2230 ipsum

2048 2246 2307 2304 abbatem
2331 2261 2467 2304 suos
2489 2248 2590 2320 qui
2629 2247 2847 2304 fuerint
2862 2249 3126 2319 judicare
3147 2251 3473 2320 monachos,
3498 2256 3553 2307 et
3583 2263 3695 2306 non

2049 2337 2236 2394 solum
2279 2336 2452 2392 virile
2508 2339 2938 2410 monasterium,
2995 2339 3090 2396 sed
3143 2344 3200 2396 et
3253 2339 3533 2396 muliebre
3582 2339 3697 2396 sibi

2049 2425 2389 2495 subjectum.
2415 2425 2474 2482 Si
2517 2427 2649 2498 quis
2672 2433 2860 2484 autem
2899 2425 3088 2499 (quod
3122 2441 3234 2484 non
3265 2428 3563 2502 optamus)
3595 2443 3703 2484 ne-

2049 2513 2196 2572 fario
2226 2529 2374 2573 ausu
2398 2516 2828 2586 praesumpserit
2856 2517 2974 2573 haec
3008 2532 3134 2588 qua:
3159 2531 3193 2574 a
3237 2517 3402 2574 nobis
3451 2518 3519 2574 ad
3567 2517 3704 2575 lau-

2048 2604 2175 2660 dem
2200 2605 2300 2660 Dei
2333 2618 2434 2674 pro
2480 2603 2798 2660 stabilitate
2839 2606 2956 2676 jam
3008 2605 3150 2682 dicti
3200 2605 3547 2662 venerabilis
3574 2619 3702 2663 mo-

2051 2693 2289 2749 nasterii
2323 2698 2538 2750 statuta
2580 2699 2735 2764 sunt,
2797 2693 3104 2767 refragare,
3148 2699 3251 2752 aut
3299 2695 3359 2751 in
3414 2709 3700 2766 quoquam

2049 2782 2346 2838 transilire
2412 2784 2860 2856 praesumpserit,
2927 2783 3043 2840 nisi
3114 2785 3290 2858 digna
3346 2785 3706 2854 pcenitudine

2050 2872 2456 2943 emendaverit,
2521 2873 2906 2929 anathematis
2971 2873 3204 2930 vinculo
3262 2874 3594 2945 innodatus,
3648 2877 3705 2929 et

2052 2973 2182 3015 cum
2203 2959 2456 3032 diabolo,
2487 2966 2543 3016 et
2575 2963 2700 3031 ejus
2725 2961 3128 3034 atrocissimis,
3169 2970 3342 3034 atque
3390 2964 3534 3020 Juda
3578 2969 3706 3019 tra—

2052 3047 2239 3104 ditore
2259 3049 2490 3105 Domini
2518 3050 2700 3106 nostri
2726 3050 2858 3106 Jesu
2904 3050 3143 3121 Christi,
3197 3056 3408 3108 aeterna
3436 3052 3704 3109 incendio

299 3137 543 3194 formam
569 3135 965 3209 indigentibus
988 3137 1046 3191 in
1070 3134 1302 3206 prmfato
1337 3135 1649 3192 venerabili
1676 3139 1950 3190 monaste-
1975 3125 2022 3186 C
2050 3138 2501 3194 concremandus
2519 3138 2844 3209 deputetur.
2876 3138 2950 3194 At
2971 3139 3070 3209 qui
3114 3139 3209 3208 pio
3250 3139 3469 3196 intuitu
3499 3140 3704 3196 obser-

296 3227 386 3283 rio
420 3227 701 3282 invitandi
740 3240 907 3297 quem
938 3225 1240 3281 volueritis
1269 3225 1620 3295 episcopum,
1672 3223 1946 3280 similiter

293 3318 365 3374 ad
389 3317 662 3373 ecclesias
690 3316 1122 3387 consecrandas,
1153 3315 1240 3370 vel
1281 3313 1674 3372 ordinationes
1698 3312 1947 3368 clerico-

296 3421 447 3477 rum,
481 3412 583 3462 aut
612 3406 968 3462 sacerdotum
1021 3420 1120 3476 per
1151 3413 1402 3476 tempora
1446 3403 1753 3460 faciendas.
1787 3401 1946 3457 Chri-

294 3509 419 3552 sma
481 3509 612 3552 vero
681 3502 737 3551 et
795 3493 1227 3550 conﬁrmatione
1282 3507 1315 3550 a
1371 3491 1728 3563 beneplacito
1783 3490 1948 3547 vobis

292 3585 566 3655 episcopo
594 3583 932 3655 acquiratis.
991 3583 1376 3640 Protestamur
1427 3581 1600 3638 etiam
1641 3585 1705 3638 ut
1752 3579 1949 3636 nullus

293 3674 603 3744 episcopus
627 3673 833 3728 exinde
869 3671 1068 3729 debeat
1090 3671 1498 3729 subdiaconem
1529 3671 1598 3727 ad
1630 3684 1792 3727 suam
1823 3683 1951 3741 syn-

297 3765 510 3820 nodum
537 3776 859 3834 provocare,
886 3762 1000 3818 nisi
1027 3761 1190 3818 illius
1215 3760 1390 3818 fuerit
1409 3761 1640 3832 propria
1661 3759 1944 3830 voluntas,

296 3853 676 3910 autabbatem
710 3853 795 3909 vel
829 3851 1170 3908 monachum
1199 3851 1360 3908 nullo
1389 3851 1554 3907 modo
1577 3849 1840 3919 judicare
1861 3847 1946 3904 vel

294 3941 932 4013 excommunicare,aut
962 3954 1184 3997 omnem
1215 3938 1530 4009 cujuslibet
1558 3937 1810 3994 ecclesia
1848 3950 1949 3992 sa—

293 4032 582 4087 cerdotem
605 4031 662 4086 in
688 4029 920 4101 praefato
937 4028 1249 4085 venerabili
1269 4027 1615 4085 monasterio
1633 4025 1948 4099 quamlibet

297 4119 506 4176 habere
531 4120 832 4192 ditionem,
891 4125 1096 4190 praeter
1144 4119 1331 4174 sedem
1392 4116 1785 4188 apostolicam,
1842 4115 1948 4170 hac

295 4215 491 4265 nostra
513 4209 858 4265 auctoritate
880 4207 1274 4279 prohihemus,
1315 4205 1395 4260 ita
1417 4208 1481 4262 ut
1507 4204 1622 4260 nisi
1649 4203 1720 4260 ab
1745 4201 1947 4259 abbate

295 4298 634 4354 monasterii
666 4296 844 4354 fuerit
875 4297 1175 4367 invitatus,
1197 4308 1297 4350 nec
1333 4294 1639 4350 missarum
1669 4292 1947 4348 solemnia

295 4385 510 4441 ibidem
541 4386 826 4443 celebrare
864 4391 1189 4457 prazsumat.
1218 4383 1516 4454 Volumus,
1548 4387 1604 4438 et
1631 4381 1944 4452 apostolica

266 4521 270 4525 .
295 4474 664 4547 injungimus
696 4476 1034 4532 auctoritate
1066 4474 1227 4531 vobis
1250 4473 1570 4543 vestrisque
1591 4470 1946 4527 successori-

293 4562 404 4620 bus
415 4564 746 4636 abbatibus,
761 4566 858 4636 qui
877 4565 1088 4620 ibidem
1105 4564 1163 4619 in
1178 4569 1426 4634 tempore
1441 4559 1942 4630 fuerintordinati,

293 4655 440 4709 utsi
487 4656 808 4710 sacerdotes
849 4655 933 4710 vel
975 4653 1172 4709 clerici
1216 4653 1285 4708 de
1325 4664 1666 4724 quacunque
1706 4648 1946 4706 ecclesia

290 4743 558 4798 venerint
602 4743 670 4799 ad
710 4743 1083 4798 habitandum
1130 4742 1189 4796 in
1217 4740 1652 4812 congregatione
1680 4736 1941 4805 fratrum,

290 4831 415 4887 sive
447 4831 515 4886 ad
548 4831 941 4887 monachicum
965 4829 1396 4900 suscipiendum
1430 4827 1712 4893 habitum,
1745 4825 1938 4882 statim

289 4922 654 4992 recipiantur
706 4922 1028 4976 Statuentes
1052 4919 1366 4990 apostolica
1397 4918 1633 4988 insuper
1677 4929 1938 4987 censura,

287 5010 400 5067 sub
428 5009 616 5065 divini
639 5009 850 5080 judicii
883 5009 1280 5079 obtestatione,
1311 5008 1406 5063 sed
1438 5012 1493 5062 et
1517 5006 1727 5062 validis
1770 5012 1942 5078 atque

285 5098 683 5157 atrocioribus
697 5098 1076 5154 anathematis
1103 5095 1635 5165 interdictionibus,
1662 5101 1726 5152 ut
1743 5095 1940 5152 nullus

288 5201 550 5260 unquam
579 5192 904 5258 praesumat,
937 5188 1279 5258 cujusquam
1313 5185 1620 5258 dignitatis
1664 5185 1940 5257 praeditus

288 5282 598 5350 potestate,
635 5277 695 5331 in
724 5277 918 5332 eodem
949 5274 1262 5331 venerabili
1313 5275 1679 5341 monasterio,
1705 5275 1791 5330 vel
1817 5275 1942 5344 ejus

287 5367 489 5423 causis
516 5363 864 5436 incumbere,
887 5369 988 5420 aut
1011 5364 1082 5420 de
1114 5363 1302 5433 rebus,
1329 5369 1430 5420 aut
1455 5363 1938 5434 possessionibus,

287 5456 378 5512 vel
408 5454 674 5511 ecclesiis
699 5453 997 5523 subjectis,
1046 5453 1131 5509 vel
1183 5453 1466 5524 quidquid
1497 5453 1567 5508 de
1619 5453 1710 5508 bis
1739 5453 1944 5509 exinde

293 5547 484 5601 inesse
514 5543 804 5614 videntur,
840 5542 1242 5614 quoquomodo
1277 5540 1501 5597 auferre
1526 5546 1628 5597 aut
1656 5540 1940 5612 alienare;

289 5635 389 5692 sed
424 5648 528 5691 nec
556 5631 876 5706 quamlibet
901 5631 1180 5690 malitiam
1201 5635 1302 5690 aut
1341 5631 1580 5703 jacturce
1623 5631 1941 5689 molestiam

1971 4478 2024 4540 D

2044 3230 2206 3281 vator
2260 3225 2321 3280 in
2369 3224 2638 3282 omnibus
2688 3225 2996 3297 exstiterit,
3047 3225 3377 3282 custodiens
3434 3233 3695 3283 nostrum

2043 3314 2422 3386 apostolicum
2443 3315 2822 3372 constitutum
2838 3316 2906 3371 ad
2925 3314 3144 3371 cultum
3161 3315 3259 3370 Dei
3279 3316 3700 3388 respicientem,

2048 3403 2472 3462 benedictionis
2501 3404 2741 3477 gratiam
2777 3419 2810 3460 a
2866 3404 3410 3460 misericordissima
3452 3404 3695 3460 Domino

2046 3497 2160 3552 Deo
2209 3502 2403 3552 nostro
2453 3494 2857 3565 multipliciter
2911 3497 3314 3564 consequatur,
3370 3498 3426 3548 et
3477 3497 3702 3548 aeternae

2048 3584 2179 3640 vitae
2205 3584 2492 3656 particeps
2519 3583 2663 3640 eﬂici
2692 3586 2991 3640 mereatur.
3026 3583 3172 3638 Bene
3195 3581 3392 3638 valete.

2115 3673 2403 3744 Scriptum
2440 3687 2539 3744 per
2559 3686 2761 3728 manus
2789 3671 3126 3728 Theodorici
3159 3669 3456 3727 scriniarii
3489 3673 3699 3726 sanctze

2048 3763 2314 3820 Romanae
2357 3762 2625 3820 Ecclesia:
2681 3762 2740 3817 in
2816 3775 3004 3817 mense
3076 3760 3250 3832 Julio,
3313 3760 3433 3817 ind.
3487 3757 3574 3832 42,
3631 3759 3691 3814 in

2047 3851 2437 3908 sacratissima
2526 3851 2644 3908 atde
2733 3850 2883 3906 beati
2967 3845 3115 3907 Petri
3186 3849 3452 3921 apostoli,
3548 3861 3697 3905 anno

2049 3944 2253 4011 quarto
2277 3939 2645 4011 pontiﬁcatus
2673 3938 2870 3995 domui
2894 3938 3187 3996 Paschalis
3212 3953 3368 4009 papa:
3395 3938 3586 4009 primi.

2836 4028 2924 4082 ιν.

2048 4129 2338 4172 PASCHALIS
2362 4131 2377 4172 ι
2415 4129 2670 4172 εριετοωλ
2699 4130 2769 4172 AD
2789 4129 2971 4172 OHNES
2999 4127 3356 4170 CHRISTIANOS
3378 4129 3447 4170 AD
3493 4129 3700 4171 PARTES

2710 4217 3020 4267 AQUILONIS.

2047 4295 2392 4351 Commendat
2448 4294 2685 4350 Ebonem
2727 4295 3194 4364 archiepiscopum
3242 4293 3588 4349 Rhemensem
3644 4299 3695 4350 et

2150 4385 2542 4455 Halitgarium,
2577 4384 2737 4455 ﬁdem
2762 4382 2964 4438 Christi
2985 4387 3353 4453 propagatum
3372 4385 3582 4437 missos.

2681 4469 2872 4544 (Anno
2895 4469 3054 4544 822.)

2049 4557 2243 4636 [Apud
2304 4563 2686 4635 Lappenberg,
2725 4561 3178 4642 Hamburgt'sches
3236 4561 3364 4616 Urit.
3422 4573 3547 4632 pag.
3597 4557 3686 4631 9.]

2116 4651 2417 4706 PASCHALIS
2438 4651 2760 4722 episcopus,
2793 4666 2991 4708 servus
3037 4664 3327 4708 servorum
3380 4650 3502 4718 Dei,
3550 4649 3693 4705 uni-

2043 4741 2224 4797 versis
2243 4740 2628 4797 sanctissimis
2644 4739 2921 4796 fratribus
2941 4740 3314 4812 coepiscopis,
3347 4737 3694 4810 presbyteris

2045 4845 2144 4886 seu
2161 4830 2382 4886 caeteris
2397 4827 2804 4885 ecclesiasticis
2821 4828 3126 4885 ordinibus
3139 4828 3693 4901 gloriosissimisque

2047 4918 2429 4991 principibus,
2455 4917 2722 4990 ducibus,
2757 4917 2876 4972 sive
2927 4917 3248 4988 magniﬁcis
3297 4917 3611 4975 comitibus
3639 4923 3695 4974 et

2045 5008 2272 5065 cunctis
2293 5006 2640 5062 Christianis
2672 5005 2960 5061 ﬁdelibus.

2108 5096 2248 5153 Cum
2276 5093 2780 5168 religiosissimum
2815 5098 3036 5150 constet
3063 5107 3258 5150 curam
3301 5107 3368 5150 ac
3391 5094 3688 5152 sollicitu-

2039 5185 2232 5242 dinem
2269 5197 2401 5256 erga
2430 5181 2793 5238 Dominicum
2837 5195 3060 5256 gregem
3105 5196 3318 5255 gerere,
3353 5197 3521 5255 quem
3545 5183 3691 5239 divi-

2042 5289 2114 5332 na
2143 5272 2570 5345 dispensatione
2611 5273 2973 5344 suscepimus
3017 5272 3473 5347 gubernandum,
3517 5276 3691 5342 atque

2042 5364 2296 5421 cmicstia
2327 5363 2534 5434 pabula
2557 5362 2780 5419 salubri
2820 5365 3340 5420 communicatione
3364 5359 3690 5417 subminis-

2044 5454 2331 5518 trandum,
2367 5452 2610 5509 maxime
2642 5453 2735 5510 his
2764 5453 2864 5524 qui
2905 5453 2965 5508 in
2995 5453 3264 5524 compitis
3305 5453 3362 5504 et
3390 5450 3553 5520 pagis
3581 5446 3689 5502 sub

2044 5541 2303 5613 principe
2328 5541 2690 5598 tenebrarum
2721 5542 2932 5598 callida
2961 5542 3228 5598 suasione
3270 5536 3606 5608 persistunt,
3632 5542 3690 5591 et

2041 5631 2192 5688 viam
2217 5631 2348 5687 vita:
2375 5629 2722 5702 ignorantes,
2749 5629 2924 5699 devii,
2953 5641 3065 5684 non
3097 5639 3222 5698 qua:
3246 5635 3476 5682 sursum
3525 5629 3684 5696 sunt,
