4076 6154
426 271 532 329 983

1031 263 1318 318 ΑΡΡΕΝΙ).
1362 262 1453 317 AD
1490 259 1650 317 SIEC.
1694 257 1790 315 IX.
1820 256 2244 312 ——SUPPLEM.
2286 256 2378 313 AD
2415 256 2697 314 SCRIPTA
2735 257 2998 314 PONTIF.
3042 257 3206 314 ROM.

3710 255 3814 313 984

419 401 515 456 sed
547 411 673 469 qua
714 395 1001 457 deorsum,
1047 390 1224 446 stulta
1285 387 1654 460 instigatione
1695 383 2058 456 perquirunt.
2087 381 2147 442 A
2173 383 2500 440 adversator
2522 383 2660 440 huic
2688 383 2888 440 divino
2911 383 3097 440 cultui
3127 383 3428 452 institerit,
3450 383 3536 439 vel
3583 383 3645 438 in
3670 395 3819 452 quo-

420 491 524 548 Sed
576 484 820 559 quia‘in
876 480 1138 552 partibus
1178 477 1486 549 Aquilonis
1537 475 1810 546 quasdam
1870 477 2064 545 gentes

422 577 755 645 consistere,
805 585 931 642 qua
984 569 1222 625 necdum
1267 567 1615 639 agnitionem
1676 563 1776 618 Dei
1831 562 2059 632 habent,

426 682 525 724 nec
553 677 712 720 sacra
745 662 896 718 unda
921 657 1285 729 baptismatis
1307 659 1442 711 sunt
1466 657 1693 724 renata,
1719 651 1826 708 sub
1861 650 2063 707 umbra

417 757 620 814 mortis
666 753 911 809 existere
939 753 995 804 et
1043 747 1223 818 magis
1259 749 1532 801 creatura
1609 755 1778 814 quam
1806 739 2060 797 Creatori

420 848 623 919 ignava
643 845 825 898 mente
843 837 1054 893 servire
1071 834 1467 906 cognovimus:
1493 833 1708 888 idcirco
1728 831 2059 901 prasentem

421 929 959 990 reverendissimum
989 923 1218 980 fratrem
1257 937 1323 978 ac
1359 922 1759 992 coepiscopum
1801 923 2058 974 nostrum

407 1022 677 1090 Ebonem,
694 1020 902 1074 sancta
913 1008 2056 1078 RhemensisEcclesiaarchiepiscopum,

413 1109 799 1168 necessarium
843 1117 972 1160 cum
1029 1113 1309 1157 consensu
1351 1098 1606 1153 ﬁdelium
1651 1097 1752 1152 Dei
1783 1095 2058 1152 duximus

413 1199 537 1256 illis
566 1200 625 1254 in
659 1193 921 1268 partibus
948 1204 1047 1262 pro
1070 1188 1498 1246 illuminatione
1521 1185 1782 1242 veritatis
1807 1184 2061 1255 dirigen-

413 1290 570 1346 dum.
632 1287 926 1356 Quatenus
976 1277 1318 1337 auctoritate
1373 1275 1668 1332 beatorum
1728 1272 2057 1344 principum

411 1375 802 1450 apostolorum
848 1369 999 1427 Petri
1042 1383 1107 1424 ac
1163 1366 1325 1423 Pauli
1389 1369 1584 1422 nostra
1636 1362 1886 1419 fraterna
1934 1359 2059 1415 vice

411 1467 774 1534 informatus,
833 1466 963 1516 ante
1018 1471 1228 1528 corpus
1281 1460 1337 1511 et
1406 1452 1818 1511 confessionem
1872 1450 2059 1521 ipsius

413 1554 805 1627 apostolorum
829 1548 1114 1621 principis
1144 1543 1570 1617 evangelizandi
1601 1541 1831 1612 publica
1852 1543 2061 1596 aucto-

415 1646 586 1702 ritate
617 1643 855 1698 liberam
890 1637 1239 1694 tradidimus
1270 1634 1330 1690 in
1387 1632 1659 1689 omnibus
1705 1629 2055 1697 facultatem,

2175 486 2342 544 quam
2367 473 2678 544 prapedire
2723 479 2963 529 conatus
2993 472 3188 543 fuerit,
3231 480 3287 529 et
3314 473 3406 528 his
3436 472 3520 528 vel
3543 484 3820 541 c00pera-

2173 562 2398 618 toribus
2413 576 2609 619 eorum
2630 563 2699 619 ad
2720 563 2826 619 hoc
2844 564 3223 634 peragendum
3245 562 3637 618 ministerium
3659 567 3820 616 teme-

2174 655 2329 706 rator
2365 651 2670 723 exstiterit,
2721 665 2790 707 ex
2837 651 3036 708 divina
3088 651 3350 721 jussione
3403 655 3460 706 et
3505 649 3821 719 apostolica

2173 740 2534 808 auctoritate,
2567 740 2948 796 anathematis
2976 739 3209 796 vinculo
3245 740 3523 810 puniatur
3551 744 3610 795 et
3635 751 3823 808 perpe-

2172 832 2271 885 tua
2291 829 2762 886 condemnatione
2783 843 2915 886 reus
2935 829 3224 886 diabolica
3246 833 3402 886 sorte
3420 829 3748 885 damnetur.

2969 951 3034 1007 ν.

2238 1071 2493 1114 ΕΡιετοιΑ
2530 1072 2830 1116 PASCHALIS
2871 1073 2940 1114 AD
2983 1073 3303 1115 STEPHANI]!
3361 1071 3753 1115 CADURCENSEM

2842 1145 2928 1187 EPI
2937 1143 3157 1187 SCOPUM.

2791 1236 2990 1310 (Anno
3015 1236 3140 1294 822.
3167 1238 3185 1310 )

2381 1343 2564 1416 [Gatl.
2601 1344 2798 1400 Christ.
2841 1348 2884 1418 Ι,
2915 1360 2956 1418 r,
2988 1348 3280 1417 Instrum.,
3316 1360 3440 1419 pag.
3471 1343 3603 1421 43.]

2240 1450 2507 1508 Fiacense
2537 1452 2968 1525 monasterium,
3015 1453 3074 1509 in
3121 1453 3357 1511 dioecesi
3385 1458 3570 1510 vestra
3616 1453 3826 1522 situm,

2171 1541 2320 1612 quod
2356 1548 2742 1600 antecessores
2769 1543 2972 1614 nostri,
3008 1547 3239 1615 pr0pter
3267 1545 3569 1614 quamdam
3595 1542 3832 1598 sancti-

2170 1630 2310 1686 tatis
2325 1631 2738 1702 excellentiam,
2762 1632 2870 1688 sub
2900 1631 3284 1703 dispositione
3301 1634 3391 1690 sui
3413 1631 3835 1689 moderaminis

416 1701 480 1793 ut
509 1731 742 1789 verbum
769 1730 898 1785 vita
923 1727 1187 1795 viamque
1209 1722 1416 1778 salutis
1443 1721 1659 1792 ubique
1685 1719 1981 1790 provideat
2004 1720 2062 1774 et
2090 1701 2145 1764 Β
2173 1722 2228 1776 et
2257 1719 2613 1777 defensionis
2642 1720 2849 1778 habere
2876 1701 3186 1794 voluerint,
3232 1728 3290 1779 et
3335 1722 3661 1794 privilegiis
3687 1736 3835 1792 spe-

417 1822 548 1879 fldei
587 1831 842 1876 normam
891 1813 1108 1872 caelesti
1135 1811 1473 1868 educatione
1519 1808 1834 1878 conﬁrmet,
1890 1812 2062 1877 atque

417 1910 749 1984 apostolica
782 1903 1175 1962 institutionis
1200 1901 1542 1970 doctrinam,
1574 1898 1730 1955 omni
1770 1896 2061 1954 diabolico

413 2014 608 2058 errore
637 1996 896 2069 depulso,
919 1994 1044 2049 viva
1067 2005 1199 2048 voce
1236 1989 1581 2047 corroboret.
1614 1989 1682 2044 Et
1719 1987 1770 2044 si
1822 1985 2064 2042 fortasse

414 2091 484 2148 ad
516 2090 623 2146 hoc
647 2086 910 2144 divinum
938 2082 1231 2154 pertinens
1283 2079 1532 2136 ofﬁcium
1561 2076 1786 2149 aliquid
1818 2075 2062 2133 dubium

415 2178 736 2246 emerserit,
763 2175 833 2231 ad
862 2177 1113 2230 sanctam
1138 2171 1240 2226 Dei
1273 2168 1617 2226 catholicam
1642 2171 1814 2238 atque
1842 2171 2065 2237 aposto-

415 2268 586 2325 licam
629 2267 938 2322 Romanam
973 2259 1284 2316 Ecclesiam
1316 2257 1661 2314 recurrendo
1704 2269 1947 2328 semper,
1994 2269 2064 2311 ex

416 2358 543 2427 ejus
564 2355 797 2412 hauriat
823 2351 1136 2423 purissimo
1168 2347 1322 2405 fonte
1359 2347 1579 2416 latices,
1605 2345 1755 2402 unde
1779 2350 1835 2401 et
1868 2359 1900 2400 a
1930 2357 2066 2400 cor-

413 2445 590 2502 dibus
609 2441 960 2513 mortalium,
989 2439 1187 2496 divina
1207 2437 1618 2493 interveniente
1635 2435 1839 2507 gratia,
1860 2434 2064 2490 noxios

415 2533 725 2590 emundare
770 2534 953 2602 possit
1003 2541 1246 2585 errores.
1279 2526 1562 2597 Collegam
1618 2524 1868 2594 denique
1925 2522 2064 2578 huic

415 2623 626 2679 divina
675 2617 1203 2676 administrationis
1250 2613 1524 2686 legationi
1574 2612 1627 2668 ei
1677 2612 2060 2684 providentes,

415 2711 800 2784 Halitgarium
827 2707 1170 2778 religiosum’
1195 2704 1534 2773 adjicientes
1556 2701 1888 2758 ministrum
1919 2715 2059 2763 con-

415 2801 737 2870 stituimus,
758 2801 1039 2868 quatenus
1055 2793 1122 2849 ad
1145 2793 1332 2849 sedem
1349 2791 1722 2862 apostolicam
1740 2795 2062 2861 opportuno

415 2893 599 2950 valeat
620 2895 870 2957 tempore
885 2885 954 2941 de
979 2884 1198 2940 credito
1221 2881 1447 2954 negotio
1471 2880 1726 2950 facilius,
1757 2884 2064 2950 prastante

414 2981 680 3051 Domino,
711 2976 997 3044 intimare,
1030 2977 1087 3028 et
1121 2984 1414 3042 nunquam
1450 2983 1508 3025 se
1532 2969 1592 3024 in
1620 2968 1879 3040 qualibet
1904 2973 2063 3039 parte

2172 1809 2400 1866 cialiter
2450 1809 2923 1882 sublimaverunt,
2967 1825 3118 1868 nunc
3149 1812 3412 1869 novimus
3435 1825 3558 1868 esse
3583 1811 3837 1868 destru—

2173 1902 2349 1969 ctum,
2387 1899 2672 1972 igniquea
2697 1901 2934 1973 paganis
2963 1908 3406 1971 concrematum,
3435 1906 3490 1958 et
3514 1901 3837 1957 monachos

2175 1987 2392 2059 ubique
2420 1989 2732 2060 dispersos.
2762 1991 2885 2060 Qua
2913 1991 2983 2047 de
3011 2003 3186 2047 causa
3208 1991 3428 2048 doloris
3457 1991 3662 2047 affectu
3704 1997 3836 2047 tam

2174 2077 2552 2134 sanctissima
2579 2079 2854 2151 ecclesia,
2883 2095 3008 2152 qua
3032 2094 3065 2136 a
3093 2081 3322 2137 Christo
3350 2081 3609 2137 dedicata
3640 2079 3836 2137 fuisse

2173 2168 2560 2240 cognoscitur,
2595 2169 2748 2226 sicut
2800 2170 3112 2239 decretales
3145 2170 3354 2226 littera
3383 2170 3645 2242 gloriosa
3695 2184 3840 2226 rne-

2175 2256 2371 2312 moria
2400 2257 2922 2329 dominiStephani
2953 2259 3190 2316 secundi
3219 2273 3394 2331 papa,
3417 2259 3581 2316 nobis
3597 2264 3841 2316 testan-

2174 2347 2271 2400 tur
2321 2351 2582 2417 ostensa,
2651 2347 2996 2404 desolationi
3054 2348 3485 2419 compatientes,
3561 2349 3620 2404 in
3693 2350 3840 2418 ejus

2175 2437 2673 2508 restaurationem,
2706 2443 2876 2508 prout
2911 2437 3271 2508 possibilitas
3302 2439 3566 2510 requirit,
3604 2438 3841 2495 sollici-

2175 2525 2434 2581 tudinem
2472 2526 2746 2583 adhibere
2786 2528 3136 2584 curavimus.
3165 2529 3350 2598 Hujus
3381 2528 3572 2598 itaque
3598 2529 3834 2600 negotii

2173 2627 2239 2670 ac
2265 2615 2479 2672 laboris
2521 2616 2833 2673 venerabili
2867 2622 3062 2673 nostro
3106 2617 3352 2687 Aymaro
3398 2617 3840 2675 committentes

2175 2704 2562 2777 pracipimus,
2581 2710 2637 2760 et
2669 2719 2769 2775 pro
2800 2719 3032 2762 suorum
3055 2705 3418 2762 absolutione
3438 2711 3837 2778 peccatorum,

2177 2798 2237 2848 ut
2254 2793 2514 2848 eumdem
2536 2794 2723 2850 locum
2741 2794 2809 2849 ad
2832 2795 3080 2864 priorem
3106 2800 3318 2850 statum
3339 2794 3620 2864 reformet,
3645 2803 3844 2866 atque

2174 2883 2481 2939 monachos
2514 2882 2596 2938 ibi
2653 2889 2935 2955 aggreget.
2989 2885 3117 2940 Ideo
3167 2897 3409 2955 namque
3442 2885 3538 2940 ille
3586 2899 3620 2940 a
3651 2885 3843 2942 nobis

2173 2972 2487 3028 monachus
2513 2977 2569 3028 et
2623 2971 2797 3028 abbas
2853 2972 3187 3029 benedictus
3235 2979 3341 3044 est,
3375 2979 3439 3030 ut
3480 2974 3721 3030 clericos
3754 2975 3843 3031 ab

409 3070 549 3128 huic
581 3038 785 3124 nostra
811 3061 1178 3120 auctoritatis
1208 3059 1531 3116 ministerio
1560 3059 1865 3115 commisso
1889 3058 2064 3130 negli-
2092 3038 2143 3102 Ο
2175 3061 2299 3132 ipsa
2315 3061 2894 3133 ecclesia,temerario
2909 3075 3074 3133 ausu,
3099 3062 3212 3118 sibi
3239 3069 3574 3135 usurpatum
3595 3064 3846 3124 auferat

414 3173 562 3232 gere.
593 3156 698 3214 Cui
726 3169 917 3212 coram
948 3151 1217 3209 districto
1242 3150 1438 3221 judice
1471 3150 1604 3205 inde
1636 3149 1914 3204 rationem
1942 3149 2061 3204 red-

409 3251 543 3307 dere
594 3252 649 3303 et
677 3245 746 3301 de
778 3244 1057 3300 destituto
1085 3238 1408 3296 ministerio
1433 3252 1625 3309 panas
1647 3237 1900 3308 recipere
1923 3250 2061 3293 sem-

415 3340 692 3412 piternas,
728 3347 839 3390 non
887 3332 1130 3388 dubium
1189 3343 1312 3385 esse
1363 3328 1731 3400 praﬂgimus.
1788 3328 1894 3382 Pro
1947 3339 2061 3397 quo

413 3441 610 3486 omnes
666 3424 1034 3481 exhortantes
1105 3418 1458 3476 unanimiter
1514 3431 1938 3474 commonemus
1988 3415 2061 3471 ob

413 3529 661 3575 amorem
711 3510 1124 3582 omnipotentis
1169 3509 1270 3564 Dei
1324 3513 1380 3564 et
1435 3506 1666 3562 Domini
1717 3505 1899 3561 nostri
1930 3505 2063 3560 Jesu

408 3605 627 3665 Christi
657 3609 830 3675 atque
859 3599 1246 3671 apostolorum
1273 3597 1399 3667 ejus
1419 3595 1840 3652 venerationem
1866 3612 1882 3665 ς
1906 3599 1970 3650 ut
2002 3594 2061 3649 in

415 3695 684 3752 omnibus
706 3687 1146 3748 necessitatibus
1167 3685 1473 3758 legationis
1490 3685 1663 3754 hujus
1685 3684 1824 3740 totis
1839 3682 2064 3740 viribus

415 3785 504 3842 eis
533 3781 794 3839 solatiari
847 3777 1099 3846 certetis,
1148 3779 1206 3830 et
1257 3775 1318 3829 in
1366 3773 1596 3828 nomine
1619 3773 1845 3848 Domini
1880 3773 2061 3828 nostri

415 3874 548 3928 Jesu
575 3868 815 3938 Christi,
852 3867 1007 3922 sicut
1035 3863 1313 3933 scriptum
1352 3867 1456 3933 est,
1490 3861 1741 3931 recipere
1767 3861 2060 3931 debeatis;

417 3961 523 4028 Qui
544 3975 636 4013 vos
665 3955 880 4027 inquit,
901 3954 1116 4023 recipit,
1151 3968 1234 4007 me
1272 3953 1465 4020 recipit
1493 3950 1519 4021 (
1532 3952 1708 4006 Matth
1740 3964 1799 4014 Χ,
1833 3949 1902 4008 40
1915 3954 1974 4024 );
2015 3953 2065 4006 et

419 4051 518 4120 qui
535 4063 627 4104 vos
652 4047 880 4116 spernit,
918 4059 999 4098 me
1024 4043 1233 4112 spernit
1257 4041 1428 4111 (Luc.
1476 4053 1536 4104 x,
1580 4037 1702 4113 46).
1755 4043 1824 4098 Et
1855 4042 2063 4099 iterum

413 4139 568 4207 Quod
611 4137 710 4191 uni
773 4150 840 4189 ea:
892 4125 1132 4188 minimis
1177 4131 1309 4186 meis
1363 4131 1591 4201 fecistis,
1670 4131 1806 4186 mihi
1855 4134 2064 4200 fecistis

417 4228 644 4300 (Matth.
665 4239 745 4296 ix,
765 4220 884 4295 41).
909 4221 1066 4278 Unde
1097 4220 1280 4294 magis
1303 4220 1601 4291 magisque
1616 4233 2060 4292 commonemus,

418 4325 484 4377 ut
510 4316 745 4390 provida
773 4313 1072 4372 devotione
1097 4316 1154 4368 et
1180 4311 1337 4384 largo
1366 4310 1671 4366 charitatis
1701 4309 1906 4367 affectu
1949 4327 2064 4381 pu-

2170 3151 2527 3208 dominatum
2549 3169 2564 3222 ;
2583 3156 2638 3207 et
2659 3151 3086 3224 monachorum,
3108 3153 3579 3224 quemadmodum
3606 3153 3839 3228 fuerat,

2175 3241 2256 3296 ibi
2294 3241 2595 3297 restituat:
2643 3255 2889 3312 quorum
2938 3247 3136 3299 vestra
3178 3257 3409 3315 quoquo
3440 3243 3843 3302 beatitudinis

2172 3329 2650 3399 sollicitudinem,
2677 3335 2740 3386 ut
2772 3331 2830 3386 in
2861 3331 3090 3388 cunctis
3117 3347 3245 3389 eum
3272 3333 3540 3403 adjuvare
3568 3334 3708 3390 velit
3732 3335 3845 3390 ad-

2174 3433 2490 3488 monemus,
2518 3419 2952 3492 thesaurosque,
2975 3433 3041 3476 ac
3081 3422 3263 3478 libros
3315 3428 3373 3478 et
3397 3428 3620 3479 sanctas
3677 3424 3841 3480 reli—

2174 3509 2361 3580 quias,
2395 3521 2612 3565 necnon
2633 3513 2689 3564 et
2717 3515 2922 3566 cuncta
2953 3524 3077 3582 qua
3105 3515 3334 3582 propter
3366 3513 3628 3568 timorem
3673 3527 3835 3584 gen-

2175 3596 2370 3653 tilium
2422 3597 2482 3653 in
2537 3596 2957 3668 Capdenacensi
3021 3603 3209 3656 castro
3269 3601 3564 3671 deportata
3642 3600 3840 3659 fuisse

2176 3691 2512 3758 noscuntur,
2549 3687 2708 3744 reddi
2737 3688 2850 3744 sibi
2890 3688 3105 3761 absque
3137 3690 3423 3747 delatione
3449 3691 3836 3760 mandamus;

2174 3781 2426 3832 castrum
2455 3777 2627 3832 etiam
2657 3778 2918 3834 eumdem
2973 3781 3316 3836 monasterio
3370 3780 3624 3851 restitui,
3673 3781 3840 3837 sicut

2175 3863 2315 3920 olim
2346 3867 2404 3920 In
2415 3866 2572 3922 nanti
2596 3879 2628 3922 a
2643 3865 2935 3923 Clodovao
2957 3881 3086 3940 rege
3107 3869 3304 3924 datum
3329 3866 3534 3939 fuerat,
3565 3871 3840 3940 pracipi-

2177 3966 2320 4008 mus.
2355 3953 2652 4025 Filiosque
2703 3959 2930 4011 nostros
2981 3956 3360 4013 charissimos
3407 3956 3743 4013 Villelmum
3773 3964 3840 4013 et

2173 4040 2501 4098 Girbertum
2535 4042 2768 4114 milites,
2799 4044 2900 4115 qui
2931 4051 3066 4101 sunt
3110 4047 3300 4117 ipsius
3337 4046 3511 4102 castri
3546 4047 3833 4117 seniores,

2174 4131 2570 4205 admonemus,
2597 4137 2658 4189 ut
2675 4131 2867 4188 abbati
2898 4131 3140 4204 Aymaro
3157 4131 3452 4202 adjutores
3471 4132 3529 4187 in
3552 4132 3839 4187 orationi-

2174 4219 2282 4277 bus
2311 4221 2578 4292 existant,
2607 4228 2663 4277 et
2676 4222 2775 4292 jus
2803 4235 2995 4291 suum,
3029 4220 3238 4291 suique
3266 4221 3599 4276 monasterii
3624 4228 3741 4276 tam
3769 4220 3836 4275 in

2174 4323 2235 4366 se
2266 4310 2433 4382 ipsis,
2484 4323 2655 4380 quam
2700 4310 2759 4366 in
2801 4315 3010 4382 castro,
3061 4309 3148 4365 vel
3205 4310 3266 4364 in
3308 4310 3539 4380 pr0prio
3592 4310 3832 4379 honore,

419 4387 596 4481 raque
639 4411 824 4463 mente
851 4418 917 4461 ac
965 4403 1188 4459 sincera
1222 4401 1560 4470 intentione,
1599 4414 1838 4471 quaque
1866 4401 2062 4458 itineri
2091 4387 2146 4449 D
2177 4413 2345 4471 quem
2379 4413 2449 4455 ex
2490 4399 2670 4456 altare
2720 4399 2978 4455 Fiacensi
3032 4397 3238 4454 habere
3289 4397 3514 4468 debent,
3549 4413 3838 4472 recogno-

419 4500 558 4556 huic
579 4494 900 4554 necessaria
921 4490 1310 4562 prospiciatis,
1345 4502 1447 4544 nec
1474 4488 1567 4560 pia
1589 4488 1942 4562 benignitate
1964 4507 2066 4562 pro

417 4588 644 4645 viribus
669 4595 1004 4642 succurrere
1026 4594 1137 4637 non
1169 4578 1426 4635 renuatis
1451 4595 1466 4648 ;
1499 4583 1564 4634 ut
1593 4592 1696 4649 pro
1715 4585 1869 4636 certo
1892 4581 2080 4652 hujus"

417 4675 651 4746 pietatis
669 4687 838 4744 opere
859 4670 1168 4741 participes
1183 4668 1331 4738 apud
1358 4668 1661 4725 Dominum
1678 4669 1868 4741 digna
1906 4671 2070 4726 retri-

417 4763 679 4822 butionis
725 4760 992 4816 meritum
1047 4757 1401 4828 percipiatis,
1446 4757 1565 4814 sive
1613 4757 1673 4813 in
1704 4757 1921 4816 calesti
1960 4759 2072 4815 de—

419 4852 734 4924 scriptione
755 4847 1086 4919 hujusmodi
1109 4861 1209 4918 pro
1230 4847 1715 4918 compensationis
1755 4863 1987 4906 munere
2007 4851 2066 4905 in

419 4941 710 5000 consortio
739 4943 1066 4996 sanctorum
1100 4937 1508 4993 connumerari
1537 4937 1792 4994 valeatis.
1827 4939 1886 4994 Si
1933 4939 2068 5010 quis

419 5047 552 5090 vero
585 5030 721 5086 huic
750 5028 850 5085 Dei
895 5026 1080 5084 ofﬁcio
1111 5027 1178 5082 ad
1214 5026 1699 5082 illuminationem
1751 5029 2006 5099 gentium
2033 5043 2067 5084 a

421 5127 618 5178 sancta
648 5118 932 5176 catholica
955 5123 1011 5174 et
1047 5116 1364 5188 apostolica
1393 5115 1649 5172 Ecclesia
1678 5116 1772 5186 pio
1797 5117 2068 5174 consultu

417 5208 805 5270 ecclesiastico
829 5207 1114 5264 destinato
1142 5218 1436 5262 assensum
1464 5204 1548 5260 vel
1588 5205 1872 5262 auxilium
1916 5221 2068 5276 pra—

420 5300 632 5368 buerit,
666 5311 765 5368 per
796 5294 1268 5352 interventionem
1320 5293 1616 5348 beatorum
1649 5292 2060 5362 apostolorum,

422 5397 735 5460 martyrum
758 5399 984 5457 quoque
1013 5388 1184 5453 atque
1205 5387 1533 5437 sanctorum
1573 5381 1831 5438 omnium
1865 5383 1924 5438 in
1945 5397 2068 5440 coe-

420 5478 665 5536 lestibus
682 5474 913 5548 gaudiis
930 5471 1144 5528 talibus
1168 5484 1268 5540 pro
1288 5469 1510 5525 meritis
1529 5474 1811 5526 mereatur
1825 5472 2062 5528 ascribi.

421 5568 491 5622 At
531 5579 664 5622 vero
706 5563 758 5620 si
821 5562 976 5633 quis,
1025 5559 1174 5630 quod
1232 5572 1342 5632 non
1401 5563 1683 5630 Optamus,
1738 5563 2065 5620 contrarius

2176 4494 2354 4544 scant.
2388 4487 2622 4544 Omnem
2669 4494 2940 4559 praterea
2994 4487 3290 4559 honorem,
3341 4488 3712 4557 monasteria,
3745 4489 3834 4544 vel

2176 4578 2448 4634 ecclesias
2476 4593 2602 4649 qua
2631 4591 2663 4634 a
2691 4579 2935 4650 Pippino
2976 4591 3104 4650 rege
3149 4577 3235 4633 vel
3264 4577 3401 4634 aliis
3441 4578 3702 4650 regibus,
3731 4593 3832 4635 seu

2176 4667 2344 4724 bonis
2369 4667 2513 4724 viris
2542 4668 2724 4724 eidem
2755 4668 3099 4725 monasterio
3130 4682 3398 4726 concessa
3433 4673 3593 4738 sunt,
3641 4674 3700 4725 et
3732 4668 3830 4724 illa

2177 4771 2304 4830 qua
2327 4771 2360 4813 a
2395 4757 2666 4828 pradicto
2707 4757 2999 4815 Clodovao
3053 4759 3176 4816 loco
3208 4759 3435 4814 Innanti
3470 4759 3640 4828 prius
3669 4767 3831 4814 erant

2175 4846 2327 4919 data,
2362 4847 2514 4904 sicut
2543 4847 2870 4904 chartarum
2921 4848 3237 4904 auctoritas
3280 4847 3543 4917 aﬂirmat,
3586 4848 3832 4918 Aymaro

2177 4941 2234 4993 et
2262 4937 2692 4994 successoribus
2712 4937 2837 5007 ejus
2864 4937 3207 5008 possidenda
3234 4942 3506 5008 perpetuo
3532 4937 3667 5006 jure
3692 4951 3832 4993 cen-

2179 5041 2387 5083 semus.
2421 5027 2827 5084 Monasterium
2848 5039 2983 5100 ergo
3015 5027 3165 5098 quod
3183 5026 3440 5083 Conchas
3470 5027 3828 5089 nominatur,

2179 5115 2285 5172 sub
2306 5117 2430 5186 ejus
2465 5116 2763 5188 regimine,
2787 5123 2843 5173 et
2863 5116 3090 5172 abbatis
3111 5116 3423 5184 Fiacensis,
3449 5117 3832 5187 quemadmo-

2175 5206 2311 5262 dum
2331 5205 2468 5262 olim
2498 5204 2704 5276 fuerat,
2733 5206 3100 5262 concedimus
3122 5223 3134 5259 :
3154 5211 3228 5274 et,
3254 5211 3318 5261 ut
3351 5219 3481 5262 eum
3503 5205 3562 5260 in
3589 5204 3827 5276 priorali

2175 5296 2478 5368 dignitate,
2501 5297 2638 5367 quia
2654 5296 3008 5352 destructum
3027 5301 3130 5366 est,
3165 5300 3466 5366 restauret,
3496 5309 3832 5352 commone-

2179 5401 2338 5456 mus;
2365 5399 2428 5441 ea
2460 5385 2746 5456 siquidem
2769 5385 3033 5441 libertate
3055 5385 3392 5456 pradictum
3417 5386 3827 5442 monasterium

2175 5476 2472 5546 donamus,
2554 5489 2665 5546 qua
2721 5489 2754 5530 a
2810 5474 2986 5530 beata
3061 5474 3344 5531 memoria
3417 5475 3829 5544 praedecessore

2177 5570 2372 5622 nostro
2396 5565 2680 5637 Stephano
2726 5564 3000 5621 donatum
3040 5569 3156 5621 est:
3190 5563 3456 5620 videlicet
3488 5569 3554 5620 ut
3606 5564 3828 5622 nullius
