4076 6154
254 221 362 283 985

1732 227 2076 288 EUGENIUS
2113 231 2178 287 ll.

3557 233 3665 292 986

254 349 513 421 episcopi
539 341 890 422 velalicujus
905 365 1156 422 persona
1176 354 1755 412 excommunicationi
1776 355 1906 412 sub-
1933 357 1993 417 Λ
2015 357 2285 413 damnum
2311 357 2586 430 incurrat,
2619 362 2675 414 et
2694 357 2848 414 velut
2864 358 3140 429 profanus
3160 363 3216 415 et
3240 359 3666 433 incorrigibilis

249 438 458 508 jaceat,
502 443 705 508 prater
734 439 918 496 solius
945 441 1235 510 pontiﬁcis
1277 443 1537 514 Romani,
1572 457 1754 515 neque
1796 444 1904 501 sub

253 527 507 596 alicujus
549 527 805 584 ecclesia
856 530 1156 588 dominatu
1205 531 1518 604 redigatur,
1565 533 1681 588 nisi
1720 533 1905 590 solius

254 616 521 672 Romana
567 617 874 688 Ecclesia;
941 623 998 675 et
1051 624 1115 676 ut
1171 620 1411 678 liberior
1472 621 1552 677 ibi
1607 623 1903 693 sepultura

255 704 554 776 habeatur,
579 710 634 761 et
654 711 856 763 catera
878 722 1002 778 qua
1027 708 1087 764 in
1117 709 1344 766 decreto
1369 711 1620 781 ejusdem
1642 716 1905 768 anteces-

254 794 406 850 soris
432 795 639 866 nostri,
664 795 724 850 in
765 797 960 853 eadem
991 797 1233 855 ecclesia
1268 801 1474 870 posita,
1506 800 1720 870 scripta
1745 806 1901 872 sunt,

255 882 600 940 inconcussa
654 891 972 942 serventur.
1033 887 1091 943 Si
1146 889 1281 958 quis
1317 902 1450 944 vero
1504 888 1640 945 huic
1697 893 1904 946 nostra

250 972 338 1029 vel
373 972 538 1030 illius
567 975 926 1032 concessioni
958 977 1286 1032 contrarius
1305 977 1612 1047 exstiterit,
1636 983 1692 1034 et
1710 978 1903 1036 abbati

250 1059 518 1133 Aymaro,
549 1069 650 1120 aut
688 1063 944 1120 ecclesia
983 1064 1153 1122 illius
1183 1065 1608 1123 habitatoribus
1632 1067 1907 1124 molestus

251 1149 452 1222 fuerit,
503 1155 559 1208 et
609 1153 897 1226 corrigere
944 1167 1005 1210 se
1035 1155 1306 1226 noluerit,
1335 1160 1393 1213 et
1432 1156 1655 1227 pr0prii
1695 1157 1909 1228 gradus

1873 1432 1998 1535 IV

1007 1634 1984 1758 EUGENIUS

2013 445 2313 504 a'nathema
2347 447 2716 518 permanebit.

2082 537 2286 592 Datum
2341 536 2600 593 Laterani
2651 551 2749 607 per
2808 549 3037 592 manum
3081 537 3343 608 Gregorii
3394 538 3447 594 S.
3499 540 3566 594 R.
3598 540 3658 596 E.

2010 624 2240 681 diaconi
2289 626 2501 682 notarii
2557 626 2706 682 sacri
2759 626 2979 697 palatii,
3037 626 3339 682 undecimo
3385 627 3667 684 Kalendas

2010 714 2170 783 Maii,
2214 714 2356 771 feria
2387 716 2635 772 secunda
2668 720 2794 786 post
2823 721 3048 772 octavas
3078 715 3325 786 Pascha,
3350 716 3669 775 indictione

2015 799 2101 872 45,
2157 817 2306 860 anno
2359 804 2670 861 Dominica
2719 804 3139 860 incarnationis
3191 804 3668 877 octingentesimo

2011 892 2284 948 vicesimo
2315 893 2586 958 secundo,
2635 893 3003 964 pontiﬁcatus
3050 897 3239 950 autem
3270 894 3493 950 domini
3524 895 3668 950 Pas—

2011 980 2196 1036 chalis
2230 995 2383 1052 papa
2414 987 2639 1054 quarto,
2673 983 2774 1054 qui
2808 983 2868 1038 in
2900 996 3138 1039 numero
3161 983 3496 1053 pontificum
3527 998 3669 1040 cen-

2011 1071 2256 1127 tesimus
2285 1070 2545 1127 habetur.

2088 1636 2616 1755 PAPA
2716 1633 2930 1763 II.

1055 1959 1096 2012 Ι.

323 2057 698 2102 ΕἘΑΕΠΕΝΤΟΜ
734 2058 1036 2102 PRIVILEGII
1086 2060 1307 2102 EUGENII
1365 2061 1405 2104 ιι
1446 2061 1551 2106 PRO
1580 2059 1833 2106 ΕεειεδιΑ

725 2131 769 2174 5.
820 2131 979 2175 PETRI
1007 2132 1438 2177 ROTHOMAGENSI.

900 2223 1083 2298 (Anno
1118 2223 1267 2302 827.)

687 2327 976 2406 [Neustria
1006 2336 1126 2405 pia,
1175 2349 1306 2408 pag.
1346 2331 1475 2410 20.]

322 2441 610 2497 Eucsmus
643 2443 966 2515 episcopus,
1002 2458 1200 2502 servus
1241 2459 1534 2503 servorum
1568 2445 1692 2518 Dei,
1724 2450 1829 2502 etc.

323 2551 630 2622 Quoniam,
649 2551 1068 2609 dilectissimus
1090 2553 1246 2610 ﬁlius
1267 2560 1480 2625 noster,
1502 2553 1592 2609 SS.
1615 2554 1901 2625 Dionysii,

249 2641 533 2710 Medardi,
560 2646 616 2696 et
639 2641 928 2709 Germani,
963 2655 1064 2713 pro
1092 2643 1382 2699 voluntate
1420 2643 1748 2699 charissimi
1784 2656 1908 2699 nos-

253 2727 355 2798 tri,
398 2729 671 2785 Ludovici
718 2729 1101 2802 imperatoris,
1129 2737 1260 2803 etc.,
1311 2732 1598 2803 suggessit
1623 2736 1906 2803 quatenus

247 2817 509 2873 ecclesia
534 2818 588 2873 S.
619 2817 790 2886 Petri,
824 2819 919 2874 cui
949 2824 1186 2889 praerat
1228 2819 1286 2875 in
1319 2820 1581 2889 partibus
1624 2820 1904 2876 Neustria

247 2921 282 2963 a
312 2906 610 2963 Clothario
654 2911 1000 2978 constructa,
1035 2907 1134 2964 ubi
1167 2909 1571 2965 sanctissimus
1597 2907 1906 2964 Audoenus

249 2995 569 3066 requiescit
593 2997 652 3052 in
675 3010 932 3067 corpore,
955 2997 1129 3068 hujus
1150 2997 1302 3053 modi
1328 2997 1694 3069 privilegium
1716 3002 1910 3052 aucto-

249 3087 428 3142 ritate
450 3091 641 3142 nostra
672 3086 1057 3143 ﬁrmaremus:
1087 3092 1152 3143 ut
1179 3087 1403 3143 scilicet
1427 3100 1621 3143 omnes
1646 3091 1828 3142 terras
1852 3090 1908 3142 et

247 3176 700 3232 consuetudines
721 3181 1024 3247 terrarum,
1056 3191 1089 3233 a
1116 3175 1629 3246 pradecessoribus
1650 3175 1904 3246 regibus,

247 3265 566 3337 Clothario,
605 3265 976 3336 Theodorico,
1030 3265 1165 3321 item
1194 3265 1509 3336 Clothario,
1565 3264 1902 3336 Dagoberto,

249 3354 554 3426 Clodoveo,
595 3355 730 3411 item
771 3355 1144 3427 Theodorico,
1175 3355 1376 3411 Carolo
1417 3355 1642 3427 Magno,
1691 3368 1756 3410 ac
1787 3355 1908 3411 ﬁlio

253 3446 382 3516 ejus
414 3443 703 3515 piissimo,
750 3445 1092 3516 imperatore
1128 3444 1433 3516 Ludovico,
1479 3444 1576 3500 isti
1618 3445 1741 3501 loco
1766 3458 1910 3501 con-

252 3547 474 3604 cessus,
489 3533 898 3604 perpetualiter
912 3533 1304 3590 conﬁrmarem
1313 3548 1379 3589 us
1393 3533 1782 3604 possidendas,
1798 3539 1906 3590 etc.

251 3623 384 3678 Hac
409 3623 593 3695 igitur
621 3622 812 3678 omnia
860 3637 986 3694 qua
1038 3623 1308 3693 pradicta
1348 3628 1502 3694 sunt,
1546 3626 1611 3678 ut
1660 3637 1785 3694 qua
1837 3622 1908 3678 ab

253 3711 718 3769 antecessoribus
745 3712 963 3769 nostris
992 3725 1257 3769 concessa
1285 3717 1442 3786 sunt,
1473 3713 1795 3786 Raynoardi
1830 3713 1911 3784 ip-

252 3803 384 3859 sius
432 3801 597 3858 urbis
627 3801 1068 3874 archiepiscOpi,
1111 3815 1414 3874 consensu,
1446 3807 1503 3858 et
1547 3802 1911 3873 imperatoris

253 3891 362 3947 tali
384 3891 744 3947 anathemate
769 3890 1196 3962 conﬁrmamus,
1235 3894 1368 3963 etc.,
1395 3890 1545 3949 obiit
1570 3891 1907 3964 Hilduinus,

253 3993 410 4037 anno
431 3980 650 4038 Christi
679 3976 803 4037 842.

1046 4072 1112 4126 ΙΙ.

473 4167 496 4196 ³
513 4172 676 4215 RITUS
690 4172 1050 4215 PROBATIONIS
1069 4173 1171 4215 PER
1190 4173 1375 4221 AOUAM
1400 4173 1685 4232 FRIGIDAM,

618 4243 687 4285 ΑΒ
723 4244 955 4286 EUGENIO
989 4245 1123 4286 ΡΔΡΛ
1155 4245 1195 4287 ιι
1235 4245 1553 4287 ῙΝΞΤΙΤΗΤΕ.

727 4334 1001 4410 [Mabill..
1025 4339 1142 4395 γει.
1165 4336 1449 4414 Analect.]

330 4448 476 4506 Cum
534 4448 795 4505 homines
837 4449 927 4507 vis
984 4449 1210 4507 mittere
1255 4449 1324 4506 ad
1376 4449 1788 4521 probationem,
1835 4447 1916 4503 ita

1934 1957 1988 2017 B
2016 1957 2241 2014 mittere
2264 1957 2324 2013 in
2359 1971 2528 2030 aqua,
2558 1958 2672 2016 duc
2699 1972 2797 2016 eos
2828 1959 2886 2015 in
2930 1958 3191 2029 ecclesia,
3232 1962 3288 2014 et
3318 1971 3506 2014 coram
3537 1970 3666 2014 om-

2015 2047 2189 2103 nibus
2239 2046 2361 2102 illis
2401 2052 2590 2103 cantet
2643 2047 2935 2119 presbyter
2978 2048 3213 2103 missam
3255 2052 3311 2103 et
3350 2045 3524 2102 faciat
3569 2059 3666 2102 eos

2013 2136 2083 2192 ad
2110 2135 2291 2206 ipsam
2322 2136 2553 2192 missam
2577 2135 2795 2192 offerre.
2819 2137 2958 2192 Cum
2985 2142 3174 2194 autem
3200 2137 3270 2192 ad
3302 2134 3666 2192 communio-

2016 2237 2142 2280 nem
2191 2225 2470 2296 venerint,
2515 2229 2820 2295 antequam
2882 2226 3305 2282 communicent
3355 2225 3667 2294 interroget

2013 2326 2110 2370 eos
2157 2314 2420 2370 sacerdos
2449 2326 2578 2370 cum
2617 2312 3036 2386 conjuratione,
3081 2313 3164 2370 ita
3199 2310 3667 2381 dicenszAdjuro

2013 2416 2134 2473 vos,
2172 2403 2452 2474 homines,
2510 2416 2610 2473 per
2655 2402 2896 2474 Patrem,
2929 2408 2986 2459 et
3022 2403 3257 2474 Filium,
3306 2409 3363 2459 et
3385 2402 3666 2473 Spiritum

2016 2497 2298 2564 sanctum,
2341 2498 2397 2548 et
2434 2506 2530 2563 per
2553 2496 2797 2548 vestram
2831 2492 3324 2550 Christianitatem
3359 2506 3526 2565 quam
3559 2507 3668 2548 su—

2015 2582 2303 2654 scepistis,
2351 2587 2408 2638 et
2458 2595 2556 2653 per
2614 2581 2977 2652 unigenitum
3031 2582 3242 2638 Filium
3281 2580 3404 2652 Dei,
3459 2586 3516 2637 et
3567 2595 3667 2651 per

2014 2675 2268 2726 sanctam
2315 2670 2675 2725 Trinitatem.
2724 2673 2780 2724 et
2819 2683 2918 2739 per
2964 2673 3225 2726 sanctum
3273 2669 3666 2741 Evangelium,

2014 2765 2070 2816 et
2101 2775 2200 2831 per
2231 2761 2371 2816 istas
2403 2758 2682 2830 reliquias
2712 2771 2838 2828 qua
2875 2759 2933 2814 in
2980 2759 3090 2815 ista
3133 2764 3270 2815 sunt
3312 2759 3572 2829 ecclesia,
3607 2763 3672 2814 ut

2015 2862 2128 2905 non
2166 2848 2524 2918 prasumatis
2575 2846 2677 2902 illo
2708 2847 2873 2902 modo
2905 2849 3329 2904 communicare
3359 2861 3542 2918 neque
3567 2860 3673 2902 ac-

2015 2937 2212 2993 cedere
2255 2939 2323 2994 ad
2371 2937 2572 3007 altare,
2625 2937 2676 2992 si
2716 2953 2816 2995 vos
2854 2939 2960 2994 hoc
3004 2937 3247 3007 fecistis,
3274 2942 3374 2993 aut
3423 2949 3674 2993 consen-

2017 3026 2200 3098 sistis,
2229 3032 2329 3083 aut
2372 3029 2539 3085 scitis
2587 3030 2720 3101 quis
2746 3031 2852 3086 hoc
2895 3028 3092 3100 egerit.
3126 3027 3186 3082 Si
3237 3033 3428 3081 autem
3477 3038 3673 3082 omnes

2017 3115 2322 3187 tacuerint,
2359 3122 2415 3173 et
2460 3118 2656 3174 nullus
2696 3119 2801 3175 hoc
2851 3117 3086 3187 dixerit,
3126 3115 3356 3171 accedat
3406 3114 3671 3170 sacerdos

2016 3203 2086 3258 ad
2119 3202 2298 3260 altare
2339 3210 2393 3261 et
2437 3207 2818 3264 communicet
2856 3220 2973 3263 eos.
3017 3206 3214 3262 Postea
3257 3217 3391 3260 vero
3419 3203 3576 3258 dicat
3600 3202 3671 3257 ad

1944 3286 1993 3349 C
2020 3291 2153 3348 illos
2198 3308 2341 3362 quos
2369 3296 2786 3351 communicat:
2830 3296 3049 3366 Corpus
3081 3295 3176 3350 hic
3211 3298 3268 3349 et
3292 3292 3530 3363 sanguis
3554 3292 3674 3346 Do—

2020 3381 2165 3437 mini
2189 3383 2372 3440 nostri
2411 3385 2542 3440 Jesu
2583 3384 2801 3440 Christi
2846 3385 2926 3440 sit
2972 3383 3134 3440 vobis
3160 3383 3228 3438 ad
3277 3380 3670 3453 probationem

2020 3471 2210 3527 hodie.
2271 3472 2502 3543 Expleta
2557 3473 2752 3542 missa,
2812 3471 2985 3528 faciat
3029 3485 3236 3543 aquam
3291 3469 3669 3539 benedictam,

2019 3569 2075 3618 et
2102 3560 2351 3631 accipiat
2380 3561 2643 3618 sacerdos
2675 3562 2857 3632 ipsam
2887 3574 3114 3634 aquam,
3147 3559 3370 3631 ibitque
3398 3559 3470 3616 ad
3504 3557 3670 3614 illum

2020 3650 2210 3707 locum
2237 3650 2337 3706 ubi
2370 3649 2632 3707 homines
2661 3651 3073 3722 probabuntur.
3100 3649 3238 3706 Cum
3278 3654 3468 3705 autem
3497 3659 3674 3703 vene-

2021 3740 2141 3797 rint
2167 3739 2238 3796 ad
2270 3740 2459 3810 ipsum
2486 3739 2696 3813 locum,
2727 3741 2824 3798 det
2855 3739 2974 3797 illis
3014 3738 3210 3795 bibere
3228 3740 3300 3795 de
3336 3751 3485 3810 aqua
3511 3738 3672 3794 bene-

2019 3829 2195 3900 dicta,
2245 3829 2445 3886 dicens
2491 3831 2561 3889 ad
2632 3842 3148 3900 unumquemque:
3204 3830 3331 3884 Hac
3382 3841 3531 3899 aqua
3575 3828 3674 3885 ﬂat

2021 3917 2130 3974 tibi
2175 3917 2244 3973 ad
2277 3917 2686 3988 probationem.
2739 3920 2938 3976 Postea
2983 3931 3115 3974 vero
3165 3918 3430 3988 conjuret
3465 3930 3672 3988 aquam

2023 4007 2124 4065 ubi
2153 4007 2288 4063 illos
2305 4008 2506 4063 mittit.
2527 4009 2660 4066 Post
2675 4007 3130 4079 conjurationem
3148 4020 3330 4078 aqua,
3348 4011 3519 4064 exuat
3541 4006 3674 4064 illos

2021 4095 2380 4152 vestimentis
2404 4110 2599 4154 eorum
2646 4102 2703 4154 et
2731 4096 2906 4154 faciat
2944 4109 3041 4153 eos
3077 4110 3175 4167 per
3207 4097 3469 4168 singulos
3498 4110 3677 4154 oscu-

2024 4184 2143 4242 lare
2199 4189 2460 4242 sanctum
2503 4185 2870 4257 Evangelium
2916 4189 2970 4240 et
3026 4198 3252 4242 crucem
3312 4184 3550 4240 Christi.
3607 4186 3676 4240 Et

2026 4276 2220 4344 postea
2249 4287 2423 4344 super
2448 4286 2915 4345 unumquemque
2938 4277 3203 4345 aspergat
3228 4271 3300 4327 de
3329 4285 3476 4343 aqua
3497 4271 3675 4328 bene-

2023 4363 2180 4420 dicta
2224 4366 2282 4419 et
2311 4363 2578 4434 projiciat
2616 4361 2878 4432 singulos
2911 4362 2970 4417 in
3001 4375 3167 4432 aqua.
3202 4362 3329 4417 Hac
3359 4360 3550 4416 omnia
3581 4358 3675 4414 fa—

2027 4467 2154 4508 cere
2181 4452 2352 4509 debes
2366 4453 2619 4523 jejunus,
2666 4464 2848 4524 neque
2892 4450 2982 4507 illi
3033 4455 3165 4507 ante
3194 4450 3536 4506 manducent
3569 4449 3669 4521 qui

260 4536 449 4594 facere
491 4538 679 4596 debes.
729 4540 937 4611 Accipe
984 4540 1118 4597 illos
1161 4554 1307 4612 quos
1345 4539 1693 4596 voluntatem
1743 4537 1914 4595 habes
1947 4528 2003 4591 D
2030 4541 2186 4612 ipsos
2220 4542 2458 4598 mittunt
2489 4542 2548 4598 in
2577 4555 2744 4612 aqua.

332 4675 357 4701 ι
386 4666 464 4719 De
509 4665 691 4722 variis
743 4665 1144 4735 probationum
1176 4665 1482 4736 generibus
1524 4665 1690 4720 multi
1740 4663 1918 4736 multa

259 4735 567 4808 scripsere.
620 4736 1014 4792 Probationem
1058 4735 1220 4808 aqua
1268 4735 1494 4808 frigida
1543 4737 1654 4793 huc
1701 4735 1919 4808 idcirco

259 4805 451 4880 refero
477 4807 631 4880 quod
655 4808 726 4863 ab
751 4808 1006 4880 Eugenio
1028 4805 1169 4878 papa
1197 4805 1464 4863 instituta
1488 4813 1831 4880 memoretur
1859 4807 1918 4861 in

258 4878 624 4947 Remigianis
645 4878 990 4935 membranis
1019 4880 1361 4949 pervetustis
1391 4879 1598 4935 saculo
1619 4892 1678 4934 x1
1711 4891 1918 4933 exara—

261 4951 373 5022 tis,
387 4963 456 5004 ex
482 4950 694 5022 quibus
719 4951 1017 5021 superiora
1034 4951 1348 5020 desumpsi.
1378 4949 1735 5022 Suil'ragatur
1755 4956 1917 5022 vetus

258 5021 534 5078 collectio
583 5020 863 5079 canonum
919 5022 979 5077 in
1037 5022 1384 5079 monasterio
1432 5020 1615 5078 sancti
1673 5020 1916 5076 Mariani

259 5092 419 5162 apud
449 5093 916 5165 Antissiodorum
937 5099 1242 5165 asservata,
1266 5093 1325 5148 in
1355 5107 1468 5165 qua
1494 5091 1675 5149 forma
1701 5091 1916 5162 judicii

263 5178 367 5235 per
405 5177 612 5234 aquam
641 5163 910 5236 frigidam
962 5163 1206 5221 refertur
1231 5163 1388 5221 cum"
1418 5165 1524 5220 hoc
1554 5165 1760 5220 titulo:
1807 5165 1918 5216 Hoc

251 5236 541 5305 judicium
578 5241 741 5305 atque
774 5238 1228 5291 emaminationem
1256 5239 1403 5290 misit
1442 5237 1670 5289 domnus
1696 5241 1919 5305 aposto—

265 5309 407 5362 licus
453 5309 514 5359 in
559 5308 848 5362 Franciam
888 5313 950 5362 ut
1001 5324 1109 5361 non
1153 5309 1489 5362 violarentur
1518 5322 1676 5361 sacra
1716 5307 1919 5360 altaria

265 5386 604 5440 sanctorum,
661 5381 756 5433 sed
802 5396 900 5448 per
944 5380 1084 5433 hanc
1130 5380 1532 5448 adjurationcm
1574 5383 1622 5432 et
1641 5378 1920 5445 judicium

265 5468 429 5520 aqua
446 5451 673 5520 frigida
683 5452 860 5520 possit
877 5456 1156 5520 patescere
1181 5452 1404 5504 veritas.
1438 5450 1577 5504 Tum
1607 5448 1921 5518 subjicitur

267 5521 564 5594 adjuratio
604 5521 664 5578 in
697 5520 814 5578 hac
859 5521 1061 5578 verba:
1112 5521 1331 5591 Adjuro
1360 5526 1430 5592 te,
1461 5520 1634 5582 homo,
1669 5535 1770 5589 per
1805 5520 1922 5574 Pa-

2029 4671 2184 4728 trem,
2227 4670 2276 4719 et
2312 4667 2532 4735 Filium,
2583 4671 2632 4719 et
2657 4665 2924 4734 Spiritum
2948 4667 3213 4733 sanctum,
3247 4667 3353 4718 etc.
3398 4663 3466 4717 Et
3485 4666 3672 4735 tamen

2029 4736 2372 4808 Ludovicus
2405 4736 2722 4808 AhugustusA
2744 4737 2803 4791 in
2861 4735 3168 4806 capitulari
3220 4734 3669 4808 Aquisgranensi

2029 4808 2165 4863 anni
2196 4805 2321 4878 828,
2354 4807 2385 4878 §
2422 4803 2479 4878 '7,
2501 4803 2627 4877 cap.
2666 4805 2752 4877 42,
2785 4803 3009 4875 statuit,
3042 4812 3102 4861 ut
3122 4803 3348 4861 examen
3380 4803 3535 4874 aqua
3556 4807 3676 4872 fri—

2028 4879 2189 4947 gida,
2218 4879 2365 4948 quod
2384 4879 2640 4933 hactenus
2658 4879 2954 4946 faciebant,
2978 4895 3012 4931 a
3053 4879 3235 4931 missis
3269 4879 3469 4930 nostris
3511 4878 3678 4930 inter-

2030 4951 2247 5003 dicatur
2275 4965 2342 5003 ne
2371 4951 2599 5004 ulterius
2627 4953 2743 5019 ﬁat.
2775 4949 2934 5018 Quod
2965 4949 3253 5003 decretum
3283 4947 3543 5003 condidit
3573 4949 3676 5003 Lu-

2027 5020 2266 5076 dovicus
2318 5025 2446 5090 post
2473 5021 2716 5092 Eugenii
2757 5019 3246 5092 constitutionem,
3300 5032 3500 5092 nempe
3526 5032 3673 5092 anno

2029 5089 2485 5174 proximq’post‘
2513 5089 3019 5174 obitudeugenii
3072 5104 3227 5174 papa
3256 5089 3512 5174 secundi.
3551 5091 3669 5174 rion

2028 5171 2214 5218 tamen
2241 5163 2390 5218 ritus
2417 5163 2524 5218 iste
2559 5161 2922 5234 purgationis
2950 5163 3174 5218 decreto
3207 5161 3478 5234 Ludovici
3508 5161 3677 5228 peni—

2029 5240 2123 5289 tus
2153 5234 2416 5290 sublatus
2444 5241 2550 5305 est,
2599 5233 2885 5305 siquidem
2931 5234 3290 5299 Hincmarus,
3333 5233 3674 5305 Rhemorum

2027 5277 2416 5389 éﬁii§feE',“:_iB"
2428 5277 3107 5389 llil'degaﬁofll’ieldorum
3139 5277 3404 5389 episcopo
3429 5315 3492 5356 ea
3521 5301 3674 5389 (lere

2032 5375 2658 5461 ᾖξιῐθννοςᾏυεψιξξιρίδ
2664 5378 2953 5461 judicium
2966 5390 3127 5461 aqan
3140 5375 3365 5461 frigida
3373 5381 3674 5461 arguti}??-

2030 5448 2108 5530 iis
2127 5437 2481 5530 δρνῖρρενίι·
2515 5437 2742 5530 Μὲξεεῑυι
2761 5451 2839 5530 .ίὶ¹.
2868 5437 3673 5530 Probi?“Oeiierﬁaalil‘iﬁli'

2030 5511 2186 5574 brari
2204 5511 2446 5576 'solitam
2493 5520 2660 5576 nobis
2689 5511 2920 5576 exhibet
2949 5524 3112 5573 vetus
3136 5514 3312 5571 codex
3361 5511 3663 5567 Uticensis.
