4076 6154
515 285 620 344 987

1034 413 1352 483 Conjuratio
1376 413 1607 468 hominis
1621 452 1634 467 .

586 523 804 594 Adjuro
857 528 929 592 te,
985 523 1154 580 homo
1190 525 1282 593 N.,
1335 537 1433 593 per
1471 521 1884 578 invocationem
1929 517 2157 576 Domini

517 614 702 670 nostri
727 614 858 669 Jesu
885 613 1122 683 Christi,
1150 618 1204 668 et
1244 627 1342 683 per
1366 611 1654 681 judicium
1703 624 1863 681 aqua
1911 608 2156 680 frigida.

517 703 733 772 Adjuro
761 706 815 758 te
840 716 938 772 per
963 701 1300 757 Trinitatem
1337 699 1796 771 inseparabilem,
1830 704 1884 755 et
1921 712 2020 769 per
2042 699 2146 754 Do~

517 792 737 848 minum
797 797 1054 848 nostrum
1101 793 1289 847 Jesum
1347 790 1659 859 Christum,
1709 795 1764 845 et
1819 803 1917 858 per
1967 801 2161 844 omnes

516 883 749 954 angelos
774 886 830 938 et
848 881 1238 954 archangelos,
1261 887 1312 936 et
1334 881 1597 951 perdiem
1624 879 1900 935 tremendi
1925 877 2158 948 judicii,

515 979 571 1028 et
622 986 720 1042 per
777 977 1023 1042 quatuor
1069 971 1444 1042 evangelistas
1487 971 1832 1037 Matthaum,
1885 972 2156 1036 Marcum,

516 1062 720 1119 Lucam
759 1067 815 1118 et
859 1063 1144 1129 Joannem,
1183 1069 1238 1116 et
1283 1075 1381 1132 per
1411 1060 1712 1117 duodecim
1755 1059 2063 1129 apostolos,
2105 1062 2160 1112 et

516 1166 615 1222 per
642 1151 942 1208 duodecim
995 1149 1314 1220 prephetas,
1347 1154 1403 1204 et
1428 1162 1526 1219 per
1556 1162 1750 1204 omnes
1771 1151 1997 1204 sanctos
2035 1146 2156 1218 Dei,

513 1247 570 1298 et
604 1256 702 1312 per
741 1241 1106 1311 Principatus
1135 1244 1191 1296 et
1230 1241 1556 1309 Potestates,
1602 1252 1699 1308 per
1731 1237 2160 1294 Dominationes

512 1334 569 1386 et
611 1330 884 1401 Virtutes,
936 1334 992 1384 et
1027 1342 1126 1399 per
1168 1328 1446 1396 Thronos,
1491 1327 1796 1383 Cherubim
1846 1331 2016 1396 atque
2053 1325 2160 1380 Se-

513 1420 759 1490 raphim,
804 1425 860 1476 et
890 1435 989 1490 per
1031 1425 1147 1475 tres
1188 1432 1392 1489 pueros
1420 1419 1639 1489 Sidrac,
1687 1416 1924 1485 Misach,
1954 1422 2009 1472 et
2037 1414 2159 1470 Ab-

512 1510 750 1581 denago,
787 1516 841 1566 et
882 1523 980 1580 per
1017 1516 1243 1565 centum
1282 1508 1659 1580 quadraginta
1691 1512 1938 1578 quatuor
1973 1504 2158 1561 millia

514 1599 614 1668 qui
667 1612 768 1668 pro
821 1597 1037 1653 Christi
1082 1599 1310 1654 nomine
1360 1598 1512 1667 passi
1553 1601 1707 1667 sunt,
1757 1600 1813 1651 et
1853 1610 1950 1666 per
1990 1595 2157 1650 illum

513 1687 862 1756 baptismum
908 1701 1022 1758 quo
1079 1689 1344 1744 sacerdos
1390 1691 1443 1742 te
1491 1685 1842 1758 regeneravit
1886 1691 1951 1742 ut
1998 1685 2048 1740 si
2089 1686 2158 1741 de

514 1777 621 1833 hoc
661 1775 814 1833 furto
862 1777 1048 1844 scisti,
1081 1782 1183 1834 aut
1215 1777 1438 1850 vidisti,
1469 1783 1571 1833 aut
1607 1775 1901 1846 bajulasti,
1946 1778 2048 1832 aut
2097 1775 2157 1831 in

510 1865 743 1923 domum
776 1872 932 1923 tuam
985 1867 1273 1937 recepisti,
1327 1871 1429 1922 aut
1478 1865 1844 1922 consentiens
1885 1869 1986 1921 aut
2013 1877 2159 1920 con—

512 1961 818 2013 sentaneus
857 1957 1062 2012 exinde
1107 1955 1295 2026 fuisti,
1329 1960 1430 2012 aut
1470 1956 1520 2012 si
1555 1955 1728 2012 habes
1758 1969 1857 2012 cor
1883 1955 2160 2011 incrassa-

509 2049 632 2102 tum
654 2045 738 2101 vel
759 2045 1112 2116 induratum,
1133 2050 1427 2102 evanescat
1455 2059 1555 2102 cor
1577 2043 1824 2101 tuum”et
1846 2057 1956 2100 non
1980 2043 2158 2100 susci-

511 2134 632 2206 piat
668 2139 723 2190 te
750 2147 918 2206 aqua,
970 2148 1153 2206 neque
1206 2135 1388 2192 ullum
1438 2133 1779 2192 maleﬁcium
1809 2138 2004 2190 contra
2049 2133 2156 2190 hoc

509 2225 827 2296 pravaleat,
880 2225 976 2282 sed
1034 2224 1450 2282 manifestetur.
1500 2226 1804 2296 Propterea
1847 2223 2056 2280 obnixe
2102 2227 2154 2279 te

506 2313 896 2384 deprecamur,
942 2314 1182 2371 Domine
1208 2316 1339 2372 Jesu
1375 2314 1620 2387 Christe,
1665 2313 1753 2370 fac
1783 2313 2010 2387 signum
2043 2311 2156 2368 tale

508 2406 592 2475 ut,
621 2403 670 2458 si
695 2403 1006 2474 culpabilis
1035 2409 1121 2460 est
1149 2404 1245 2461 hic
1268 2405 1453 2474 homo,
1489 2404 1819 2460 nullatenus
1841 2403 2156 2474 recipiatur

509 2492 580 2547 ab
603 2492 790 2563 (aqua.
842 2495 956 2550 Hoc
984 2499 1194 2565 autem,
1236 2495 1476 2550 Domine
1503 2495 1634 2550 Jesu
1674 2493 1919 2562 Christe,
1967 2491 2054 2547 fac
2083 2491 2152 2546 ad

509 2580 734 2637 laudem
777 2586 832 2638 et
862 2583 1101 2654 gloriam
1149 2599 1247 2654 per
1280 2583 1694 2640 invocationem
1741 2582 1995 2638 nominis
2042 2581 2151 2650 tui,

513 2673 576 2725 ut
605 2683 801 2726 omnes
830 2677 1172 2742 cegnoscant
1194 2673 1331 2742 quia
1358 2677 1420 2728 tu
1445 2686 1507 2727 es
1533 2672 1812 2728 Dominus
1842 2679 2032 2726 noster
2053 2669 2152 2740 qui

507 2772 637 2814 cum
670 2759 833 2815 Patre
863 2764 919 2815 et
946 2761 1170 2830 Spiritu
1209 2766 1404 2817 sancto
1443 2760 1591 2817 vivis
1627 2765 1683 2818 et
1731 2775 1950 2833 regnas,
1982 2761 2151 2832 Deus,

511 2845 570 2900 in
601 2847 807 2904 sacula
835 2847 1197 2904 saculorum.
1229 2849 1424 2905 Amen.

897 2971 1082 3028 Oratio
1111 2975 1186 3028 ad
1213 2989 1414 3042 aquam
1446 2974 1799 3028 benedictam.

574 3093 926 3165 S’uppliciter
977 3104 1050 3169 te,
1099 3099 1336 3154 Domine
1391 3101 1520 3156 Jesu
1565 3099 1809 3169 Christe,
1879 3099 2154 3169 depreca-

507 3198 654 3255 mur,
681 3186 790 3242 tale
817 3188 1256 3256 prasentialiter
1279 3188 1462 3244 facere
1490 3190 1727 3261 dignare
1757 3189 1985 3261 signum
2011 3193 2073 3246 ut
2098 3189 2147 3244 si

510 3274 616 3332 iste
648 3277 796 3347 quod
838 3279 888 3333 ei
920 3279 1215 3352 objicitur,
1249 3287 1335 3336 est
1380 3281 1438 3336 in
1469 3281 1666 3351 aliquo
1695 3281 2008 3350 culpabilis
2039 3293 2147 3336 non

504 3367 789 3436 suscipiat
818 3382 946 3424 eum
975 3369 1094 3425 hac
1121 3383 1290 3441 aqua,
1332 3371 1426 3426 sed
1461 3377 1757 3427 evanescat
1784 3371 1905 3441 ipse
1925 3377 1982 3426 et
2011 3369 2152 3426 nul-

503 3455 726 3512 latenus
772 3457 936 3513 modo
987 3457 1139 3514 intro
1193 3458 1450 3528 recipiat.
1497 3460 1611 3515 Hoc
1654 3449 1863 3529 autem,
1913 3460 2150 3515 Domine

499 3545 629 3600 Jesu
677 3545 919 3617 Christe,
968 3545 1056 3602 fac
1093 3548 1160 3602 ad
1205 3548 1427 3604 laudem
1459 3554 1515 3605 et
1545 3549 1784 3622 gloriam
1824 3548 1892 3604 ad
1932 3549 2152 3604 invoca-

502 3633 714 3688 tionem
740 3633 992 3689 nominis
1025 3635 1111 3690 tui
1154 3636 1193 3704 ἦ-
1224 3640 1285 3690 ut
1313 3649 1509 3691 omnes
1538 3641 1884 3708 cognoscant
1911 3635 2046 3706 quia
2086 3640 2150 3690 tu

501 3736 561 3777 es
590 3723 740 3777 Deus
774 3737 962 3791 verus,
991 3729 1048 3777 et
1079 3729 1283 3793 prater
1313 3728 1366 3779 te
1409 3738 1518 3779 non
1563 3731 1648 3780 est
1672 3725 1846 3794 alius,
1877 3725 1976 3796 qui
1999 3723 2150 3779 vivis

501 3811 557 3864 et
587 3824 789 3881 regnas
818 3825 948 3868 cum
977 3812 1091 3866 Deo
1120 3812 1286 3867 Patre
1326 3812 1384 3866 in
1436 3813 1656 3868 unitate
1684 3813 1938 3883 Spiritus
1965 3815 2147 3872 sancti

503 3912 602 3967 per
629 3899 854 3954 infinita
877 3900 1083 3955 sacula
1110 3899 1448 3957 saculorum
1477 3903 1671 3958 Amen.

571 3987 685 4041 Hoc
713 3992 901 4042 autem
946 3987 1235 4057 judicium
1267 3991 1480 4046 creavit
1513 3991 1872 4062 omnipotens
1897 3994 2066 4064 Deus,
2093 3999 2150 4050 et

501 4087 696 4129 verum
738 4081 844 4147 est,
892 4082 948 4132 et
979 4092 1076 4148 per
1112 4079 1383 4136 domuum
1420 4081 1736 4153 Eugenium
1767 4085 2147 4153 apostolicum

503 4164 795 4220 inventum
834 4171 940 4235 est,
969 4171 1035 4223 ut
1067 4179 1264 4223 omnes
1291 4169 1566 4240 episcopi,
1599 4169 1851 4242 abbates,
1887 4173 2144 4245 comites,

499 4267 601 4309 seu
649 4267 844 4311 omnes
881 4255 1198 4313 Christiani
1259 4271 1358 4328 per
1406 4259 1733 4316 universum
1787 4260 1980 4316 orbem
2017 4275 2145 4318 eum

499 4341 802 4401 observare
832 4347 1118 4418 studeant,
1165 4349 1302 4417 quia
1338 4362 1370 4404 a
1409 4349 1610 4405 multis
1654 4349 1952 4420 probatum
1983 4356 2069 4406 est
2092 4357 2147 4408 et

497 4447 692 4490 verum
739 4435 1030 4493 inventum
1079 4443 1182 4494 est.
1217 4439 1347 4495 Ideo
1399 4439 1551 4494 enim
1598 4438 1668 4495 ab
1701 4439 1822 4494 illis
1852 4440 2144 4496 inventum

497 4528 584 4578 est
612 4530 668 4578 et
699 4523 1034 4582 institutum
1068 4531 1129 4582 ut
1162 4527 1312 4582 nulli
1354 4527 1524 4582 liceat
1557 4543 1729 4598 super
1753 4534 2009 4584 sanctum
2051 4529 2145 4584 al-

499 4617 618 4667 tare
642 4625 869 4668 manum
899 4628 1106 4684 ponere
1138 4628 1319 4685 neque
1351 4629 1519 4685 super
1564 4616 1841 4688 reliquias
1871 4618 1954 4674 vel
2003 4632 2144 4674 san-

497 4705 719 4757 ctorum
749 4715 986 4772 corpora
1004 4704 1220 4772 jurare.

1269 4858 1358 4913 III.

497 4972 742 5016 LITTERE
787 4975 1007 5018 EUGENII
1058 4977 1099 5020 II
1132 4976 1188 5019 IN
1222 4977 1461 5021 GRATIAM
1500 4979 1734 5025 C(ENOBII
1778 4983 2136 5025 AGAUNENSIS.

1131 5071 1312 5144 (Anno
1353 5072 1501 5148 827.)

672 5187 838 5266 [GalL
867 5195 1066 5251 Christ.
1109 5199 1245 5254 tom.
1275 5200 1397 5270 XII,
1435 5201 1620 5264 inst-In,
1655 5215 1777 5273 pag.
1813 5198 1959 5272 425.]

562 5318 709 5388 Quia
760 5321 1039 5378 Dominus
1091 5330 1284 5379 noster
1331 5338 1461 5381 oves
1503 5325 1783 5395 proprias,
1840 5339 1981 5397 quas
2029 5342 2134 5384 suo

491 5415 687 5464 sancto
708 5423 772 5465 ac
804 5413 1054 5480 pretioso
1081 5412 1360 5484 sanguine
1387 5413 1718 5484 acquisivit,
1769 5413 1932 5472 beato
1970 5417 2132 5474 Petro

490 5499 800 5566 pascendas
836 5501 1146 5572 commisit,
1197 5505 1419 5557 constat
1457 5502 1733 5558 nimirum
1759 5509 1995 5562 cunctos
2029 5507 2128 5563 Dei

487 5587 736 5646 cultores
762 5590 948 5660 ipsius
973 5589 1184 5660 subjici
1213 5589 1449 5648 tuitioni
1472 5591 1638 5662 cujus
1659 5605 1763 5650 nos
1785 5593 1997 5667 ubique
2017 5609 2129 5654 non

1116 287 1407 344 APPEND.
1450 285 1542 342 AD
1580 284 1738 342 SIEC.
1782 285 1881 340 IX.
1910 280 2333 338 —SUPPLEM.
2378 277 2469 334 AD
2507 276 2792 334 SCRIPTA
2827 275 3092 333 PONTIF.
3136 272 3300 330 ROM.

3735 280 3819 340 988

2189 405 2250 467 A
2271 405 2589 463 difﬁdimus
2616 405 2834 476 protegi
2867 403 3204 475 patrocinio.
3235 404 3566 474 Quapropter
3586 406 3706 463 satis
3725 421 3824 465 cou-

2271 497 2562 553 venienter
2609 494 2879 552 omnibus
2917 494 3265 551 Christianis
3290 499 3498 564 Oportet
3533 496 3594 550 ad
3626 501 3818 552 sanctam

2273 591 2506 642 matrem
2561 585 2871 641 Ecclesiam
2929 590 2985 640 et
3029 585 3392 654 apostolicam
3431 585 3598 640 sedem
3632 586 3823 655 prabere

2271 690 2613 733 concursum
2663 674 2856 730 taliter
2894 678 2959 731 ut
3003 679 3059 729 et
3091 674 3314 731 devotio
3350 673 3638 730 conditoris
3675 689 3824 730 conre-

2273 767 2496 822 nienter
2523 764 2760 821 sortisse
2803 764 3067 820 videatur
3109 763 3385 833 effectum,
3428 768 3482 819 et
3509 763 3606 833 pia
3629 769 3825 820 constru-

2270 855 2484 912 ctionis
2513 854 2731 911 oraculi
2762 854 2820 909 in
2853 854 3179 926 privilegiis
3209 853 3511 924 largiendis
3543 853 3737 909 minime
3757 855 3824 909 de-

2272 950 2508 1016 negetur
2551 945 2860 1002 auxilium.
2914 944 3097 1017 lgitur
3139 944 3274 1015 quia
3331 944 3619 1013 postulavit
3652 944 3824 1001 anobis

2271 1035 2609 1106 Ludovicus,
2674 1035 3008 1105 pronomine
3049 1034 3209 1105 Pius,
3257 1034 3723 1090 excellentissimus
3755 1047 3822 1089 rex

2271 1126 2636 1196 Francorum,
2657 1130 2941 1196 quatenus
2956 1125 3358 1181 monasterium
3375 1131 3668 1180 sanctorum
3692 1124 3824 1194 Agau-

2269 1215 2532 1271 nensium
2567 1215 2625 1269 in
2658 1228 2830 1288 regno
2857 1215 3202 1286 Burgundia
3226 1228 3395 1286 super
3422 1214 3634 1270 ﬂuvium
3662 1213 3828 1268 Rhoda-

2270 1317 2427 1373 num,
2461 1306 2611 1376 quod
2651 1305 2712 1361 in
2741 1307 3010 1362 honorem
3062 1305 3213 1361 beati
3267 1304 3516 1360 Mauritii
3561 1309 3612 1359 et
3638 1303 3825 1359 aliorum

2270 1398 2584 1464 martyrum
2616 1394 3023 1467 Sigismundus
3062 1394 3223 1450 bona
3275 1393 3548 1449 memoria
3598 1406 3678 1447 rex
3723 1404 3829 1446 con-

2269 1483 2551 1539 struxisse
2573 1483 2957 1556 dignoscitur,
2982 1485 3042 1539 in
3061 1497 3177 1554 quo
3192 1483 3527 1554 Edalongus
3552 1483 3830 1539 Sedunensis

2268 1572 2590 1643 episcOpus,
2616 1573 2723 1630 sub
2739 1574 2968 1629 nomine
2988 1573 3214 1630 abbatis
3237 1574 3618 1629 canonicorum
3634 1571 3828 1644 regulam

2269 1675 2461 1732 regere
2490 1661 2737 1732 videtur,
2773 1662 3080 1736 privilegio
3103 1677 3236 1719 cum
3271 1663 3420 1739 sedis
3451 1661 3733 1731 apostolica
3759 1661 3830 1714 in-

2269 1748 2410 1806 fulis
2459 1752 2779 1818 decoretur.
2832 1757 2888 1808 et
2927 1752 3036 1809 sub
3065 1757 3281 1822 sancta,
3332 1752 3446 1816 cui,
3492 1754 3594 1809 Deo
3635 1754 3827 1817 auctore,

2270 1842 2644 1911 prasidemus
2677 1843 2934 1899 Ecclesia
2962 1843 3346 1899 constitutum
3380 1841 3745 1911 prateritorum
3774 1852 3831 1894 re-

2269 1931 2353 2002 git
2391 1931 2648 1987 ordinem
2683 1932 2919 2004 gloriosi
2959 1932 3229 1989 videlicet
3270 1933 3418 2004 regis
3440 1929 3763 2004 Sigismundi,
3784 1941 3830 1982 ac

2267 2023 2600 2075 caterorum
2642 2033 2836 2092 regum
2875 2026 3000 2091 post
3032 2021 3220 2091 ipsius
3266 2026 3472 2078 statuta
3503 2025 3554 2074 et
3577 2015 3828 2088 privilegia,

2268 2108 2476 2164 iterum
2510 2110 2856 2180 prasulatus
2899 2110 3115 2166 honore
3143 2110 3554 2166 consentientes
3591 2105 3828 2163 conﬁrme-

2267 2210 2412 2268 mus,
2436 2202 2494 2253 et
2515 2199 2846 2256 nullatenus
2877 2199 2997 2256 ullo
3018 2200 3292 2270 deinceps
3315 2204 3550 2269 tempore
3569 2196 3831 2264 irrumpan-

2265 2290 2380 2356 tur,
2428 2289 2523 2345 sed
2580 2289 2733 2345 sicut
2777 2294 2908 2346 ante
2955 2291 3136 2346 nostri
3183 2289 3605 2361 pradecessores
3639 2282 3830 2354 ejusdem

2264 2374 2374 2431 loci
2422 2379 2730 2436 monachos
2771 2380 2852 2436 ita
2897 2394 3000 2436 nos
3055 2381 3366 2436 canonicos
3417 2391 3568 2450 quos,
3607 2371 3832 2446 propulsis

2267 2466 2563 2522 monachis
2609 2467 2849 2524 nefanda
2877 2476 2934 2525 et
2980 2469 3303 2525 miserabili
3358 2466 3515 2524 sorde
3550 2461 3764 2536 pollutis,
3789 2459 3830 2513 in

2264 2554 2458 2610 eodem
2481 2556 2604 2613 loco
2639 2558 3098 2630 gloriosissimus
3123 2573 3221 2615 rex
3243 2559 3606 2626 ordinaverat,
3631 2548 3832 2607 auctori-

2266 2651 2381 2702 tate
2431 2647 2586 2703 sedis
2627 2649 2956 2718 apostolica
2993 2649 3367 2705 decoremus:
3417 2653 3469 2702 et
3510 2656 3669 2715 neque
3705 2649 3831 2708 super

2267 2734 2400 2790 illos
2419 2736 2688 2804 pralatus
2712 2737 2931 2809 aliquis
2952 2739 3079 2794 sine
3113 2751 3315 2794 eorum
3337 2733 3604 2793 communi
3627 2726 3830 2791 consilio,

2264 2824 2350 2881 vel
2381 2826 2660 2882 electione
2683 2828 2968 2899 mittatur,
2993 2841 3174 2898 neque
3206 2840 3276 2882 ex
3298 2821 3666 2883 communibus
3697 2812 3832 2872 Eccle-

2266 2915 2367 2971 sia
2414 2915 2586 2973 rebus
2615 2921 2820 2987 prater
2865 2916 3309 2988 dispositionem
3356 2928 3540 2971 eorum
3584 2907 3831 2981 quidquam

2268 3009 2674 3076 pertractetur:
2712 3020 2813 3062 nec
2843 3006 3093 3076 alicujus
3122 3006 3344 3077 pralati
3367 2999 3617 3060 violentia
3636 3004 3834 3068 grassan-

2181 3082 2230 3146 C
2264 3095 2342 3151 tis
2387 3095 2446 3150 in
2501 3095 2734 3151 illorum
2788 3096 3151 3166 propriorum
3208 3095 3480 3152 bonorum
3524 3085 3829 3156 direptionem

2261 3191 2610 3256 exerceatur,
2649 3185 2744 3241 sed
2777 3186 2969 3242 omnia
3001 3185 3298 3258 privilegii
3351 3179 3664 3240 auctoritate
3683 3179 3830 3266 eorum

2259 3273 2507 3331 decretis
2536 3276 2877 3332 ordinentur
2906 3282 2962 3331 et
3000 3275 3411 3345 subiiciantur.
3438 3273 3502 3327 Et
3534 3269 3688 3324 morte
3714 3262 3832 3316 anti-

2259 3363 2436 3433 cipati
2470 3363 2667 3421 fratris
2689 3365 2922 3436 propria
2947 3364 3032 3420 vel
3053 3363 3250 3420 debita
3272 3363 3416 3419 bona
3440 3349 3833 3444 confratrumallt

2262 3460 2558 3522 parentum
2623 3455 3006 3526 dispositione
3066 3455 3385 3511 secundum
3429 3449 3601 3506 adhuc
3643 3440 3831 3498 viventis

2257 3545 2450 3598 votum
2499 3543 2950 3614 distribuantur,
2986 3558 3054 3600 ne
3092 3544 3363 3600 saculari
3397 3539 3647 3610 pravitate
3673 3526 3827 3594 rubigo

2257 3632 2661 3690 ecclesiasticae
2710 3635 2924 3704 rapina
2955 3648 3022 3689 ex
3056 3633 3161 3690 hoc
3208 3633 3561 3697 recolent....,
3593 3616 3826 3704 aerugini“,

2257 3720 2344 3776 vel
2381 3736 2568 3778 vocem
2597 3703 2814 3779 latitia
2849 3723 2967 3780 ulla
2999 3721 3454 3794 perturbationis
3481 3703 3827 3801 caligiue‘oﬂlcl‘

2259 3815 2378 3865 scet
2432 3811 2539 3866 sub
2595 3813 2976 3869 anathematis
3032 3813 3268 3870 vinculo
3315 3810 3648 3881 colligamus.
3701 3798 3752 3852 Ει
3786 3798 3825 3844 in

2261 3901 2523 3971 partibus
2547 3902 2891 3974 Burgundia
2923 3902 3226 3972 quamdam
3259 3905 3494 3968 curtem,
3524 3883 3826 3951 videlicet-Ar-

2258 4003 2385 4046 cum
2444 3992 2693 4062 nomine,
2745 3992 2922 4048 situm
2963 3992 3021 4047 in
3054 3991 3403 4062 Lingonensi
3433 3979 3696 4044 territorio
3730 3982 3822 4029 cum

2257 4079 2518 4136 ecclesiis
2533 4086 2588 4136 et
2604 4081 2863 4146 decimis,
2885 4080 3072 4152 silvis,
3091 4081 3284 4150 aquis,
3307 4066 3824 4152 pascuis,cunctisque

2258 4168 2625 4238 pertinentiis
2670 4170 2922 4240 ejusdem
2962 4151 3220 4226 ecclesia
3269 4166 3540 4224 fratribus
3575 4151 3822 4217 habendam

2255 4257 2640 4314 concedimus.
2697 4259 2970 4314 Praterea
2999 4257 3140 4328 ’piis
3181 4255 3492 4314 desideriis
3550 4248 3822 4334 Francorum

2257 4347 2407 4416 regis
2464 4361 2631 4403 aures
2691 4347 3178 4404 accommodantes
3247 4347 3495 4417 ejusdem
3559 4337 3821 4394 monasterii

2177 4468 2224 4526 Β
2253 4436 2681 4508 congregationi
2716 4437 2817 4492 Dei
2849 4437 3132 4492 mandatis
3155 4433 3456 4492 inharenti
3483 4427 3826 4526 εθᾶὶειιυξῖθξξξ

2253 4525 2470 4580 stolica
2516 4525 2767 4598 regulam
2819 4525 3065 4582 servanti
3117 4539 3217 4596 per
3276 4525 3448 4593 hujus
3498 4510 3823 4606 praceptifmis

2251 4615 2650 4670 auctoritatem
2687 4615 2743 4671 id
2777 4617 2924 4686 quod
2957 4614 3327 4685 exposcimur
3369 4611 3561 4668 effectu
3589 4606 3822 4663 mauclpa'

2251 4717 2398 4759 mus.
2431 4703 2499 4759 Et
2529 4703 2656 4760 ideo
2678 4717 2898 4760 omnem
2929 4703 3243 4773 cujuslibet
3264 4701 3524 4758 Ecclesia
3543 4690 3818 4778 sacerdotem

2251 4793 2309 4846 in
2335 4791 2568 4862 prafato
2596 4793 2959 4864 monasterio,
2993 4793 3076 4849 vel
3104 4794 3162 4848 in
3186 4792 3450 4849 ecclesiis
3474 4790 3530 4844 in
3550 4787 3660 4856 ejus
3679 4777 3821 4833 curti-

2249 4879 2357 4936 bus
2378 4882 2532 4952 sitis,
2554 4888 2611 4938 et
2630 4883 2755 4953 ejus
2782 4883 3172 4953 eleemosynis,
3196 4878 3540 4938 constructis
3561 4879 3611 4929 et
3636 4865 3822 4926 ordina-

2249 4971 2347 5040 tis,
2398 4972 2621 5028 nullum
2647 4973 2740 5029 sui
2785 4973 3074 5043 prioratus
3108 4971 3466 5043 pontiﬁcium
3499 4954 3821 5039 permittimus

2250 5060 2604 5131 habiturum,
2634 5075 2816 5134 neque
2847 5062 3011 5119 illum
3039 5062 3140 5133 qui
3178 5061 3467 5118 civitatem
3507 5047 3818 5112 Sedunellsem

2249 5163 2401 5206 nunc
2429 5150 2633 5207 habere
2652 5152 3014 5224 dignoscitur
3037 5150 3123 5207 vel
3154 5150 3334 5207 fuerit
3354 5149 3412 5204 in
3448 5143 3739 5217 potestatem
3757 5137 3822 5181 a0-

2247 5239 2578 5309 quisiturus
2599 5241 2913 5311 quamlibet
2937 5241 3210 5297 ditionem
3231 5253 3334 5295 seu
3351 5236 3660 5308 potestatem
3678 5224 3823 5311 extenf

2243 5306 2393 5399 dere,
2423 5306 2630 5398 prater
2656 5331 2843 5387 sedem
2881 5330 3251 5401 apostolicam
3291 5306 3659 5399 prohibemus»
3773 5306 3820 5358 υί

2243 5417 2358 5472 nisi
2383 5397 2453 5473 ab
2470 5432 2534 5476 eo
2556 5421 2658 5490 qui
2685 5426 2822 5476 tunc
2839 5397 3131 5490 prafuerit
3149 5397 3422 5488 ecclesia,
3445 5413 3524 5472 vel
3547 5425 3576 5466 a
3595 5397 3817 5490 fratribus

2241 5503 2419 5563 fuerit
2448 5481 2743 5578 invitatus,
2769 5481 2869 5565 nec
2898 5510 3278 5567 admissorum
3306 5481 3510 5563 ibidem
3539 5481 3816 5587 celebranti:l

2239 5597 2518 5655 solemnia
2548 5598 2837 5670 quispiam
2871 5604 3175 5672 praesumat
3201 5597 3480 5663 accedere,
3507 5589 3586 5648 vel
3609 5593 3745 5642 suam
3770 5587 3812 5631 ιη

2188 1715 2241 1776 Β
