4068 6178
362 242 481 301 989

1852 247 2198 307 EUGENIUS
2237 254 2299 308 ΙΙ.

3672 281 3778 340 990

360 354 1061 484 ibidem‘dominationem
1084 374 1331 446 incipiat
1351 392 1612 435 exercere
1632 392 1734 434 nec
1755 377 1873 434 ulla
1896 376 2104 438 con-A
2131 386 2514 443 necessarium
2549 389 2656 448 ﬁde
2686 397 2741 450 et
2769 397 3025 468 exemplo
3069 400 3366 470 probatum
3409 409 3611 466 merito
3641 424 3774 484 erga

355 459 643 516 ciliabula
663 465 1122 532 pratendereaut
1139 467 1422 538 quaslibet
1441 474 1627 539 partes
1643 469 2017 538 eleemosyna-

357 566 493 607 rum
513 568 639 623 qua
655 555 724 610 ad
745 561 1005 612 sanctum
1029 561 1436 616 monasterium
1455 573 1487 615 a
1509 559 1776 615 ﬁdelibus
1795 559 2016 616 collata

357 638 583 696 fuerint
626 656 730 699 sua
777 643 836 699 in
884 653 1041 716 parte
1074 648 1320 720 exigere,
1369 663 1551 719 neque
1593 648 1844 704 decimas
1889 661 2015 718 qua

358 729 492 786 illic
520 745 552 787 a
587 732 703 801 jam
735 734 893 790 dicto
923 735 977 790 S.
1019 736 1393 808 Sigismundo
1437 743 1574 794 sunt
1611 751 1890 793 concessa
1919 743 2016 791 at—

357 822 543 875 tentet
561 819 806 893 auferre,
831 836 896 878 eo
921 825 1069 895 quod
1092 825 1436 895 subjectioni
1459 825 1760 895 apostolici
1787 825 2015 895 privile-

353 907 442 979 gii
487 909 814 966 consistunt
854 912 1214 970 inconcussa.
1261 915 1682 971 Constituimus
1720 914 1872 969 enim
1915 928 2014 984 per

353 997 539 1068 hujus
584 1001 799 1057 decreti
845 1005 1026 1060 nostri
1086 1005 1348 1076 paginam
1395 1012 1566 1075 atque
1610 1004 2014 1061 interdicimus

350 1088 630 1145 omnibus
655 1092 888 1147 omnino
913 1093 1226 1163 cujuslibet
1251 1095 1504 1150 ecclesia
1531 1093 1896 1164 praesulibus,
1924 1091 2009 1148 vel

349 1177 757 1249 cujuscunque
800 1181 1035 1238 honoris
1062 1184 1345 1254 dignitate
1386 1183 1697 1253 pradictis,
1729 1183 1837 1238 sub
1865 1196 2014 1238 ana-

351 1263 629 1321 thematis
651 1269 904 1341 vinculo,
931 1284 998 1326 ne
1019 1271 1236 1342 aliquis
1260 1272 1434 1342 hujus
1461 1277 1668 1328 nostra
1696 1270 2011 1328 institutio-

360 1353 460 1408 nis
499 1357 764 1426 paginam
811 1358 897 1414 vel
946 1361 1186 1416 donaria
1229 1367 1284 1417 et
1334 1361 1620 1417 libertatis
1668 1362 1912 1418 honores
1953 1363 2010 1415 et

349 1445 685 1501 sanctiones
725 1462 849 1518 qua
884 1463 917 1504 a
957 1450 1230 1519 pradicto
1271 1465 1400 1522 rege
1446 1451 1732 1507 Ludovico
1774 1456 1831 1506 et
1871 1451 2008 1506 aliis

351 1533 591 1604 regibus
620 1537 949 1594 constituta
979 1545 1135 1610 sunt,
1166 1545 1220 1595 et
1253 1538 1486 1610 prafato
1524 1540 1870 1596 monasterio
1895 1539 2005 1596 sub

347 1623 682 1696 privilegiis
713 1627 971 1700 indulta,
1004 1630 1220 1686 violare
1252 1635 1575 1700 prasumat.

2130 471 2288 568 illam
2310 479 2680 546 apostolicam
2708 493 2996 543 servantes
3021 494 3357 550 sententiam
3383 511 3494 568 qua
3515 471 3768 556 dicitur:

2128 560 2397 657 gymnade
2423 571 2652 626 credent
2681 575 2798 628 sine
2814 578 3168 647 praedicante,
3202 588 3302 638 aut
3331 560 3594 653 quomodo
3619 605 3775 657 pra—

2127 651 2390 742 dicabunt
2434 661 2546 712 nisi
2592 665 2882 719 mittantur
2931 670 3100 737 (Rom.
3161 673 3242 742 χ),
3297 651 3368 728 ab
3425 674 3527 732 bac
3579 651 3773 734 sancta

2124 740 2374 801 Romana
2417 755 2594 806 matre
2638 754 2890 812 Ecclesia
2932 740 3238 816 vobiscum.
3268 767 3538 820 rectorem
3573 771 3772 824 trans—

2126 830 2412 926 misimus,
2436 842 2608 908 atque
2639 840 2696 896 in
2722 842 2973 912 prafatis
3006 849 3339 920 regionibus
3364 853 3618 926 Hannia,
3648 871 3772 925 qua

2122 924 2179 975 et
2207 920 2414 980 Avaria
2443 929 2786 1003 appellatur,
2819 935 2911 990 sed
2942 941 2997 992 et
3028 940 3308 1008 Moravia,
3345 920 3770 1011 provinciarum

2123 1023 2371 1082 quoque,
2419 1015 2724 1075 Pannonia
2768 1023 2887 1079 sive
2933 1026 3122 1082 Mesia
3167 1031 3541 1099 apostolicam
3591 1034 3770 1090 vicem

2123 1104 2394 1170 nostram,
2417 1110 2472 1160 et
2492 1107 2783 1166 dioecesim
2806 1116 2976 1184 atque
2992 1116 3090 1184 jus
3118 1117 3571 1177 ecclesiasticum
3603 1136 3774 1178 exer-

2120 1187 2308 1282 cendi,
2336 1195 2390 1245 et
2413 1206 2579 1250 usum
2605 1209 2669 1252 ac
2693 1204 3022 1268 potestatem
3053 1211 3475 1264 antecessorum
3507 1224 3766 1282 suorum,

2121 1274 2388 1334 videlicet
2414 1288 2620 1339 sancta
2651 1288 3050 1348 Lauriacensis
3079 1293 3344 1351 Ecclesia
3373 1274 3770 1368 archiepisco-l

2123 1378 2318 1434 porum
2348 1369 2460 1425 sibi
2490 1378 3032 1450 successoribusque
3059 1383 3182 1439 suis
3206 1387 3481 1442 canonica
3506 1389 3770 1444 auctori—

2120 1456 2232 1510 tate
2251 1460 2687 1532 committimus,
2713 1472 2883 1536 atque
2907 1470 3082 1539 hujus
3098 1474 3537 1530 constitutionis
3561 1482 3768 1533 nostra

2115 1546 2405 1604 decretum
2433 1550 2882 1624 subscriptionis
2914 1559 3220 1632 privilegio
3247 1563 3598 1620 roboramus.
3633 1566 3768 1621 Pal—

2118 1635 2567 1726 liumjpraterea,
2582 1643 2748 1712 juxta
2769 1648 3242 1706 consuetudinem
3266 1653 3586 1726 antiquam,
3612 1669 3770 1710 sane-

423 1713 738 1786 Eugenius,
789 1717 903 1772 Deo
949 1725 1199 1788 auctore,
1249 1717 1308 1774 in
1359 1719 1463 1774 hac
1511 1718 1659 1774 serie
1712 1717 2001 1790 privilegii
2032 1701 2084 1764 Β
2117 1725 2272 1781 titati
2297 1742 2415 1783 sua
2442 1701 2727 1802 dedimus,
2757 1736 2906 1805 quod
2935 1736 3012 1793 ita
3039 1738 3153 1794 sibi
3180 1701 3590 1812 concessimus:
3616 1743 3771 1800 sicut

346 1799 425 1856 ob
457 1815 705 1859 amorem
734 1805 836 1860 Dei
867 1811 921 1861 et
951 1812 1279 1864 sanctorum
1319 1811 1630 1878 martyrum
1675 1807 1945 1863 honorem
1969 1819 2000 1862 a

346 1904 440 1945 me
489 1889 638 1948 facta
683 1893 938 1965 relegens
979 1895 1324 1968 subscripsi,
1373 1911 1438 1953 ac
1480 1897 1779 1967 episcopos
1818 1896 1999 1953 nostri

348 1980 701 2049 prasulatus
729 1982 937 2040 subtus
964 1985 1237 2041 adnotare
1261 1986 1434 2056 jussi.

416 2069 786 2127 Crescentius
827 2078 1087 2143 peccator
1119 2076 1320 2145 jussus
1349 2089 1382 2131 a
1417 2074 1652 2132 domino
1681 2088 1823 2145 papa
1853 2073 2000 2131 sub—

344 2161 582 2230 scripsi.
631 2159 962 2218 Bonifacius
1006 2169 1265 2233 peccator
1299 2166 1499 2234 jussus
1526 2178 1558 2221 a
1588 2164 1821 2220 domino
1857 2176 2001 2234 papa

343 2249 692 2321 subscripsi.
742 2251 1120 2323 Hieronymus
1163 2259 1423 2324 peccator
1458 2255 1659 2324 jussus
1699 2265 1732 2308 a
1765 2253 2000 2310 domino

345 2353 494 2410 papa
537 2339 880 2410 subscripsi.
927 2341 1129 2399 Petrus
1172 2348 1434 2414 peccator
1470 2345 1671 2415 jussus
1700 2357 1732 2400 a
1766 2341 1999 2399 domino

345 2443 494 2500 papa
531 2428 873 2502 subscripsi.

1123 2540 1210 2595 IV.

343 2657 710 2702 PRIVILEGIUM
751 2659 972 2703 EUGENII
1010 2661 1049 2703 ιι
1091 2661 1195 2704 PRO
1232 2661 1574 2704 MONASTEBIO
1614 2660 1992 2704 LAURIACENSI.

341 2763 532 2842 [Apud
557 2769 763 2841 Lunig,
780 2769 1131 2841 Spicilegium
1150 2773 1586 2838 ecclesiasticum,
1608 2773 1990 2844 continuatio,

893 2882 1029 2934 tom.
1062 2877 1105 2950 I,
1140 2893 1264 2951 pag.
1300 2876 1449 2955 678.]

410 2983 554 3039 Cum
583 2983 911 3041 audivimus
935 2985 1481 3043 christianissimam
1503 2987 1991 3044 conversationem

2115 1815 2554 1883 pradecessores
2586 1823 2766 1878 nostri
2810 1825 2935 1880 suis
2967 1828 3485 1896 pradecessoribus
3529 1846 3768 1889 conces—

2113 1916 2257 1975 sere,
2287 1905 2722 1980 privilegiorum
2755 1927 2991 1970 suorum
3023 1916 3248 1974 scilicet
3275 1919 3604 1992 integritate
3634 1936 3767 1978 ser—

2111 1997 2257 2049 vata.
2284 1994 2462 2066 Cujus
2485 1997 2788 2056 dilectioni
2819 2004 3078 2074 quamvis
3111 2005 3216 2062 hoc
3245 2006 3441 2064 debito
3462 2012 3768 2080 permitte—

2111 2095 2322 2154 remus,
2375 2091 2604 2157 propter
2645 2095 2860 2147 vestras
2901 2098 3089 2150 autem
3122 2095 3423 2166 petitionis
3457 2113 3628 2170 super
3659 2100 3764 2156 hac

2111 2172 2573 2246 reﬁagitantibus
2594 2179 2664 2234 ad
2694 2178 2963 2238 honorem
2998 2199 3165 2240 suum
3199 2192 3449 2244 nostram
3475 2189 3762 2258 apostoli-

2109 2273 2230 2316 cam
2257 2263 2436 2320 vicem
2465 2270 2520 2322 et
2547 2269 2948 2328 auctoritatem
2981 2273 3218 2344 insuper
3245 2277 3758 2349 accumulavimus,

2110 2352 2260 2421 quod
2285 2366 2577 2425 nunquam
2599 2358 2725 2414 suis
2742 2361 3084 2430 permissum
3107 2367 3192 2419 est
3213 2364 3526 2437 prioribus,
3552 2373 3763 2438 quate-

2111 2451 2220 2495 nus
2262 2446 2318 2497 et
2365 2457 2482 2515 vos,
2530 2445 2844 2505 confratres
2896 2456 2952 2506 et
2997 2453 3345 2525 coepiscOpi,
3394 2455 3666 2526 deinceps
3705 2458 3760 2513 ei

2110 2531 2480 2589 reverentiam
2519 2537 2855 2608 ampliorem
2898 2540 3168 2598 oxhibere
3194 2544 3418 2614 sciatis,
3448 2550 3503 2602 et
3538 2547 3596 2601 in
3623 2560 3762 2603 sana

2105 2616 2370 2678 doctrina
2404 2625 2654 2682 calestis
2693 2628 3045 2686 eruditionis
3079 2634 3148 2688 ad
3180 2633 3618 2690 aediﬁcationem
3659 2649 3764 2691 ve—

2106 2718 2280 2768 stram
2319 2719 2380 2770 ut
2421 2715 2528 2792 ﬁlii
2577 2718 2863 2787 sapientes
2906 2720 3210 2792 obediatis,
3256 2729 3427 2796 atque
3470 2739 3586 2794 vos,
3622 2725 3757 2781 laici

2104 2801 2376 2870 primates
2405 2809 2460 2860 et
2489 2805 2714 2877 vulgus,
2739 2807 3140 2867 saluberrimis
3171 2813 3470 2883 praceptis
3488 2815 3614 2869 suis
3645 2827 3757 2869 non

2104 2891 2260 2946 velut
2290 2892 2534 2965 homini,
2563 2895 2657 2950 sed
2689 2901 2958 2968 tanquam
2987 2901 3102 2957 Deo
3134 2901 3436 2958 humiliter
3463 2901 3760 2972 obtempe-

2105 2979 2265 3042 retis,
2301 2987 2358 3035 et
2390 2982 2497 3036 ﬁde
2541 2985 2824 3041 catholica
2869 3002 3039 3058 quam
3081 3005 3179 3059 per
3216 2993 3522 3049 Dominum
3566 2994 3755 3048 Jesum

334 3079 590 3128 vestram
621 3079 676 3129 et
699 3079 907 3130 sancta
935 3075 1064 3130 ﬁdei
1096 3075 1490 3148 honorumque
1513 3091 1748 3146 operum
1771 3083 1996 3132 vestro—
2023 3060 2073 3127 C
2103 3070 2395 3124 consecuti
2428 3070 2568 3126 estis
2599 3069 2774 3128 fortes
2815 3078 3212 3144 permaneatis.
3254 3081 3393 3133 Nam
3427 3081 3608 3136 totius
3635 3079 3756 3136 doli

338 3176 470 3218 rum
497 3175 844 3233 processum,
869 3177 1092 3220 summo
1113 3165 1324 3236 gaudio
1345 3170 1517 3236 atque
1544 3164 1748 3221 latitia
1773 3163 1994 3221 fuimus

333 3251 675 3322 exhilarati,
703 3253 841 3322 quia
863 3252 1063 3310 divina
1099 3255 1158 3309 in
1185 3254 1345 3310 vobis
1373 3260 1642 3324 operante
1667 3255 1990 3324 clementia,

336 3346 407 3397 ut
431 3341 741 3412 Apostolus
761 3343 876 3398 ait:
906 3343 1006 3398 Ubi
1025 3344 1330 3398 abundavit
1361 3345 1636 3407 delictum,
1660 3344 1996 3414 superabun-

336 3430 497 3484 davit
523 3435 704 3499 gratia
737 3431 908 3500 (Rom.
943 3433 1022 3503 v),
1054 3439 1226 3504 atque
1252 3435 1536 3504 quomodo
1567 3439 1764 3490 sancta
1796 3434 1996 3490 Eccle—

334 3519 427 3575 sia
451 3519 554 3574 Dei
584 3521 799 3576 nostris
820 3521 1176 3591 temporibus
1205 3522 1607 3593 quotidianum
1634 3523 1692 3578 in
1718 3522 1995 3579 electione

335 3613 526 3664 vestra
548 3610 795 3679 suscipit
813 3610 1246 3682 incrementum,
1267 3613 1434 3681 cujus
1449 3612 1724 3682 optabilis
1742 3612 1994 3668 rumoris

338 3697 516 3754 index
539 3697 652 3755 fuit
677 3700 1190 3757 reverendissimus
1219 3700 1468 3771 Yrolfus,
1501 3707 1712 3759 sancta
1744 3702 1991 3758 Lauria-

335 3787 532 3842 censis
551 3787 815 3844 Ecclesia
833 3789 1304 3859 archiepiscopus
1323 3796 1379 3846 et
1395 3792 1799 3848 sanctissimus
1820 3789 1994 3847 frater

338 3881 554 3946 noster,
587 3882 772 3933 vester
795 3883 983 3935 autem
1011 3879 1341 3948 spiritualis
1373 3887 1550 3949 pater.
1582 3881 1681 3952 qui
1712 3894 1810 3951 per
1828 3894 1990 3936 suam

334 3970 594 4019 sanctam
627 3966 1088 4035 praedicationem
1119 3967 1419 4037 adoptivos
1440 3970 1552 4024 Deo
1574 3983 1672 4024 vos
1697 3969 1896 4041 genuit
1919 3969 1994 4024 ﬁ—

338 4051 474 4108 lios.
528 4055 580 4108 Is
630 4055 824 4126 itaque
879 4056 947 4111 ad
999 4057 1386 4127 apostolorum
1448 4057 1652 4113 limina
1707 4057 1990 4114 orationis

334 4155 514 4198 causa
544 4143 797 4214 veniens,
831 4156 1031 4200 novam
1068 4145 1367 4202 ecclesiam
1404 4147 1620 4202 nostris
1649 4146 1987 4217 apostolicis

336 4229 838 4288 benedictionibus
861 4230 1274 4288 informandam
1294 4233 1537 4290 subnixe
1553 4235 1989 4305 commendavit,

334 4317 480 4389 quia
515 4320 757 4376 Domino
793 4321 1112 4377 auxiliante
1149 4321 1429 4378 catholice
1465 4322 1889 4394 gubernandam
1931 4323 1991 4380 in

2103 3156 2312 3212 artifex
2335 3159 2622 3229 diabolus,
2652 3163 2819 3232 cujus
2848 3164 3108 3221 dominio
3135 3166 3194 3220 in
3221 3165 3561 3236 baptismate
3584 3168 3758 3222 abre-

2106 3248 2412 3319 nuntiatis,
2431 3250 2714 3319 jacturam
2735 3256 2791 3305 et
2809 3252 3079 3310 damnum
3102 3260 3301 3310 vestra
3323 3255 3596 3311 salutaris
3617 3271 3758 3310 sur-

2107 3336 2386 3406 reptionis
2431 3339 2664 3394 moleste
2708 3341 2927 3410 patitur
2964 3356 3029 3397 ac
3069 3357 3168 3412 per
3201 3344 3389 3399 varias
3427 3344 3756 3399 occasiones

2105 3425 2322 3482 zizania
2346 3427 2595 3498 perﬁdia
2619 3429 2975 3502 seminando,
2998 3431 3155 3488 velut
3177 3431 3354 3488 multa
3379 3431 3593 3500 injuria
3615 3432 3755 3486 bac-

2105 3515 2329 3587 chatur,
2370 3522 2426 3573 et
2460 3523 2522 3574 ut
2564 3526 2812 3576 vestrum
2858 3519 3077 3591 aliquis
3125 3527 3280 3592 terga
3322 3525 3504 3576 vertat
3543 3526 3754 3575 sancta

2107 3604 2448 3674 professioni
2502 3607 2852 3664 incessanter
2901 3608 3157 3665 molitur.
3209 3607 3564 3679 Quapropter
3607 3622 3753 3677 sape

2103 3694 2245 3749 dicti
2279 3695 2720 3768 archiepiscOpi,
2765 3698 3037 3754 videlicet
3081 3699 3330 3769 pastoris
3370 3698 3544 3754 vestri
3580 3711 3612 3753 a
3637 3698 3752 3752 Deo

2102 3781 2397 3854 destinati,
2447 3785 2921 3842 institutionibus
2963 3787 3242 3858 benignas
3269 3800 3438 3844 aures
3485 3786 3750 3856 prabete,

2085 3870 2202 3940 'qui
2227 3885 2324 3927 vos
2348 3879 2402 3927 et
2428 3875 2756 3930 versutione
2780 3877 3000 3932 Satanae
3027 3890 3224 3932 cavere
3241 3882 3413 3948 atque
3437 3877 3562 3945 ejus
3582 3880 3755 3931 ater-

2104 3972 2206 4014 nos
2231 3961 2524 4018 cruciatus
2553 3964 2787 4019 evadere
2814 3964 3073 4036 instruit,
3102 3980 3166 4022 ac
3196 3966 3316 4036 ipse
3344 3965 3402 4020 in
3423 3965 3519 4020 die
3539 3963 3751 4034 judicii

2099 4047 2170 4103 de
2195 4047 2364 4105 bonis
2393 4051 2666 4121 operibus
2686 4053 2891 4108 vestris
2915 4055 3255 4112 saculorum
3277 4054 3520 4110 Domino
3547 4065 3755 4123 perpe—

2102 4141 2200 4192 tua
2228 4141 2671 4196 remunerandos
2700 4141 2884 4213 gloria
2913 4143 3298 4212 prasentabit.
3328 4142 3412 4200 Ad
3447 4140 3750 4213 perfectam

2101 4239 2294 4282 aurem
2327 4235 2381 4284 et
2413 4230 2729 4285 necessaria
2768 4233 3119 4289 eruditionis
3159 4238 3358 4290 vestra
3388 4232 3654 4300 salutem,
3689 4233 3754 4284 ut

2101 4317 2506 4390 comperimus,
2549 4332 2660 4375 non
2700 4319 2994 4376 sufﬁciunt
3033 4323 3222 4392 pauci,
3266 4322 3367 4393 qui
3410 4320 3572 4375 modo
3606 4331 3751 4374 con—

335 4409 548 4465 vestris
574 4410 836 4480 partibus
860 4413 1132 4482 suscepit.
1167 4415 1228 4468 In
1259 4412 1473 4484 quibus
1498 4413 1671 4469 etiam
1705 4414 1987 4485 quondam
2018 4397 2072 4458 D
2101 4404 2293 4461 stituti
2353 4414 2488 4463 sunt
2549 4407 2731 4480 vobis,
2804 4409 3080 4481 episcopi,
3154 4411 3292 4480 quia
3363 4409 3558 4480 plures
3614 4411 3750 4462 sunt

333 4500 722 4557 Romanorum
742 4516 968 4573 quoque
983 4501 1446 4574 Gepidorumque
1463 4507 1644 4575 atate,
1667 4509 1730 4559 ut
1748 4503 1990 4560 lectione

333 4593 557 4644 certum
588 4595 692 4660 est,
728 4591 786 4646 in
817 4596 1031 4660 septem
1062 4592 1458 4663 episcOporum
1491 4593 1793 4664 parochias
1821 4600 1991 4650 ante-

333 4690 594 4734 cessores
623 4678 714 4735 sui
741 4680 872 4749 jure
903 4669 1346 4751 metropolitano
1372 4681 1742 4740 obtinuerant
1770 4683 1990 4739 dilace-

333 4766 470 4822 sim.
505 4767 624 4836 Qua
653 4782 721 4823 ex
749 4769 983 4838 justitia
1011 4775 1067 4825 et
1098 4770 1218 4842 lege
1252 4769 1521 4840 prafatus
1547 4773 1662 4828 Deo
1700 4772 1990 4844 dignissi—

335 4869 471 4910 mus
507 4857 978 4928 archiepiscopus
1015 4859 1210 4915 debito
1249 4859 1560 4931 obligatur,
1596 4865 1660 4916 ut
1698 4860 1784 4916 illi
1825 4867 1989 4918 terra

334 4943 506 5014 prius
523 4943 900 5018 Christicola,
923 4955 1095 5019 atque
1116 4963 1352 5005 suorum
1379 4950 1706 5021 antiquitus
1725 4956 1992 5008 anteces-

331 5045 534 5088 sorum
582 5034 814 5090 credita
861 5037 1254 5108 providentia,
1303 5052 1472 5110 quam
1522 5053 1673 5095 nunc
1720 5054 1839 5111 vos,
1884 5041 1986 5097 Dei

331 5122 750 5193 omnipotentis
787 5126 1034 5194 occulto,
1072 5127 1356 5184 mediante
1384 5129 1628 5202 judicio,
1657 5129 1742 5187 vel
1777 5138 1840 5187 ut
1866 5131 1988 5186 ha—

332 5211 678 5268 reditarium
708 5215 1034 5284 possidetis,
1062 5217 1182 5287 ipse
1203 5218 1564 5291 evangelicus
1588 5221 1859 5292 agricola,
1883 5221 1987 5277 diu

333 5307 537 5373 negata
575 5301 826 5359 caelestis
867 5312 1100 5377 spargat
1146 5307 1363 5362 semina
1403 5308 1555 5379 vita,
1592 5315 1762 5379 atque
1797 5311 1854 5366 in
1888 5311 1987 5368 lu-

329 5392 567 5448 crandis
585 5392 816 5450 Christo
837 5394 1141 5452 animabus
1163 5396 1473 5452 redivivam
1495 5397 1564 5452 de
1579 5397 1742 5454 vobis
1763 5401 1986 5456 nutriat

331 5487 600 5554 segetem.
660 5481 838 5552 Quem
898 5497 1002 5540 nos
1058 5484 1459 5542 doctissimum
1515 5487 1700 5543 divini
1763 5491 1982 5546 oraculi

331 5571 672 5630 ministrum
710 5571 888 5630 saluti
936 5578 1136 5632 vestra
1181 5579 1602 5648 cognoscentes,
1648 5591 1748 5649 per
1788 5581 1982 5640 omnia

2098 4497 2287 4553 adhuc
2329 4497 2675 4569 gentilitatis
2716 4511 2908 4555 errore
2953 4499 3164 4555 ibidem
3208 4499 3445 4565 detenti,
3491 4497 3560 4552 ad
3603 4509 3750 4567 quos

2100 4596 2330 4660 propter
2357 4588 2609 4659 in0piam
2639 4589 2906 4660 praconii
2931 4590 3116 4646 divini
3145 4589 3301 4645 verbi
3330 4588 3583 4645 nondum
3612 4599 3750 4656 per—

2097 4678 2255 4734 venit
2306 4679 2513 4734 notitia
2561 4679 2799 4735 Christi.
2853 4680 3072 4736 Idcirco
3129 4679 3302 4750 enim,
3354 4686 3418 4736 ut
3463 4681 3751 4736 accrescat

2099 4767 2268 4826 turba
2297 4769 2578 4840 ﬁdelium,
2609 4769 2836 4825 studeat
2870 4770 3106 4826 solertia
3146 4776 3330 4826 vestra
3362 4784 3464 4841 pro
3496 4770 3750 4826 mercede

2099 4865 2156 4916 et
2187 4859 2523 4915 remissione
2569 4864 2926 4929 peccatorum
2972 4865 3289 4916 vestrorum
3328 4859 3748 4916 adminiculum

2099 4956 2269 5021 atque
2301 4950 2567 5018 juvamen
2618 4947 2866 5019 prabere
2909 4949 3383 5005 reverendissimo
3417 4948 3609 5006 Yrolfo
3648 4962 3750 5005 ar—

2097 5039 2464 5109 chiepiscopo
2481 5042 2763 5109 quatenus
2783 5039 3001 5095 dudum
3022 5038 3144 5093 illic
3165 5039 3612 5096 constitutorum
3635 5039 3750 5108 epi-

2099 5143 2400 5200 scoporum
2420 5142 2692 5186 numerus
2711 5129 3037 5201 impleatur,
3057 5127 3156 5200 qui
3176 5143 3427 5202 congrue
3443 5127 3746 5186 constituti

2097 5224 2154 5274 et
2177 5218 2340 5275 vobis
2372 5219 2730 5290 posterisque
2767 5218 2976 5274 vestris
3016 5223 3282 5288 poterunt
3317 5233 3441 5275 esse
3481 5217 3741 5289 proﬁcui,

2097 5309 2146 5366 si
2169 5311 2236 5365 ad
2265 5308 2736 5366 restaurationem
2757 5309 3140 5366 Ecclesiarum
3167 5315 3395 5381 propter
3420 5319 3620 5362 nomen
3641 5307 3747 5359 Do-

2097 5400 2240 5456 mini
2266 5401 2335 5456 de
2362 5399 2824 5470 possessionibus
2851 5399 3075 5471 vestris,
3101 5414 3243 5471 quas
3269 5397 3527 5453 redditus
3546 5395 3744 5448 dotes—

2094 5504 2204 5562 que
2220 5503 2415 5546 earum
2436 5488 2582 5544 fama
2599 5490 2950 5561 divulgante,
2978 5489 3222 5560 quodam
3242 5485 3420 5542 fuisse
3438 5482 3736 5554 noveritis,

2093 5586 2362 5638 aternam
2409 5577 2810 5636 sufﬁcientiam
2867 5576 3030 5634 vobis
3083 5575 3474 5646 comparantes
3524 5570 3737 5629 eisdem
