  <div class='ocr_page' id='page_1' title='image "/cluster/home/n/w/nwhite01/storage/ocr_20150623/129/hvd.32044054759907/501.png"; bbox 0 0 4076 6154; ppageno 0'>
   <div class='ocr_carea' id='block_1_1' title="bbox 346 172 538 229">
    <p class='ocr_par' dir='ltr' id='par_1_1' title="bbox 346 172 538 229">
     <span class='ocr_line' id='line_1_1' title="bbox 346 172 538 229; baseline 0 -1"><span class='ocrx_word' id='word_1_1' title='bbox 346 172 538 229; x_wconf 67' lang='lat'><strong>,991</strong></span> 
     </span>
    </p>
   </div>
   <div class='ocr_carea' id='block_1_2' title="bbox 1046 141 3242 225">
    <p class='ocr_par' dir='ltr' id='par_1_2' title="bbox 1046 141 3242 225">
     <span class='ocr_line' id='line_1_2' title="bbox 1046 141 3242 225; baseline -0.001 -2"><span class='ocrx_word' id='word_1_2' title='bbox 1046 166 1335 224; x_wconf 79' lang='lat' dir='ltr'><strong>APPEND.</strong></span> <span class='ocrx_word' id='word_1_3' title='bbox 1378 167 1471 223; x_wconf 85' lang='lat' dir='ltr'><strong>AD</strong></span> <span class='ocrx_word' id='word_1_4' title='bbox 1506 166 1666 225; x_wconf 71' lang='grc' dir='ltr'><strong>ελΕα.</strong></span> <span class='ocrx_word' id='word_1_5' title='bbox 1709 167 1806 223; x_wconf 88' lang='lat' dir='ltr'><strong>1x.</strong></span> <span class='ocrx_word' id='word_1_6' title='bbox 1846 195 1918 207; x_wconf 85' lang='lat'><strong>—</strong></span> <span class='ocrx_word' id='word_1_7' title='bbox 1943 162 2274 221; x_wconf 85' lang='lat' dir='ltr'><strong>SUPPLEM.</strong></span> <span class='ocrx_word' id='word_1_8' title='bbox 2317 163 2410 221; x_wconf 65' lang='lat' dir='ltr'><strong>an</strong></span> <span class='ocrx_word' id='word_1_9' title='bbox 2447 164 2729 224; x_wconf 70' lang='lat' dir='ltr'><strong>semen</strong></span> <span class='ocrx_word' id='word_1_10' title='bbox 2767 165 3033 224; x_wconf 77' lang='lat' dir='ltr'><strong>PONTIF.</strong></span> <span class='ocrx_word' id='word_1_11' title='bbox 3077 141 3242 224; x_wconf 83' lang='lat' dir='ltr'><strong>ROM.</strong></span> 
     </span>
    </p>
   </div>
   <div class='ocr_carea' id='block_1_3' title="bbox 3693 171 3777 229">
    <p class='ocr_par' dir='ltr' id='par_1_3' title="bbox 3693 171 3777 229">
     <span class='ocr_line' id='line_1_3' title="bbox 3693 171 3777 229; baseline 0 0"><span class='ocrx_word' id='word_1_12' title='bbox 3693 171 3777 229; x_wconf 76' lang='grc'><strong>992</strong></span> 
     </span>
    </p>
   </div>
   <div class='ocr_carea' id='block_1_4' title="bbox 441 287 3779 366">
    <p class='ocr_par' dir='ltr' id='par_1_4' title="bbox 441 287 3779 366">
     <span class='ocr_line' id='line_1_4' title="bbox 441 287 3779 366; baseline 0 -14"><span class='ocrx_word' id='word_1_13' title='bbox 441 294 717 352; x_wconf 87' lang='lat' dir='ltr'><strong>Ecclesiis</strong></span> <span class='ocrx_word' id='word_1_14' title='bbox 738 294 852 365; x_wconf 88' lang='lat' dir='ltr'><strong>ipsi</strong></span> <span class='ocrx_word' id='word_1_15' title='bbox 873 292 1181 350; x_wconf 81' lang='lat' dir='ltr'><strong>conferatis</strong></span> <span class='ocrx_word' id='word_1_16' title='bbox 1202 293 1427 350; x_wconf 87' lang='lat' dir='ltr'><strong>idoneis</strong></span> <span class='ocrx_word' id='word_1_17' title='bbox 1446 292 1590 349; x_wconf 91' lang='lat' dir='ltr'><strong>viris</strong></span> <span class='ocrx_word' id='word_1_18' title='bbox 1610 293 1678 350; x_wconf 92' lang='lat' dir='ltr'><strong>ad</strong></span> <span class='ocrx_word' id='word_1_19' title='bbox 1702 293 1809 349; x_wconf 92' lang='lat' dir='ltr'><strong>hoc</strong></span> <span class='ocrx_word' id='word_1_20' title='bbox 1830 293 2086 348; x_wconf 90' lang='lat' dir='ltr'><strong>ministe-</strong></span> <span class='ocrx_word' id='word_1_21' title='bbox 2111 287 2171 348; x_wconf 83' lang='lat' dir='ltr'>A</span> <span class='ocrx_word' id='word_1_22' title='bbox 2205 298 2400 351; x_wconf 90' lang='lat' dir='ltr'><strong>notum</strong></span> <span class='ocrx_word' id='word_1_23' title='bbox 2430 297 2535 363; x_wconf 89' lang='lat' dir='ltr'><strong>est,</strong></span> <span class='ocrx_word' id='word_1_24' title='bbox 2566 297 2729 366; x_wconf 81' lang='lat' dir='ltr'><strong>urget</strong></span> <span class='ocrx_word' id='word_1_25' title='bbox 2753 292 3095 349; x_wconf 92' lang='lat' dir='ltr'><strong>neccessitas</strong></span> <span class='ocrx_word' id='word_1_26' title='bbox 3125 297 3186 348; x_wconf 93' lang='lat' dir='ltr'><strong>ut</strong></span> <span class='ocrx_word' id='word_1_27' title='bbox 3221 291 3301 360; x_wconf 96' lang='lat' dir='ltr'><strong>id,</strong></span> <span class='ocrx_word' id='word_1_28' title='bbox 3328 294 3384 347; x_wconf 92' lang='lat' dir='ltr'><strong>et</strong></span> <span class='ocrx_word' id='word_1_29' title='bbox 3405 304 3469 346; x_wconf 89' lang='lat' dir='ltr'><strong>ex</strong></span> <span class='ocrx_word' id='word_1_30' title='bbox 3491 291 3662 350; x_wconf 86' lang='lat' dir='ltr'><strong>debito</strong></span> <span class='ocrx_word' id='word_1_31' title='bbox 3687 297 3779 353; x_wconf 87' lang='lat' dir='ltr'><strong>red-</strong></span> 
     </span>
    </p>
   </div>
   <div class='ocr_carea' id='block_1_5' title="bbox 445 381 2090 454">
    <p class='ocr_par' dir='ltr' id='par_1_5' title="bbox 445 381 2090 454">
     <span class='ocr_line' id='line_1_5' title="bbox 445 381 2090 454; baseline -0.002 -14"><span class='ocrx_word' id='word_1_32' title='bbox 445 384 597 440; x_wconf 90' lang='lat' dir='ltr'><strong>rium</strong></span> <span class='ocrx_word' id='word_1_33' title='bbox 630 383 848 454; x_wconf 81' lang='lat' dir='ltr'><strong>electis,</strong></span> <span class='ocrx_word' id='word_1_34' title='bbox 875 383 1118 438; x_wconf 84' lang='lat' dir='ltr'><strong>maxime</strong></span> <span class='ocrx_word' id='word_1_35' title='bbox 1141 383 1197 437; x_wconf 94' lang='lat' dir='ltr'><strong>in</strong></span> <span class='ocrx_word' id='word_1_36' title='bbox 1225 381 1318 438; x_wconf 89' lang='lat' dir='ltr'><strong>bis</strong></span> <span class='ocrx_word' id='word_1_37' title='bbox 1345 382 1510 453; x_wconf 90' lang='lat' dir='ltr'><strong>locis,</strong></span> <span class='ocrx_word' id='word_1_38' title='bbox 1541 382 1590 437; x_wconf 92' lang='lat' dir='ltr'><strong>si</strong></span> <span class='ocrx_word' id='word_1_39' title='bbox 1614 382 2013 453; x_wconf 79' lang='lat' dir='ltr'><strong>Opportunitas</strong></span> <span class='ocrx_word' id='word_1_40' title='bbox 2033 385 2090 437; x_wconf 92' lang='lat' dir='ltr'><strong>et</strong></span> 
     </span>
    </p>
   </div>
   <div class='ocr_carea' id='block_1_6' title="bbox 447 469 2087 541">
    <p class='ocr_par' dir='ltr' id='par_1_6' title="bbox 447 469 2087 541">
     <span class='ocr_line' id='line_1_6' title="bbox 447 469 2087 541; baseline -0.002 -12"><span class='ocrx_word' id='word_1_41' title='bbox 447 473 677 530; x_wconf 84' lang='lat' dir='ltr'><strong>utilitas</strong></span> <span class='ocrx_word' id='word_1_42' title='bbox 720 472 1218 541; x_wconf 90' lang='lat' dir='ltr'><strong>commendaverit,</strong></span> <span class='ocrx_word' id='word_1_43' title='bbox 1261 472 1602 528; x_wconf 83' lang='lat' dir='ltr'><strong>ordinentur</strong></span> <span class='ocrx_word' id='word_1_44' title='bbox 1642 471 1953 541; x_wconf 87' lang='lat' dir='ltr'><strong>antistites,</strong></span> <span class='ocrx_word' id='word_1_45' title='bbox 1988 469 2087 526; x_wconf 93' lang='lat' dir='ltr'><strong>ubi</strong></span> 
     </span>
    </p>
   </div>
   <div class='ocr_carea' id='block_1_7' title="bbox 449 560 2092 632">
    <p class='ocr_par' dir='ltr' id='par_1_7' title="bbox 449 560 2092 632">
     <span class='ocr_line' id='line_1_7' title="bbox 449 560 2092 632; baseline -0.002 -14"><span class='ocrx_word' id='word_1_46' title='bbox 449 563 699 619; x_wconf 91' lang='lat' dir='ltr'><strong>indicias</strong></span> <span class='ocrx_word' id='word_1_47' title='bbox 715 561 1083 617; x_wconf 85' lang='lat' dir='ltr'><strong>ecclesiarum</strong></span> <span class='ocrx_word' id='word_1_48' title='bbox 1097 569 1151 617; x_wconf 92' lang='lat' dir='ltr'><strong>et</strong></span> <span class='ocrx_word' id='word_1_49' title='bbox 1167 561 1541 617; x_wconf 57' lang='lat' dir='ltr'><strong>aedificiorum</strong></span> <span class='ocrx_word' id='word_1_50' title='bbox 1561 561 1720 617; x_wconf 90' lang='lat' dir='ltr'><strong>sedes</strong></span> <span class='ocrx_word' id='word_1_51' title='bbox 1740 560 2092 632; x_wconf 80' lang='lat' dir='ltr'><strong>pontiﬁcales</strong></span> 
     </span>
    </p>
   </div>
   <div class='ocr_carea' id='block_1_8' title="bbox 448 649 2094 720">
    <p class='ocr_par' dir='ltr' id='par_1_8' title="bbox 448 649 2094 720">
     <span class='ocr_line' id='line_1_8' title="bbox 448 649 2094 720; baseline -0.002 -13"><span class='ocrx_word' id='word_1_52' title='bbox 448 652 587 708; x_wconf 92' lang='lat' dir='ltr'><strong>olim</strong></span> <span class='ocrx_word' id='word_1_53' title='bbox 610 650 790 707; x_wconf 88' lang='lat' dir='ltr'><strong>fuisse</strong></span> <span class='ocrx_word' id='word_1_54' title='bbox 810 652 1200 708; x_wconf 89' lang='lat' dir='ltr'><strong>demonstrant</strong></span> <span class='ocrx_word' id='word_1_55' title='bbox 1220 669 1234 720; x_wconf 89' lang='lat'><strong>;</strong></span> <span class='ocrx_word' id='word_1_56' title='bbox 1254 651 1344 706; x_wconf 91' lang='lat' dir='ltr'><strong>sin</strong></span> <span class='ocrx_word' id='word_1_57' title='bbox 1366 656 1554 707; x_wconf 90' lang='lat' dir='ltr'><strong>autem</strong></span> <span class='ocrx_word' id='word_1_58' title='bbox 1580 650 1744 706; x_wconf 90' lang='lat' dir='ltr'><strong>illius</strong></span> <span class='ocrx_word' id='word_1_59' title='bbox 1768 649 2012 704; x_wconf 89' lang='lat' dir='ltr'><strong>arbitrio</strong></span> <span class='ocrx_word' id='word_1_60' title='bbox 2037 653 2094 704; x_wconf 93' lang='lat' dir='ltr'><strong>et</strong></span> 
     </span>
    </p>
   </div>
   <div class='ocr_carea' id='block_1_9' title="bbox 445 739 2094 810">
    <p class='ocr_par' dir='ltr' id='par_1_9' title="bbox 445 739 2094 810">
     <span class='ocr_line' id='line_1_9' title="bbox 445 739 2094 810; baseline -0.002 -14"><span class='ocrx_word' id='word_1_61' title='bbox 445 740 878 810; x_wconf 88' lang='lat' dir='ltr'><strong>deliberatione,</strong></span> <span class='ocrx_word' id='word_1_62' title='bbox 905 740 1005 810; x_wconf 91' lang='lat' dir='ltr'><strong>qui</strong></span> <span class='ocrx_word' id='word_1_63' title='bbox 1032 739 1116 795; x_wconf 90' lang='lat' dir='ltr'><strong>vel</strong></span> <span class='ocrx_word' id='word_1_64' title='bbox 1140 739 1238 796; x_wconf 91' lang='lat' dir='ltr'><strong>ubi</strong></span> <span class='ocrx_word' id='word_1_65' title='bbox 1265 740 1648 810; x_wconf 87' lang='lat' dir='ltr'><strong>disponantur</strong></span> <span class='ocrx_word' id='word_1_66' title='bbox 1670 739 1924 810; x_wconf 88' lang='lat' dir='ltr'><strong>episcopi</strong></span> <span class='ocrx_word' id='word_1_67' title='bbox 1949 750 2094 794; x_wconf 92' lang='lat' dir='ltr'><strong>con—</strong></span> 
     </span>
    </p>
   </div>
   <div class='ocr_carea' id='block_1_10' title="bbox 450 828 2088 899">
    <p class='ocr_par' dir='ltr' id='par_1_10' title="bbox 450 828 2088 899">
     <span class='ocr_line' id='line_1_10' title="bbox 450 828 2088 899; baseline -0.001 -15"><span class='ocrx_word' id='word_1_68' title='bbox 450 829 728 899; x_wconf 90' lang='lat' dir='ltr'><strong>cedimus,</strong></span> <span class='ocrx_word' id='word_1_69' title='bbox 760 830 856 885; x_wconf 91' lang='lat' dir='ltr'><strong>cui</strong></span> <span class='ocrx_word' id='word_1_70' title='bbox 887 829 1066 885; x_wconf 87' lang='lat' dir='ltr'><strong>vicem</strong></span> <span class='ocrx_word' id='word_1_71' title='bbox 1112 833 1362 885; x_wconf 90' lang='lat' dir='ltr'><strong>nostram</strong></span> <span class='ocrx_word' id='word_1_72' title='bbox 1393 829 1541 899; x_wconf 90' lang='lat' dir='ltr'><strong>apud</strong></span> <span class='ocrx_word' id='word_1_73' title='bbox 1575 844 1673 886; x_wconf 92' lang='lat' dir='ltr'><strong>vos</strong></span> <span class='ocrx_word' id='word_1_74' title='bbox 1710 828 2088 890; x_wconf 86' lang='lat' dir='ltr'><strong>ecclesiastici</strong></span> 
     </span>
    </p>
   </div>
   <div class='ocr_carea' id='block_1_11' title="bbox 448 918 1540 992">
    <p class='ocr_par' dir='ltr' id='par_1_11' title="bbox 448 918 1540 992">
     <span class='ocr_line' id='line_1_11' title="bbox 448 918 1540 992; baseline -0.001 -17"><span class='ocrx_word' id='word_1_75' title='bbox 448 918 748 992; x_wconf 88' lang='lat' dir='ltr'><strong>regiminis</strong></span> <span class='ocrx_word' id='word_1_76' title='bbox 779 932 876 989; x_wconf 91' lang='lat' dir='ltr'><strong>per</strong></span> <span class='ocrx_word' id='word_1_77' title='bbox 905 919 1098 974; x_wconf 89' lang='lat' dir='ltr'><strong>omnia</strong></span> <span class='ocrx_word' id='word_1_78' title='bbox 1127 919 1540 976; x_wconf 90' lang='lat' dir='ltr'><strong>commisimus.</strong></span> 
     </span>
    </p>
   </div>
   <div class='ocr_carea' id='block_1_12' title="bbox 1237 1044 1298 1099">
    <p class='ocr_par' dir='ltr' id='par_1_12' title="bbox 1237 1044 1298 1099">
     <span class='ocr_line' id='line_1_12' title="bbox 1237 1044 1298 1099; baseline -0.049 0"><span class='ocrx_word' id='word_1_79' title='bbox 1237 1044 1298 1099; x_wconf 86' lang='lat' dir='ltr'><strong>V.</strong></span> 
     </span>
    </p>
   </div>
   <div class='ocr_carea' id='block_1_13' title="bbox 862 1153 1677 1207">
    <p class='ocr_par' dir='ltr' id='par_1_13' title="bbox 862 1153 1677 1207">
     <span class='ocr_line' id='line_1_13' title="bbox 862 1153 1677 1207; baseline 0.002 -2"><span class='ocrx_word' id='word_1_80' title='bbox 862 1162 1122 1206; x_wconf 73' lang='lat' dir='ltr'><strong>EPISTOLA</strong></span> <span class='ocrx_word' id='word_1_81' title='bbox 1160 1164 1380 1207; x_wconf 83' lang='lat' dir='ltr'><strong>EUGENII</strong></span> <span class='ocrx_word' id='word_1_82' title='bbox 1422 1164 1463 1207; x_wconf 86' lang='grc' dir='ltr'>ΙΙ</span> <span class='ocrx_word' id='word_1_83' title='bbox 1498 1164 1567 1207; x_wconf 83' lang='lat' dir='ltr'><strong>AD</strong></span> <span class='ocrx_word' id='word_1_84' title='bbox 1593 1153 1677 1206; x_wconf 72' lang='grc'><strong>“⁶.</strong></span> 
     </span>
    </p>
   </div>
   <div class='ocr_carea' id='block_1_14' title="bbox 1032 1257 1512 1333">
    <p class='ocr_par' dir='ltr' id='par_1_14' title="bbox 1032 1257 1512 1333">
     <span class='ocr_line' id='line_1_14' title="bbox 1032 1257 1512 1333; baseline -0.004 -19"><span class='ocrx_word' id='word_1_85' title='bbox 1032 1257 1212 1330; x_wconf 83' lang='lat' dir='ltr'><strong>(Anno</strong></span> <span class='ocrx_word' id='word_1_86' title='bbox 1253 1260 1512 1333; x_wconf 90' lang='lat' dir='ltr'><strong>incerto.)</strong></span> 
     </span>
    </p>
   </div>
   <div class='ocr_carea' id='block_1_15' title="bbox 529 1362 2098 1441">
    <p class='ocr_par' dir='ltr' id='par_1_15' title="bbox 529 1362 2098 1441">
     <span class='ocr_line' id='line_1_15' title="bbox 529 1362 2098 1441; baseline 0.004 -20"><span class='ocrx_word' id='word_1_87' title='bbox 529 1362 713 1440; x_wconf 82' lang='lat' dir='ltr'><strong>[Apud</strong></span> <span class='ocrx_word' id='word_1_88' title='bbox 736 1365 1104 1441; x_wconf 81' lang='lat' dir='ltr'><strong>Goldastum,</strong></span> <span class='ocrx_word' id='word_1_89' title='bbox 1116 1367 1365 1422; x_wconf 80' lang='lat' dir='ltr'><strong>Collectio</strong></span> <span class='ocrx_word' id='word_1_90' title='bbox 1387 1369 1717 1441; x_wconf 50' lang='lat' dir='ltr'><strong>decretogum</strong></span> <span class='ocrx_word' id='word_1_91' title='bbox 1732 1370 2098 1441; x_wconf 64' lang='lat' dir='ltr'><strong>g‘mperialium</strong></span> 
     </span>
    </p>
   </div>
   <div class='ocr_carea' id='block_1_16' title="bbox 801 1436 1752 1516">
    <p class='ocr_par' dir='ltr' id='par_1_16' title="bbox 801 1436 1752 1516">
     <span class='ocr_line' id='line_1_16' title="bbox 801 1436 1752 1516; baseline 0.002 -24"><span class='ocrx_word' id='word_1_92' title='bbox 801 1439 866 1493; x_wconf 90' lang='lat' dir='ltr'><strong>de</strong></span> <span class='ocrx_word' id='word_1_93' title='bbox 897 1439 1047 1492; x_wconf 84' lang='lat' dir='ltr'><strong>cultu</strong></span> <span class='ocrx_word' id='word_1_94' title='bbox 1083 1436 1407 1509; x_wconf 65' lang='lat' dir='ltr'><strong>imaginum,</strong></span> <span class='ocrx_word' id='word_1_95' title='bbox 1443 1453 1566 1512; x_wconf 85' lang='lat' dir='ltr'><strong>pag.</strong></span> <span class='ocrx_word' id='word_1_96' title='bbox 1601 1436 1752 1516; x_wconf 73' lang='lat'><strong>725.]</strong></span> 
     </span>
    </p>
   </div>
   <div class='ocr_carea' id='block_1_17' title="bbox 2201 381 3780 454">
    <p class='ocr_par' dir='ltr' id='par_1_17' title="bbox 2201 381 3780 454">
     <span class='ocr_line' id='line_1_17' title="bbox 2201 381 3780 454; baseline 0.001 -14"><span class='ocrx_word' id='word_1_97' title='bbox 2201 385 2334 441; x_wconf 89' lang='lat' dir='ltr'><strong>dere</strong></span> <span class='ocrx_word' id='word_1_98' title='bbox 2369 384 2564 454; x_wconf 90' lang='lat' dir='ltr'><strong>debeo,</strong></span> <span class='ocrx_word' id='word_1_99' title='bbox 2605 383 2834 439; x_wconf 90' lang='lat' dir='ltr'><strong>diutius</strong></span> <span class='ocrx_word' id='word_1_100' title='bbox 2871 381 3101 438; x_wconf 77' lang='lat' dir='ltr'><strong>diﬂerre</strong></span> <span class='ocrx_word' id='word_1_101' title='bbox 3140 394 3248 437; x_wconf 93' lang='lat' dir='ltr'><strong>non</strong></span> <span class='ocrx_word' id='word_1_102' title='bbox 3294 381 3541 444; x_wconf 88' lang='lat' dir='ltr'><strong>audeam,</strong></span> <span class='ocrx_word' id='word_1_103' title='bbox 3579 397 3637 438; x_wconf 91' lang='lat' dir='ltr'><strong>ne</strong></span> <span class='ocrx_word' id='word_1_104' title='bbox 3669 382 3780 441; x_wconf 86' lang='lat' dir='ltr'><strong>forte</strong></span> 
     </span>
    </p>
   </div>
   <div class='ocr_carea' id='block_1_18' title="bbox 2203 469 3778 540">
    <p class='ocr_par' dir='ltr' id='par_1_18' title="bbox 2203 469 3778 540">
     <span class='ocr_line' id='line_1_18' title="bbox 2203 469 3778 540; baseline 0 -10"><span class='ocrx_word' id='word_1_105' title='bbox 2203 478 2360 530; x_wconf 89' lang='lat' dir='ltr'><strong>tanto</strong></span> <span class='ocrx_word' id='word_1_106' title='bbox 2382 473 2686 528; x_wconf 89' lang='lat' dir='ltr'><strong>charitatis</strong></span> <span class='ocrx_word' id='word_1_107' title='bbox 2704 472 2898 528; x_wconf 81' lang='lat' dir='ltr'><strong>debito</strong></span> <span class='ocrx_word' id='word_1_108' title='bbox 2923 470 3215 526; x_wconf 89' lang='lat' dir='ltr'><strong>subtracto</strong></span> <span class='ocrx_word' id='word_1_109' title='bbox 3240 469 3298 525; x_wconf 91' lang='lat' dir='ltr'><strong>in</strong></span> <span class='ocrx_word' id='word_1_110' title='bbox 3320 475 3606 540; x_wconf 86' lang='lat' dir='ltr'><strong>conspectu</strong></span> <span class='ocrx_word' id='word_1_111' title='bbox 3624 475 3778 530; x_wconf 64' lang='lat' dir='ltr'><strong>aeterni</strong></span> 
     </span>
    </p>
   </div>
   <div class='ocr_carea' id='block_1_19' title="bbox 2197 559 3539 632">
    <p class='ocr_par' dir='ltr' id='par_1_19' title="bbox 2197 559 3539 632">
     <span class='ocr_line' id='line_1_19' title="bbox 2197 559 3539 632; baseline -0.004 -14"><span class='ocrx_word' id='word_1_112' title='bbox 2197 562 2415 632; x_wconf 91' lang='lat' dir='ltr'><strong>judicis</strong></span> <span class='ocrx_word' id='word_1_113' title='bbox 2449 576 2546 632; x_wconf 91' lang='lat' dir='ltr'><strong>pro</strong></span> <span class='ocrx_word' id='word_1_114' title='bbox 2577 561 2740 618; x_wconf 86' lang='lat' dir='ltr'><strong>vobis</strong></span> <span class='ocrx_word' id='word_1_115' title='bbox 2771 559 3039 616; x_wconf 91' lang='lat' dir='ltr'><strong>omnibus</strong></span> <span class='ocrx_word' id='word_1_116' title='bbox 3071 573 3201 615; x_wconf 90' lang='lat' dir='ltr'><strong>reus</strong></span> <span class='ocrx_word' id='word_1_117' title='bbox 3231 572 3539 628; x_wconf 84' lang='lat' dir='ltr'><strong>appaream.</strong></span> 
     </span>
    </p>
   </div>
   <div class='ocr_carea' id='block_1_20' title="bbox 2271 647 3781 720">
    <p class='ocr_par' dir='ltr' id='par_1_20' title="bbox 2271 647 3781 720">
     <span class='ocr_line' id='line_1_20' title="bbox 2271 647 3781 720; baseline -0.001 -13"><span class='ocrx_word' id='word_1_118' title='bbox 2271 651 2645 720; x_wconf 87' lang='lat' dir='ltr'><strong>Quamobrem</strong></span> <span class='ocrx_word' id='word_1_119' title='bbox 2691 665 2790 707; x_wconf 92' lang='lat' dir='ltr'><strong>oro</strong></span> <span class='ocrx_word' id='word_1_120' title='bbox 2819 650 2904 705; x_wconf 92' lang='lat' dir='ltr'><strong>vel</strong></span> <span class='ocrx_word' id='word_1_121' title='bbox 2940 663 3156 718; x_wconf 89' lang='lat' dir='ltr'><strong>moneo,</strong></span> <span class='ocrx_word' id='word_1_122' title='bbox 3190 654 3254 704; x_wconf 92' lang='lat' dir='ltr'><strong>ut</strong></span> <span class='ocrx_word' id='word_1_123' title='bbox 3295 647 3461 717; x_wconf 89' lang='lat' dir='ltr'><strong>primi</strong></span> <span class='ocrx_word' id='word_1_124' title='bbox 3493 649 3591 703; x_wconf 91' lang='lat' dir='ltr'><strong>mei</strong></span> <span class='ocrx_word' id='word_1_125' title='bbox 3618 651 3781 706; x_wconf 88' lang='lat' dir='ltr'><strong>summi</strong></span> 
     </span>
    </p>
   </div>
   <div class='ocr_carea' id='block_1_21' title="bbox 2197 737 3784 809">
    <p class='ocr_par' dir='ltr' id='par_1_21' title="bbox 2197 737 3784 809">
     <span class='ocr_line' id='line_1_21' title="bbox 2197 737 3784 809; baseline 0.001 -14"><span class='ocrx_word' id='word_1_126' title='bbox 2197 741 2298 796; x_wconf 91' lang='lat' dir='ltr'><strong>Dei</strong></span> <span class='ocrx_word' id='word_1_127' title='bbox 2317 741 2583 797; x_wconf 66' lang='lat' dir='ltr'><strong>Ecclesia:</strong></span> <span class='ocrx_word' id='word_1_128' title='bbox 2602 741 2709 800; x_wconf 83' lang='lat' dir='ltr'><strong>ﬁlii</strong></span> <span class='ocrx_word' id='word_1_129' title='bbox 2733 739 2971 796; x_wconf 84' lang='lat' dir='ltr'><strong>Michael</strong></span> <span class='ocrx_word' id='word_1_130' title='bbox 2989 737 3437 808; x_wconf 83' lang='lat' dir='ltr'><strong>etTheophilus,</strong></span> <span class='ocrx_word' id='word_1_131' title='bbox 3460 737 3670 809; x_wconf 84' lang='lat' dir='ltr'><strong>gloriosi</strong></span> <span class='ocrx_word' id='word_1_132' title='bbox 3685 754 3784 796; x_wconf 86' lang='lat' dir='ltr'><strong>vero</strong></span> 
     </span>
    </p>
   </div>
   <div class='ocr_carea' id='block_1_22' title="bbox 2197 827 3781 900">
    <p class='ocr_par' dir='ltr' id='par_1_22' title="bbox 2197 827 3781 900">
     <span class='ocr_line' id='line_1_22' title="bbox 2197 827 3781 900; baseline -0.003 -12"><span class='ocrx_word' id='word_1_133' title='bbox 2197 836 2253 889; x_wconf 92' lang='lat' dir='ltr'><strong>et</strong></span> <span class='ocrx_word' id='word_1_134' title='bbox 2270 832 2600 888; x_wconf 84' lang='lat' dir='ltr'><strong>sublimiter</strong></span> <span class='ocrx_word' id='word_1_135' title='bbox 2614 846 2647 887; x_wconf 91' lang='lat' dir='ltr'><strong>a</strong></span> <span class='ocrx_word' id='word_1_136' title='bbox 2661 832 2776 886; x_wconf 92' lang='lat' dir='ltr'><strong>Deo</strong></span> <span class='ocrx_word' id='word_1_137' title='bbox 2795 829 3028 886; x_wconf 88' lang='lat' dir='ltr'><strong>exaltati</strong></span> <span class='ocrx_word' id='word_1_138' title='bbox 3054 829 3425 898; x_wconf 89' lang='lat' dir='ltr'><strong>imperatores</strong></span> <span class='ocrx_word' id='word_1_139' title='bbox 3444 827 3781 900; x_wconf 85' lang='lat' dir='ltr'><strong>Romanorum,</strong></span> 
     </span>
    </p>
   </div>
   <div class='ocr_carea' id='block_1_23' title="bbox 2204 916 3782 986">
    <p class='ocr_par' dir='ltr' id='par_1_23' title="bbox 2204 916 3782 986">
     <span class='ocr_line' id='line_1_23' title="bbox 2204 916 3782 986; baseline -0.003 -8"><span class='ocrx_word' id='word_1_140' title='bbox 2204 935 2316 978; x_wconf 89' lang='lat' dir='ltr'><strong>uno</strong></span> <span class='ocrx_word' id='word_1_141' title='bbox 2346 936 2476 978; x_wconf 92' lang='lat' dir='ltr'><strong>cum</strong></span> <span class='ocrx_word' id='word_1_142' title='bbox 2510 921 2777 978; x_wconf 89' lang='lat' dir='ltr'><strong>universo</strong></span> <span class='ocrx_word' id='word_1_143' title='bbox 2809 918 3093 974; x_wconf 89' lang='lat' dir='ltr'><strong>catholico</strong></span> <span class='ocrx_word' id='word_1_144' title='bbox 3136 916 3603 986; x_wconf 90' lang='lat' dir='ltr'><strong>nobilissimoque</strong></span> <span class='ocrx_word' id='word_1_145' title='bbox 3628 925 3782 974; x_wconf 85' lang='lat' dir='ltr'><strong>senatu</strong></span> 
     </span>
    </p>
   </div>
   <div class='ocr_carea' id='block_1_24' title="bbox 2201 1005 3785 1082">
    <p class='ocr_par' dir='ltr' id='par_1_24' title="bbox 2201 1005 3785 1082">
     <span class='ocr_line' id='line_1_24' title="bbox 2201 1005 3785 1082; baseline -0.003 -15"><span class='ocrx_word' id='word_1_146' title='bbox 2201 1025 2267 1067; x_wconf 92' lang='lat' dir='ltr'><strong>ac</strong></span> <span class='ocrx_word' id='word_1_147' title='bbox 2299 1011 2508 1082; x_wconf 91' lang='lat' dir='ltr'><strong>populo</strong></span> <span class='ocrx_word' id='word_1_148' title='bbox 2539 1009 2702 1066; x_wconf 91' lang='lat' dir='ltr'><strong>vobis</strong></span> <span class='ocrx_word' id='word_1_149' title='bbox 2736 1023 2768 1064; x_wconf 89' lang='lat' dir='ltr'><strong>a</strong></span> <span class='ocrx_word' id='word_1_150' title='bbox 2796 1009 2909 1064; x_wconf 92' lang='lat' dir='ltr'><strong>Deo</strong></span> <span class='ocrx_word' id='word_1_151' title='bbox 2938 1008 3006 1063; x_wconf 91' lang='lat' dir='ltr'><strong>ad</strong></span> <span class='ocrx_word' id='word_1_152' title='bbox 3049 1005 3479 1080; x_wconf 90' lang='lat' dir='ltr'><strong>gubernandum</strong></span> <span class='ocrx_word' id='word_1_153' title='bbox 3513 1006 3714 1076; x_wconf 89' lang='lat' dir='ltr'><strong>credito,</strong></span> <span class='ocrx_word' id='word_1_154' title='bbox 3738 1013 3785 1062; x_wconf 90' lang='lat' dir='ltr'><strong>ut</strong></span> 
     </span>
    </p>
   </div>
   <div class='ocr_carea' id='block_1_25' title="bbox 2203 1095 3782 1172">
    <p class='ocr_par' dir='ltr' id='par_1_25' title="bbox 2203 1095 3782 1172">
     <span class='ocr_line' id='line_1_25' title="bbox 2203 1095 3782 1172; baseline -0.004 -15"><span class='ocrx_word' id='word_1_155' title='bbox 2203 1114 2287 1172; x_wconf 90' lang='lat' dir='ltr'><strong>ea,</strong></span> <span class='ocrx_word' id='word_1_156' title='bbox 2313 1115 2439 1172; x_wconf 81' lang='lat' dir='ltr'><strong>quae</strong></span> <span class='ocrx_word' id='word_1_157' title='bbox 2468 1113 2569 1171; x_wconf 93' lang='lat' dir='ltr'><strong>pro</strong></span> <span class='ocrx_word' id='word_1_158' title='bbox 2597 1100 2781 1157; x_wconf 89' lang='lat' dir='ltr'><strong>salute</strong></span> <span class='ocrx_word' id='word_1_159' title='bbox 2805 1102 3010 1170; x_wconf 88' lang='lat' dir='ltr'><strong>vestra,</strong></span> <span class='ocrx_word' id='word_1_160' title='bbox 3038 1111 3107 1154; x_wconf 88' lang='lat' dir='ltr'><strong>ex</strong></span> <span class='ocrx_word' id='word_1_161' title='bbox 3135 1096 3475 1154; x_wconf 84' lang='lat' dir='ltr'><strong>auctoritate</strong></span> <span class='ocrx_word' id='word_1_162' title='bbox 3497 1095 3628 1151; x_wconf 88' lang='lat' dir='ltr'><strong>beati</strong></span> <span class='ocrx_word' id='word_1_163' title='bbox 3650 1097 3782 1165; x_wconf 84' lang='lat' dir='ltr'><strong>Petri,</strong></span> 
     </span>
    </p>
   </div>
   <div class='ocr_carea' id='block_1_26' title="bbox 2203 1179 3787 1247">
    <p class='ocr_par' dir='ltr' id='par_1_26' title="bbox 2203 1179 3787 1247">
     <span class='ocr_line' id='line_1_26' title="bbox 2203 1179 3787 1247; baseline -0.004 -1"><span class='ocrx_word' id='word_1_164' title='bbox 2203 1190 2299 1246; x_wconf 91' lang='lat' dir='ltr'><strong>cui</strong></span> <span class='ocrx_word' id='word_1_165' title='bbox 2336 1179 2615 1247; x_wconf 85' lang='lat' dir='ltr'><strong>Dominus</strong></span> <span class='ocrx_word' id='word_1_166' title='bbox 2651 1193 2708 1245; x_wconf 90' lang='lat' dir='ltr'><strong>et</strong></span> <span class='ocrx_word' id='word_1_167' title='bbox 2737 1190 2890 1245; x_wconf 91' lang='lat' dir='ltr'><strong>Deus</strong></span> <span class='ocrx_word' id='word_1_168' title='bbox 2938 1191 3134 1244; x_wconf 88' lang='lat' dir='ltr'><strong>noster</strong></span> <span class='ocrx_word' id='word_1_169' title='bbox 3166 1188 3330 1242; x_wconf 90' lang='lat' dir='ltr'><strong>Jesus</strong></span> <span class='ocrx_word' id='word_1_170' title='bbox 3365 1184 3612 1241; x_wconf 87' lang='lat' dir='ltr'><strong>Christus</strong></span> <span class='ocrx_word' id='word_1_171' title='bbox 3645 1183 3787 1240; x_wconf 86' lang='lat' dir='ltr'><strong>claves</strong></span> 
     </span>
    </p>
   </div>
   <div class='ocr_carea' id='block_1_27' title="bbox 2205 1273 3782 1351">
    <p class='ocr_par' dir='ltr' id='par_1_27' title="bbox 2205 1273 3782 1351">
     <span class='ocr_line' id='line_1_27' title="bbox 2205 1273 3782 1351; baseline -0.006 -14"><span class='ocrx_word' id='word_1_172' title='bbox 2205 1281 2560 1337; x_wconf 89' lang='lat' dir='ltr'><strong>committere</strong></span> <span class='ocrx_word' id='word_1_173' title='bbox 2606 1279 2882 1351; x_wconf 87' lang='lat' dir='ltr'><strong>dignatus</strong></span> <span class='ocrx_word' id='word_1_174' title='bbox 2933 1281 3018 1333; x_wconf 90' lang='lat' dir='ltr'><strong>est</strong></span> <span class='ocrx_word' id='word_1_175' title='bbox 3066 1275 3227 1349; x_wconf 81' lang='lat' dir='ltr'><strong>regni</strong></span> <span class='ocrx_word' id='word_1_176' title='bbox 3281 1274 3543 1332; x_wconf 68' lang='lat' dir='ltr'><strong>caelorum</strong></span> <span class='ocrx_word' id='word_1_177' title='bbox 3591 1273 3782 1329; x_wconf 89' lang='lat' dir='ltr'><strong>dicens:</strong></span> 
     </span>
    </p>
   </div>
   <div class='ocr_carea' id='block_1_28' title="bbox 2208 1365 3788 1440">
    <p class='ocr_par' dir='ltr' id='par_1_28' title="bbox 2208 1365 3788 1440">
     <span class='ocr_line' id='line_1_28' title="bbox 2208 1365 3788 1440; baseline -0.006 -14"><span class='ocrx_word' id='word_1_178' title='bbox 2208 1371 2574 1440; x_wconf 83' lang='lat' dir='ltr'><strong>Quodcunque</strong></span> <span class='ocrx_word' id='word_1_179' title='bbox 2605 1369 2860 1438; x_wconf 77' lang='lat' dir='ltr'><strong>ligaveris</strong></span> <span class='ocrx_word' id='word_1_180' title='bbox 2889 1382 3052 1438; x_wconf 81' lang='lat' dir='ltr'><strong>super</strong></span> <span class='ocrx_word' id='word_1_181' title='bbox 3081 1371 3304 1429; x_wconf 78' lang='lat' dir='ltr'><strong>terram,</strong></span> <span class='ocrx_word' id='word_1_182' title='bbox 3336 1366 3437 1420; x_wconf 82' lang='lat' dir='ltr'><strong>erit</strong></span> <span class='ocrx_word' id='word_1_183' title='bbox 3466 1366 3664 1432; x_wconf 81' lang='lat' dir='ltr'><strong>ligatum</strong></span> <span class='ocrx_word' id='word_1_184' title='bbox 3688 1365 3788 1416; x_wconf 82' lang='lat' dir='ltr'><strong>etin</strong></span> 
     </span>
    </p>
   </div>
   <div class='ocr_carea' id='block_1_29' title="bbox 2208 1452 3789 1530">
    <p class='ocr_par' dir='ltr' id='par_1_29' title="bbox 2208 1452 3789 1530">
     <span class='ocr_line' id='line_1_29' title="bbox 2208 1452 3789 1530; baseline -0.006 -16"><span class='ocrx_word' id='word_1_185' title='bbox 2208 1461 2374 1522; x_wconf 64' lang='lat' dir='ltr'><strong>caelis,</strong></span> <span class='ocrx_word' id='word_1_186' title='bbox 2405 1465 2457 1516; x_wconf 88' lang='lat' dir='ltr'><strong>et</strong></span> <span class='ocrx_word' id='word_1_187' title='bbox 2485 1460 2842 1530; x_wconf 86' lang='lat' dir='ltr'><strong>quodcunque</strong></span> <span class='ocrx_word' id='word_1_188' title='bbox 2873 1458 3094 1513; x_wconf 80' lang='lat' dir='ltr'><strong>solveris</strong></span> <span class='ocrx_word' id='word_1_189' title='bbox 3124 1471 3291 1526; x_wconf 73' lang='lat' dir='ltr'><strong>super</strong></span> <span class='ocrx_word' id='word_1_190' title='bbox 3319 1459 3530 1517; x_wconf 76' lang='lat' dir='ltr'><strong>terram,</strong></span> <span class='ocrx_word' id='word_1_191' title='bbox 3558 1454 3646 1508; x_wconf 81' lang='lat' dir='ltr'><strong>erit</strong></span> <span class='ocrx_word' id='word_1_192' title='bbox 3669 1452 3789 1506; x_wconf 85' lang='lat' dir='ltr'><strong>solu-</strong></span> 
     </span>
    </p>
   </div>
   <div class='ocr_carea' id='block_1_30' title="bbox 530 1541 3789 1624">
    <p class='ocr_par' dir='ltr' id='par_1_30' title="bbox 530 1541 3789 1624">
     <span class='ocr_line' id='line_1_30' title="bbox 530 1541 3789 1624; baseline -0.001 -25"><span class='ocrx_word' id='word_1_193' title='bbox 530 1586 542 1599; x_wconf 95' lang='lat'><strong>.</strong></span> <span class='ocrx_word' id='word_1_194' title='bbox 588 1587 600 1600; x_wconf 95' lang='lat'><strong>.</strong></span> <span class='ocrx_word' id='word_1_195' title='bbox 648 1587 659 1600; x_wconf 93' lang='lat'><strong>.</strong></span> <span class='ocrx_word' id='word_1_196' title='bbox 696 1545 808 1602; x_wconf 93' lang='lat' dir='ltr'><strong>Oro</strong></span> <span class='ocrx_word' id='word_1_197' title='bbox 838 1551 1024 1603; x_wconf 91' lang='lat' dir='ltr'><strong>autem</strong></span> <span class='ocrx_word' id='word_1_198' title='bbox 1053 1551 1108 1602; x_wconf 93' lang='lat' dir='ltr'><strong>et</strong></span> <span class='ocrx_word' id='word_1_199' title='bbox 1132 1547 1364 1604; x_wconf 90' lang='lat' dir='ltr'><strong>obsecro</strong></span> <span class='ocrx_word' id='word_1_200' title='bbox 1393 1547 1452 1604; x_wconf 94' lang='lat' dir='ltr'><strong>in</strong></span> <span class='ocrx_word' id='word_1_201' title='bbox 1484 1548 1749 1606; x_wconf 89' lang='lat' dir='ltr'><strong>universo</strong></span> <span class='ocrx_word' id='word_1_202' title='bbox 1781 1551 1993 1608; x_wconf 90' lang='lat' dir='ltr'><strong>mundo</strong></span> <span class='ocrx_word' id='word_1_203' title='bbox 2017 1550 2102 1624; x_wconf 93' lang='lat' dir='ltr'><strong>(ut</strong></span> <span class='ocrx_word' id='word_1_204' title='bbox 2132 1618 2177 1624; x_wconf 84' lang='lat'>__</span> <span class='ocrx_word' id='word_1_205' title='bbox 2212 1555 2326 1606; x_wconf 89' lang='lat' dir='ltr'><strong>tum</strong></span> <span class='ocrx_word' id='word_1_206' title='bbox 2355 1555 2405 1605; x_wconf 86' lang='lat' dir='ltr'><strong>et</strong></span> <span class='ocrx_word' id='word_1_207' title='bbox 2433 1551 2493 1603; x_wconf 81' lang='lat' dir='ltr'><strong>in</strong></span> <span class='ocrx_word' id='word_1_208' title='bbox 2527 1549 2691 1612; x_wconf 73' lang='lat' dir='ltr'><strong>cazh&#39;s,</strong></span> <span class='ocrx_word' id='word_1_209' title='bbox 2723 1547 3025 1604; x_wconf 90' lang='lat' dir='ltr'><strong>admonere</strong></span> <span class='ocrx_word' id='word_1_210' title='bbox 3053 1548 3110 1601; x_wconf 92' lang='lat' dir='ltr'><strong>et</strong></span> <span class='ocrx_word' id='word_1_211' title='bbox 3138 1543 3450 1606; x_wconf 83' lang='lat' dir='ltr'><strong>exhortari,</strong></span> <span class='ocrx_word' id='word_1_212' title='bbox 3475 1547 3527 1598; x_wconf 93' lang='lat' dir='ltr'><strong>et</strong></span> <span class='ocrx_word' id='word_1_213' title='bbox 3550 1541 3789 1598; x_wconf 84' lang='lat' dir='ltr'><strong>insinuare</strong></span> 
     </span>
    </p>
   </div>
   <div class='ocr_carea' id='block_1_31' title="bbox 452 1618 3788 1711">
    <p class='ocr_par' dir='ltr' id='par_1_31' title="bbox 452 1618 3788 1711">
     <span class='ocr_line' id='line_1_31' title="bbox 452 1618 3788 1711; baseline -0.001 -22"><span class='ocrx_word' id='word_1_214' title='bbox 452 1633 603 1690; x_wconf 89' lang='lat' dir='ltr'><strong>beati</strong></span> <span class='ocrx_word' id='word_1_215' title='bbox 640 1635 1075 1704; x_wconf 73' lang='lat' dir='ltr'><strong>praedecessoris</strong></span> <span class='ocrx_word' id='word_1_216' title='bbox 1105 1637 1213 1692; x_wconf 91' lang='lat' dir='ltr'><strong>mei</strong></span> <span class='ocrx_word' id='word_1_217' title='bbox 1243 1636 1462 1693; x_wconf 88' lang='lat' dir='ltr'><strong>domini</strong></span> <span class='ocrx_word' id='word_1_218' title='bbox 1495 1638 1756 1711; x_wconf 84' lang='lat' dir='ltr'><strong>Gregorii</strong></span> <span class='ocrx_word' id='word_1_219' title='bbox 1789 1654 1946 1711; x_wconf 64' lang='lat' dir='ltr'><strong>papae</strong></span> <span class='ocrx_word' id='word_1_220' title='bbox 1974 1618 2102 1698; x_wconf 78' lang='lat' dir='ltr'><strong>utar</strong></span> <span class='ocrx_word' id='word_1_221' title='bbox 2131 1618 2185 1681; x_wconf 86' lang='grc' dir='ltr'>Β</span> <span class='ocrx_word' id='word_1_222' title='bbox 2213 1640 2598 1697; x_wconf 88' lang='lat' dir='ltr'><strong>necessarium</strong></span> <span class='ocrx_word' id='word_1_223' title='bbox 2622 1637 2918 1707; x_wconf 83' lang='lat' dir='ltr'><strong>duximus,</strong></span> <span class='ocrx_word' id='word_1_224' title='bbox 2953 1636 3236 1706; x_wconf 87' lang='lat' dir='ltr'><strong>patienter</strong></span> <span class='ocrx_word' id='word_1_225' title='bbox 3259 1633 3524 1703; x_wconf 88' lang='lat' dir='ltr'><strong>audiatis,</strong></span> <span class='ocrx_word' id='word_1_226' title='bbox 3553 1631 3788 1687; x_wconf 87' lang='lat' dir='ltr'><strong>animum-</strong></span> 
     </span>
    </p>
   </div>
   <div class='ocr_carea' id='block_1_32' title="bbox 448 1722 2103 1798">
    <p class='ocr_par' dir='ltr' id='par_1_32' title="bbox 448 1722 2103 1798">
     <span class='ocr_line' id='line_1_32' title="bbox 448 1722 2103 1798; baseline 0.005 -20"><span class='ocrx_word' id='word_1_227' title='bbox 448 1722 678 1795; x_wconf 90' lang='lat' dir='ltr'><strong>verbis),</strong></span> <span class='ocrx_word' id='word_1_228' title='bbox 705 1723 910 1780; x_wconf 85' lang='lat' dir='ltr'><strong>fratres</strong></span> <span class='ocrx_word' id='word_1_229' title='bbox 930 1729 986 1779; x_wconf 92' lang='lat' dir='ltr'><strong>et</strong></span> <span class='ocrx_word' id='word_1_230' title='bbox 1005 1725 1223 1781; x_wconf 90' lang='lat' dir='ltr'><strong>domini</strong></span> <span class='ocrx_word' id='word_1_231' title='bbox 1247 1726 1375 1796; x_wconf 91' lang='lat' dir='ltr'><strong>mei,</strong></span> <span class='ocrx_word' id='word_1_232' title='bbox 1400 1727 1458 1782; x_wconf 92' lang='lat' dir='ltr'><strong>in</strong></span> <span class='ocrx_word' id='word_1_233' title='bbox 1482 1733 1758 1798; x_wconf 91' lang='lat' dir='ltr'><strong>quantum</strong></span> <span class='ocrx_word' id='word_1_234' title='bbox 1785 1738 2103 1798; x_wconf 92' lang='lat' dir='ltr'><strong>peccatores</strong></span> 
     </span>
    </p>
   </div>
   <div class='ocr_carea' id='block_1_33' title="bbox 451 1810 2105 1890">
    <p class='ocr_par' dir='ltr' id='par_1_33' title="bbox 451 1810 2105 1890">
     <span class='ocr_line' id='line_1_33' title="bbox 451 1810 2105 1890; baseline 0.007 -23"><span class='ocrx_word' id='word_1_235' title='bbox 451 1810 658 1868; x_wconf 81' lang='lat' dir='ltr'><strong>fratres</strong></span> <span class='ocrx_word' id='word_1_236' title='bbox 672 1813 804 1883; x_wconf 92' lang='lat' dir='ltr'><strong>mei,</strong></span> <span class='ocrx_word' id='word_1_237' title='bbox 822 1814 880 1870; x_wconf 93' lang='lat' dir='ltr'><strong>in</strong></span> <span class='ocrx_word' id='word_1_238' title='bbox 896 1819 1170 1884; x_wconf 91' lang='lat' dir='ltr'><strong>quantum</strong></span> <span class='ocrx_word' id='word_1_239' title='bbox 1180 1815 1582 1887; x_wconf 90' lang='lat' dir='ltr'><strong>justi,domini</strong></span> <span class='ocrx_word' id='word_1_240' title='bbox 1599 1817 1731 1890; x_wconf 90' lang='lat' dir='ltr'><strong>mei,</strong></span> <span class='ocrx_word' id='word_1_241' title='bbox 1748 1825 2023 1890; x_wconf 90' lang='lat' dir='ltr'><strong>quantum</strong></span> <span class='ocrx_word' id='word_1_242' title='bbox 2037 1835 2105 1878; x_wconf 86' lang='lat' dir='ltr'><strong>ex</strong></span> 
     </span>
    </p>
   </div>
   <div class='ocr_carea' id='block_1_34' title="bbox 452 1901 2107 1976">
    <p class='ocr_par' dir='ltr' id='par_1_34' title="bbox 452 1901 2107 1976">
     <span class='ocr_line' id='line_1_34' title="bbox 452 1901 2107 1976; baseline 0.007 -21"><span class='ocrx_word' id='word_1_243' title='bbox 452 1915 558 1972; x_wconf 91' lang='lat' dir='ltr'><strong>me,</strong></span> <span class='ocrx_word' id='word_1_244' title='bbox 583 1901 885 1958; x_wconf 90' lang='lat' dir='ltr'><strong>humiliter</strong></span> <span class='ocrx_word' id='word_1_245' title='bbox 907 1903 1192 1976; x_wconf 74' lang='lat' dir='ltr'><strong>supplico,</strong></span> <span class='ocrx_word' id='word_1_246' title='bbox 1213 1910 1489 1975; x_wconf 87' lang='lat' dir='ltr'><strong>quantum</strong></span> <span class='ocrx_word' id='word_1_247' title='bbox 1509 1919 1639 1962; x_wconf 92' lang='lat' dir='ltr'><strong>vero</strong></span> <span class='ocrx_word' id='word_1_248' title='bbox 1655 1921 1722 1963; x_wconf 91' lang='lat' dir='ltr'><strong>ex</strong></span> <span class='ocrx_word' id='word_1_249' title='bbox 1745 1913 1900 1965; x_wconf 88' lang='lat' dir='ltr'><strong>tanta</strong></span> <span class='ocrx_word' id='word_1_250' title='bbox 1917 1915 2107 1967; x_wconf 89' lang='lat' dir='ltr'><strong>aucto-</strong></span> 
     </span>
    </p>
   </div>
   <div class='ocr_carea' id='block_1_35' title="bbox 451 1989 2106 2071">
    <p class='ocr_par' dir='ltr' id='par_1_35' title="bbox 451 1989 2106 2071">
     <span class='ocr_line' id='line_1_35' title="bbox 451 1989 2106 2071; baseline 0.008 -27"><span class='ocrx_word' id='word_1_251' title='bbox 451 1990 641 2060; x_wconf 86' lang='lat' dir='ltr'><strong>ritate,</strong></span> <span class='ocrx_word' id='word_1_252' title='bbox 659 1989 987 2047; x_wconf 88' lang='lat' dir='ltr'><strong>sublimiter</strong></span> <span class='ocrx_word' id='word_1_253' title='bbox 1005 2005 1222 2062; x_wconf 91' lang='lat' dir='ltr'><strong>moneo,</strong></span> <span class='ocrx_word' id='word_1_254' title='bbox 1245 1998 1307 2049; x_wconf 88' lang='lat' dir='ltr'><strong>ut</strong></span> <span class='ocrx_word' id='word_1_255' title='bbox 1326 2007 1488 2050; x_wconf 93' lang='lat' dir='ltr'><strong>nemo</strong></span> <span class='ocrx_word' id='word_1_256' title='bbox 1507 2009 1593 2051; x_wconf 90' lang='lat' dir='ltr'><strong>me</strong></span> <span class='ocrx_word' id='word_1_257' title='bbox 1611 1996 1718 2053; x_wconf 92' lang='lat' dir='ltr'><strong>hoc</strong></span> <span class='ocrx_word' id='word_1_258' title='bbox 1735 1997 1857 2055; x_wconf 90' lang='lat' dir='ltr'><strong>loco</strong></span> <span class='ocrx_word' id='word_1_259' title='bbox 1877 2004 2106 2071; x_wconf 91' lang='lat' dir='ltr'><strong>propter</strong></span> 
     </span>
    </p>
   </div>
   <div class='ocr_carea' id='block_1_36' title="bbox 452 2080 2106 2159">
    <p class='ocr_par' dir='ltr' id='par_1_36' title="bbox 452 2080 2106 2159">
     <span class='ocr_line' id='line_1_36' title="bbox 452 2080 2106 2159; baseline 0.007 -25"><span class='ocrx_word' id='word_1_260' title='bbox 452 2093 558 2148; x_wconf 90' lang='lat' dir='ltr'><strong>me,</strong></span> <span class='ocrx_word' id='word_1_261' title='bbox 574 2080 876 2150; x_wconf 89' lang='lat' dir='ltr'><strong>despiciat,</strong></span> <span class='ocrx_word' id='word_1_262' title='bbox 900 2081 1059 2152; x_wconf 88' lang='lat' dir='ltr'><strong>quia,</strong></span> <span class='ocrx_word' id='word_1_263' title='bbox 1073 2083 1180 2138; x_wconf 93' lang='lat' dir='ltr'><strong>etsi</strong></span> <span class='ocrx_word' id='word_1_264' title='bbox 1199 2084 1268 2140; x_wconf 88' lang='lat' dir='ltr'><strong>ad</strong></span> <span class='ocrx_word' id='word_1_265' title='bbox 1290 2083 1633 2142; x_wconf 89' lang='lat' dir='ltr'><strong>imitandum</strong></span> <span class='ocrx_word' id='word_1_266' title='bbox 1652 2100 2010 2159; x_wconf 91' lang='lat' dir='ltr'><strong>nequaquam</strong></span> <span class='ocrx_word' id='word_1_267' title='bbox 2021 2089 2106 2146; x_wconf 88' lang='lat' dir='ltr'><strong>di-</strong></span> 
     </span>
    </p>
   </div>
   <div class='ocr_carea' id='block_1_37' title="bbox 452 2176 2099 2252">
    <p class='ocr_par' dir='ltr' id='par_1_37' title="bbox 452 2176 2099 2252">
     <span class='ocr_line' id='line_1_37' title="bbox 452 2176 2099 2252; baseline 0.007 -28"><span class='ocrx_word' id='word_1_268' title='bbox 452 2183 598 2241; x_wconf 88' lang='lat' dir='ltr'><strong>gnus</strong></span> <span class='ocrx_word' id='word_1_269' title='bbox 643 2182 906 2240; x_wconf 89' lang='lat' dir='ltr'><strong>appareo,</strong></span> <span class='ocrx_word' id='word_1_270' title='bbox 955 2184 1157 2242; x_wconf 91' lang='lat' dir='ltr'><strong>magna</strong></span> <span class='ocrx_word' id='word_1_271' title='bbox 1194 2177 1279 2228; x_wconf 92' lang='lat' dir='ltr'><strong>est</strong></span> <span class='ocrx_word' id='word_1_272' title='bbox 1323 2177 1508 2230; x_wconf 91' lang='lat' dir='ltr'><strong>tamen</strong></span> <span class='ocrx_word' id='word_1_273' title='bbox 1548 2176 1737 2232; x_wconf 90' lang='lat' dir='ltr'><strong>virtus</strong></span> <span class='ocrx_word' id='word_1_274' title='bbox 1775 2177 2099 2252; x_wconf 88' lang='lat' dir='ltr'><strong>charitatis,</strong></span> 
     </span>
    </p>
   </div>
   <div class='ocr_carea' id='block_1_38' title="bbox 451 2259 2103 2334">
    <p class='ocr_par' dir='ltr' id='par_1_38' title="bbox 451 2259 2103 2334">
     <span class='ocr_line' id='line_1_38' title="bbox 451 2259 2103 2334; baseline 0.007 -22"><span class='ocrx_word' id='word_1_275' title='bbox 451 2259 611 2328; x_wconf 89' lang='lat' dir='ltr'><strong>pacis</strong></span> <span class='ocrx_word' id='word_1_276' title='bbox 642 2262 700 2313; x_wconf 93' lang='lat' dir='ltr'><strong>et</strong></span> <span class='ocrx_word' id='word_1_277' title='bbox 730 2259 975 2315; x_wconf 87' lang='lat' dir='ltr'><strong>unitatis</strong></span> <span class='ocrx_word' id='word_1_278' title='bbox 1004 2259 1072 2315; x_wconf 89' lang='lat' dir='ltr'><strong>ad</strong></span> <span class='ocrx_word' id='word_1_279' title='bbox 1107 2272 1278 2331; x_wconf 83' lang='lat' dir='ltr'><strong>quam</strong></span> <span class='ocrx_word' id='word_1_280' title='bbox 1310 2276 1408 2318; x_wconf 90' lang='lat' dir='ltr'><strong>vos</strong></span> <span class='ocrx_word' id='word_1_281' title='bbox 1437 2263 1552 2319; x_wconf 90' lang='lat' dir='ltr'><strong>alta</strong></span> <span class='ocrx_word' id='word_1_282' title='bbox 1585 2268 1864 2334; x_wconf 90' lang='lat' dir='ltr'><strong>potestate</strong></span> <span class='ocrx_word' id='word_1_283' title='bbox 1895 2266 1954 2322; x_wconf 94' lang='lat' dir='ltr'><strong>in</strong></span> <span class='ocrx_word' id='word_1_284' title='bbox 1982 2267 2103 2323; x_wconf 90' lang='lat' dir='ltr'><strong>vice</strong></span> 
     </span>
    </p>
   </div>
   <div class='ocr_carea' id='block_1_39' title="bbox 453 2345 2107 2423">
    <p class='ocr_par' dir='ltr' id='par_1_39' title="bbox 453 2345 2107 2423">
     <span class='ocr_line' id='line_1_39' title="bbox 453 2345 2107 2423; baseline 0.007 -22"><span class='ocrx_word' id='word_1_285' title='bbox 453 2345 750 2402; x_wconf 89' lang='lat' dir='ltr'><strong>beatorum</strong></span> <span class='ocrx_word' id='word_1_286' title='bbox 773 2347 1162 2417; x_wconf 91' lang='lat' dir='ltr'><strong>apostolorum</strong></span> <span class='ocrx_word' id='word_1_287' title='bbox 1185 2350 1338 2406; x_wconf 92' lang='lat' dir='ltr'><strong>Petri</strong></span> <span class='ocrx_word' id='word_1_288' title='bbox 1360 2357 1416 2408; x_wconf 92' lang='lat' dir='ltr'><strong>et</strong></span> <span class='ocrx_word' id='word_1_289' title='bbox 1441 2353 1624 2423; x_wconf 88' lang='lat' dir='ltr'><strong>Pauli,</strong></span> <span class='ocrx_word' id='word_1_290' title='bbox 1653 2354 1712 2409; x_wconf 92' lang='lat' dir='ltr'><strong>in</strong></span> <span class='ocrx_word' id='word_1_291' title='bbox 1735 2356 1964 2412; x_wconf 90' lang='lat' dir='ltr'><strong>nomine</strong></span> <span class='ocrx_word' id='word_1_292' title='bbox 1986 2358 2107 2412; x_wconf 82' lang='lat' dir='ltr'><strong>Do—</strong></span> 
     </span>
    </p>
   </div>
   <div class='ocr_carea' id='block_1_40' title="bbox 459 2436 2102 2516">
    <p class='ocr_par' dir='ltr' id='par_1_40' title="bbox 459 2436 2102 2516">
     <span class='ocr_line' id='line_1_40' title="bbox 459 2436 2102 2516; baseline 0.007 -26"><span class='ocrx_word' id='word_1_293' title='bbox 459 2436 604 2491; x_wconf 91' lang='lat' dir='ltr'><strong>mini</strong></span> <span class='ocrx_word' id='word_1_294' title='bbox 646 2436 825 2492; x_wconf 92' lang='lat' dir='ltr'><strong>nostri</strong></span> <span class='ocrx_word' id='word_1_295' title='bbox 866 2439 998 2493; x_wconf 89' lang='lat' dir='ltr'><strong>Jesu</strong></span> <span class='ocrx_word' id='word_1_296' title='bbox 1029 2438 1248 2495; x_wconf 91' lang='lat' dir='ltr'><strong>Christi</strong></span> <span class='ocrx_word' id='word_1_297' title='bbox 1283 2441 1527 2498; x_wconf 92' lang='lat' dir='ltr'><strong>invitare</strong></span> <span class='ocrx_word' id='word_1_298' title='bbox 1559 2457 1859 2516; x_wconf 66' lang='lat' dir='ltr'><strong>praesumo,</strong></span> <span class='ocrx_word' id='word_1_299' title='bbox 1892 2460 2020 2501; x_wconf 92' lang='lat' dir='ltr'><strong>cum</strong></span> <span class='ocrx_word' id='word_1_300' title='bbox 2048 2446 2102 2502; x_wconf 92' lang='lat' dir='ltr'><strong>S.</strong></span> 
     </span>
    </p>
   </div>
   <div class='ocr_carea' id='block_1_41' title="bbox 459 2523 2108 2602">
    <p class='ocr_par' dir='ltr' id='par_1_41' title="bbox 459 2523 2108 2602">
     <span class='ocr_line' id='line_1_41' title="bbox 459 2523 2108 2602; baseline 0.007 -25"><span class='ocrx_word' id='word_1_301' title='bbox 459 2523 672 2578; x_wconf 90' lang='lat' dir='ltr'><strong>Paulus</strong></span> <span class='ocrx_word' id='word_1_302' title='bbox 715 2524 967 2581; x_wconf 88' lang='lat' dir='ltr'><strong>veridica</strong></span> <span class='ocrx_word' id='word_1_303' title='bbox 1011 2540 1146 2582; x_wconf 88' lang='lat' dir='ltr'><strong>voce</strong></span> <span class='ocrx_word' id='word_1_304' title='bbox 1191 2528 1387 2584; x_wconf 75' lang='lat' dir='ltr'><strong>dicat:</strong></span> <span class='ocrx_word' id='word_1_305' title='bbox 1420 2531 1613 2585; x_wconf 85' lang='lat' dir='ltr'><strong>Pacem</strong></span> <span class='ocrx_word' id='word_1_306' title='bbox 1657 2535 1950 2602; x_wconf 77' lang='lat' dir='ltr'><strong>sequimini</strong></span> <span class='ocrx_word' id='word_1_307' title='bbox 1988 2550 2108 2589; x_wconf 86' lang='lat' dir='ltr'><strong>eum</strong></span> 
     </span>
    </p>
   </div>
   <div class='ocr_carea' id='block_1_42' title="bbox 456 2612 2108 2688">
    <p class='ocr_par' dir='ltr' id='par_1_42' title="bbox 456 2612 2108 2688">
     <span class='ocr_line' id='line_1_42' title="bbox 456 2612 2108 2688; baseline 0.008 -24"><span class='ocrx_word' id='word_1_308' title='bbox 456 2612 723 2675; x_wconf 83' lang='lat' dir='ltr'><strong>omnibus,</strong></span> <span class='ocrx_word' id='word_1_309' title='bbox 753 2617 803 2666; x_wconf 86' lang='lat' dir='ltr'><strong>et</strong></span> <span class='ocrx_word' id='word_1_310' title='bbox 827 2616 1259 2679; x_wconf 78' lang='lat' dir='ltr'><strong>sanctimoniam,</strong></span> <span class='ocrx_word' id='word_1_311' title='bbox 1295 2619 1430 2688; x_wconf 87' lang='lat' dir='ltr'><strong>quia</strong></span> <span class='ocrx_word' id='word_1_312' title='bbox 1460 2619 1585 2674; x_wconf 90' lang='lat' dir='ltr'><strong>sine</strong></span> <span class='ocrx_word' id='word_1_313' title='bbox 1609 2619 1708 2676; x_wconf 91' lang='lat' dir='ltr'><strong>illa</strong></span> <span class='ocrx_word' id='word_1_314' title='bbox 1734 2638 1884 2677; x_wconf 86' lang='lat' dir='ltr'><strong>nemo</strong></span> <span class='ocrx_word' id='word_1_315' title='bbox 1905 2624 2108 2678; x_wconf 79' lang='lat' dir='ltr'><strong>videbit</strong></span> 
     </span>
    </p>
   </div>
   <div class='ocr_carea' id='block_1_43' title="bbox 455 2701 2109 2776">
    <p class='ocr_par' dir='ltr' id='par_1_43' title="bbox 455 2701 2109 2776">
     <span class='ocr_line' id='line_1_43' title="bbox 455 2701 2109 2776; baseline 0.008 -20"><span class='ocrx_word' id='word_1_316' title='bbox 455 2704 646 2764; x_wconf 89' lang='lat' dir='ltr'><strong>Deum,</strong></span> <span class='ocrx_word' id='word_1_317' title='bbox 680 2702 819 2771; x_wconf 89' lang='lat' dir='ltr'><strong>quid</strong></span> <span class='ocrx_word' id='word_1_318' title='bbox 853 2701 1102 2776; x_wconf 85' lang='lat' dir='ltr'><strong>felicius,</strong></span> <span class='ocrx_word' id='word_1_319' title='bbox 1136 2718 1302 2776; x_wconf 91' lang='lat' dir='ltr'><strong>quam</strong></span> <span class='ocrx_word' id='word_1_320' title='bbox 1329 2713 1384 2762; x_wconf 91' lang='lat' dir='ltr'><strong>et</strong></span> <span class='ocrx_word' id='word_1_321' title='bbox 1415 2708 1474 2762; x_wconf 93' lang='lat' dir='ltr'><strong>in</strong></span> <span class='ocrx_word' id='word_1_322' title='bbox 1508 2709 1613 2764; x_wconf 94' lang='lat' dir='ltr'><strong>hoc</strong></span> <span class='ocrx_word' id='word_1_323' title='bbox 1639 2711 1848 2767; x_wconf 63' lang='lat' dir='ltr'><strong>saeculo</strong></span> <span class='ocrx_word' id='word_1_324' title='bbox 1872 2713 2109 2769; x_wconf 88' lang='lat' dir='ltr'><strong>deside—</strong></span> 
     </span>
    </p>
   </div>
   <div class='ocr_carea' id='block_1_44' title="bbox 460 2791 2109 2869">
    <p class='ocr_par' dir='ltr' id='par_1_44' title="bbox 460 2791 2109 2869">
     <span class='ocr_line' id='line_1_44' title="bbox 460 2791 2109 2869; baseline 0.008 -24"><span class='ocrx_word' id='word_1_325' title='bbox 460 2791 659 2860; x_wconf 90' lang='lat' dir='ltr'><strong>rando,</strong></span> <span class='ocrx_word' id='word_1_326' title='bbox 701 2797 756 2846; x_wconf 83' lang='lat' dir='ltr'><strong>et</strong></span> <span class='ocrx_word' id='word_1_327' title='bbox 783 2791 843 2846; x_wconf 94' lang='lat' dir='ltr'><strong>in</strong></span> <span class='ocrx_word' id='word_1_328' title='bbox 889 2791 992 2848; x_wconf 91' lang='lat' dir='ltr'><strong>illo</strong></span> <span class='ocrx_word' id='word_1_329' title='bbox 1036 2791 1276 2850; x_wconf 90' lang='lat' dir='ltr'><strong>fruendo</strong></span> <span class='ocrx_word' id='word_1_330' title='bbox 1317 2797 1494 2852; x_wconf 90' lang='lat' dir='ltr'><strong>Deum</strong></span> <span class='ocrx_word' id='word_1_331' title='bbox 1519 2798 1926 2869; x_wconf 83' lang='lat' dir='ltr'><strong>videre?Quid</strong></span> <span class='ocrx_word' id='word_1_332' title='bbox 1958 2802 2109 2858; x_wconf 88' lang='lat' dir='ltr'><strong>edi—</strong></span> 
     </span>
    </p>
   </div>
   <div class='ocr_carea' id='block_1_45' title="bbox 459 2877 2108 2951">
    <p class='ocr_par' dir='ltr' id='par_1_45' title="bbox 459 2877 2108 2951">
     <span class='ocr_line' id='line_1_45' title="bbox 459 2877 2108 2951; baseline 0.007 -17"><span class='ocrx_word' id='word_1_333' title='bbox 459 2891 621 2934; x_wconf 92' lang='lat' dir='ltr'><strong>verso</strong></span> <span class='ocrx_word' id='word_1_334' title='bbox 654 2877 971 2951; x_wconf 86' lang='lat' dir='ltr'><strong>infelicius,</strong></span> <span class='ocrx_word' id='word_1_335' title='bbox 1021 2896 1191 2951; x_wconf 91' lang='lat' dir='ltr'><strong>quam</strong></span> <span class='ocrx_word' id='word_1_336' title='bbox 1234 2896 1335 2938; x_wconf 91' lang='lat' dir='ltr'><strong>nec</strong></span> <span class='ocrx_word' id='word_1_337' title='bbox 1367 2885 1426 2939; x_wconf 93' lang='lat' dir='ltr'><strong>in</strong></span> <span class='ocrx_word' id='word_1_338' title='bbox 1464 2887 1569 2942; x_wconf 89' lang='lat' dir='ltr'><strong>hoc</strong></span> <span class='ocrx_word' id='word_1_339' title='bbox 1609 2889 1818 2944; x_wconf 67' lang='lat' dir='ltr'><strong>saeculo</strong></span> <span class='ocrx_word' id='word_1_340' title='bbox 1859 2887 2108 2947; x_wconf 91' lang='lat' dir='ltr'><strong>feliciter</strong></span> 
     </span>
    </p>
   </div>
   <div class='ocr_carea' id='block_1_46' title="bbox 2214 1721 3785 1803">
    <p class='ocr_par' dir='ltr' id='par_1_46' title="bbox 2214 1721 3785 1803">
     <span class='ocr_line' id='line_1_46' title="bbox 2214 1721 3785 1803; baseline -0.009 -15"><span class='ocrx_word' id='word_1_341' title='bbox 2214 1745 2323 1803; x_wconf 92' lang='lat' dir='ltr'><strong>que</strong></span> <span class='ocrx_word' id='word_1_342' title='bbox 2350 1731 2464 1788; x_wconf 94' lang='lat' dir='ltr'><strong>Deo</strong></span> <span class='ocrx_word' id='word_1_343' title='bbox 2497 1728 2771 1800; x_wconf 90' lang='lat' dir='ltr'><strong>placitum</strong></span> <span class='ocrx_word' id='word_1_344' title='bbox 2805 1730 3077 1797; x_wconf 84' lang='lat' dir='ltr'><strong>vestrum,</strong></span> <span class='ocrx_word' id='word_1_345' title='bbox 3111 1738 3227 1780; x_wconf 95' lang='lat' dir='ltr'><strong>non</strong></span> <span class='ocrx_word' id='word_1_346' title='bbox 3258 1724 3326 1780; x_wconf 89' lang='lat' dir='ltr'><strong>ad</strong></span> <span class='ocrx_word' id='word_1_347' title='bbox 3358 1721 3785 1789; x_wconf 88' lang='lat' dir='ltr'><strong>contemnendum,</strong></span> 
     </span>
    </p>
   </div>
   <div class='ocr_carea' id='block_1_47' title="bbox 2213 1813 3788 1880">
    <p class='ocr_par' dir='ltr' id='par_1_47' title="bbox 2213 1813 3788 1880">
     <span class='ocr_line' id='line_1_47' title="bbox 2213 1813 3788 1880; baseline -0.009 -3"><span class='ocrx_word' id='word_1_348' title='bbox 2213 1821 2308 1878; x_wconf 92' lang='lat' dir='ltr'><strong>sed</strong></span> <span class='ocrx_word' id='word_1_349' title='bbox 2365 1820 2432 1875; x_wconf 92' lang='lat' dir='ltr'><strong>ad</strong></span> <span class='ocrx_word' id='word_1_350' title='bbox 2492 1817 2872 1874; x_wconf 90' lang='lat' dir='ltr'><strong>obediendum</strong></span> <span class='ocrx_word' id='word_1_351' title='bbox 2926 1818 2983 1871; x_wconf 89' lang='lat' dir='ltr'><strong>et</strong></span> <span class='ocrx_word' id='word_1_352' title='bbox 3039 1813 3482 1871; x_wconf 87' lang='lat' dir='ltr'><strong>conservandum</strong></span> <span class='ocrx_word' id='word_1_353' title='bbox 3537 1821 3788 1880; x_wconf 77' lang='lat' dir='ltr'><strong>praeparare</strong></span> 
     </span>
    </p>
   </div>
   <div class='ocr_carea' id='block_1_48' title="bbox 2214 1899 3788 1968">
    <p class='ocr_par' dir='ltr' id='par_1_48' title="bbox 2214 1899 3788 1968">
     <span class='ocr_line' id='line_1_48' title="bbox 2214 1899 3788 1968; baseline -0.01 0"><span class='ocrx_word' id='word_1_354' title='bbox 2214 1908 2513 1968; x_wconf 89' lang='lat' dir='ltr'><strong>studeatis.</strong></span> <span class='ocrx_word' id='word_1_355' title='bbox 2555 1908 2682 1963; x_wconf 90' lang='lat' dir='ltr'><strong>Ideo</strong></span> <span class='ocrx_word' id='word_1_356' title='bbox 2711 1910 2900 1962; x_wconf 86' lang='lat' dir='ltr'><strong>autem</strong></span> <span class='ocrx_word' id='word_1_357' title='bbox 2931 1905 2999 1962; x_wconf 92' lang='lat' dir='ltr'><strong>ad</strong></span> <span class='ocrx_word' id='word_1_358' title='bbox 3032 1903 3414 1960; x_wconf 89' lang='lat' dir='ltr'><strong>obediendum</strong></span> <span class='ocrx_word' id='word_1_359' title='bbox 3452 1899 3602 1957; x_wconf 89' lang='lat' dir='ltr'><strong>nobis</strong></span> <span class='ocrx_word' id='word_1_360' title='bbox 3636 1900 3788 1955; x_wconf 84' lang='lat' dir='ltr'><strong>horta-</strong></span> 
     </span>
    </p>
   </div>
   <div class='ocr_carea' id='block_1_49' title="bbox 2214 1986 3784 2070">
    <p class='ocr_par' dir='ltr' id='par_1_49' title="bbox 2214 1986 3784 2070">
     <span class='ocr_line' id='line_1_49' title="bbox 2214 1986 3784 2070; baseline -0.01 -13"><span class='ocrx_word' id='word_1_361' title='bbox 2214 2015 2362 2070; x_wconf 90' lang='lat' dir='ltr'><strong>mur,</strong></span> <span class='ocrx_word' id='word_1_362' title='bbox 2395 1998 2533 2070; x_wconf 87' lang='lat' dir='ltr'><strong>quia</strong></span> <span class='ocrx_word' id='word_1_363' title='bbox 2571 1996 2783 2068; x_wconf 89' lang='lat' dir='ltr'><strong>omnia,</strong></span> <span class='ocrx_word' id='word_1_364' title='bbox 2830 2009 2956 2068; x_wconf 65' lang='lat' dir='ltr'><strong>qua:</strong></span> <span class='ocrx_word' id='word_1_365' title='bbox 2984 1994 3146 2050; x_wconf 92' lang='lat' dir='ltr'><strong>vobis</strong></span> <span class='ocrx_word' id='word_1_366' title='bbox 3175 1993 3250 2049; x_wconf 92' lang='lat' dir='ltr'><strong>de</strong></span> <span class='ocrx_word' id='word_1_367' title='bbox 3292 1992 3395 2047; x_wconf 89' lang='lat' dir='ltr'><strong>hac</strong></span> <span class='ocrx_word' id='word_1_368' title='bbox 3431 2003 3586 2047; x_wconf 88' lang='lat' dir='ltr'><strong>causa</strong></span> <span class='ocrx_word' id='word_1_369' title='bbox 3617 1986 3784 2044; x_wconf 90' lang='lat' dir='ltr'><strong>dicturi</strong></span> 
     </span>
    </p>
   </div>
   <div class='ocr_carea' id='block_1_50' title="bbox 2214 2079 3786 2158">
    <p class='ocr_par' dir='ltr' id='par_1_50' title="bbox 2214 2079 3786 2158">
     <span class='ocr_line' id='line_1_50' title="bbox 2214 2079 3786 2158; baseline -0.01 -11"><span class='ocrx_word' id='word_1_370' title='bbox 2214 2103 2433 2158; x_wconf 90' lang='lat' dir='ltr'><strong>sumus,</strong></span> <span class='ocrx_word' id='word_1_371' title='bbox 2457 2087 2645 2144; x_wconf 92' lang='lat' dir='ltr'><strong>tribus</strong></span> <span class='ocrx_word' id='word_1_372' title='bbox 2670 2086 2775 2142; x_wconf 92' lang='lat' dir='ltr'><strong>hoc</strong></span> <span class='ocrx_word' id='word_1_373' title='bbox 2795 2084 3071 2156; x_wconf 89' lang='lat' dir='ltr'><strong>capitulis</strong></span> <span class='ocrx_word' id='word_1_374' title='bbox 3094 2081 3490 2154; x_wconf 90' lang='lat' dir='ltr'><strong>principaliter</strong></span> <span class='ocrx_word' id='word_1_375' title='bbox 3507 2084 3558 2136; x_wconf 91' lang='lat' dir='ltr'><strong>et</strong></span> <span class='ocrx_word' id='word_1_376' title='bbox 3579 2079 3786 2136; x_wconf 85' lang='lat' dir='ltr'><strong>ordinare</strong></span> 
     </span>
    </p>
   </div>
   <div class='ocr_carea' id='block_1_51' title="bbox 2212 2165 3787 2246">
    <p class='ocr_par' dir='ltr' id='par_1_51' title="bbox 2212 2165 3787 2246">
     <span class='ocr_line' id='line_1_51' title="bbox 2212 2165 3787 2246; baseline -0.01 -11"><span class='ocrx_word' id='word_1_377' title='bbox 2212 2182 2269 2234; x_wconf 90' lang='lat' dir='ltr'><strong>et</strong></span> <span class='ocrx_word' id='word_1_378' title='bbox 2293 2177 2626 2234; x_wconf 84' lang='lat' dir='ltr'><strong>conﬁrmare</strong></span> <span class='ocrx_word' id='word_1_379' title='bbox 2668 2175 2849 2246; x_wconf 88' lang='lat' dir='ltr'><strong>parati</strong></span> <span class='ocrx_word' id='word_1_380' title='bbox 2889 2187 3108 2242; x_wconf 91' lang='lat' dir='ltr'><strong>sumus,</strong></span> <span class='ocrx_word' id='word_1_381' title='bbox 3141 2172 3201 2228; x_wconf 90' lang='lat' dir='ltr'><strong>id</strong></span> <span class='ocrx_word' id='word_1_382' title='bbox 3236 2176 3323 2228; x_wconf 91' lang='lat' dir='ltr'><strong>est</strong></span> <span class='ocrx_word' id='word_1_383' title='bbox 3352 2171 3558 2227; x_wconf 89' lang='lat' dir='ltr'><strong>ratione</strong></span> <span class='ocrx_word' id='word_1_384' title='bbox 3583 2165 3787 2223; x_wconf 85' lang='lat' dir='ltr'><strong>auctori-</strong></span> 
     </span>
    </p>
   </div>
   <div class='ocr_carea' id='block_1_52' title="bbox 2213 2259 3784 2338">
    <p class='ocr_par' dir='ltr' id='par_1_52' title="bbox 2213 2259 3784 2338">
     <span class='ocr_line' id='line_1_52' title="bbox 2213 2259 3784 2338; baseline -0.01 -13"><span class='ocrx_word' id='word_1_385' title='bbox 2213 2272 2348 2332; x_wconf 90' lang='lat' dir='ltr'><strong>tate,</strong></span> <span class='ocrx_word' id='word_1_386' title='bbox 2371 2272 2429 2324; x_wconf 90' lang='lat' dir='ltr'><strong>et</strong></span> <span class='ocrx_word' id='word_1_387' title='bbox 2450 2265 2717 2338; x_wconf 90' lang='lat' dir='ltr'><strong>consilio,</strong></span> <span class='ocrx_word' id='word_1_388' title='bbox 2743 2264 3012 2320; x_wconf 90' lang='lat' dir='ltr'><strong>videlicet</strong></span> <span class='ocrx_word' id='word_1_389' title='bbox 3037 2262 3319 2318; x_wconf 90' lang='lat' dir='ltr'><strong>rationem</strong></span> <span class='ocrx_word' id='word_1_390' title='bbox 3344 2259 3586 2329; x_wconf 89' lang='lat' dir='ltr'><strong>tenendo,</strong></span> <span class='ocrx_word' id='word_1_391' title='bbox 3606 2262 3651 2312; x_wconf 89' lang='lat' dir='ltr'><strong>et</strong></span> <span class='ocrx_word' id='word_1_392' title='bbox 3668 2267 3784 2311; x_wconf 85' lang='lat' dir='ltr'><strong>eam—</strong></span> 
     </span>
    </p>
   </div>
   <div class='ocr_carea' id='block_1_53' title="bbox 2213 2345 3787 2425">
    <p class='ocr_par' dir='ltr' id='par_1_53' title="bbox 2213 2345 3787 2425">
     <span class='ocr_line' id='line_1_53' title="bbox 2213 2345 3787 2425; baseline -0.011 -10"><span class='ocrx_word' id='word_1_393' title='bbox 2213 2359 2341 2416; x_wconf 90' lang='lat' dir='ltr'><strong>dem</strong></span> <span class='ocrx_word' id='word_1_394' title='bbox 2391 2357 2689 2425; x_wconf 90' lang='lat' dir='ltr'><strong>rationem,</strong></span> <span class='ocrx_word' id='word_1_395' title='bbox 2736 2355 2795 2410; x_wconf 93' lang='lat' dir='ltr'><strong>in</strong></span> <span class='ocrx_word' id='word_1_396' title='bbox 2842 2356 3117 2424; x_wconf 91' lang='lat' dir='ltr'><strong>quantum</strong></span> <span class='ocrx_word' id='word_1_397' title='bbox 3161 2348 3538 2414; x_wconf 83' lang='lat' dir='ltr'><strong>rationabilis,</strong></span> <span class='ocrx_word' id='word_1_398' title='bbox 3574 2345 3787 2411; x_wconf 85' lang='lat' dir='ltr'><strong>discreta,</strong></span> 
     </span>
    </p>
   </div>
   <div class='ocr_carea' id='block_1_54' title="bbox 2217 2436 3788 2516">
    <p class='ocr_par' dir='ltr' id='par_1_54' title="bbox 2217 2436 3788 2516">
     <span class='ocr_line' id='line_1_54' title="bbox 2217 2436 3788 2516; baseline -0.01 -13"><span class='ocrx_word' id='word_1_399' title='bbox 2217 2447 2452 2503; x_wconf 92' lang='lat' dir='ltr'><strong>honesta</strong></span> <span class='ocrx_word' id='word_1_400' title='bbox 2481 2450 2537 2501; x_wconf 91' lang='lat' dir='ltr'><strong>et</strong></span> <span class='ocrx_word' id='word_1_401' title='bbox 2569 2444 2734 2500; x_wconf 91' lang='lat' dir='ltr'><strong>utilis</strong></span> <span class='ocrx_word' id='word_1_402' title='bbox 2765 2443 2960 2515; x_wconf 88' lang='lat' dir='ltr'><strong>fuerit,</strong></span> <span class='ocrx_word' id='word_1_403' title='bbox 2995 2441 3345 2516; x_wconf 86' lang='lat' dir='ltr'><strong>auctoritate</strong></span> <span class='ocrx_word' id='word_1_404' title='bbox 3374 2436 3641 2499; x_wconf 85' lang='lat' dir='ltr'><strong>ﬁrmando,</strong></span> <span class='ocrx_word' id='word_1_405' title='bbox 3667 2446 3788 2489; x_wconf 87' lang='lat' dir='ltr'><strong>eam—</strong></span> 
     </span>
    </p>
   </div>
   <div class='ocr_carea' id='block_1_55' title="bbox 2214 2521 3791 2593">
    <p class='ocr_par' dir='ltr' id='par_1_55' title="bbox 2214 2521 3791 2593">
     <span class='ocr_line' id='line_1_55' title="bbox 2214 2521 3791 2593; baseline -0.011 0"><span class='ocrx_word' id='word_1_406' title='bbox 2214 2538 2340 2593; x_wconf 92' lang='lat' dir='ltr'><strong>dem</strong></span> <span class='ocrx_word' id='word_1_407' title='bbox 2357 2549 2491 2592; x_wconf 90' lang='lat' dir='ltr'><strong>vero</strong></span> <span class='ocrx_word' id='word_1_408' title='bbox 2508 2534 2905 2591; x_wconf 88' lang='lat' dir='ltr'><strong>auctoritatem</strong></span> <span class='ocrx_word' id='word_1_409' title='bbox 2928 2531 3246 2588; x_wconf 87' lang='lat' dir='ltr'><strong>secundum</strong></span> <span class='ocrx_word' id='word_1_410' title='bbox 3266 2527 3546 2585; x_wconf 70' lang='lat' dir='ltr'><strong>catholicae</strong></span> <span class='ocrx_word' id='word_1_411' title='bbox 3562 2524 3671 2581; x_wconf 85' lang='lat' dir='ltr'><strong>ﬁdei</strong></span> <span class='ocrx_word' id='word_1_412' title='bbox 3686 2521 3791 2577; x_wconf 88' lang='lat' dir='ltr'><strong>veri-</strong></span> 
     </span>
    </p>
   </div>
   <div class='ocr_carea' id='block_1_56' title="bbox 2216 2609 3789 2688">
    <p class='ocr_par' dir='ltr' id='par_1_56' title="bbox 2216 2609 3789 2688">
     <span class='ocr_line' id='line_1_56' title="bbox 2216 2609 3789 2688; baseline -0.011 -7"><span class='ocrx_word' id='word_1_413' title='bbox 2216 2629 2384 2681; x_wconf 90' lang='lat' dir='ltr'><strong>tatem</strong></span> <span class='ocrx_word' id='word_1_414' title='bbox 2403 2629 2457 2680; x_wconf 91' lang='lat' dir='ltr'><strong>et</strong></span> <span class='ocrx_word' id='word_1_415' title='bbox 2473 2622 2875 2679; x_wconf 89' lang='lat' dir='ltr'><strong>rectitudinem</strong></span> <span class='ocrx_word' id='word_1_416' title='bbox 2895 2618 3212 2676; x_wconf 85' lang='lat' dir='ltr'><strong>salubriter</strong></span> <span class='ocrx_word' id='word_1_417' title='bbox 3232 2615 3582 2688; x_wconf 89' lang='lat' dir='ltr'><strong>intelligendo</strong></span> <span class='ocrx_word' id='word_1_418' title='bbox 3595 2632 3607 2683; x_wconf 85' lang='lat'><strong>;</strong></span> <span class='ocrx_word' id='word_1_419' title='bbox 3620 2611 3675 2666; x_wconf 89' lang='lat' dir='ltr'><strong>ad</strong></span> <span class='ocrx_word' id='word_1_420' title='bbox 3692 2609 3789 2665; x_wconf 87' lang='lat' dir='ltr'><strong>ulti-</strong></span> 
     </span>
    </p>
   </div>
   <div class='ocr_carea' id='block_1_57' title="bbox 2217 2698 3788 2782">
    <p class='ocr_par' dir='ltr' id='par_1_57' title="bbox 2217 2698 3788 2782">
     <span class='ocr_line' id='line_1_57' title="bbox 2217 2698 3788 2782; baseline -0.012 -12"><span class='ocrx_word' id='word_1_421' title='bbox 2217 2727 2370 2770; x_wconf 90' lang='lat' dir='ltr'><strong>mum</strong></span> <span class='ocrx_word' id='word_1_422' title='bbox 2389 2726 2519 2768; x_wconf 92' lang='lat' dir='ltr'><strong>vero</strong></span> <span class='ocrx_word' id='word_1_423' title='bbox 2537 2711 2676 2782; x_wconf 92' lang='lat' dir='ltr'><strong>quid</strong></span> <span class='ocrx_word' id='word_1_424' title='bbox 2697 2711 2756 2766; x_wconf 90' lang='lat' dir='ltr'><strong>in</strong></span> <span class='ocrx_word' id='word_1_425' title='bbox 2776 2710 2870 2765; x_wconf 92' lang='lat' dir='ltr'><strong>his</strong></span> <span class='ocrx_word' id='word_1_426' title='bbox 2885 2709 2952 2765; x_wconf 90' lang='lat' dir='ltr'><strong>ad</strong></span> <span class='ocrx_word' id='word_1_427' title='bbox 2972 2707 3218 2764; x_wconf 88' lang='lat' dir='ltr'><strong>salutem</strong></span> <span class='ocrx_word' id='word_1_428' title='bbox 3243 2703 3566 2762; x_wconf 87' lang='lat' dir='ltr'><strong>universalis</strong></span> <span class='ocrx_word' id='word_1_429' title='bbox 3584 2698 3788 2757; x_wconf 73' lang='lat' dir='ltr'><strong>Ecclesia</strong></span> 
     </span>
    </p>
   </div>
   <div class='ocr_carea' id='block_1_58' title="bbox 2217 2787 3786 2865">
    <p class='ocr_par' dir='ltr' id='par_1_58' title="bbox 2217 2787 3786 2865">
     <span class='ocr_line' id='line_1_58' title="bbox 2217 2787 3786 2865; baseline -0.01 -8"><span class='ocrx_word' id='word_1_430' title='bbox 2217 2801 2522 2858; x_wconf 90' lang='lat' dir='ltr'><strong>tenendum</strong></span> <span class='ocrx_word' id='word_1_431' title='bbox 2545 2800 2623 2855; x_wconf 91' lang='lat' dir='ltr'><strong>sit</strong></span> <span class='ocrx_word' id='word_1_432' title='bbox 2642 2798 2952 2855; x_wconf 91' lang='lat' dir='ltr'><strong>consilium</strong></span> <span class='ocrx_word' id='word_1_433' title='bbox 2977 2799 3090 2852; x_wconf 92' lang='lat' dir='ltr'><strong>Deo</strong></span> <span class='ocrx_word' id='word_1_434' title='bbox 3114 2795 3388 2865; x_wconf 90' lang='lat' dir='ltr'><strong>placitum</strong></span> <span class='ocrx_word' id='word_1_435' title='bbox 3408 2792 3594 2862; x_wconf 89' lang='lat' dir='ltr'><strong>dando,</strong></span> <span class='ocrx_word' id='word_1_436' title='bbox 3613 2793 3659 2844; x_wconf 91' lang='lat' dir='ltr'><strong>et</strong></span> <span class='ocrx_word' id='word_1_437' title='bbox 3678 2787 3786 2843; x_wconf 89' lang='lat' dir='ltr'><strong>idem</strong></span> 
     </span>
    </p>
   </div>
   <div class='ocr_carea' id='block_1_59' title="bbox 2217 2880 3784 2956">
    <p class='ocr_par' dir='ltr' id='par_1_59' title="bbox 2217 2880 3784 2956">
     <span class='ocr_line' id='line_1_59' title="bbox 2217 2880 3784 2956; baseline -0.013 -9"><span class='ocrx_word' id='word_1_438' title='bbox 2217 2889 2526 2947; x_wconf 91' lang='lat' dir='ltr'><strong>consilium</strong></span> <span class='ocrx_word' id='word_1_439' title='bbox 2556 2887 2964 2944; x_wconf 81' lang='lat' dir='ltr'><strong>confirmando.</strong></span> <span class='ocrx_word' id='word_1_440' title='bbox 2992 2887 3061 2940; x_wconf 90' lang='lat' dir='ltr'><strong>Et</strong></span> <span class='ocrx_word' id='word_1_441' title='bbox 3093 2884 3376 2956; x_wconf 91' lang='lat' dir='ltr'><strong>quamvis,</strong></span> <span class='ocrx_word' id='word_1_442' title='bbox 3405 2889 3466 2938; x_wconf 92' lang='lat' dir='ltr'><strong>ut</strong></span> <span class='ocrx_word' id='word_1_443' title='bbox 3486 2881 3688 2951; x_wconf 83' lang='lat' dir='ltr'><strong>dignum</strong></span> <span class='ocrx_word' id='word_1_444' title='bbox 3708 2880 3784 2941; x_wconf 85' lang='lat' dir='ltr'><strong>est,</strong></span> 
     </span>
    </p>
   </div>
   <div class='ocr_carea' id='block_1_60' title="bbox 459 2963 3788 3048">
    <p class='ocr_par' dir='ltr' id='par_1_60' title="bbox 459 2963 3788 3048">
     <span class='ocr_line' id='line_1_60' title="bbox 459 2963 3788 3048; baseline -0.002 -25"><span class='ocrx_word' id='word_1_445' title='bbox 459 2967 728 3037; x_wconf 88' lang='lat' dir='ltr'><strong>optando,</strong></span> <span class='ocrx_word' id='word_1_446' title='bbox 759 2981 860 3023; x_wconf 91' lang='lat' dir='ltr'><strong>nec</strong></span> <span class='ocrx_word' id='word_1_447' title='bbox 885 2968 942 3023; x_wconf 94' lang='lat' dir='ltr'><strong>in</strong></span> <span class='ocrx_word' id='word_1_448' title='bbox 967 2969 1070 3025; x_wconf 94' lang='lat' dir='ltr'><strong>illo</strong></span> <span class='ocrx_word' id='word_1_449' title='bbox 1093 2969 1323 3027; x_wconf 84' lang='lat' dir='ltr'><strong>felicius</strong></span> <span class='ocrx_word' id='word_1_450' title='bbox 1348 2971 1589 3032; x_wconf 90' lang='lat' dir='ltr'><strong>fruendo</strong></span> <span class='ocrx_word' id='word_1_451' title='bbox 1616 2977 1808 3033; x_wconf 89' lang='lat' dir='ltr'><strong>videre</strong></span> <span class='ocrx_word' id='word_1_452' title='bbox 1834 2981 2110 3037; x_wconf 91' lang='lat' dir='ltr'><strong>meruerit</strong></span> <span class='ocrx_word' id='word_1_453' title='bbox 2137 2964 2187 3029; x_wconf 76' lang='grc' dir='ltr'>Ο</span> <span class='ocrx_word' id='word_1_454' title='bbox 2216 2979 2414 3036; x_wconf 91' lang='lat' dir='ltr'><strong>divina</strong></span> <span class='ocrx_word' id='word_1_455' title='bbox 2457 2976 2740 3048; x_wconf 68' lang='lat' dir='ltr'><strong>praecellet</strong></span> <span class='ocrx_word' id='word_1_456' title='bbox 2781 2975 3116 3044; x_wconf 89' lang='lat' dir='ltr'><strong>auctoritas,</strong></span> <span class='ocrx_word' id='word_1_457' title='bbox 3155 2973 3339 3044; x_wconf 87' lang='lat' dir='ltr'><strong>primo</strong></span> <span class='ocrx_word' id='word_1_458' title='bbox 3378 2977 3547 3027; x_wconf 89' lang='lat' dir='ltr'><strong>tamen</strong></span> <span class='ocrx_word' id='word_1_459' title='bbox 3578 2967 3636 3022; x_wconf 88' lang='lat' dir='ltr'><strong>ad</strong></span> <span class='ocrx_word' id='word_1_460' title='bbox 3664 2963 3788 3020; x_wconf 86' lang='lat' dir='ltr'><strong>miti-</strong></span> 
     </span>
    </p>
   </div>
   <div class='ocr_carea' id='block_1_61' title="bbox 458 3055 2108 3129">
    <p class='ocr_par' dir='ltr' id='par_1_61' title="bbox 458 3055 2108 3129">
     <span class='ocr_line' id='line_1_61' title="bbox 458 3055 2108 3129; baseline 0.01 -19"><span class='ocrx_word' id='word_1_461' title='bbox 458 3057 633 3111; x_wconf 88' lang='lat' dir='ltr'><strong>Deum</strong></span> <span class='ocrx_word' id='word_1_462' title='bbox 661 3055 798 3127; x_wconf 74' lang='lat' dir='ltr'><strong>‘IEt,</strong></span> <span class='ocrx_word' id='word_1_463' title='bbox 843 3072 972 3113; x_wconf 92' lang='lat' dir='ltr'><strong>cum</strong></span> <span class='ocrx_word' id='word_1_464' title='bbox 1017 3059 1192 3129; x_wconf 89' lang='lat' dir='ltr'><strong>hujus</strong></span> <span class='ocrx_word' id='word_1_465' title='bbox 1230 3063 1570 3121; x_wconf 90' lang='lat' dir='ltr'><strong>assertionis</strong></span> <span class='ocrx_word' id='word_1_466' title='bbox 1613 3066 1697 3122; x_wconf 89' lang='lat' dir='ltr'><strong>vel</strong></span> <span class='ocrx_word' id='word_1_467' title='bbox 1741 3068 2004 3125; x_wconf 90' lang='lat' dir='ltr'><strong>veritatis</strong></span> <span class='ocrx_word' id='word_1_468' title='bbox 2050 3071 2108 3128; x_wconf 95' lang='lat' dir='ltr'><strong>in</strong></span> 
     </span>
    </p>
   </div>
   <div class='ocr_carea' id='block_1_62' title="bbox 460 3144 2110 3230">
    <p class='ocr_par' dir='ltr' id='par_1_62' title="bbox 460 3144 2110 3230">
     <span class='ocr_line' id='line_1_62' title="bbox 460 3144 2110 3230; baseline 0.01 -30"><span class='ocrx_word' id='word_1_469' title='bbox 460 3144 729 3202; x_wconf 87' lang='lat' dir='ltr'><strong>universo</strong></span> <span class='ocrx_word' id='word_1_470' title='bbox 761 3147 974 3202; x_wconf 92' lang='lat' dir='ltr'><strong>mundo</strong></span> <span class='ocrx_word' id='word_1_471' title='bbox 1001 3151 1156 3204; x_wconf 89' lang='lat' dir='ltr'><strong>tanta</strong></span> <span class='ocrx_word' id='word_1_472' title='bbox 1187 3149 1306 3206; x_wconf 89' lang='lat' dir='ltr'><strong>sint</strong></span> <span class='ocrx_word' id='word_1_473' title='bbox 1337 3153 1686 3226; x_wconf 91' lang='lat' dir='ltr'><strong>testimonia,</strong></span> <span class='ocrx_word' id='word_1_474' title='bbox 1718 3171 1843 3227; x_wconf 87' lang='lat' dir='ltr'><strong>quae</strong></span> <span class='ocrx_word' id='word_1_475' title='bbox 1867 3158 1924 3214; x_wconf 94' lang='lat' dir='ltr'><strong>in</strong></span> <span class='ocrx_word' id='word_1_476' title='bbox 1959 3174 2110 3230; x_wconf 67' lang='lat' dir='ltr'><strong>prte-</strong></span> 
     </span>
    </p>
   </div>
   <div class='ocr_carea' id='block_1_63' title="bbox 461 3233 2114 3318">
    <p class='ocr_par' dir='ltr' id='par_1_63' title="bbox 461 3233 2114 3318">
     <span class='ocr_line' id='line_1_63' title="bbox 461 3233 2114 3318; baseline 0.01 -28"><span class='ocrx_word' id='word_1_477' title='bbox 461 3233 608 3290; x_wconf 89' lang='lat' dir='ltr'><strong>senti</strong></span> <span class='ocrx_word' id='word_1_478' title='bbox 632 3240 741 3290; x_wconf 90' lang='lat' dir='ltr'><strong>tem</strong></span> <span class='ocrx_word' id='word_1_479' title='bbox 751 3248 884 3304; x_wconf 91' lang='lat' dir='ltr'><strong>pore</strong></span> <span class='ocrx_word' id='word_1_480' title='bbox 902 3236 1061 3292; x_wconf 90' lang='lat' dir='ltr'><strong>nulla</strong></span> <span class='ocrx_word' id='word_1_481' title='bbox 1079 3239 1331 3295; x_wconf 91' lang='lat' dir='ltr'><strong>evolvere</strong></span> <span class='ocrx_word' id='word_1_482' title='bbox 1354 3242 1652 3310; x_wconf 77' lang='lat' dir='ltr'><strong>praevaleat</strong></span> <span class='ocrx_word' id='word_1_483' title='bbox 1673 3244 1873 3318; x_wconf 84' lang='lat' dir='ltr'><strong>lingua</strong></span> <span class='ocrx_word' id='word_1_484' title='bbox 1893 3249 2114 3306; x_wconf 88' lang='lat' dir='ltr'><strong>nullus-</strong></span> 
     </span>
    </p>
   </div>
   <div class='ocr_carea' id='block_1_64' title="bbox 462 3324 2112 3403">
    <p class='ocr_par' dir='ltr' id='par_1_64' title="bbox 462 3324 2112 3403">
     <span class='ocr_line' id='line_1_64' title="bbox 462 3324 2112 3403; baseline 0.011 -26"><span class='ocrx_word' id='word_1_485' title='bbox 462 3336 574 3393; x_wconf 90' lang='lat' dir='ltr'><strong>que</strong></span> <span class='ocrx_word' id='word_1_486' title='bbox 617 3324 947 3380; x_wconf 89' lang='lat' dir='ltr'><strong>mortalium</strong></span> <span class='ocrx_word' id='word_1_487' title='bbox 992 3327 1258 3396; x_wconf 68' lang='lat' dir='ltr'><strong>praescire</strong></span> <span class='ocrx_word' id='word_1_488' title='bbox 1296 3330 1498 3396; x_wconf 90' lang='lat' dir='ltr'><strong>valeat,</strong></span> <span class='ocrx_word' id='word_1_489' title='bbox 1542 3334 1770 3403; x_wconf 87' lang='lat' dir='ltr'><strong>quando</strong></span> <span class='ocrx_word' id='word_1_490' title='bbox 1809 3337 1892 3392; x_wconf 91' lang='lat' dir='ltr'><strong>vel</strong></span> <span class='ocrx_word' id='word_1_491' title='bbox 1936 3338 2112 3395; x_wconf 92' lang='lat' dir='ltr'><strong>unius</strong></span> 
     </span>
    </p>
   </div>
   <div class='ocr_carea' id='block_1_65' title="bbox 463 3412 2110 3491">
    <p class='ocr_par' dir='ltr' id='par_1_65' title="bbox 463 3412 2110 3491">
     <span class='ocr_line' id='line_1_65' title="bbox 463 3412 2110 3491; baseline 0.01 -25"><span class='ocrx_word' id='word_1_492' title='bbox 463 3412 766 3484; x_wconf 88' lang='lat' dir='ltr'><strong>cujusque,</strong></span> <span class='ocrx_word' id='word_1_493' title='bbox 789 3413 876 3469; x_wconf 93' lang='lat' dir='ltr'><strong>vel</strong></span> <span class='ocrx_word' id='word_1_494' title='bbox 903 3412 1073 3485; x_wconf 92' lang='lat' dir='ltr'><strong>(quod</strong></span> <span class='ocrx_word' id='word_1_495' title='bbox 1102 3418 1287 3487; x_wconf 90' lang='lat' dir='ltr'><strong>majus</strong></span> <span class='ocrx_word' id='word_1_496' title='bbox 1315 3419 1417 3491; x_wconf 88' lang='lat' dir='ltr'><strong>est)</strong></span> <span class='ocrx_word' id='word_1_497' title='bbox 1441 3421 1620 3477; x_wconf 91' lang='lat' dir='ltr'><strong>totius</strong></span> <span class='ocrx_word' id='word_1_498' title='bbox 1647 3424 1844 3480; x_wconf 91' lang='lat' dir='ltr'><strong>mundi</strong></span> <span class='ocrx_word' id='word_1_499' title='bbox 1873 3439 2110 3483; x_wconf 89' lang='lat' dir='ltr'><strong>occasus</strong></span> 
     </span>
    </p>
   </div>
   <div class='ocr_carea' id='block_1_66' title="bbox 463 3502 2114 3579">
    <p class='ocr_par' dir='ltr' id='par_1_66' title="bbox 463 3502 2114 3579">
     <span class='ocr_line' id='line_1_66' title="bbox 463 3502 2114 3579; baseline 0.011 -21"><span class='ocrx_word' id='word_1_500' title='bbox 463 3502 813 3559; x_wconf 88' lang='lat' dir='ltr'><strong>terminusve</strong></span> <span class='ocrx_word' id='word_1_501' title='bbox 853 3503 976 3560; x_wconf 85' lang='lat' dir='ltr'><strong>fieri</strong></span> <span class='ocrx_word' id='word_1_502' title='bbox 1013 3504 1233 3576; x_wconf 82' lang='lat' dir='ltr'><strong>debeat,</strong></span> <span class='ocrx_word' id='word_1_503' title='bbox 1276 3520 1477 3579; x_wconf 87' lang='lat' dir='ltr'><strong>magna</strong></span> <span class='ocrx_word' id='word_1_504' title='bbox 1509 3523 1614 3579; x_wconf 92' lang='lat' dir='ltr'><strong>me,</strong></span> <span class='ocrx_word' id='word_1_505' title='bbox 1651 3517 1713 3568; x_wconf 92' lang='lat' dir='ltr'><strong>ut</strong></span> <span class='ocrx_word' id='word_1_506' title='bbox 1743 3513 1801 3568; x_wconf 91' lang='lat' dir='ltr'><strong>in</strong></span> <span class='ocrx_word' id='word_1_507' title='bbox 1843 3514 2114 3577; x_wconf 89' lang='lat' dir='ltr'><strong>omnibus</strong></span> 
     </span>
    </p>
   </div>
   <div class='ocr_carea' id='block_1_67' title="bbox 463 3684 2373 3712">
    <p class='ocr_par' dir='ltr' id='par_1_67' title="bbox 463 3684 2373 3712">
     <span class='ocr_line' id='line_1_67' title="bbox 463 3684 2373 3712; baseline -0.001 -18"><span class='ocrx_word' id='word_1_508' title='bbox 463 3684 2373 3712; x_wconf 82' lang='lat'><strong>_.______________________</strong></span> 
     </span>
    </p>
   </div>
   <div class='ocr_carea' id='block_1_68' title="bbox 2219 3059 3789 3140">
    <p class='ocr_par' dir='ltr' id='par_1_68' title="bbox 2219 3059 3789 3140">
     <span class='ocr_line' id='line_1_68' title="bbox 2219 3059 3789 3140; baseline -0.011 -15"><span class='ocrx_word' id='word_1_509' title='bbox 2219 3068 2435 3140; x_wconf 84' lang='lat' dir='ltr'><strong>gandos</strong></span> <span class='ocrx_word' id='word_1_510' title='bbox 2463 3073 2634 3138; x_wconf 91' lang='lat' dir='ltr'><strong>atque</strong></span> <span class='ocrx_word' id='word_1_511' title='bbox 2663 3067 2732 3122; x_wconf 92' lang='lat' dir='ltr'><strong>ad</strong></span> <span class='ocrx_word' id='word_1_512' title='bbox 2764 3063 3101 3121; x_wconf 91' lang='lat' dir='ltr'><strong>adunandos</strong></span> <span class='ocrx_word' id='word_1_513' title='bbox 3130 3063 3356 3118; x_wconf 89' lang='lat' dir='ltr'><strong>animos</strong></span> <span class='ocrx_word' id='word_1_514' title='bbox 3386 3061 3443 3115; x_wconf 91' lang='lat' dir='ltr'><strong>in</strong></span> <span class='ocrx_word' id='word_1_515' title='bbox 3471 3059 3666 3114; x_wconf 87' lang='lat' dir='ltr'><strong>diversa</strong></span> <span class='ocrx_word' id='word_1_516' title='bbox 3691 3059 3789 3108; x_wconf 83' lang='lat' dir='ltr'><strong>ten—</strong></span> 
     </span>
    </p>
   </div>
   <div class='ocr_carea' id='block_1_69' title="bbox 2217 3143 3787 3229">
    <p class='ocr_par' dir='ltr' id='par_1_69' title="bbox 2217 3143 3787 3229">
     <span class='ocr_line' id='line_1_69' title="bbox 2217 3143 3787 3229; baseline -0.012 -14"><span class='ocrx_word' id='word_1_517' title='bbox 2217 3159 2435 3229; x_wconf 90' lang='lat' dir='ltr'><strong>dentes,</strong></span> <span class='ocrx_word' id='word_1_518' title='bbox 2456 3156 2730 3214; x_wconf 89' lang='lat' dir='ltr'><strong>ratiocina</strong></span> <span class='ocrx_word' id='word_1_519' title='bbox 2741 3155 2851 3210; x_wconf 92' lang='lat' dir='ltr'><strong>ndo</strong></span> <span class='ocrx_word' id='word_1_520' title='bbox 2868 3153 3137 3210; x_wconf 90' lang='lat' dir='ltr'><strong>omnibus</strong></span> <span class='ocrx_word' id='word_1_521' title='bbox 3155 3149 3475 3208; x_wconf 88' lang='lat' dir='ltr'><strong>satisfacere</strong></span> <span class='ocrx_word' id='word_1_522' title='bbox 3493 3146 3726 3209; x_wconf 87' lang='lat' dir='ltr'><strong>volumus,</strong></span> <span class='ocrx_word' id='word_1_523' title='bbox 3743 3143 3787 3196; x_wconf 84' lang='lat' dir='ltr'><strong>ut</strong></span> 
     </span>
    </p>
   </div>
   <div class='ocr_carea' id='block_1_70' title="bbox 2219 3237 3785 3304">
    <p class='ocr_par' dir='ltr' id='par_1_70' title="bbox 2219 3237 3785 3304">
     <span class='ocr_line' id='line_1_70' title="bbox 2219 3237 3785 3304; baseline -0.013 0"><span class='ocrx_word' id='word_1_524' title='bbox 2219 3261 2284 3304; x_wconf 92' lang='lat' dir='ltr'><strong>eo</strong></span> <span class='ocrx_word' id='word_1_525' title='bbox 2305 3247 2538 3303; x_wconf 89' lang='lat' dir='ltr'><strong>facilius</strong></span> <span class='ocrx_word' id='word_1_526' title='bbox 2558 3249 2615 3301; x_wconf 90' lang='lat' dir='ltr'><strong>et</strong></span> <span class='ocrx_word' id='word_1_527' title='bbox 2634 3244 2887 3300; x_wconf 90' lang='lat' dir='ltr'><strong>divinam</strong></span> <span class='ocrx_word' id='word_1_528' title='bbox 2908 3241 3310 3298; x_wconf 88' lang='lat' dir='ltr'><strong>auctoritatem</strong></span> <span class='ocrx_word' id='word_1_529' title='bbox 3332 3237 3615 3296; x_wconf 90' lang='lat' dir='ltr'><strong>secundum</strong></span> <span class='ocrx_word' id='word_1_530' title='bbox 3635 3243 3785 3289; x_wconf 85' lang='lat' dir='ltr'><strong>sanum</strong></span> 
     </span>
    </p>
   </div>
   <div class='ocr_carea' id='block_1_71' title="bbox 2221 3324 3787 3395">
    <p class='ocr_par' dir='ltr' id='par_1_71' title="bbox 2221 3324 3787 3395">
     <span class='ocr_line' id='line_1_71' title="bbox 2221 3324 3787 3395; baseline -0.013 -2"><span class='ocrx_word' id='word_1_531' title='bbox 2221 3336 2517 3392; x_wconf 69' lang='lat' dir='ltr'><strong>catholicae</strong></span> <span class='ocrx_word' id='word_1_532' title='bbox 2546 3334 2677 3390; x_wconf 78' lang='lat' dir='ltr'><strong>fidei</strong></span> <span class='ocrx_word' id='word_1_533' title='bbox 2712 3333 3062 3389; x_wconf 90' lang='lat' dir='ltr'><strong>intellectum</strong></span> <span class='ocrx_word' id='word_1_534' title='bbox 3092 3331 3401 3388; x_wconf 91' lang='lat' dir='ltr'><strong>concordes</strong></span> <span class='ocrx_word' id='word_1_535' title='bbox 3424 3324 3787 3395; x_wconf 84' lang='lat' dir='ltr'><strong>suscipiant;ac</strong></span> 
     </span>
    </p>
   </div>
   <div class='ocr_carea' id='block_1_72' title="bbox 2218 3413 3787 3485">
    <p class='ocr_par' dir='ltr' id='par_1_72' title="bbox 2218 3413 3787 3485">
     <span class='ocr_line' id='line_1_72' title="bbox 2218 3413 3787 3485; baseline -0.013 -2"><span class='ocrx_word' id='word_1_536' title='bbox 2218 3426 2425 3483; x_wconf 90' lang='lat' dir='ltr'><strong>deinde</strong></span> <span class='ocrx_word' id='word_1_537' title='bbox 2453 3429 2669 3481; x_wconf 91' lang='lat' dir='ltr'><strong>certum</strong></span> <span class='ocrx_word' id='word_1_538' title='bbox 2702 3423 2869 3479; x_wconf 92' lang='lat' dir='ltr'><strong>nobis</strong></span> <span class='ocrx_word' id='word_1_539' title='bbox 2898 3421 3211 3478; x_wconf 92' lang='lat' dir='ltr'><strong>consilium</strong></span> <span class='ocrx_word' id='word_1_540' title='bbox 3242 3420 3470 3476; x_wconf 90' lang='lat' dir='ltr'><strong>suavius</strong></span> <span class='ocrx_word' id='word_1_541' title='bbox 3504 3413 3787 3485; x_wconf 87' lang='lat' dir='ltr'><strong>amplectan-</strong></span> 
     </span>
    </p>
   </div>
   <div class='ocr_carea' id='block_1_73' title="bbox 2221 3509 3500 3587">
    <p class='ocr_par' dir='ltr' id='par_1_73' title="bbox 2221 3509 3500 3587">
     <span class='ocr_line' id='line_1_73' title="bbox 2221 3509 3500 3587; baseline -0.011 -12"><span class='ocrx_word' id='word_1_542' title='bbox 2221 3524 2340 3587; x_wconf 92' lang='lat' dir='ltr'><strong>tur,</strong></span> <span class='ocrx_word' id='word_1_543' title='bbox 2375 3513 2815 3585; x_wconf 79' lang='lat' dir='ltr'><strong>amplexumque</strong></span> <span class='ocrx_word' id='word_1_544' title='bbox 2845 3512 2907 3568; x_wconf 91' lang='lat' dir='ltr'><strong>in</strong></span> <span class='ocrx_word' id='word_1_545' title='bbox 2938 3510 3134 3568; x_wconf 89' lang='lat' dir='ltr'><strong>futuro</strong></span> <span class='ocrx_word' id='word_1_546' title='bbox 3163 3509 3500 3568; x_wconf 88' lang='lat' dir='ltr'><strong>custodiant.</strong></span> 
     </span>
    </p>
   </div>
   <div class='ocr_carea' id='block_1_74' title="bbox 2382 3675 3785 3709">
    <p class='ocr_par' dir='ltr' id='par_1_74' title="bbox 2382 3675 3785 3709">
     <span class='ocr_line' id='line_1_74' title="bbox 2382 3675 3785 3709; baseline -0.001 -18"><span class='ocrx_word' id='word_1_547' title='bbox 2382 3675 3785 3709; x_wconf 84' lang='lat'><strong>_________________________...</strong></span> 
     </span>
    </p>
   </div>
   <div class='ocr_carea' id='block_1_75' title="bbox 2100 3825 2227 3929">
    <p class='ocr_par' dir='ltr' id='par_1_75' title="bbox 2100 3825 2227 3929">
     <span class='ocr_line' id='line_1_75' title="bbox 2100 3825 2227 3929; baseline -0.016 0"><span class='ocrx_word' id='word_1_548' title='bbox 2100 3825 2227 3929; x_wconf 88' lang='lat' dir='ltr'><strong>V.</strong></span> 
     </span>
    </p>
   </div>
   <div class='ocr_carea' id='block_1_76' title="bbox 1110 4067 3232 4199">
    <p class='ocr_par' dir='ltr' id='par_1_76' title="bbox 1110 4067 3232 4199">
     <span class='ocr_line' id='line_1_76' title="bbox 1110 4067 3232 4199; baseline -0.001 -6"><span class='ocrx_word' id='word_1_549' title='bbox 1110 4072 2216 4197; x_wconf 75' lang='lat' dir='ltr'><strong>GREGORIUS</strong></span> <span class='ocrx_word' id='word_1_550' title='bbox 2317 4074 2842 4194; x_wconf 80' lang='lat' dir='ltr'><strong>PAPA</strong></span> <span class='ocrx_word' id='word_1_551' title='bbox 2943 4067 3232 4199; x_wconf 84' lang='lat' dir='ltr'><strong>IV.</strong></span> 
     </span>
    </p>
   </div>
   <div class='ocr_carea' id='block_1_77' title="bbox 1269 4422 1307 4477">
    <p class='ocr_par' dir='ltr' id='par_1_77' title="bbox 1269 4422 1307 4477">
     <span class='ocr_line' id='line_1_77' title="bbox 1269 4422 1307 4477; baseline -0.053 0"><span class='ocrx_word' id='word_1_552' title='bbox 1269 4422 1307 4477; x_wconf 87' lang='grc' dir='ltr'><strong>Ι.</strong></span> 
     </span>
    </p>
   </div>
   <div class='ocr_carea' id='block_1_78' title="bbox 573 4537 2001 4586">
    <p class='ocr_par' dir='ltr' id='par_1_78' title="bbox 573 4537 2001 4586">
     <span class='ocr_line' id='line_1_78' title="bbox 573 4537 2001 4586; baseline 0.006 -8"><span class='ocrx_word' id='word_1_553' title='bbox 573 4537 934 4581; x_wconf 75' lang='lat' dir='ltr'><strong>PRIVILEGIUM</strong></span> <span class='ocrx_word' id='word_1_554' title='bbox 963 4540 1216 4583; x_wconf 79' lang='lat' dir='ltr'><strong>GREGORII</strong></span> <span class='ocrx_word' id='word_1_555' title='bbox 1251 4541 1306 4582; x_wconf 82' lang='lat' dir='ltr'><strong>IV</strong></span> <span class='ocrx_word' id='word_1_556' title='bbox 1337 4541 1550 4584; x_wconf 75' lang='lat' dir='ltr'><strong>RABANO</strong></span> <span class='ocrx_word' id='word_1_557' title='bbox 1578 4541 1769 4586; x_wconf 78' lang='lat' dir='ltr'><strong>ABBATI</strong></span> <span class='ocrx_word' id='word_1_558' title='bbox 1801 4543 2001 4586; x_wconf 72' lang='lat' dir='ltr'><strong>DATUM.</strong></span> 
     </span>
    </p>
   </div>
   <div class='ocr_carea' id='block_1_79' title="bbox 1115 4632 1472 4706">
    <p class='ocr_par' dir='ltr' id='par_1_79' title="bbox 1115 4632 1472 4706">
     <span class='ocr_line' id='line_1_79' title="bbox 1115 4632 1472 4706; baseline 0 -18"><span class='ocrx_word' id='word_1_559' title='bbox 1115 4634 1296 4704; x_wconf 87' lang='lat' dir='ltr'><strong>(Anno</strong></span> <span class='ocrx_word' id='word_1_560' title='bbox 1323 4632 1472 4706; x_wconf 78' lang='lat'><strong>828.)</strong></span> 
     </span>
    </p>
   </div>
   <div class='ocr_carea' id='block_1_80' title="bbox 618 4733 1971 4818">
    <p class='ocr_par' dir='ltr' id='par_1_80' title="bbox 618 4733 1971 4818">
     <span class='ocr_line' id='line_1_80' title="bbox 618 4733 1971 4818; baseline 0.004 -27"><span class='ocrx_word' id='word_1_561' title='bbox 618 4733 799 4809; x_wconf 86' lang='lat' dir='ltr'><strong>[Apud</strong></span> <span class='ocrx_word' id='word_1_562' title='bbox 840 4739 1085 4810; x_wconf 84' lang='lat' dir='ltr'><strong>Drouke,</strong></span> <span class='ocrx_word' id='word_1_563' title='bbox 1115 4741 1244 4795; x_wconf 90' lang='lat' dir='ltr'><strong>Cod.</strong></span> <span class='ocrx_word' id='word_1_564' title='bbox 1279 4741 1416 4812; x_wconf 79' lang='lat' dir='ltr'><strong>dipl.</strong></span> <span class='ocrx_word' id='word_1_565' title='bbox 1448 4744 1632 4808; x_wconf 64' lang='grc' dir='ltr'><strong>Μαι,</strong></span> <span class='ocrx_word' id='word_1_566' title='bbox 1667 4757 1788 4816; x_wconf 85' lang='lat' dir='ltr'><strong>pag.</strong></span> <span class='ocrx_word' id='word_1_567' title='bbox 1821 4740 1971 4818; x_wconf 72' lang='lat'><strong>209.]</strong></span> 
     </span>
    </p>
   </div>
   <div class='ocr_carea' id='block_1_81' title="bbox 543 4861 2116 4941">
    <p class='ocr_par' dir='ltr' id='par_1_81' title="bbox 543 4861 2116 4941">
     <span class='ocr_line' id='line_1_81' title="bbox 543 4861 2116 4941; baseline 0.004 -24"><span class='ocrx_word' id='word_1_568' title='bbox 543 4861 863 4919; x_wconf 78' lang='lat' dir='ltr'><strong>GREGORIUS</strong></span> <span class='ocrx_word' id='word_1_569' title='bbox 919 4878 1080 4937; x_wconf 87' lang='lat' dir='ltr'><strong>papa,</strong></span> <span class='ocrx_word' id='word_1_570' title='bbox 1135 4881 1333 4924; x_wconf 91' lang='lat' dir='ltr'><strong>servus</strong></span> <span class='ocrx_word' id='word_1_571' title='bbox 1375 4883 1665 4926; x_wconf 91' lang='lat' dir='ltr'><strong>servorum</strong></span> <span class='ocrx_word' id='word_1_572' title='bbox 1717 4870 1839 4941; x_wconf 87' lang='lat' dir='ltr'><strong>Dei,</strong></span> <span class='ocrx_word' id='word_1_573' title='bbox 1895 4871 2116 4924; x_wconf 76' lang='lat' dir='ltr'><strong>RABANO</strong></span> 
     </span>
    </p>
   </div>
   <div class='ocr_carea' id='block_1_82' title="bbox 476 4951 2118 5030">
    <p class='ocr_par' dir='ltr' id='par_1_82' title="bbox 476 4951 2118 5030">
     <span class='ocr_line' id='line_1_82' title="bbox 476 4951 2118 5030; baseline 0.004 -23"><span class='ocrx_word' id='word_1_574' title='bbox 476 4951 747 5024; x_wconf 90' lang='lat' dir='ltr'><strong>religioso</strong></span> <span class='ocrx_word' id='word_1_575' title='bbox 789 4953 982 5010; x_wconf 91' lang='lat' dir='ltr'><strong>abbati</strong></span> <span class='ocrx_word' id='word_1_576' title='bbox 1032 4959 1363 5014; x_wconf 90' lang='lat' dir='ltr'><strong>monasterii</strong></span> <span class='ocrx_word' id='word_1_577' title='bbox 1412 4959 1639 5016; x_wconf 91' lang='lat' dir='ltr'><strong>Domini</strong></span> <span class='ocrx_word' id='word_1_578' title='bbox 1687 4958 2016 5030; x_wconf 90' lang='lat' dir='ltr'><strong>Salvatoris,</strong></span> <span class='ocrx_word' id='word_1_579' title='bbox 2061 4963 2118 5014; x_wconf 91' lang='lat' dir='ltr'><strong>et</strong></span> 
     </span>
    </p>
   </div>
   <div class='ocr_carea' id='block_1_83' title="bbox 476 5043 2118 5113">
    <p class='ocr_par' dir='ltr' id='par_1_83' title="bbox 476 5043 2118 5113">
     <span class='ocr_line' id='line_1_83' title="bbox 476 5043 2118 5113; baseline 0.004 -16"><span class='ocrx_word' id='word_1_580' title='bbox 476 5057 573 5113; x_wconf 91' lang='lat' dir='ltr'><strong>per</strong></span> <span class='ocrx_word' id='word_1_581' title='bbox 601 5049 655 5098; x_wconf 90' lang='lat' dir='ltr'><strong>te</strong></span> <span class='ocrx_word' id='word_1_582' title='bbox 693 5043 751 5098; x_wconf 93' lang='lat' dir='ltr'><strong>in</strong></span> <span class='ocrx_word' id='word_1_583' title='bbox 783 5044 975 5099; x_wconf 90' lang='lat' dir='ltr'><strong>eodem</strong></span> <span class='ocrx_word' id='word_1_584' title='bbox 1016 5047 1328 5103; x_wconf 90' lang='lat' dir='ltr'><strong>venerabili</strong></span> <span class='ocrx_word' id='word_1_585' title='bbox 1375 5049 1718 5105; x_wconf 90' lang='lat' dir='ltr'><strong>monasterio</strong></span> <span class='ocrx_word' id='word_1_586' title='bbox 1760 5048 2118 5104; x_wconf 89' lang='lat' dir='ltr'><strong>successori-</strong></span> 
     </span>
    </p>
   </div>
   <div class='ocr_carea' id='block_1_84' title="bbox 475 5130 2118 5208">
    <p class='ocr_par' dir='ltr' id='par_1_84' title="bbox 475 5130 2118 5208">
     <span class='ocr_line' id='line_1_84' title="bbox 475 5130 2118 5208; baseline 0.003 -22"><span class='ocrx_word' id='word_1_587' title='bbox 475 5130 694 5204; x_wconf 89' lang='lat' dir='ltr'><strong>busque</strong></span> <span class='ocrx_word' id='word_1_588' title='bbox 725 5133 844 5190; x_wconf 92' lang='lat' dir='ltr'><strong>tuis</strong></span> <span class='ocrx_word' id='word_1_589' title='bbox 868 5133 1172 5191; x_wconf 88' lang='lat' dir='ltr'><strong>abbatibus</strong></span> <span class='ocrx_word' id='word_1_590' title='bbox 1199 5137 1258 5192; x_wconf 89' lang='lat' dir='ltr'><strong>in</strong></span> <span class='ocrx_word' id='word_1_591' title='bbox 1287 5143 1638 5208; x_wconf 91' lang='lat' dir='ltr'><strong>perpetuum.</strong></span> <span class='ocrx_word' id='word_1_592' title='bbox 1674 5137 1954 5206; x_wconf 91' lang='lat' dir='ltr'><strong>Quoniam</strong></span> <span class='ocrx_word' id='word_1_593' title='bbox 1981 5141 2118 5192; x_wconf 90' lang='lat' dir='ltr'><strong>sunt</strong></span> 
     </span>
    </p>
   </div>
   <div class='ocr_carea' id='block_1_85' title="bbox 473 5225 2118 5298">
    <p class='ocr_par' dir='ltr' id='par_1_85' title="bbox 473 5225 2118 5298">
     <span class='ocr_line' id='line_1_85' title="bbox 473 5225 2118 5298; baseline 0.002 -20"><span class='ocrx_word' id='word_1_594' title='bbox 473 5236 693 5294; x_wconf 91' lang='lat' dir='ltr'><strong>semper</strong></span> <span class='ocrx_word' id='word_1_595' title='bbox 738 5225 1095 5281; x_wconf 89' lang='lat' dir='ltr'><strong>concedenda</strong></span> <span class='ocrx_word' id='word_1_596' title='bbox 1138 5241 1263 5296; x_wconf 72' lang='lat' dir='ltr'><strong>qua:</strong></span> <span class='ocrx_word' id='word_1_597' title='bbox 1303 5226 1749 5283; x_wconf 88' lang='lat' dir='ltr'><strong>rationabilibus</strong></span> <span class='ocrx_word' id='word_1_598' title='bbox 1791 5231 2118 5298; x_wconf 90' lang='lat' dir='ltr'><strong>congruunt</strong></span> 
     </span>
    </p>
   </div>
   <div class='ocr_carea' id='block_1_86' title="bbox 470 5314 2118 5385">
    <p class='ocr_par' dir='ltr' id='par_1_86' title="bbox 470 5314 2118 5385">
     <span class='ocr_line' id='line_1_86' title="bbox 470 5314 2118 5385; baseline 0.001 -16"><span class='ocrx_word' id='word_1_599' title='bbox 470 5314 798 5383; x_wconf 90' lang='lat' dir='ltr'><strong>desideriis,</strong></span> <span class='ocrx_word' id='word_1_600' title='bbox 831 5320 1053 5385; x_wconf 89' lang='lat' dir='ltr'><strong>oportet</strong></span> <span class='ocrx_word' id='word_1_601' title='bbox 1084 5319 1149 5371; x_wconf 94' lang='lat' dir='ltr'><strong>ut</strong></span> <span class='ocrx_word' id='word_1_602' title='bbox 1175 5315 1464 5371; x_wconf 92' lang='lat' dir='ltr'><strong>devotioni</strong></span> <span class='ocrx_word' id='word_1_603' title='bbox 1497 5315 1814 5371; x_wconf 90' lang='lat' dir='ltr'><strong>conditoris</strong></span> <span class='ocrx_word' id='word_1_604' title='bbox 1843 5316 1948 5385; x_wconf 63' lang='lat' dir='ltr'><strong>piae</strong></span> <span class='ocrx_word' id='word_1_605' title='bbox 1973 5329 2118 5371; x_wconf 87' lang='lat' dir='ltr'><strong>con-</strong></span> 
     </span>
    </p>
   </div>
   <div class='ocr_carea' id='block_1_87' title="bbox 471 5403 2118 5474">
    <p class='ocr_par' dir='ltr' id='par_1_87' title="bbox 471 5403 2118 5474">
     <span class='ocr_line' id='line_1_87' title="bbox 471 5403 2118 5474; baseline 0.001 -16"><span class='ocrx_word' id='word_1_606' title='bbox 471 5403 810 5459; x_wconf 91' lang='lat' dir='ltr'><strong>structionis</strong></span> <span class='ocrx_word' id='word_1_607' title='bbox 839 5404 1154 5459; x_wconf 86' lang='lat' dir='ltr'><strong>auctoritas</strong></span> <span class='ocrx_word' id='word_1_608' title='bbox 1189 5403 1247 5458; x_wconf 93' lang='lat' dir='ltr'><strong>in</strong></span> <span class='ocrx_word' id='word_1_609' title='bbox 1280 5403 1603 5474; x_wconf 88' lang='lat' dir='ltr'><strong>privilegiis</strong></span> <span class='ocrx_word' id='word_1_610' title='bbox 1636 5404 1973 5473; x_wconf 70' lang='lat' dir='ltr'><strong>praestandis</strong></span> <span class='ocrx_word' id='word_1_611' title='bbox 1999 5404 2118 5460; x_wconf 90' lang='lat' dir='ltr'><strong>mi-</strong></span> 
     </span>
    </p>
   </div>
   <div class='ocr_carea' id='block_1_88' title="bbox 477 5491 2117 5565">
    <p class='ocr_par' dir='ltr' id='par_1_88' title="bbox 477 5491 2117 5565">
     <span class='ocr_line' id='line_1_88' title="bbox 477 5491 2117 5565; baseline 0.002 -19"><span class='ocrx_word' id='word_1_612' title='bbox 477 5491 630 5548; x_wconf 89' lang='lat' dir='ltr'><strong>nime</strong></span> <span class='ocrx_word' id='word_1_613' title='bbox 653 5493 980 5565; x_wconf 86' lang='lat' dir='ltr'><strong>denegetur.</strong></span> <span class='ocrx_word' id='word_1_614' title='bbox 1019 5492 1199 5564; x_wconf 87' lang='lat' dir='ltr'><strong>Igitur</strong></span> <span class='ocrx_word' id='word_1_615' title='bbox 1231 5491 1368 5564; x_wconf 89' lang='lat' dir='ltr'><strong>quia</strong></span> <span class='ocrx_word' id='word_1_616' title='bbox 1395 5493 1697 5563; x_wconf 89' lang='lat' dir='ltr'><strong>postulasti</strong></span> <span class='ocrx_word' id='word_1_617' title='bbox 1729 5506 1761 5548; x_wconf 91' lang='lat' dir='ltr'><strong>a</strong></span> <span class='ocrx_word' id='word_1_618' title='bbox 1787 5493 1955 5550; x_wconf 89' lang='lat' dir='ltr'><strong>nobis</strong></span> <span class='ocrx_word' id='word_1_619' title='bbox 1984 5507 2117 5565; x_wconf 88' lang='lat' dir='ltr'><strong>qua-</strong></span> 
     </span>
    </p>
   </div>
   <div class='ocr_carea' id='block_1_89' title="bbox 2141 4396 3784 4490">
    <p class='ocr_par' dir='ltr' id='par_1_89' title="bbox 2141 4396 3784 4490">
     <span class='ocr_line' id='line_1_89' title="bbox 2141 4396 3784 4490; baseline -0.018 -10"><span class='ocrx_word' id='word_1_620' title='bbox 2141 4425 2196 4487; x_wconf 89' lang='lat' dir='ltr'><strong>D</strong></span> <span class='ocrx_word' id='word_1_621' title='bbox 2222 4425 2390 4479; x_wconf 91' lang='lat' dir='ltr'><strong>tenus</strong></span> <span class='ocrx_word' id='word_1_622' title='bbox 2434 4422 2842 4480; x_wconf 91' lang='lat' dir='ltr'><strong>monasterium</strong></span> <span class='ocrx_word' id='word_1_623' title='bbox 2887 4419 3220 4490; x_wconf 88' lang='lat' dir='ltr'><strong>Salvatoris,</strong></span> <span class='ocrx_word' id='word_1_624' title='bbox 3266 4432 3299 4475; x_wconf 94' lang='lat' dir='ltr'><strong>a</strong></span> <span class='ocrx_word' id='word_1_625' title='bbox 3339 4418 3521 4475; x_wconf 85' lang='lat' dir='ltr'><strong>sancto</strong></span> <span class='ocrx_word' id='word_1_626' title='bbox 3557 4396 3784 4464; x_wconf 85' lang='lat' dir='ltr'><strong>Bonifacio</strong></span> 
     </span>
    </p>
   </div>
   <div class='ocr_carea' id='block_1_90' title="bbox 2221 4494 3784 4582">
    <p class='ocr_par' dir='ltr' id='par_1_90' title="bbox 2221 4494 3784 4582">
     <span class='ocr_line' id='line_1_90' title="bbox 2221 4494 3784 4582; baseline -0.013 -15"><span class='ocrx_word' id='word_1_627' title='bbox 2221 4512 2654 4582; x_wconf 89' lang='lat' dir='ltr'><strong>archiepiscopo</strong></span> <span class='ocrx_word' id='word_1_628' title='bbox 2679 4515 3071 4568; x_wconf 89' lang='lat' dir='ltr'><strong>constructum</strong></span> <span class='ocrx_word' id='word_1_629' title='bbox 3093 4510 3155 4564; x_wconf 92' lang='lat' dir='ltr'><strong>in</strong></span> <span class='ocrx_word' id='word_1_630' title='bbox 3178 4509 3302 4566; x_wconf 91' lang='lat' dir='ltr'><strong>loco</strong></span> <span class='ocrx_word' id='word_1_631' title='bbox 3327 4507 3422 4578; x_wconf 89' lang='lat' dir='ltr'><strong>qui</strong></span> <span class='ocrx_word' id='word_1_632' title='bbox 3444 4501 3634 4560; x_wconf 84' lang='lat' dir='ltr'><strong>dicitur</strong></span> <span class='ocrx_word' id='word_1_633' title='bbox 3650 4494 3784 4548; x_wconf 84' lang='lat' dir='ltr'><strong>Boco-</strong></span> 
     </span>
    </p>
   </div>
   <div class='ocr_carea' id='block_1_91' title="bbox 2225 4585 3782 4679">
    <p class='ocr_par' dir='ltr' id='par_1_91' title="bbox 2225 4585 3782 4679">
     <span class='ocr_line' id='line_1_91' title="bbox 2225 4585 3782 4679; baseline 0.001 -24"><span class='ocrx_word' id='word_1_634' title='bbox 2225 4601 2322 4656; x_wconf 92' lang='lat' dir='ltr'><strong>nia</strong></span> <span class='ocrx_word' id='word_1_635' title='bbox 2346 4614 2478 4672; x_wconf 89' lang='lat' dir='ltr'><strong>erga</strong></span> <span class='ocrx_word' id='word_1_636' title='bbox 2505 4601 2688 4671; x_wconf 90' lang='lat' dir='ltr'><strong>ripam</strong></span> <span class='ocrx_word' id='word_1_637' title='bbox 2714 4599 2974 4656; x_wconf 85' lang='lat' dir='ltr'><strong>ﬂuminis</strong></span> <span class='ocrx_word' id='word_1_638' title='bbox 3000 4598 3206 4670; x_wconf 90' lang='lat' dir='ltr'><strong>Uulda,</strong></span> <span class='ocrx_word' id='word_1_639' title='bbox 3235 4585 3782 4679; x_wconf 83' lang='lat' dir='ltr'><strong>privilegii</strong></span> 
     </span>
    </p>
   </div>
   <div class='ocr_carea' id='block_1_92' title="bbox 2224 4674 3781 4758">
    <p class='ocr_par' dir='ltr' id='par_1_92' title="bbox 2224 4674 3781 4758">
     <span class='ocr_line' id='line_1_92' title="bbox 2224 4674 3781 4758; baseline -0.015 -13"><span class='ocrx_word' id='word_1_640' title='bbox 2224 4689 2442 4746; x_wconf 79' lang='lat' dir='ltr'><strong>stolicae</strong></span> <span class='ocrx_word' id='word_1_641' title='bbox 2465 4689 2840 4746; x_wconf 92' lang='lat' dir='ltr'><strong>adminiculis</strong></span> <span class='ocrx_word' id='word_1_642' title='bbox 2866 4689 3184 4758; x_wconf 88' lang='lat' dir='ltr'><strong>decoretur,</strong></span> <span class='ocrx_word' id='word_1_643' title='bbox 3223 4692 3303 4757; x_wconf 91' lang='lat' dir='ltr'><strong>ut,</strong></span> <span class='ocrx_word' id='word_1_644' title='bbox 3333 4684 3433 4742; x_wconf 93' lang='lat' dir='ltr'><strong>sub</strong></span> <span class='ocrx_word' id='word_1_645' title='bbox 3452 4674 3781 4758; x_wconf 79' lang='lat' dir='ltr'><strong>jurisdictione</strong></span> 
     </span>
    </p>
   </div>
   <div class='ocr_carea' id='block_1_93' title="bbox 2223 4753 3782 4854">
    <p class='ocr_par' dir='ltr' id='par_1_93' title="bbox 2223 4753 3782 4854">
     <span class='ocr_line' id='line_1_93' title="bbox 2223 4753 3782 4854; baseline 0.003 -19"><span class='ocrx_word' id='word_1_646' title='bbox 2223 4783 2432 4835; x_wconf 70' lang='lat' dir='ltr'><strong>sanctae</strong></span> <span class='ocrx_word' id='word_1_647' title='bbox 2462 4785 2689 4849; x_wconf 62' lang='lat' dir='ltr'><strong>nostrae,</strong></span> <span class='ocrx_word' id='word_1_648' title='bbox 2721 4777 2814 4834; x_wconf 91' lang='lat' dir='ltr'><strong>cui</strong></span> <span class='ocrx_word' id='word_1_649' title='bbox 2847 4780 2958 4834; x_wconf 91' lang='lat' dir='ltr'><strong>Deo</strong></span> <span class='ocrx_word' id='word_1_650' title='bbox 2987 4783 3218 4833; x_wconf 89' lang='lat' dir='ltr'><strong>auctore</strong></span> <span class='ocrx_word' id='word_1_651' title='bbox 3255 4772 3600 4835; x_wconf 48' lang='lat' dir='ltr'><strong>deservimus,</strong></span> 
     </span>
    </p>
   </div>
   <div class='ocr_carea' id='block_1_94' title="bbox 2224 4850 3782 4929">
    <p class='ocr_par' dir='ltr' id='par_1_94' title="bbox 2224 4850 3782 4929">
     <span class='ocr_line' id='line_1_94' title="bbox 2224 4850 3782 4929; baseline -0.012 -5"><span class='ocrx_word' id='word_1_652' title='bbox 2224 4869 2325 4924; x_wconf 76' lang='lat' dir='ltr'><strong>siae</strong></span> <span class='ocrx_word' id='word_1_653' title='bbox 2339 4869 2718 4925; x_wconf 90' lang='lat' dir='ltr'><strong>constitutum</strong></span> <span class='ocrx_word' id='word_1_654' title='bbox 2737 4867 2960 4924; x_wconf 91' lang='lat' dir='ltr'><strong>nullius</strong></span> <span class='ocrx_word' id='word_1_655' title='bbox 2975 4866 3216 4923; x_wconf 90' lang='lat' dir='ltr'><strong>alterius</strong></span> <span class='ocrx_word' id='word_1_656' title='bbox 3232 4862 3484 4922; x_wconf 74' lang='lat' dir='ltr'><strong>Ecclesiae</strong></span> <span class='ocrx_word' id='word_1_657' title='bbox 3497 4850 3782 4929; x_wconf 73' lang='lat' dir='ltr'><strong>jurisdictio-</strong></span> 
     </span>
    </p>
   </div>
   <div class='ocr_carea' id='block_1_95' title="bbox 2225 4931 3781 5035">
    <p class='ocr_par' dir='ltr' id='par_1_95' title="bbox 2225 4931 3781 5035">
     <span class='ocr_line' id='line_1_95' title="bbox 2225 4931 3781 5035; baseline -0.012 -23"><span class='ocrx_word' id='word_1_658' title='bbox 2225 4957 2398 5013; x_wconf 92' lang='lat' dir='ltr'><strong>nibus</strong></span> <span class='ocrx_word' id='word_1_659' title='bbox 2429 4957 2822 5014; x_wconf 87' lang='lat' dir='ltr'><strong>submittatur.</strong></span> <span class='ocrx_word' id='word_1_660' title='bbox 2862 4958 2970 5012; x_wconf 92' lang='lat' dir='ltr'><strong>Pro</strong></span> <span class='ocrx_word' id='word_1_661' title='bbox 3009 4969 3122 5026; x_wconf 92' lang='lat' dir='ltr'><strong>qua</strong></span> <span class='ocrx_word' id='word_1_662' title='bbox 3151 4969 3230 5027; x_wconf 86' lang='lat' dir='ltr'><strong>re,</strong></span> <span class='ocrx_word' id='word_1_663' title='bbox 3273 4954 3384 5026; x_wconf 89' lang='lat' dir='ltr'><strong>piis</strong></span> <span class='ocrx_word' id='word_1_664' title='bbox 3420 4931 3781 5035; x_wconf 39' lang='lat' dir='ltr'><strong>desideriishfe:</strong></span> 
     </span>
    </p>
   </div>
   <div class='ocr_carea' id='block_1_96' title="bbox 2223 5029 3781 5117">
    <p class='ocr_par' dir='ltr' id='par_1_96' title="bbox 2223 5029 3781 5117">
     <span class='ocr_line' id='line_1_96' title="bbox 2223 5029 3781 5117; baseline -0.011 -14"><span class='ocrx_word' id='word_1_665' title='bbox 2223 5051 2436 5117; x_wconf 90' lang='lat' dir='ltr'><strong>ventes,</strong></span> <span class='ocrx_word' id='word_1_666' title='bbox 2479 5047 2584 5102; x_wconf 90' lang='lat' dir='ltr'><strong>hac</strong></span> <span class='ocrx_word' id='word_1_667' title='bbox 2627 5051 2821 5102; x_wconf 90' lang='lat' dir='ltr'><strong>nostra</strong></span> <span class='ocrx_word' id='word_1_668' title='bbox 2866 5046 3210 5104; x_wconf 89' lang='lat' dir='ltr'><strong>auctoritate</strong></span> <span class='ocrx_word' id='word_1_669' title='bbox 3250 5044 3303 5101; x_wconf 91' lang='lat' dir='ltr'><strong>id</strong></span> <span class='ocrx_word' id='word_1_670' title='bbox 3346 5040 3482 5113; x_wconf 90' lang='lat' dir='ltr'><strong>quod</strong></span> <span class='ocrx_word' id='word_1_671' title='bbox 3522 5029 3781 5117; x_wconf 70' lang='lat' dir='ltr'><strong>exposci_wr</strong></span> 
     </span>
    </p>
   </div>
   <div class='ocr_carea' id='block_1_97' title="bbox 2224 5110 3781 5206">
    <p class='ocr_par' dir='ltr' id='par_1_97' title="bbox 2224 5110 3781 5206">
     <span class='ocr_line' id='line_1_97' title="bbox 2224 5110 3781 5206; baseline -0.014 -14"><span class='ocrx_word' id='word_1_672' title='bbox 2224 5110 2449 5192; x_wconf 82' lang='lat' dir='ltr'><strong>effectui</strong></span> <span class='ocrx_word' id='word_1_673' title='bbox 2480 5124 2888 5206; x_wconf 86' lang='lat' dir='ltr'><strong>mancipamus,</strong></span> <span class='ocrx_word' id='word_1_674' title='bbox 2921 5140 2977 5190; x_wconf 91' lang='lat' dir='ltr'><strong>et</strong></span> <span class='ocrx_word' id='word_1_675' title='bbox 3009 5135 3135 5190; x_wconf 91' lang='lat' dir='ltr'><strong>ideo</strong></span> <span class='ocrx_word' id='word_1_676' title='bbox 3166 5110 3380 5191; x_wconf 78' lang='lat' dir='ltr'><strong>omnem</strong></span> <span class='ocrx_word' id='word_1_677' title='bbox 3409 5119 3680 5198; x_wconf 85' lang='lat' dir='ltr'><strong>cujuslibet</strong></span> <span class='ocrx_word' id='word_1_678' title='bbox 3699 5110 3781 5166; x_wconf 79' lang='lat' dir='ltr'><strong>Ec-</strong></span> 
     </span>
    </p>
   </div>
   <div class='ocr_carea' id='block_1_98' title="bbox 2223 5206 3777 5294">
    <p class='ocr_par' dir='ltr' id='par_1_98' title="bbox 2223 5206 3777 5294">
     <span class='ocr_line' id='line_1_98' title="bbox 2223 5206 3777 5294; baseline -0.014 -14"><span class='ocrx_word' id='word_1_679' title='bbox 2223 5224 2412 5280; x_wconf 73' lang='lat' dir='ltr'><strong>clesiae</strong></span> <span class='ocrx_word' id='word_1_680' title='bbox 2447 5225 2795 5280; x_wconf 88' lang='lat' dir='ltr'><strong>sacerdotem</strong></span> <span class='ocrx_word' id='word_1_681' title='bbox 2838 5224 2898 5279; x_wconf 92' lang='lat' dir='ltr'><strong>in</strong></span> <span class='ocrx_word' id='word_1_682' title='bbox 2931 5222 3164 5294; x_wconf 58' lang='lat' dir='ltr'><strong>praefato</strong></span> <span class='ocrx_word' id='word_1_683' title='bbox 3208 5215 3534 5280; x_wconf 84' lang='lat' dir='ltr'><strong>monasterio</strong></span> <span class='ocrx_word' id='word_1_684' title='bbox 3560 5206 3777 5294; x_wconf 75' lang='lat' dir='ltr'><strong>ditionem</strong></span> 
     </span>
    </p>
   </div>
   <div class='ocr_carea' id='block_1_99' title="bbox 2225 5290 3778 5386">
    <p class='ocr_par' dir='ltr' id='par_1_99' title="bbox 2225 5290 3778 5386">
     <span class='ocr_line' id='line_1_99' title="bbox 2225 5290 3778 5386; baseline -0.017 -14"><span class='ocrx_word' id='word_1_685' title='bbox 2225 5313 2543 5386; x_wconf 89' lang='lat' dir='ltr'><strong>quamlibet</strong></span> <span class='ocrx_word' id='word_1_686' title='bbox 2585 5314 2790 5370; x_wconf 89' lang='lat' dir='ltr'><strong>habere</strong></span> <span class='ocrx_word' id='word_1_687' title='bbox 2828 5290 2947 5370; x_wconf 29' lang='lat' dir='ltr'><strong>auti</strong></span> <span class='ocrx_word' id='word_1_688' title='bbox 2971 5313 3382 5379; x_wconf 86' lang='lat' dir='ltr'><strong>auctoritatem,</strong></span> <span class='ocrx_word' id='word_1_689' title='bbox 3422 5308 3600 5377; x_wconf 66' lang='lat' dir='ltr'><strong>praeter</strong></span> <span class='ocrx_word' id='word_1_690' title='bbox 3637 5290 3778 5350; x_wconf 80' lang='lat' dir='ltr'><strong>sedem</strong></span> 
     </span>
    </p>
   </div>
   <div class='ocr_carea' id='block_1_100' title="bbox 2223 5389 3777 5480">
    <p class='ocr_par' dir='ltr' id='par_1_100' title="bbox 2223 5389 3777 5480">
     <span class='ocr_line' id='line_1_100' title="bbox 2223 5389 3777 5480; baseline -0.016 -19"><span class='ocrx_word' id='word_1_691' title='bbox 2223 5404 2594 5474; x_wconf 88' lang='lat' dir='ltr'><strong>apostolicam</strong></span> <span class='ocrx_word' id='word_1_692' title='bbox 2620 5409 2676 5460; x_wconf 93' lang='lat' dir='ltr'><strong>et</strong></span> <span class='ocrx_word' id='word_1_693' title='bbox 2696 5403 3049 5474; x_wconf 85' lang='lat' dir='ltr'><strong>episcopum,</strong></span> <span class='ocrx_word' id='word_1_694' title='bbox 3082 5404 3140 5459; x_wconf 93' lang='lat' dir='ltr'><strong>in</strong></span> <span class='ocrx_word' id='word_1_695' title='bbox 3165 5403 3328 5471; x_wconf 89' lang='lat' dir='ltr'><strong>cujus</strong></span> <span class='ocrx_word' id='word_1_696' title='bbox 3355 5391 3564 5453; x_wconf 75' lang='lat' dir='ltr'><strong>dioecesi</strong></span> <span class='ocrx_word' id='word_1_697' title='bbox 3593 5389 3777 5480; x_wconf 47' lang='lat' dir='ltr'><strong>veneta:</strong></span> 
     </span>
    </p>
   </div>
   <div class='ocr_carea' id='block_1_101' title="bbox 2226 5465 3778 5550">
    <p class='ocr_par' dir='ltr' id='par_1_101' title="bbox 2226 5465 3778 5550">
     <span class='ocr_line' id='line_1_101' title="bbox 2226 5465 3778 5550; baseline -0.017 -1"><span class='ocrx_word' id='word_1_698' title='bbox 2226 5492 2342 5549; x_wconf 91' lang='lat' dir='ltr'><strong>bile</strong></span> <span class='ocrx_word' id='word_1_699' title='bbox 2368 5493 2776 5550; x_wconf 87' lang='lat' dir='ltr'><strong>monasterium</strong></span> <span class='ocrx_word' id='word_1_700' title='bbox 2808 5498 3199 5550; x_wconf 84' lang='lat' dir='ltr'><strong>constructum</strong></span> <span class='ocrx_word' id='word_1_701' title='bbox 3227 5502 3345 5546; x_wconf 90' lang='lat' dir='ltr'><strong>esse</strong></span> <span class='ocrx_word' id='word_1_702' title='bbox 3371 5485 3590 5546; x_wconf 88' lang='lat' dir='ltr'><strong>videtur,</strong></span> <span class='ocrx_word' id='word_1_703' title='bbox 3617 5470 3692 5528; x_wconf 92' lang='lat' dir='ltr'><strong>cui</strong></span> <span class='ocrx_word' id='word_1_704' title='bbox 3716 5465 3778 5520; x_wconf 88' lang='lat' dir='ltr'><strong>ll-</strong></span> 
     </span>
    </p>
   </div>
  </div>
