4068 6178
505 254 611 312 995

1116 249 1406 306 ΑΡΡΕΝΙ).
1447 248 1540 305 ΑΙ)
1578 249 1739 306 ΞΛΕΟ.
1784 249 1882 305 IX.
1909 278 1980 290 —
2007 249 2158 307 SUPI

2267 252 2336 307 Μ.
2377 250 2471 307 ΑΒ
2507 250 2791 309 SCRIPTA
2826 249 3094 307 PONTIF.
3133 248 3303 306 ROM.

3747 255 3832 317 996

503 379 682 436 fundo
728 381 891 435 ortus
944 377 1003 432 in
1049 376 1360 449 integrum,
1408 380 1465 432 et
1511 374 1690 433 fundo
1735 375 2036 446 Sitiriano,
2097 375 2550 450 etAprincipis
2590 377 2981 450 apostolorum
3027 377 3203 447 Petri,
3258 376 3513 448 quodque
3552 379 3831 440 revelatione

504 467 794 538 Monticlo,
841 470 897 522 et
949 465 1327 538 Vindemiolo,
1377 479 1478 521 seu
1522 465 1755 534 Marcio,
1787 469 1842 520 et
1891 464 2153 535 Arucias,

503 572 632 614 cum
663 556 849 612 casale
881 555 1161 626 Paulinis,
1215 558 1272 610 et
1325 554 1651 626 Botarioro,
1686 567 1788 608 seu
1837 553 2154 624 Saturioro,

502 653 560 704 et
588 648 712 703 vico
769 645 1091 700 Fraxenito.
1137 646 1293 714 Ipsas
1347 656 1543 699 omnes
1603 641 2025 712 suprascriptas
2068 654 2158 696 res

503 751 630 793 cum
664 735 844 791 servis
874 737 930 790 et
959 731 1211 802 ancillis,
1266 745 1396 787 cum
1455 731 1622 787 silvis
1675 735 1731 786 et
1785 729 2154 800 molendinis,

502 836 899 898 aquarumque
914 821 1277 893 decursibus,
1304 819 1512 877 usibus
1531 834 1596 876 ac
1617 819 1871 890 juribus,
1892 833 1957 876 ac
1978 817 2160 875 omni-

505 916 614 972 bus
639 913 1080 986 pertinentibus,
1101 911 1331 982 sibique
1353 910 1805 981 subjacentibus,
1827 909 2159 979 ubicunque

504 1005 849 1074 consistunt,
886 1003 944 1058 in
977 1002 1284 1073 integrum.
1315 999 1586 1055 Jubemus
1632 999 1848 1070 itaque,
1872 1003 1936 1054 ut
1960 997 2160 1054 nullus

504 1097 623 1152 dux
651 1094 735 1150 vel
773 1105 958 1149 comes
981 1095 1084 1146 aut
1128 1089 1244 1144 alia
1285 1088 1501 1158 quaevis
1545 1100 1785 1158 persona
1836 1087 1895 1142 in
1947 1099 2160 1156 supra—

506 1183 742 1254 scriptis
765 1181 933 1237 rebus
957 1177 1215 1249 praedicti
1251 1177 1587 1232 monasterii
1611 1180 1817 1232 sanctae
1835 1175 2076 1231 Iustina:
2094 1174 2160 1230 li-

506 1279 627 1330 ceat
652 1270 873 1343 ingredi
903 1269 1021 1325 sive
1045 1281 1143 1338 per
1184 1265 1658 1336 hospitalitatem,
1701 1271 1802 1321 aut
1827 1278 1928 1335 per
1952 1277 2159 1336 quem-

505 1375 733 1434 cunque
768 1359 1021 1428 modum,
1074 1369 1256 1426 neque
1283 1355 1538 1425 aliquam
1591 1354 1924 1410 violentiam
1974 1352 2158 1409 facere

508 1456 832 1524 praesumat,
869 1446 964 1502 sed
1001 1444 1192 1515 potius
1217 1443 1324 1499 sub
1352 1442 1500 1498 beati
1531 1442 1680 1497 Petri
1707 1441 1990 1512 principis
2013 1454 2160 1512 apo-

505 1541 783 1597 stolorum
834 1533 1333 1606 praedestinatione
1390 1536 1502 1588 tam
1550 1532 1934 1588 deservientes
1987 1543 2158 1602 quam

508 1631 823 1686 residentes
845 1639 910 1681 ac
940 1625 1078 1694 ipsae
1108 1636 1199 1678 res
1220 1621 1362 1678 salvi
1395 1625 1451 1676 et
1478 1619 1642 1676 illmsi
1679 1620 2010 1690 persistant,
2036 1617 2162 1673 abs-

509 1733 619 1790 que
645 1716 900 1773 omnium
926 1712 1223 1768 hominum
1256 1713 1469 1766 remota
1493 1708 1899 1766 controversia.
1934 1711 2071 1763 Nam
2105 1705 2156 1763 si

508 1806 797 1880 quispiam
820 1807 1017 1858 contra
1039 1800 1212 1869 hujus
1233 1797 1412 1853 nostri
1440 1797 1730 1868 privilegii
1755 1797 2157 1852 auctoritatem

509 1897 753 1952 violator
779 1895 1038 1962 repertus
1064 1887 1261 1958 fuerit,
1292 1886 1438 1942 sciat
1475 1899 1535 1942 se
1568 1885 1626 1940 in
1659 1885 1803 1940 iram
1831 1885 1980 1940 beati
2007 1885 2157 1940 Petri

510 1982 791 2056 principis
839 1977 1250 2050 apostolorum,
1292 1979 1349 2030 et
1373 1975 1630 2030 omnium
1679 1974 2159 2044 praedecessorum

509 2080 858 2134 nostrorum,
889 2074 1060 2138 atque
1085 2065 1193 2122 sub
1223 2063 1562 2136 gravissima
1596 2063 1993 2135 indignatione
2016 2079 2159 2134 prm-

508 2161 650 2218 dicti
678 2157 1044 2216 dilectissimi
1074 2154 1183 2210 ﬁlii
1205 2153 1384 2210 nostri
1419 2151 1615 2208 domni
1639 2152 1892 2208 Lotherii
1922 2152 2162 2223 impera-

509 2251 654 2306 toris
682 2247 928 2320 Augusti
951 2250 1008 2300 et
1033 2248 1228 2301 nostra
1243 2255 1532 2311 casurum,
1566 2243 1622 2296 et
1651 2240 1759 2297 sub
1779 2241 2161 2299 anathematis

508 2338 739 2396 vinculo
768 2339 1194 2392 damnaturum.
1225 2333 1483 2402 Insuper,
1507 2329 1623 2386 nisi
1655 2343 1689 2385 a
1718 2329 1863 2386 malo
1894 2330 2162 2401 resipue-

513 2429 611 2498 rit,
637 2428 783 2484 sciat
801 2439 861 2482 se
882 2422 1339 2494 compositurum
1366 2419 1494 2476 auri
1519 2419 1724 2490 optimi
1749 2418 1986 2474 multam
2008 2421 2159 2475 Man-

509 2530 706 2572 coseos
725 2515 839 2570 duo
871 2512 1076 2582 millia,
1103 2509 1463 2566 medietatem
1491 2512 1686 2564 nostro
1717 2519 1878 2563 sacro
1919 2507 2153 2578 palatio,

509 2612 565 2663 et
599 2604 956 2660 medietatem
1005 2599 1398 2670 suprascripto
1460 2595 1826 2652 monasterio.
1885 2595 1995 2665 Qui
2028 2609 2158 2653 vero

512 2709 612 2766 pro
632 2691 850 2749 intuitu
867 2693 1062 2745 custos
1073 2693 1128 2743 et
1141 2687 1468 2743 observator
1482 2685 1542 2740 in
1560 2684 1829 2740 omnibus
1845 2685 2156 2757 exstiterit,

509 2779 929 2840 benedictionis
946 2777 1207 2849 gratiam,
1236 2775 1524 2844 vitamque
1539 2781 1804 2830 aeternam
1825 2788 1955 2830 cum
1981 2773 2161 2830 omni-

510 2873 619 2929 bus
643 2869 860 2927 sanctis
907 2868 1034 2924 sine
1081 2870 1371 2921 mereatur
1421 2862 1627 2919 habere
1680 2863 1740 2918 in
1795 2863 2002 2919 saecula
2045 2878 2160 2920 sae-

510 2962 793 3020 culorum.
824 2958 1023 3013 Amen.

580 3050 803 3120 Scripta
841 3061 940 3118 per
970 3057 1173 3101 manus
1216 3040 1502 3114 Gregorii,
1553 3041 2017 3112 protoscriniarii
2048 3057 2156 3114 pa-

511 3141 790 3200 triarchio
822 3134 1205 3194 Lateraneusi.

580 3235 784 3289 Datum
809 3230 1000 3284 Romae
1029 3239 1110 3281 xu
1144 3223 1426 3280 Kalendas
1457 3221 1661 3294 Julias,
1710 3235 1861 3278 anno
1903 3221 2156 3292 ejusdem

509 3324 665 3381 sedis
691 3320 897 3393 primo,
925 3322 982 3374 et
1005 3314 1202 3373 domni
1243 3311 1500 3371 Lotharii
1533 3313 1802 3385 secundo,
1839 3312 2159 3370 indictione

512 3420 726 3473 octava.

580 3504 726 3559 Bene
748 3498 951 3558 valete.
1281 3580 1354 3637 ΠΙ

508 3691 767 3738 EPISTOLA
826 3689 896 3731 AD
953 3683 1240 3730 EPISCOPOS
1291 3683 1357 3724 ET
1411 3680 1571 3723 ALIOS
1624 3679 1714 3723 DEI
1770 3679 1996 3722 FIDELES
2054 3678 2161 3721 PER

579 3761 816 3806 GALLIAM
838 3756 1214 3812 CONSTITUTOS,
1257 3753 1326 3795 DE
1378 3751 1667 3796 DIGNITATE
1714 3751 1780 3794 ET
1826 3750 2162 3794 PRIVILEGIIS

581 3830 914 3876 MONASTEBII
959 3823 1310 3872 FLORIACENSI
1319 3823 1364 3866 S.

1137 3916 1155 3990 (
1172 3918 1336 3973 Anno
1352 3913 1478 3972 834.
1505 3914 1524 3989 )

792 4029 1042 4102 [Baluz.,
1074 4026 1302 4084 Miscell.
1343 4040 1510 4090 sacr.,
1549 4029 1664 4082 tom
1697 4065 1711 4082 .
1741 4019 1873 4100 111.]

580 4139 901 4196 GREGORIUS
923 4137 1248 4208 episcopus,
1273 4149 1490 4206 servus,
1511 4147 1803 4190 servorum
1820 4132 1943 4204 Dei,
1964 4133 2164 4189 omni-

510 4231 620 4289 bus
647 4230 934 4302 episcopis
963 4232 1135 4300 atque
1153 4226 1290 4283 aliis
1319 4225 1420 4282 Dei
1454 4223 1721 4282 ﬁdelibus
1769 4236 1868 4294 per
1913 4221 2160 4279 Galliam

509 4320 867 4382 constitutis.

580 4409 865 4482 Quoniam
887 4421 956 4464 ex
981 4403 1296 4477 apostolica
1321 4401 1684 4459 successione
1704 4399 2158 4458 sollicitudinem

509 4500 779 4559 omnibus
802 4495 1078 4554 Ecclesiis
1098 4493 1370 4551 debemus
1398 4489 1744 4560 impendere,
1771 4489 1857 4544 sic
1891 4490 2160 4560 cupimus

511 4589 758 4663 generali
793 4585 1093 4643 consulere
1120 4579 1446 4638 necessitati
1476 4583 1539 4634 ut
1566 4578 1738 4634 etiam
1781 4591 2164 4649 quorumcun—

511 4690 620 4748 que
665 4675 990 4746 singulares
1027 4683 1230 4727 causas
1276 4669 1403 4723 sine
1450 4666 1689 4724 fastidio
1719 4681 2148 4739 cognoscamus.

507 4764 694 4836 Igitur
718 4777 848 4819 cum
889 4764 1124 4832 propter
1151 4756 1504 4828 multiplices
1532 4755 1799 4813 Ecclesiae
1838 4757 1940 4814 Dei
1992 4771 2161 4813 curas

509 4852 866 4910 Gallicanam
912 4849 1189 4905 adeuntes
1223 4847 1508 4919 regionem
1535 4847 1602 4902 ad
1644 4845 1960 4918 gloriosum
1989 4847 2163 4903 deve-

511 4943 796 4998 nissemus
827 4941 1227 5010 imperatorem
1259 4937 1610 4995 Ludovicum
1633 4946 1676 5006 α,
1702 4937 1854 4992 inter
1882 4936 1998 4992 alia
2019 4951 2166 5009 sug-

511 5033 688 5106 gessit
717 5029 1048 5087 auctoritati
1078 5034 1287 5086 nostraa
1322 5027 1470 5083 idem
1494 5025 1900 5083 serenissimus
1928 5025 2162 5098 Augus-

512 5129 624 5194 tus,
643 5126 699 5178 et
721 5119 1065 5176 venerabilis
1089 5119 1338 5189 partium
1361 5122 1676 5173 vestrarum
1693 5116 1870 5172 abbas
1890 5131 1959 5172 ex
1981 5130 2162 5173 coeno-

509 5212 606 5268 bio
632 5211 782 5282 quod
807 5208 1138 5265 nominatur
1167 5206 1459 5263 Floriacus
1483 5206 1541 5262 in
1570 5219 1711 5277 pago
1731 5205 2156 5277 Aurelianensi,

509 5302 660 5374 quod
695 5300 846 5356 idem
877 5297 1289 5354 monasterium
1336 5295 1571 5366 quidam
1628 5293 1937 5365 religiosus
1961 5294 2155 5366 abbas,

509 5391 689 5448 Leode
714 5389 898 5446 bodus
918 5386 1170 5457 nomine,
1199 5384 1496 5440 monachis
1520 5383 1870 5439 exstruxerit
1897 5383 1957 5438 in
1993 5384 2162 5440 hono-

510 5495 626 5538 rem
651 5479 751 5536 Dei
792 5482 848 5534 et
899 5479 1110 5533 sanctae
1159 5472 1463 5546 genitricis
1513 5471 1710 5529 Mariae
1759 5485 1977 5530 necnon
2006 5472 2156 5530 beati

578 5581 600 5608 ι
619 5570 758 5626 Vide
781 5568 1133 5640 Theganum,
1153 5577 1278 5636 cap.
1317 5558 1406 5618 42.

2264 468 2460 526 divina
2495 483 2591 540 per
2634 470 2939 526 monachos
2969 467 3221 538 ejusdem
3255 467 3362 524 loci
3404 480 3437 523 a
3470 467 3705 538 Capuana
3729 486 3834 542 pro—

2265 558 2453 614 vincia
2484 573 2694 630 corpus
2716 559 2858 616 illuc
2897 559 3079 615 sancti
3110 557 3398 614 Benedicti
3437 556 3600 614 fuerit
3625 559 3831 632 allatum,

2268 647 2466 718 ibique
2501 652 2819 705 reverenter
2871 647 3190 717 humatum,
3239 646 3391 702 sicut
3437 645 3834 707 manifestissima

2265 743 2486 794 constat
2517 737 2779 794 historia.
2803 739 2943 794 Nam
2976 740 3206 808 propter
3231 735 3662 791 stabilimentum
3691 751 3836 795 mona-

2265 827 2423 884 sticae
2472 827 2774 900 religionis
2827 828 2933 898 piae
2980 826 3268 882 memoriae
3317 825 3610 895 imperator
3649 825 3834 885 Carolus

2267 920 2426 987 pater
2463 917 2587 986 ejus
2636 931 2733 988 per
2785 919 3127 986 praeceptum
3175 929 3291 971 suae
3335 914 3675 971 auctoritatis
3696 916 3834 972 eidem

2265 1005 2388 1080 loco
2416 1006 2594 1062 multa
2614 1005 2879 1071 contulit,
2903 1010 2958 1061 et
2985 1005 3055 1062 ab
3077 1004 3213 1060 aliis
3237 1003 3442 1060 collata
3463 1008 3754 1061 testamento
3769 1005 3834 1062 ﬁr-

2270 1094 2462 1166 mavit,
2484 1094 2642 1150 Unde
2672 1094 2985 1165 postulavit
3016 1094 3163 1149 idem
3183 1092 3451 1148 amabilis
3477 1093 3583 1148 Deo
3604 1093 3832 1175 princeps,

2267 1197 2439 1254 supra
2476 1188 2820 1240 memoratus
2858 1181 3128 1254 praefatus
3154 1181 3332 1238 abbas
3378 1181 3446 1237 ad
3491 1181 3834 1252 reprimendam

2269 1272 2644 1344 quorumdam
2665 1272 3040 1343 cupiditatem
3067 1270 3436 1343 privilegium
3467 1275 3657 1326 nostra:
3682 1278 3837 1327 aucto-

2268 1362 2460 1418 ritatis
2486 1362 2670 1417 eidem
2697 1362 3042 1418 monasterio
3068 1359 3338 1418 conferri.
3379 1359 3704 1430 Quapropter
3731 1373 3838 1415 con-

2265 1452 2588 1521 stituimus,
2618 1465 2744 1507 cum
2766 1451 3012 1508 consilio
3033 1450 3292 1507 omnium
3325 1449 3425 1520 qui
3452 1449 3645 1505 adsunt
3677 1448 3838 1518 episco-

2269 1555 2490 1612 porum,
2540 1547 2825 1611 quatenus
2854 1541 3240 1610 possessiones
3268 1545 3330 1594 et
3367 1552 3455 1594 res
3490 1538 3713 1607 ejusdem
3745 1551 3839 1592 mo-

2270 1630 2530 1700 nasterii,
2563 1629 2801 1686 mobiles
2852 1629 2972 1686 sive
3024 1628 3371 1698 immobiles,
3404 1641 3526 1699 qua:
3569 1640 3700 1682 nunc
3731 1627 3839 1682 data:

2187 1708 2242 1772 Β
2273 1724 2425 1790 sunt,
2451 1718 2534 1774 vel
2557 1719 2616 1773 in
2645 1717 2903 1774 futurum
2937 1731 2970 1773 a
2996 1717 3290 1789 religiosis
3309 1715 3608 1784 dabuntur,
3629 1714 3735 1769 sine
3753 1713 3838 1768 ulla

2272 1808 2674 1878 inquietudine
2697 1806 3103 1877 perpetualiter
3127 1809 3360 1861 teneant
3378 1809 3542 1876 atque
3558 1802 3836 1874 possideant.

2267 1897 2474 1953 Nullus
2501 1895 2770 1966 deinceps
2811 1896 3135 1966 episcopus,
3165 1895 3308 1966 dux,
3351 1907 3550 1961 comes,
3572 1892 3836 1954 vioecomes,

2269 1986 2539 2056 vicarius,
2565 1984 2902 2056 telonarius,
2941 1983 3322 2054 actionarius,
3359 1982 3442 2038 vel
3476 1993 3656 2054 magna
3683 1993 3838 2051 parva-

2271 2088 2378 2146 que
2409 2087 2646 2144 persona
2676 2073 2882 2129 audeat
2917 2073 3107 2143 ipsum
3158 2071 3566 2128 monasterium
3595 2069 3669 2125 vel
3697 2082 3767 2124 res
3787 2066 3836 2121 ad

2270 2164 2457 2233 ipsum
2486 2162 2834 2234 pertinentes
2861 2161 3202 2233 inquietare,
3250 2159 3511 2217 homines
3537 2158 3649 2214 sine
3679 2155 3838 2212 volun-

2269 2257 2382 2308 tate
2405 2250 2632 2308 abbatis
2653 2250 3020 2322 distringere,
3051 2249 3139 2305 vel
3162 2249 3453 2320 quidquid
3481 2247 3639 2304 ﬁscus
3665 2245 3838 2316 exigere

2269 2348 2488 2413 poterat
2515 2342 2712 2413 aliquo
2744 2342 2908 2399 modo
2940 2341 3260 2412 praeripere.
3321 2340 3590 2396 Addimus
3629 2337 3768 2393 etiam
3795 2337 3838 2387 ut

2267 2433 2406 2504 quia
2433 2431 2781 2488 venerabilis
2807 2435 2966 2501 pater
2991 2429 3356 2500 Benedictus,
3395 2427 3754 2484 monachorum
3776 2423 3838 2478 le—

2267 2520 2507 2592 gislator
2530 2525 2586 2575 et
2608 2519 2899 2587 dominus,
2939 2519 3058 2574 dux
3086 2522 3173 2574 est
3219 2516 3524 2588 religionis
3561 2512 3836 2578 monasticae,

2267 2609 2348 2665 sit
2371 2608 2542 2664 etiam
2574 2607 2674 2678 qui
2702 2607 2885 2663 eidem
2907 2606 3167 2662 coenobio
3197 2605 3495 2676 praefuerit
3516 2604 3710 2675 primus
3729 2604 3841 2658 inter

2265 2696 2498 2752 abbates
2523 2694 2760 2765 Galliae;
2789 2709 2891 2751 nec
2941 2695 3162 2766 aliquis
3203 2693 3275 2750 de
3325 2694 3521 2750 ordine
3548 2690 3838 2759 sacerdotali,

2266 2786 2736 2856 archiepiscopus
2782 2784 3025 2854 scilicet,
3056 2783 3341 2853 epicopus
3363 2787 3463 2839 aut
3490 2782 3723 2852 clericus,
3745 2792 3840 2836 cum

2269 2875 2594 2946 inquietare
2640 2886 2742 2930 nec
2773 2873 2897 2930 sine
2924 2872 3214 2928 voluntate
3246 2871 3442 2942 ipsius
3485 2871 3549 2928 ad
3600 2873 3724 2927 idem
3748 2882 3843 2924 mo-

2267 2964 2583 3021 nasterium
2608 2963 2803 3020 venire
2848 2966 2949 3018 aut
2971 2962 3224 3032 aliquam
3264 2961 3668 3018 ordinationem
3705 2957 3843 3015 facere

2190 3039 2240 3104 ο
2266 3054 2351 3110 vel
2379 3053 2584 3110 missas
2626 3051 2912 3108 celebrare
2957 3055 3304 3121 praesumat;
3353 3056 3416 3108 ut
3464 3051 3607 3108 omni
3651 3055 3844 3118 tempore

2266 3144 2449 3216 quieti
2479 3148 2534 3199 et
2584 3141 2794 3212 securi,
2835 3140 3049 3212 absque
3085 3139 3240 3196 omni
3301 3140 3553 3197 molestia
3579 3138 3652 3196 vel
3679 3143 3848 3194 contro-

2265 3232 2450 3289 versia
2481 3231 2743 3288 monachi
2795 3231 2854 3286 in
2895 3229 3089 3287 eodem
3123 3231 3476 3287 monasterio
3503 3232 3605 3286 Deo
3623 3227 3846 3284 deservire

2269 3322 2510 3394 possint.
2543 3319 2731 3377 Abbas
2759 3333 2890 3376 vero
2938 3320 3039 3391 qui
3093 3319 3463 3377 ordinandus
3505 3319 3580 3375 ibi
3625 3323 3714 3387 est,
3749 3327 3843 3372 cum

2265 3411 2542 3470 electione
2575 3409 2837 3482 fratrum,
2867 3415 3098 3481 prepter
3119 3409 3251 3466 vitae
3275 3410 3545 3466 meritum
3567 3413 3618 3464 et
3637 3407 3848 3463 honesta-

2267 3507 2379 3558 tem
2407 3513 2651 3569 morum,
2683 3505 2740 3557 et
2790 3512 2903 3556 non
2958 3505 3190 3570 propter
3229 3500 3434 3570 turpia
3463 3499 3610 3556 lucra
3660 3510 3744 3553 seu
3778 3505 3847 3564 per

2269 3591 2568 3662 pecuniam
2594 3589 2864 3662 eligatur,
2891 3592 2947 3645 et
2969 3587 3187 3660 absque
3209 3589 3378 3646 nulla
3397 3587 3681 3656 calumnia,
3700 3599 3726 3640 a
3747 3596 3850 3654 quo-

2269 3693 2496 3758 cunque
2524 3679 2811 3750 episcopo,
2837 3683 3008 3749 prout
3034 3678 3150 3734 sibi
3180 3677 3484 3749 placuerit,
3517 3675 3839 3733 benedicatur.

2267 3770 2346 3826 De
2383 3766 2779 3826 sacerdotibus
2802 3781 2934 3825 vero
2959 3772 3061 3824 aut
3103 3767 3450 3825 diaconibus
3473 3763 3767 3824 ordinandis
3803 3759 3840 3816 id

2268 3859 2601 3918 observetur
2625 3856 2775 3928 quod
2801 3856 2860 3913 in
2895 3856 3112 3928 Regula
3139 3857 3476 3927 praecipitur
3502 3854 3530 3898 ι)
3558 3898 3571 3928 ,
3611 3867 3670 3910 ne
3694 3851 3842 3908 saltem

2269 3949 2487 4022 aliquis
2547 3950 2852 4019 episcopus
2918 3945 3336 4016 subjectionem
3389 3947 3456 4002 ad
3521 3945 3600 4001 eis
3647 3943 3843 4014 requirat

2272 4053 2416 4111 quos
2463 4038 2774 4108 ordinavit,
2818 4049 2920 4092 nec
2963 4049 3217 4105 unquam
3269 4033 3455 4092 oﬁlcio
3497 4035 3683 4107 dignos
3721 4029 3844 4087 ordia

2271 4142 2407 4184 nare
2430 4126 2674 4183 diﬁ‘erat.
2703 4125 2962 4196 Denique
2992 4124 3042 4180 si
3082 4124 3397 4197 contigerit
3423 4128 3486 4180 ut
3530 4123 3684 4179 abbas
3714 4133 3845 4175 accu—

2271 4221 2430 4273 setur
2464 4217 2535 4272 de
2587 4213 2994 4270 criminalibus
3032 4213 3245 4282 causis,
3283 4226 3395 4270 non
3445 4213 3610 4269 unius
3648 4205 3842 4280 episcopi

2265 4307 2490 4376 judicio
2540 4305 2956 4362 determinetur
3023 4302 3329 4374 sententia,
3393 4303 3486 4360 sed
3545 4295 3846 4372 provincialis

2189 4391 2246 4456 D
2270 4395 2505 4452 concilii
2532 4398 2891 4465 exspectetur
2929 4405 3189 4448 censura.
3220 4391 3339 4448 Aut
3379 4392 3428 4448 si
3478 4391 3612 4447 forte
3639 4383 3846 4453 maluerij

2270 4485 2556 4557 appellare
2575 4483 2762 4540 sedem
2807 4481 3200 4552 apostolicam,
3237 4495 3328 4538 res
3355 4481 3424 4536 ad
3449 4479 3667 4537 Romani
3696 4472 3846 4546 ponti-

2271 4576 2396 4632 ﬁcis
2421 4573 2722 4631 diﬁ‘eratur
2749 4572 3123 4629 audientiam.
3152 4573 3222 4626 Et
3247 4571 3683 4642 quotiescunque
3709 4573 3844 4619 neces-

2270 4664 2413 4721 sitas
2469 4666 2652 4735 urget,
2691 4675 2820 4718 eum
2883 4659 3078 4717 venire
3119 4660 3353 4716 Romam
3416 4658 3593 4716 modis
3637 4650 3845 4712 omnibus

2269 4755 2456 4810 liceat.
2505 4750 2770 4807 Solvendi
2819 4756 2876 4806 et
2923 4748 3141 4822 ligandi
3175 4747 3591 4817 potestatemin
3639 4744 3763 4799 viros
3802 4739 3846 4790 et

2270 4842 2512 4899 feminas
2559 4841 2650 4897 sui
2687 4839 2911 4896 ordinis
2955 4838 3174 4894 habeat.
3208 4837 3267 4892 Si
3296 4852 3430 4894 vero
3471 4835 3634 4892 abbas
3660 4830 3728 4888 vel
3753 4837 3846 4882 mo-

2270 4933 2489 4988 nachus
2516 4931 2586 4988 de
2607 4930 2798 4986 eodem
2840 4926 3184 4984 monasterio
3214 4927 3284 4982 ad
3313 4927 3614 4983 clericatus
3639 4918 3840 4978 ordinem

2272 5025 2564 5093 promotus
2587 5017 2783 5090 fuerit,
2815 5030 2928 5073 non
2974 5016 3098 5072 illic
3128 5015 3336 5072 habeat
3386 5015 3620 5072 ulterius
3648 5009 3845 5093 potesta—

2271 5090 2380 5168 tem
2412 5109 2735 5166 remorandi
2761 5111 2861 5163 aut
2902 5105 3124 5177 aliquid
3167 5104 3438 5161 faciendi.
3485 5103 3620 5172 Quia
3657 5109 3762 5154 vero
3795 5090 3846 5146 de

2268 5200 2462 5256 eodem
2487 5196 2833 5256 monasterio
2869 5195 3154 5266 monachi,
3209 5190 3412 5270 [cum]
3437 5193 3676 5265 exigente
3698 5182 3843 5252 culpa,

2269 5288 2669 5346 communione
2739 5285 3058 5357 privantur,
3126 5285 3249 5355 ejus
3308 5284 3609 5340 dimceseos
3669 5275 3844 5332 diversa

2271 5378 2394 5436 loca
2422 5378 2652 5447 adeunt,
2685 5381 2741 5432 et
2763 5373 3221 5431 communionem
3250 5373 3380 5428 sine
3413 5371 3600 5441 aliqua
3641 5372 3846 5423 reserva-

2271 5469 2427 5526 tione
2467 5466 2813 5539 percipiunt,
2848 5463 3194 5536 presbyteris
3212 5461 3538 5520 districtius
3563 5455 3844 5514 interdicere

2339 5555 2369 5600 b
2398 5556 2611 5630 Regula
2633 5555 2688 5612 S.
2723 5554 2950 5626 Bened.,
2974 5568 3096 5626 cap.
3126 5551 3214 5610 62.
