4068 6178
302 267 416 329 997

1811 265 2102 326 SEBGIUS
2137 268 2204 323 II.

3603 267 3712 328 998

304 409 538 453 necesse
581 397 670 450 est
717 396 784 450 ut
827 391 1012 449 facere
1055 392 1127 448 de
1175 395 1378 450 caatero
1432 407 1542 450 non
1586 396 2026 466 pmsumant,A
2065 393 2225 451 tibus
2250 393 2329 450 sit
2357 405 2466 464 pax
2495 393 2726 450 Domini
2761 395 2943 452 nostri
2975 397 3108 453 Jesu
3139 395 3383 453 Christi:
3420 403 3706 469 quatenus

302 485 446 556 quia
473 489 532 539 et
561 480 848 554 regularis
876 481 1016 537 ordo
1054 480 1396 538 dissolvitur
1427 486 1484 538 et
1514 482 1858 552 perditionis
1885 496 1955 538 ex

303 574 415 630 hoc
445 572 685 629 materia
715 569 1100 626 ministratur.
1143 569 1302 638 Quod
1335 571 1408 642 si,
1443 573 1692 642 peccatis
1723 571 1955 628 habita-

301 667 496 720 torum
529 666 696 717 terrae
741 659 1126 732 exigentibus,
1170 660 1472 716 anathema
1513 661 1581 717 ad
1613 675 1710 717 eos
1755 673 1955 730 perve-

301 753 480 824 nerit,
505 750 587 806 vel
621 748 988 820 privilegium
1011 749 1195 804 eidem
1224 749 1570 805 monasterio
1602 749 1955 806 indulsimus

299 848 365 900 ut
395 841 604 897 fratres
624 839 878 908 ejusdem
905 837 1368 908 congregationis
1398 844 1668 909 peragant
1690 838 1954 895 divinum

295 931 557 990 ofﬁcium
589 929 649 984 in
679 926 950 984 omnibus
978 925 1251 983 absoluti.
1294 927 1490 984 Visum
1524 941 1752 998 quoque
1787 929 1956 987 nobis

292 1026 384 1078 est
434 1025 499 1078 ut
537 1019 682 1074 hanc
720 1017 1014 1072 licentiam
1057 1017 1241 1073 eidem
1282 1016 1626 1089 tribuamus,
1672 1024 1957 1088 quatenus

295 1109 516 1166 fratres
556 1107 658 1178 qui
705 1106 764 1162 in
807 1105 1154 1176 quibusdam
1199 1104 1482 1162 cmnobiis
1525 1111 1758 1178 gemunt
1800 1110 1952 1179 quod

292 1197 497 1252 vivere
558 1196 900 1268 regulariter
952 1200 1254 1266 nequeant,
1287 1195 1336 1251 si
1394 1195 1700 1268 voluerint,
1759 1198 1954 1255 studio

293 1285 675 1342 meliorandaa
718 1285 868 1356 vitae,
924 1284 994 1339 ad
1047 1284 1235 1355 ipsum
1286 1284 1488 1340 ducem
1543 1285 1951 1343 monachorum

291 1375 607 1442 divertere,
641 1373 1010 1443 permittatur
1047 1373 1134 1427 eis
1173 1373 1376 1428 tandiu
1423 1373 1482 1428 in
1524 1373 1648 1443 ipso
1692 1375 1952 1432 cmnobio

291 1463 527 1533 degere,
561 1460 610 1516 si
641 1460 894 1517 contenti
928 1459 1146 1516 fuerint
1180 1461 1264 1516 uti
1298 1462 1609 1517 monastica
1635 1468 1953 1519 consuetu—

291 1550 459 1619 dine,
506 1563 807 1619 quousque
847 1549 906 1603 in
945 1549 1070 1605 suis
1110 1550 1475 1605 monasteriis
1512 1550 1774 1606 videatur
1811 1551 1952 1607 ordo

292 1640 512 1694 redire.
559 1638 950 1693 Permittimus
991 1637 1162 1693 etiam
1211 1643 1273 1693 ut
1316 1637 1366 1692 si
1407 1638 1658 1708 alicujus
1695 1639 1765 1693 de
1807 1639 1952 1709 ipsis

2065 487 2120 538 et
2165 483 2260 538 hic
2306 481 2557 540 fructum
2601 482 2760 540 bona;
2806 484 3053 541 actionis
3097 486 3396 556 recipiant,
3445 493 3500 542 et
3549 488 3701 557 apud
3741 501 3756 512 '

2063 570 2393 627 districtum
2413 572 2666 642 judicem
2695 573 2927 643 praemia
2955 577 3176 628 aeterna:
3205 574 3360 642 pacis
3388 574 3699 632 inveniant.

2134 661 2422 730 Scriptum
2456 675 2553 731 per
2583 674 2786 717 manus
2813 662 3094 718 Theodori
3125 662 3338 718 notarii
3367 668 3424 719 et
3449 665 3707 721 scrinia—

2066 749 2141 806 rii
2183 754 2376 804 sancta
2416 750 2679 806 Romana:
2718 749 3005 822 Ecclesia),
3052 751 3114 806 in
3158 764 3348 807 mense
3394 751 3603 825 Aprili,
3650 758 3707 810 et

2071 833 2389 893 indictione
2417 833 2451 892 7
2481 833 2615 911 [12].

2064 1045 2318 1088 GREGORII
2373 1046 2429 1089 IV
2480 1046 2736 1089 EPISTOLA
2779 1047 2850 1088 AD
2909 1047 3186 1090 OTGARIUK
3241 1046 3710 1094 ARCEXEPISCOPUI

2693 1118 3070 1161 MOGUNTINUM.

2701 1209 2883 1282 (Anno
2920 1209 3070 1282 384.)

2243 1294 2424 1372 [Apud
2458 1298 2699 1370 Mabill.,
2741 1301 2858 1356 Vet.
2895 1299 3174 1364 Analect.,
3207 1314 3335 1373 pag.
3373 1298 3527 1377 570.]

2132 1388 2453 1443 GREGORIUS
2479 1388 2801 1458 episcopus,
2844 1402 3042 1445 servus
3085 1389 3379 1446 servorum
3409 1391 3509 1446 Dei
3541 1404 3709 1449 reve-

2063 1476 2407 1532 rendissimo
2431 1482 2488 1532 et
2517 1477 2882 1532 sanctissimo
2906 1477 3150 1533 O'I‘GARIO
3175 1479 3631 1550 archiepiscopo.

2131 1565 2292 1634 Quod
2320 1578 2424 1620 nos
2457 1569 2616 1621 tanto
2658 1578 2850 1621 amore
2886 1578 2950 1620 ac
2990 1566 3382 1622 benevolentia
3427 1568 3705 1640 diligitis,

2063 1652 2193 1722 plus
2225 1653 2330 1708 hoc
2376 1659 2560 1708 vestra
2603 1654 2878 1708 sanctitas
2921 1668 3090 1724 quam
3136 1659 3331 1710 nostra
3371 1656 3570 1712 merita
3615 1655 3715 1714 fa-

291 1727 588 1782 fl‘all‘iblls
618 1739 873 1817 ᾼοηβτοδέι
923 1727 1279 1817 οοηρνθνδξίῐίο
1328 1725 1524 1817 fuerit;
1584 1728 1707 1817 ipse
1755 1729 1948 1817 mlius
1982 1733 2034 1793 B
2061 1741 2226 1796 ciunt
2250 1742 2399 1811 quod
2424 1747 2610 1797 tamen
2633 1743 2877 1797 maxime
2906 1743 3242 1799 muneribus
3266 1745 3506 1800 directis
3537 1758 3708 1817 agno-

288 1830 432 1871 cum
466 1829 571 1871 suo
600 1815 942 1871 detrimento
979 1814 1239 1870 discedat
1267 1830 1435 1886 quam
1475 1815 1623 1871 alios
1657 1816 1937 1887 inquinet.

288 1907 428 1959 llmc
471 1905 656 1976 igitur
692 1904 903 1974 omnia,
947 1918 1074 1974 quae
1109 1904 1284 1973 hujus
1318 1905 1578 1975 praecepti
1620 1906 1949 1976 decretique

289 1993 490 2049 nostri
543 1993 752 2064 pagina
799 1992 1075 2059 continet,
1122 1996 1235 2046 tam
1287 1993 1470 2048 eidem
1530 1992 1722 2050 abbati
1779 2007 1948 2063 quam

287 2082 534 2138 cunctis
567 2082 666 2152 qui
694 2081 756 2136 in
790 2095 854 2136 eo
894 2095 1007 2151 quo
1043 2085 1129 2136 est
1165 2081 1367 2137 ordine
1393 2081 1631 2152 locoque
1655 2095 1952 2138 successe-

288 2172 442 2241 rint,
490 2171 576 2226 vel
623 2184 865 2240 quorum
906 2170 1181 2226 interesse
1228 2168 1458 2242 poterit,
1502 2170 1560 2226 in
1611 2177 1948 2242 perpetuum

288 2260 581 2316 servanda
621 2259 1001 2315 decernimus.
1047 2259 1106 2314 Si
1151 2260 1283 2329 quis
1320 2272 1453 2315 vero
1497 2272 1712 2331 regum,
1753 2273 1952 2316 sacer-

286 2350 524 2417 dotum,
581 2348 845 2418 judicum
903 2352 1075 2418 atque
1141 2347 1505 2403 saacularium
1577 2361 1949 2417 personarum

289 2437 449 2492 hanc
519 2436 958 2492 constitutionis
1023 2441 1230 2492 nostra:
1301 2435 1564 2507 paginam
1633 2450 1948 2508 agnoscens

283 2531 498 2582 contra
527 2538 650 2581 eam
679 2525 874 2581 venire
905 2525 1224 2596 tentaverit,
1267 2525 1570 2596 potestatis
1599 2525 1950 2596 honorisque

285 2614 389 2670 sui
444 2613 734 2684 dignitate
784 2619 992 2685 careat,
1048 2628 1323 2685 reumque
1369 2628 1430 2670 se
1475 2615 1675 2670 divino
1722 2615 1949 2684 judicio

287 2703 550 2759 existere
578 2703 648 2758 de
677 2708 999 2774 perpetrata
1029 2703 1338 2775 iniquitate
1367 2709 1710 2776 cognoscat;
1743 2709 1799 2760 et
1830 2703 1947 2761 nisi

283 2792 384 2848 vel
414 2792 520 2848 illa
545 2807 670 2864 qua:
699 2793 771 2849 ab
803 2793 904 2849 illo
933 2797 1070 2849 sunt
1097 2793 1240 2849 male
1268 2793 1458 2850 ablata
1489 2794 1831 2866 restituerit,
1861 2794 1948 2850 vel

283 2882 474 2953 digna
504 2883 842 2952 poenitentia
875 2882 1083 2937 illicita
1111 2889 1236 2938 acta
1264 2882 1574 2953 deﬂeverit,
1603 2896 1636 2938 a
1666 2884 1949 2939 sacratis-

285 2977 447 3032 simo
479 2986 714 3043 corpore
746 2978 802 3028 et
839 2972 1118 3044 sanguine
1145 2972 1374 3028 Domini
1417 2972 1520 3028 Dei
1551 2972 1948 3044 Redemptoris

2066 1829 2272 1899 vimus,
2311 1843 2412 1899 pro
2452 1829 2665 1898 quibus
2701 1831 2976 1885 maximas
3013 1831 3177 1886 vobis
3209 1833 3424 1902 gratias
3454 1834 3702 1907 agimus,

2064 1918 2202 1988 quia
2226 1923 2408 1973 totum
2436 1932 2573 1989 erga
2599 1919 2752 1974 sedis
2775 1919 3103 1988 apostolica:
3129 1922 3447 1992 praesulem,
3473 1929 3537 1978 ut
3561 1937 3706 1978 con-

2059 2008 2239 2072 decet,
2268 2007 2489 2063 curatis
2516 2009 2859 2077 impendere,
2893 2009 3061 2077 cujus
3088 2022 3190 2064 nos
3215 2010 3700 2083 vicissitudinem,

2058 2096 2173 2151 Deo
2212 2095 2453 2165 volente,
2501 2096 2791 2151 sanctitati
2835 2103 3032 2152 vestrae
3078 2098 3343 2167 supplere
3383 2099 3700 2155 studemus.

2058 2186 2136 2241 De
2159 2198 2397 2255 corpore
2420 2198 2552 2240 vero
2577 2189 2773 2240 sancto
2805 2185 2953 2255 quod
2987 2185 3152 2241 nobis
3184 2187 3486 2243 humiliter
3517 2193 3702 2244 vestra

2061 2275 2330 2345 quaesivit
2342 2274 2666 2344 prudentia,
2682 2274 2832 2345 quod
2846 2274 3230 2347 dirigeremus
3241 2289 3352 2331 non
3370 2276 3702 2349 habuimus,

2061 2363 2331 2432 quoniam
2375 2367 2580 2419 cuncta
2621 2366 2947 2419 sanctorum
2981 2377 3221 2433 corpora
3262 2365 3705 2434 praedecessores

2060 2451 2242 2508 nostri
2278 2451 2578 2507 nobiscum
2612 2451 2993 2508 communiter
3017 2452 3369 2524 detulerunt,
3393 2458 3449 2510 et
3485 2468 3705 2510 unum-

2060 2540 2325 2610 quodque
2362 2552 2558 2594 eorum
2597 2539 2860 2595 ecclesiis
2895 2541 3117 2596 noviter
3154 2542 3436 2598 dedicatis
3481 2558 3702 2601 summa

2058 2627 2420 2684 veneratione
2488 2628 2874 2685 condidimus.
2944 2629 3188 2686 Proinde
3253 2629 3706 2690 benevolentiam

2058 2721 2300 2772 vestram
2325 2731 2643 2788 precamur,
2669 2723 2732 2773 ut
2753 2718 2919 2774 nobis
2937 2719 3191 2789 spatium
3215 2718 3549 2791 inquirendi
3572 2722 3706 2779 dili-

2059 2806 2290 2877 gentius
2332 2806 2632 2876 praebeatis
2673 2812 2955 2878 quatenus
2992 2822 3201 2878 corpus
3239 2817 3497 2866 sanctum
3540 2810 3708 2867 inve-

2058 2895 2184 2949 nire
2222 2895 2511 2951 valeamus
2543 2897 2611 2951 ad
2647 2901 2888 2952 vestram
2923 2896 3315 2967 complendam
3346 2899 3702 2973 petitionem,

2056 2985 2113 3036 et
2136 2981 2186 3036 si
2214 2981 2506 3038 inventum
2533 2981 2728 3052 fuerit,
2761 2989 2945 3039 vestra
2978 2985 3147 3040 nobis
3181 2987 3409 3042 credere
3435 2987 3708 3058 dignetur

280 3066 425 3121 Iesu
455 3061 676 3118 Christi
706 3061 932 3117 alienus
970 3060 1077 3116 sub
1114 3060 1496 3118 anathematis
1538 3061 1947 3120 interdictione
1975 3047 2024 3110 (ἶ
2057 3070 2347 3126 industria
2385 3071 2581 3126 statim
2622 3047 2771 3142 quod
2814 3072 3042 3141 petistis
3084 3073 3478 3144 perﬂciemus;
3503 3047 3701 3134 “modo

284 3154 412 3224 fiat,
467 3156 640 3222 atque
689 3151 750 3206 in
797 3155 1048 3208 extremo
1094 3151 1354 3206 examine
1389 3151 1681 3218 districta:
1730 3152 1942 3209 ultioni

282 3243 607 3314 subjaceat.
648 3242 885 3300 Cunctis
915 3245 1106 3298 autem
1141 3241 1326 3297 eidem
1365 3240 1489 3298 loco
1513 3242 1672 3312 justa
1701 3257 1944 3303 servan-

2053 3173 2185 3216 vero
2209 3159 2352 3214 illud
2374 3173 2484 3215 non
2508 3159 2775 3216 misimus
2792 3161 2929 3232 quia
2950 3160 3310 3232 inquirentes
3333 3175 3693 3234 nequaquam

2057 3249 2313 3305 invenire
2335 3248 2644 3305 valuimus.

1917 3581 2083 3687 VI.

1446 3840 2264 3962 SERGIUS
2380 3834 2596 3966 II.

1839 4071 2180 4084 _——_——

364 4226 550 4268 sensu
581 4206 622 4269 i1
663 4227 920 4271 EPISTOLA
947 4228 1017 4270 AD
1045 4227 1395 4270 mscmnwu
1426 4227 1868 4270 mnuncsussu
1955 4213 2010 4274 D
2054 4211 2140 4268 vel
2201 4222 2571 4282 quascunque
2617 4207 3155 4279 septentrionalium
3215 4207 3514 4265 nationum
3565 4208 3708 4280 jugo

964 4299 1277 4342 EPISCOPUM.

943 4407 1126 4481 (Anno
1153 4405 1305 4481 846.)

406 4527 595 4606 [Apud
636 4532 1022 4605 Lappenberg,
1064 4533 1522 4602 Hamburgisches
1567 4530 1843 4609 Urkund.]

368 4655 612 4711 Seuerus
639 4657 962 4728 episcopus,
995 4671 1194 4714 servus
1217 4671 1510 4715 servorum
1538 4658 1660 4729 Dei,
1693 4656 1954 4713 ANSCHA-

291 4757 414 4814 mo,
449 4747 656 4800 sanctae
685 4744 1168 4817 Hamaburgensis
1197 4745 1464 4802 Ecclesia
1493 4745 1949 4818 archiepiscopo,

292 4831 544 4904 gratiam
576 4833 676 4888 Dei
711 4833 768 4888 in
802 4838 1162 4903 perpetuum.

369 4920 654 4989 Quoniam
721 4921 1050 4992 apostolicae
1111 4922 1420 4994 dignitatis
1466 4927 1552 4979 est
1599 4936 1712 4979 non
1765 4922 1951 4978 solum

293 5008 574 5065 ecclesias
605 5007 861 5080 fundare,
897 5011 992 5066 sed
1020 5016 1076 5066 et
1099 5010 1170 5066 ab
1199 5010 1337 5066 aliis
1365 5011 1738 5084 ecclesiarum
1765 5010 1953 5082 spiri—

296 5095 564 5153 tualibus
604 5097 942 5154 architectis
995 5095 1263 5154 fundatas
1319 5099 1653 5162 sublimare,
1711 5100 1953 5171 dignum

294 5186 597 5256 duximus,
631 5185 810 5242 frater
838 5186 1201 5258 charissime,
1237 5187 1331 5257 pio
1359 5189 1660 5258 petitionis
1688 5192 1798 5245 tua:
1824 5193 1954 5244 voto

296 5288 472 5332 aures
494 5274 688 5330 debite
708 5274 1087 5346 benignitatis
1110 5281 1220 5332 tuae
1245 5276 1546 5333 inclinare.
1575 5277 1956 5334 Concedimus

302 5363 489 5436 igitur
524 5363 652 5434 tibi,
683 5363 836 5420 sicut
864 5376 897 5419 a
945 5364 1356 5434 prtedecessore
1387 5371 1602 5434 nostro,
1635 5365 1798 5422 beato
1823 5367 1958 5422 Gre-

301 5453 486 5524 gorio,
502 5466 836 5509 concessum
859 5458 962 5523 est,
985 5453 1211 5510 scilicet
1227 5460 1290 5511 ut
1302 5459 1496 5527 gentes
1508 5455 1956 5528 Wimodiorum,

302 5541 773 5614 Norblingorum,
818 5543 1129 5614 Danorum,
1161 5544 1571 5616 Norvenorum,
1613 5543 1955 5616 Sueuorum,

2057 4299 2187 4356 fidei
2235 4297 2638 4370 praedicatione
2668 4303 2765 4353 tua
2809 4296 3141 4353 subdideris
3175 4297 3244 4352 ad
3287 4297 3474 4353 sedem
3515 4297 3710 4351 Hama-

2057 4387 2397 4459 burgensem
2428 4385 2724 4457 spirituali
2751 4385 3146 4442 dominatione
3177 4385 3469 4450 possideas
3497 4389 3554 4439 et
3577 4397 3710 4439 om—

2062 4476 2236 4533 nibus
2281 4475 2715 4532 successoribus
2762 4474 2906 4545 tuis,
2959 4473 3031 4530 ad
3086 4473 3277 4528 eadem
3333 4473 3518 4527 sedem
3575 4485 3713 4540 per-

2067 4569 2236 4634 petuo
2282 4564 2655 4636 possidendas
2703 4563 3019 4634 relinquas.
3070 4561 3441 4618 Decernimus
3484 4572 3712 4632 quoque

2062 4653 2170 4709 tibi
2198 4658 2254 4708 et
2281 4653 2552 4708 omnibus
2575 4653 3008 4709 successoribus
3035 4651 3153 4708 tuis
3172 4651 3241 4707 ad
3278 4649 3466 4704 sedem
3499 4650 3713 4704 Hama-

2062 4741 2401 4813 burgensem
2426 4755 2592 4796 usum
2621 4741 2783 4812 pallii
2811 4740 3132 4797 habendum
3164 4740 3223 4794 in
3243 4737 3406 4795 festis
3427 4741 3483 4793 et
3504 4742 3717 4807 tempo-

2063 4831 2230 4887 ribus
2244 4830 2655 4901 prmdecessore
2669 4835 2865 4885 nostro
2881 4829 2987 4886 tibi
3001 4827 3640 4899 denominatis,scilicet
3653 4825 3713 4882 in

2064 4921 2297 4991 Pascha,
2325 4919 2384 4974 in
2407 4919 2793 4986 Pentecosten,
2821 4917 2880 4972 in
2907 4917 3094 4972 Natali
3121 4916 3371 4985 Domini,
3403 4916 3464 4970 in
3484 4917 3713 4971 Assum-

2066 5009 2278 5080 ptione,
2310 5007 2370 5062 in
2395 5006 2722 5077 Nativitate,
2748 5005 2808 5060 in
2837 5004 3243 5060 Purificatione
3267 5009 3477 5060 sanctae
3497 5005 3710 5076 Maria},

2066 5099 2128 5153 in
2169 5096 2466 5152 Natalitiis
2490 5095 2880 5166 apostolorum
2906 5099 2962 5150 et
2991 5093 3307 5150 Dominicis
3336 5093 3542 5150 diebus
3565 5097 3621 5150 et
3653 5093 3712 5148 in

2064 5186 2334 5243 omnibus
2357 5184 2519 5241 festis
2537 5185 2595 5240 in
2614 5185 2851 5240 dimcesi
2874 5189 2971 5239 tua
2993 5181 3338 5246 celebribus.
3362 5183 3556 5240 ornari
3581 5195 3715 5252 quo-

2067 5291 2176 5348 que
2206 5281 2379 5346 caput
2402 5280 2565 5331 tuum
2598 5274 2788 5343 mitra,
2818 5279 3045 5344 portare
3074 5278 3204 5328 ante
3235 5279 3291 5330 te
3318 5284 3565 5329 crucem.
3597 5270 3712 5340 Age

2066 5380 2217 5437 ergo,
2240 5363 2416 5421 frater
2433 5363 2784 5435 beatissime,
2808 5377 2954 5433 opus
2974 5361 3207 5432 bonum,
3229 5362 3375 5432 quod
3398 5356 3709 5426 inccepisti,

2067 5468 2170 5510 nec
2195 5454 2633 5510 desistasdonec
2667 5451 2952 5524 proficias,
2988 5450 3164 5507 funda
3198 5451 3256 5504 in
3276 5447 3417 5503 locis
3445 5447 3712 5515 Opportu-

2069 5543 2163 5600 nis
2191 5542 2482 5616 ecclesias,
2514 5556 2782 5600 consecra
2810 5540 3169 5613 presbyteros
3195 5541 3251 5592 et
3279 5547 3380 5604 per
3406 5531 3711 5589 distermi-
