4076 6154
518 263 627 321 999

521 397 684 450 natos
699 391 980 449 terminos
999 389 1205 447 ordina
1221 392 1541 462 episc0pos,
1562 404 1805 462 quorum
1828 393 1891 447 tu
1911 388 2169 446 omnium

518 482 993 552 archiepiscopus
1010 480 1247 552 existas,
1269 494 1577 551 omnespue
1597 479 2055 551 supradictarum
2079 491 2171 533 na-

520 572 744 629 tionum
759 571 1015 641 amplius
1035 568 1325 640 profuturi
1345 570 1598 640 episcopi
1616 583 1744 626 cum
1762 568 2038 638 subjectis
2053 565 2167 623 sibi

521 660 793 731 plebibus
810 659 918 715 tibi
942 663 999 715 et
1015 658 1284 715 omnibus
1307 658 1737 716 successoribus
1753 658 1873 714 tuis
1892 658 1959 712 ad
1979 656 2168 712 sedem

517 748 1039 820 Hamaburgensem
1071 751 1343 818 perpetua
1373 748 1729 818 subjectione
1758 751 1813 802 et
1841 745 2167 803 obedientia

521 838 762 907 subjecti
793 843 1176 907 permaneant.
1206 838 1480 893 Praterea
1510 837 1619 893 tibi
1650 842 1707 893 et
1734 839 1944 893 sancta
1974 836 2167 890 Hama-

518 926 790 1000 burgensi
821 926 1109 997 Ecclesia,
1156 930 1211 981 et
1240 926 1509 983 omnibus
1554 924 1984 983 successoribus
2025 924 2163 995 tuis,

518 1017 862 1074 auctoritate
890 1015 1208 1085 apostolica
1239 1015 1551 1087 ﬁrmamus,
1585 1028 1940 1086 quacunque
1967 1013 2169 1069 Eccle-

519 1108 620 1163 sia
658 1110 771 1162 tua
795 1105 911 1174 jam
940 1103 1307 1160 Christicolis
1346 1104 1558 1159 tradita
1598 1108 1753 1173 sunt,
1790 1104 1876 1159 vel
1916 1102 2167 1173 amplius

519 1196 774 1267 delegata
792 1192 1013 1249 fuerint
1037 1193 1094 1247 in
1120 1192 1431 1262 parochiis,
1458 1193 1518 1247 in
1537 1192 1792 1263 pradiis,
1815 1193 1875 1248 in
1897 1192 2168 1248 omnibus

520 1284 690 1341 rebus
702 1281 1019 1337 mobilibus
1032 1280 1118 1337 vel
1134 1279 1619 1351 immobilibus,in
1634 1281 1942 1351 mancipiis
1955 1281 2168 1336 utrius-

518 1387 629 1445 que
662 1385 855 1442 sexus,
890 1374 954 1425 ut
983 1369 1327 1425 ea'ecclesia
1372 1370 1643 1440 pradicta
1689 1368 2015 1426 inviolabili
2060 1383 2168 1439 po-

518 1465 722 1518 testate
744 1462 1020 1529 perpetuo
1047 1458 1353 1528 possideat.
1379 1458 1438 1513 Si
1471 1458 1606 1529 quis
1626 1462 1813 1515 autem
1840 1460 2038 1514 contra
2067 1458 2168 1513 hu-

513 1553 612 1622 jus
637 1552 845 1605 nostra
865 1546 1232 1603 auctoritatis
1257 1546 1625 1618 privilegium
1656 1546 1740 1603 ire
1765 1546 2087 1618 tentaverit,
2111 1551 2165 1603 et

1112 260 1403 319 APPEND.
1444 261 1539 319 AD
1570 260 1730 317 ΒΕΘ.
1775 256 1870 316 ΙΧ.
1892 285 1966 299 -
1986 254 2315 314 SUPPLEM.
2356 254 2450 312 AD
2487 254 2771 313 SCRIP'I‘A
2808 256 3073 315 PONTIF.
3117 257 3281 316 ROM.

3715 262 3816 326 I000

2195 388 2254 450 A
2281 387 2682 458 quoquomodo
2709 387 2774 452 in
2804 392 2964 458 parte
2990 386 3075 443 vel
3103 386 3163 442 in
3191 390 3304 444 toto
3328 386 3563 460 frangere
3581 389 3820 449 nisusfua-

2282 478 2379 548 rit,
2402 477 2798 548 cujuscunque
2826 477 3124 547 potestatis
3148 476 3230 532 vel
3255 476 3538 549 dignitatis
3556 478 3638 547 sit,
3662 485 3820 538 aterna

2279 565 2866 622 excommunicatione
2897 578 3027 622 cum
3057 566 3197 621 Juda
3228 565 3488 621 traditore
3512 567 3721 639 Domini,
3747 584 3823 639 pe-

2280 659 2419 725 reat,
2442 654 2557 711 nisi
2582 654 2906 727 resipiscat,
2929 658 2988 711 et
3006 653 3269 711 Ecclesia
3283 654 3684 727 Hamaburgensi
3703 659 3823 715 satis-

2278 741 2470 799 faciat.

2346 831 2687 889 Observator
2711 835 2900 889 autem
2922 831 3099 902 hujus
3122 832 3521 889 admonitionis
3541 838 3589 890 et
3606 834 3824 904 jussiouis

2278 920 2481 977 habeat
2498 921 2955 979 benedictionem
2973 921 3381 992 omnipotentis
3394 922 3487 978 Dei
3500 922 3825 995 beatorumque

2275 1011 2665 1081 apostolorum
2696 1015 2753 1068 et
2782 1016 3057 1082 nostram,
3088 1011 3187 1082 qui
3220 1025 3408 1068 eorum
3438 1011 3696 1084 fungimur
3717 1014 3826 1069 vica-

2277 1100 2542 1157 riatione.
2574 1100 2779 1157 Sancta
2816 1101 3071 1156 Trinitas
3100 1098 3502 1157 fraternitatem
3541 1106 3673 1157 tuam
3708 1101 3820 1157 omni

2276 1196 2526 1260 tempore
2551 1203 2883 1246 conservare
2901 1190 3172 1261 dignetur
3203 1189 3550 1261 incolumem,
3572 1194 3712 1261 atque
3736 1196 3826 1259 post

2278 1279 2453 1349 hujus
2484 1279 2681 1335 saculi
2711 1279 3157 1336 amaritudinem
3188 1279 3257 1334 ad
3291 1283 3594 1349 perpetuam
3621 1279 3827 1350 perducat

2277 1367 2713 1425 beatitudinem.

2346 1458 2487 1513 Data
2517 1470 2617 1527 per
2655 1468 2885 1513 manum
2930 1456 3152 1526 Leonis,
3191 1455 3509 1512 cancellarii
3539 1459 3714 1511 sancta
3741 1456 3828 1511 lio-

2277 1558 2455 1601 mana
2491 1544 2778 1617 Ecclesia,
2822 1545 2882 1601 in
2927 1558 3116 1601 mense
3153 1544 3361 1615 Aprili,
3395 1544 3677 1601 indictione
3700 1556 3827 1599 noua.

2034 1964 2039 1967 ,
2107 1877 2317 1981 VII.

1896 2131 2269 2251 LEO
2360 2131 2609 2249 IV.

1318 2539 1357 2594 Ι.

587 2661 781 2703 LEONIS
812 2660 869 2702 IV
901 2659 1158 2703 EPISTOLA
1186 2658 1256 2701 AD
1296 2655 1611 2700 ANSCARIUM
1652 2652 2090 2698 HAMBURGENSEM

1092 2729 1345 2773 ARCHIEPI
1353 2728 1573 2771 SCOPUH.

1162 2822 1343 2895 (Anno
1366 2819 1515 2893 849.)

659 2929 844 3006 [Apud
875 2929 1259 3002 Lappenberg,
1292 2924 1710 2994 Hamburgisch.
1744 2919 2017 2996 Urkund.]

586 3041 694 3095 Leo
730 3039 1054 3109 episcopus,
1099 3050 1298 3092 servus
1341 3046 1632 3090 servorum
1664 3030 1786 3101 Dei,
1828 3029 2162 3085 beatissimo

512 3128 788 3185 Ausonum
839 3132 1052 3183 sancta
1107 3122 1587 3194 Hamaburgensis
1642 3119 1909 3176 Ecclesia
1960 3117 2163 3174 archi-

512 3219 779 3289 episcopo
804 3222 1027 3273 aterna
1049 3216 1179 3270 vita
1205 3212 1591 3282 beatudinem,
1618 3216 1750 3282 etc.,
1782 3224 1955 3279 usque
1979 3208 2053 3262 ad
2079 3219 2165 3262 ec-

513 3307 701 3363 clesia
738 3302 1186 3376 Hamaburgensi
1232 3299 1590 3373 satisfaciat;
1622 3304 1684 3356 ut
1715 3314 1886 3369 supra
1921 3299 1980 3352 in
2012 3296 2161 3351 bulla

509 3413 669 3468 papa
695 3396 872 3464 Sergii
890 3396 949 3450 II
967 3409 1073 3465 pro
1098 3393 1300 3457 eodem,

581 3487 782 3542 Datum
816 3498 914 3556 per
963 3497 1192 3539 manum
1244 3480 1539 3552 Stephani,
1589 3476 1921 3536 cancellarii
1952 3478 2161 3532 sancta

509 3576 775 3633 Romana
812 3573 1100 3645 Ecclesia,
1135 3572 1195 3629 in
1227 3584 1417 3629 mense
1444 3569 1665 3640 Martis,
1712 3565 2032 3624 indictione
2064 3562 2150 3620 42.

1306 3696 1373 3750 ΙΙ.

651 3831 1014 3877 Ριιινιιεαιυιί
1047 3830 1240 3873 LEONIS
1273 3828 1424 3871 ΡΑΡΛΕ
1454 3827 1509 3870 IV
1539 3827 1643 3870 PRO
1672 3825 2017 3881 MONASTERIO

1007 3900 1340 3946 SALVATORIS
1371 3898 1655 3943 FULDENSI.

1150 3990 1333 4066 (Anno
1362 3990 1516 4063 850.)

872 4100 1139 4177 [Drouke,
1180 4101 1306 4157 Cod.
1348 4101 1581 4191 Diplqm.
1612 4096 1801 4176 Fuld.]

580 4235 641 4289 In
688 4227 919 4286 nomine
946 4226 1197 4296 Domini,
1241 4228 1348 4281 LEO
1385 4225 1710 4296 episcOpus,
1745 4238 1944 4281 servus
1975 4237 2158 4280 servo-

510 4334 636 4379 rum
666 4318 790 4389 Dei,
826 4319 1092 4388 HA‘I'I‘ONI,
1126 4314 1397 4387 religioso
1428 4313 1619 4370 abbati
1649 4312 1995 4370 venerabilis
2029 4325 2159 4368 mo-

509 4407 747 4468 nasterii
774 4406 1003 4464 Domini
1027 4405 1209 4462 nostri
1231 4406 1364 4461 Jesu
1385 4403 1601 4459 Christi
1626 4401 1939 4457 Salvatoris
1962 4405 2018 4457 et
2042 4401 2159 4457 Re—

505 4498 822 4570 demptoris
843 4496 1124 4566 omnium,
1153 4493 1492 4564 cunctisque
1521 4490 1952 4547 successoribus
1975 4489 2158 4547 abba—

506 4589 666 4647 tibus
694 4587 948 4657 ejusdem
982 4582 1337 4653 monasterii,
1373 4581 1433 4636 in
1466 4584 1801 4652 perpetuum
1832 4580 2074 4637 salutem
2100 4583 2157 4635 et

506 4677 881 4748 apostolicam
915 4672 1390 4730 benedictionem.

575 4765 859 4838 Quoniam
881 4761 1238 4819 concedenda
1255 4765 1391 4817 sunt
1410 4772 1630 4830 semper
1651 4775 1775 4831 qua
1798 4759 2157 4816 rationabili-

506 4854 615 4910 bus
627 4855 953 4924 congruunt
964 4848 1521 4919 desideriis,oportet
1532 4849 1887 4905 utdevotioni
1902 4848 2043 4904 cond
2054 4848 2157 4904 ito-

507 4943 592 4999 ris
619 4942 726 5012 pia
746 4938 1197 4996 constructionis
1220 4938 1536 4994 auctoritas
1559 4937 1618 4993 in
1642 4937 1965 5008 privilegiis
1991 4951 2157 5006 pras-

507 5031 700 5089 tandis
717 5030 950 5085 minime
963 5029 1291 5101 denegetur.
1310 5028 1513 5100 Igitur,
1536 5027 1672 5097 quia
1690 5026 1993 5097 postulasti
2011 5041 2043 5083 a
2062 5041 2158 5085 no-

507 5120 598 5175 bis
612 5124 893 5190 quatenus
908 5117 1313 5173 monasterium
1327 5116 1659 5172 Salvatoris.
1677 5128 1709 5171 a
1722 5119 1918 5172 sancto
1932 5115 2154 5172 Bonifa-

2196 2531 2246 2591 B
2270 2531 2556 2602 Ecclesia,
2597 2530 2692 2588 cui
2723 2532 2838 2588 Deo
2866 2534 3097 2589 auctore
3123 2531 3498 2601 deservimus,
3526 2528 3829 2586 constitutum

2272 2620 2495 2676 nullius
2518 2620 2759 2677 alterius
2785 2620 3050 2676 Ecclesia
3069 2621 3573 2691 jurisdictionibus
3596 2616 3829 2674 submitta-

2269 2713 2367 2764 tur
2388 2723 2488 2779 pro
2506 2723 2616 2779 qua
2639 2724 2699 2765 re
2720 2709 2835 2780 piis
2856 2708 3106 2767 faventes
3124 2710 3453 2782 desideriis,
3470 2709 3567 2765 hoc
3587 2710 3745 2764 nostra
3766 2715 3836 2757 au-

2269 2798 2552 2868 ctoritate,
2584 2798 2640 2854 id
2664 2799 2814 2870 quod
2837 2799 3221 2870 exposcimur,
3249 2799 3467 2856 effectui
3496 2796 3828 2865 mancipamUS-

2268 2887 2337 2941 Et
2367 2886 2514 2958 ideo,
2548 2900 2769 2943 omnem
2813 2888 3158 2945 sacerdotem
3190 2890 3360 2959 cujus
3390 2889 3521 2944 libet
3546 2883 3765 2943 Ecclesia
3790 2882 3831 2935 in

2270 2974 2503 3045 prafato
2565 2978 2913 3034 monasterio
2968 2978 3275 3035 Fuldensis
3331 2976 3571 3034 ecclesia
3616 2973 3831 3030 ditionem

2271 3064 2586 3133 quamlibet
2630 3066 2835 3122 habere
2876 3066 2963 3123 vel
3009 3069 3431 3138 auctoritatem,
3477 3069 3656 3136 prater
3692 3059 3833 3116 sedem

2268 3152 2662 3225 apostolicam,
2699 3157 2756 3209 et
2796 3154 3127 3225 episcopum
3175 3156 3237 3211 in
3281 3157 3446 3225 cujus
3486 3151 3690 3209 diacesi
3724 3148 3833 3202 idem

2268 3242 2592 3297 venerabile
2635 3244 3044 3301 monasterium
3088 3249 3480 3302 constructum
3508 3256 3618 3300 esse
3642 3238 3832 3299 videtur,

2269 3330 2364 3386 cui
2388 3331 2680 3388 licentiam
2709 3334 3076 3390 concedimus
3102 3339 3328 3392 tantum
3358 3348 3483 3392 cum
3511 3324 3835 3403 Opportunitas

2270 3420 2644 3477 consecrandi
2676 3420 2877 3477 altaris
2908 3421 3101 3494 fuerit,
3136 3423 3522 3495 prohibemus,
3563 3420 3631 3476 ita
3658 3420 3725 3483 ut,
3749 3407 3832 3468 nisi

2267 3507 2339 3564 ab
2364 3508 2565 3566 abbate
2590 3511 2922 3568 monasterii
2950 3511 3126 3568 fuerit
3154 3512 3452 3583 invitatus,
3480 3524 3573 3567 nec
3595 3508 3832 3564 missarum

2268 3595 2482 3653 ibidem
2530 3598 2947 3656 solemnitatem
2991 3602 3283 3673 quispiam
3335 3601 3622 3673 prasumat
3656 3590 3833 3651 omnino

2266 3686 2571 3758 celebrare,
2632 3692 2697 3744 ut
2744 3688 3012 3762 profecto,
3053 3690 3223 3758 juxta
3276 3691 3335 3748 id
3388 3689 3531 3762 quod
3584 3684 3832 3753 subjectum

2265 3774 2596 3843 apostolica
2625 3776 2745 3832 sedi
2779 3776 3049 3833 ﬁrmitate
3073 3778 3367 3847 consistit,
3403 3778 3705 3833 inconcusse
3723 3768 3834 3822 dota-

2186 3839 2235 3903 (ἶ
2266 3839 2387 3918 tum
2411 3869 2737 3934 permaneat
2758 3863 2903 3921 locis
2928 3869 2983 3920 et
3014 3865 3205 3937 rebus,
3237 3839 3461 3924 tam'eis
3481 3878 3611 3936 quas
3630 3858 3835 3916 moderno

2267 3955 2518 4022 tempore
2548 3956 2699 4009 tenet
2728 3953 2814 4009 vel
2848 3954 3102 4023 possidet
3131 3969 3306 4025 quam
3347 3969 3485 4027 quas
3514 3950 3703 4010 futuris
3725 3950 3834 3999 tem-

2267 4040 2505 4110 poribus
2535 4042 2594 4097 in
2619 4043 2750 4111 jure
2780 4043 2968 4113 ipsius
2999 4045 3337 4101 monasterii
3370 4044 3560 4101 divina
3585 4040 3737 4111 pietas
3756 4044 3835 4087 au-

2267 4142 2396 4199 gere
2432 4129 2680 4186 voluerit
2710 4144 2778 4186 ex
2807 4131 2997 4204 donis,
3041 4138 3098 4187 et
3134 4132 3527 4190 oblationibus
3553 4124 3835 4190 decimisque

2265 4218 2521 4274 ﬁdelium
2551 4219 2766 4291 absque
2806 4221 2988 4277 ullius
3019 4236 3277 4293 persona
3321 4217 3734 4280 contradictione
3757 4209 3831 4265 ﬁl"

2267 4307 2465 4363 mitate
2485 4313 2754 4379 perpetua
2778 4308 3123 4380 perfruatur.
3148 4312 3399 4369 Proinde
3417 4307 3740 4383 pracipimus
3759 4293 3835 4383 sub

2265 4396 2667 4454 testificatione
2685 4398 2901 4455 Christi
2927 4404 2984 4455 et
3004 4400 3292 4459 Ecclesia.
3317 4407 3374 4458 et
3392 4381 3702 4457 auctoritate
3720 4381 3833 4443 beati

2264 4486 2414 4543 Petri
2459 4487 2705 4557 apostoli
2738 4488 3143 4546 conﬁrmamus
3175 4496 3243 4548 ut
3284 4491 3479 4549 nullus
3516 4485 3766 4544 hominum
3786 4473 3835 4528 de

2265 4575 2436 4632 rebus
2455 4581 2510 4631 et
2536 4577 2879 4649 redditibus,
2904 4593 3003 4635 seu
3021 4580 3091 4635 de
3116 4578 3363 4637 familiis
3386 4593 3506 4652 qua
3528 4576 3591 4633 ad
3612 4563 3834 4641 stipendia

2265 4661 2527 4736 fratrum,
2560 4665 2646 4722 vel
2672 4666 2740 4723 ad
2771 4667 3055 4739 hospitale
3080 4682 3420 4740 pauperum,
3448 4676 3646 4725 necnon
3666 4660 3723 4715 ad
3750 4667 3836 4725 PO"

2265 4760 2379 4809 tam
2423 4754 2715 4825 hospitum
2748 4758 3052 4830 pertinent,
3089 4758 3319 4815 auferre
3356 4758 3440 4814 vel
3481 4758 3537 4812 in
3566 4744 3832 4809 beneﬁcium

2264 4845 2559 4916 suscipere
2581 4853 2903 4920 prasumat,
2928 4849 3023 4904 sed
3053 4850 3257 4921 magis,
3283 4850 3438 4906 sicut
3461 4839 3729 4903 constituit

2264 4934 2529 4990 tissimus
2574 4935 2789 4991 Christi
2831 4944 3043 5008 martyr
3086 4936 3413 4994 Bonifatius
3455 4935 3549 5007 qui
3598 4932 3649 4987 in
3688 4920 3832 5008 εοάθφ

2184 5042 2189 5046 δ
2264 5023 2511 5080 feliciter
2540 5029 2742 5093 pausat
2768 5005 3132 5097 monasterio,
3166 5027 3364 5083 omnia
3397 5005 3707 5098 regulariter
3725 5005 3839 5067 ordi-

2263 5120 2393 5169 nata
2423 5114 2558 5168 sint.
2588 5115 2722 5184 Qua
2750 5115 2944 5188 etiam,
2978 5117 3090 5172 Deo
3123 5117 3399 5188 prepitio,
3430 5107 3727 5171 inconvulsa
3750 5108 3835 5170 P3"

507 5204 2233 5277 tioarchiepiscopoconstructum;inlocoquidiciturBo—D
2263 5207 2545 5273 maneant,
2596 5207 2708 5258 tam
2757 5204 2877 5259 hac
2926 5219 3052 5277 qua
3099 5221 3203 5263 suo
3255 5212 3504 5276 tempore
3552 5208 3700 5271 quam
3742 5195 3835 5257 αυτ

502 5296 713 5354 chonia
738 5296 904 5365 juxta
935 5296 1117 5366 ripam
1150 5294 1412 5351 ﬂuminis
1442 5292 1681 5348 Fultaha
1713 5293 1910 5359 situm,
1944 5293 2004 5348 in
2036 5309 2148 5365 quo

504 5388 625 5459 ipse
652 5385 1111 5457 gloriosissimus
1132 5384 1350 5440 Christi
1373 5386 1586 5452 martyr
1610 5380 1932 5437 Bonifatius
1956 5396 2149 5454 corpo-

501 5478 703 5534 raliter
732 5474 1063 5547 requiescit,
1110 5470 1400 5543 privilegii
1431 5471 1586 5527 sedis
1614 5472 1942 5542 apostolica
1972 5473 2149 5530 admi-

501 5566 723 5623 niculis
737 5566 1059 5634 decoretur,
1082 5567 1146 5618 ut
1161 5561 1267 5617 sub
1279 5559 1691 5632 jurisdictione
1703 5566 1911 5619 sancta
1931 5568 2143 5620 nostra

2259 5299 2453 5351 nostro
2504 5293 2589 5349 vel
2640 5292 2836 5350 futuro
2880 5300 3131 5365 tempore
3176 5296 3326 5351 idem
3378 5287 3746 5349 monasterium
3786 5285 3835 5327 ex

2255 5383 2497 5439 decimis
2541 5388 2599 5439 et
2640 5383 3032 5441 oblationibus
3080 5384 3337 5441 fidelium
3389 5384 3448 5439 in
3497 5371 3833 5459 proprietatetll

2256 5474 2526 5545 suscepit.
2573 5474 2995 5531 Constituimus
3041 5488 3269 5547 quoque
3323 5487 3421 5545 per
3463 5471 3625 5539 hujus
3667 5457 3833 5553 decr?“

2256 5563 2437 5620 nostri
2471 5563 2733 5635 paginam
2779 5568 2862 5636 ut,
2896 5565 3225 5636 quicunque
3269 5559 3575 5633 cujuslibet
3617 5548 3833 5610 Ecclesiae
