4076 6154
225 281 362 344 4004

1557 283 1977 343 BENEDICTUS
2030 283 2208 342 PAPA
2258 286 2349 343 III.

3501 282 3647 344 4002

226 407 461 484 praesul,
521 407 608 466 vel
662 421 1006 480 quacunque
1053 409 1336 483 dignitate
1366 411 1602 482 praedita
1631 425 1872 483 persona
1906 411 2241 484 Aalloquio
2262 413 2576 486 praemisso,
2607 416 2850 469 vestram
2893 410 3388 468 mansuetudinem
3433 411 3648 482 depre-

226 502 375 558 hanc
405 498 590 555 nostri
652 497 943 570 privilegii
983 499 1257 572 chartam,
1313 515 1484 572 quam
1535 503 1878 560 auctoritate
1989 517 2206 574 camur,
2255 511 2537 575 quatenus
2588 502 2801 560 Colono
2851 501 3059 556 humili
3099 501 3342 557 diacono
3391 501 3643 556 eamdem

225 588 515 662 principis
555 587 942 658 apostolorum
987 588 1296 661 ﬁrmamus,
1351 593 1654 648 tentaverit
1699 596 1883 648 teme—
1991 591 2286 665 ecclesiam
2341 593 2410 649 ad
2469 593 2767 665 regendam
2818 590 3126 647 concedere
3176 589 3522 660 dignemini,
3579 592 3645 644 ut

224 693 375 751 rare,
417 678 718 735 anathema
762 677 856 750 sit,
889 683 945 734 et
986 679 1130 736 iram
1188 681 1289 737 Dei
1333 681 1746 752 omnipotentis
1786 682 1886 739 in-

223 783 466 828 currens
494 782 526 825 a
555 773 704 825 coetu
735 768 992 825 omnium
1023 775 1348 828 sanctorum
1376 773 1624 828 extorris
1653 773 1881 845 existat,

222 865 281 918 et
308 859 698 917 nihilominus
739 857 959 929 praefati
995 860 1330 916 monasterii
1362 861 1621 933 dignitas
1646 874 1679 918 a
1719 861 1887 918 nobis

226 949 457 1007 indulta
487 947 894 1020 perpetualiter
924 948 1197 1006 inviolata
1224 955 1550 1020 permaneat
1573 952 1889 1023 apostolica

218 1038 568 1098 auctoritate
590 1037 859 1094 subnixa.
1228 1095 1234 1102 ν

291 1129 584 1198 Scriptum
638 1140 740 1197 per
791 1138 1021 1183 manum
1085 1127 1398 1201 Benedicti,
1456 1129 1670 1186 notarii
1716 1133 1889 1202 atque

223 1216 526 1275 scriniarii
558 1219 766 1273 sancta
811 1215 1078 1272 Romanae
1108 1216 1396 1291 Ecclesiae,
1438 1231 1628 1275 mense
1671 1219 1821 1277 Maio
1851 1234 1887 1276 x

224 1307 351 1363 Kal.
387 1306 572 1378 Junii,
631 1304 950 1362 indictione
982 1303 1066 1361 43.

1011 1413 1101 1469 III.

224 1533 486 1577 EPIS‘I‘OLA
527 1531 719 1575 LEONIS
762 1532 820 1574 IV
883 1532 1152 1576 LOTHARIO
1197 1533 1262 1576 ET
1302 1533 1563 1579 LUDOVICO
1603 1535 1881 1579 AUGUSTIS.

880 1623 1061 1698 (Anno
1087 1623 1236 1700 850.)

372 1731 558 1810 [Apud
587 1737 832 1805 Ivonem,
864 1739 1020 1792 Decr.
1069 1737 1111 1805 I,
1143 1735 1280 1793 dist.
1325 1734 1415 1808 63,
1449 1751 1572 1809 cap.
1604 1735 1687 1795 i6.
1721 1736 1742 1815 ]

297 1827 448 1895 Papa
475 1828 636 1897 regat
671 1823 962 1896 Augustos
989 1828 1053 1881 ut
1083 1825 1379 1882 Reatinam
1421 1827 1732 1885 Ecclesiam
1751 1829 1889 1886 cui-

224 1916 356 1973 dam
387 1913 569 1970 electo
613 1911 924 1985 dignentur
963 1914 1288 1970 concedere.
1321 1915 1378 1970 C.
1410 1929 1528 1972 xw.

298 2003 543 2060 Deatina
580 2001 853 2071 Ecclesia,
902 2017 1028 2072 qua:
1080 2017 1178 2074 per
1203 2008 1289 2060 tot
1343 2007 1660 2076 temporum
1704 2008 1889 2078 spatia

227 2092 619 2165 pastoralibus
642 2091 920 2148 destituta
949 2093 1110 2149 curis
1130 2094 1418 2166 consistit,
1441 2095 1682 2167 dignum
1712 2102 1799 2154 est
1825 2103 1890 2154 ut

229 2182 470 2239 brachio
496 2180 904 2252 amplitudinis
931 2187 1132 2240 vestrae
1179 2181 1527 2255 sublevetur,
1560 2198 1625 2240 ac
1670 2185 1892 2258 guber-

228 2270 488 2328 nationis
553 2269 801 2342 tegmine
861 2274 1211 2344 protegatur.
1288 2271 1464 2344 Unde,
1519 2272 1889 2331 salutationis

1915 1748 1971 1810 B

1993 686 2180 738 vestra
2212 683 2449 740 licentia
2474 685 2702 754 accepta
2748 680 2961 738 ibidem
3002 693 3154 750 eum,
3185 679 3300 734 Deo
3324 678 3648 748 adjuvante,

1995 785 2326 829 consecrare
2355 773 2647 830 valeamus
2675 771 3026 843 episcOpum.
3060 769 3161 825 Sin
3191 772 3382 825 autem
3413 767 3472 822 in
3502 779 3654 836 pra:-

1995 861 2150 918 dicta
2179 862 2430 919 Ecclesia
2475 862 2786 920 nolueritis
2832 865 2898 918 ut
2933 859 3280 931 praeﬁciatur
3322 856 3648 927 episcopus,

1999 952 2377 1010 Tusculanam
2397 953 2730 1023 Ecclesium,
2764 966 2890 1024 qua:
2917 951 3151 1007 viduata
3174 947 3394 1028 existit,
3437 945 3528 1000 illi
3553 957 3658 1000 ve—

2002 1048 2120 1101 stro
2148 1043 2428 1100 serenitas
2456 1042 2729 1116 dignetur
2757 1041 3105 1110 concedere;
3139 1041 3204 1094 ut
3237 1038 3602 1094 consecratus
3625 1045 3660 1088 a

2000 1136 2196 1189 nostro
2226 1132 2537 1204 praesulatu
2566 1133 2680 1188 Deo
2726 1129 3126 1201 omnipotenti,
3154 1130 3455 1196 vestroque
3484 1122 3662 1192 impe-

1999 1222 2087 1279 rio
2116 1227 2302 1295 grates
2349 1235 2613 1294 peragere
2667 1220 2864 1278 valeat.

2780 1328 2868 1384 IV.

2247 1448 2504 1491 EPISTOLA
2551 1448 2744 1490 LEONIS
2795 1448 2850 1489 IV
2885 1447 3028 1489 ΒῙΤιΕ
3079 1443 3398 1488 (ΖΟΜΙΤΙΒΞΔΕ.

2635 1524 2816 1596 (Anno
2865 1519 3014 1596 850.)

1995 1635 2159 1704 Regio
2189 1637 2459 1704 praecepto
2484 1633 2554 1687 ab
2597 1632 2888 1702 apostolico
2920 1631 3152 1685 Colonus
3173 1629 3414 1685 Rectinae
3454 1629 3653 1684 Eccle-

2457 1707 2552 1759 siae
2575 1704 2866 1758 ordinatur
2889 1704 3187 1772 episcopus.

2248 1808 2430 1886 [Apnd
2470 1813 2693 1868 Ivonem
2736 1811 2834 1864 ubi
2865 1825 3056 1884 supra,
3112 1823 3234 1879 cap.
3290 1804 3402 1878 47.]

2066 1918 2245 1976 Nobis
2289 1917 2561 1974 dominus
2597 1917 2906 1986 imperator
2933 1913 3360 1985 et-imperatrix
3391 1926 3491 1984 per
3518 1925 3653 1969 suas

1997 2007 2270 2079 epistolas
2298 2007 2590 2076 dixerunt,
2620 2009 2686 2062 ut
2702 2005 2977 2062 Colonum
3011 2003 3069 2058 in
3100 2003 3337 2059 Reatina
3379 2003 3650 2071 Ecclesia,

1999 2111 2125 2168 quae
2156 2096 2402 2168 pastoris
2448 2094 2634 2152 oﬂicio
2664 2107 2766 2165 per
2816 2093 2983 2165 longa
3008 2094 3125 2162 jam
3168 2097 3423 2163 tempora
3463 2092 3653 2148 desti—

1999 2190 2123 2243 tuta
2152 2184 2472 2257 videbatur,
2503 2183 2836 2256 episcopum
2884 2180 3068 2239 facere
3113 2181 3468 2254 deberemus,
3499 2181 3652 2238 sicut

1996 2279 2054 2332 et
2075 2274 2333 2331 fecimus.

1810 2519 2054 2624 VIII.

847 2723 1229 2841 BEN
1236 2719 2067 2842 EDICTUS
2170 2720 2700 2842 PAPA
2795 2723 3057 2842 III.

1041 3037 1083 3094 Ι.

487 3154 849 3198 CONFIRMATIO
890 3156 1323 3201 PRIVILEGIORUM
1373 3157 1642 3202 (ΞΟΒΒΕΙίΕ.

875 3251 1037 3308 Αηηο

875 3251 1037 3308 Αηηο

233 3355 422 3426 [Apud
451 3356 784 3431 Acherium,
823 3250 1102 3433 S(piciieg.,
1143 3252 1616 3416 exochartulariis
1643 3358 1895 3415 Corbeiae

307 3463 653 3521 Bnm-zmcrus
696 3465 1019 3538 episcopus,
1053 3481 1251 3524 servus
1280 3479 1572 3524 servorum
1597 3463 1719 3537 Dei,
1755 3464 1898 3521 uni-

238 3555 424 3611 versis
447 3555 736 3626 episcopis
771 3556 1110 3614 Galliarum.

308 3643 451 3699 Cum
505 3643 768 3701 Romanae
815 3645 970 3702 sedis
1014 3644 1337 3716 pontiﬁcem
1385 3648 1605 3702 constet
1639 3643 1895 3701 omnium

235 3731 626 3788 Ecclesiarum
669 3733 885 3790 Christi
952 3739 1126 3806 caput
1167 3738 1338 3806 atque
1386 3733 1704 3806 principem
1754 3733 1895 3805 fore,

236 3826 514 3892 tanquam
547 3823 602 3876 B.
642 3822 795 3879 Petri
829 3824 1114 3895 principis
1141 3824 1527 3894 apostolorum
1557 3824 1712 3880 vices
1734 3837 1900 3896 agen-

237 3914 376 3980 tem,
409 3910 506 3965 cui
535 3910 806 3968 Christus
835 3912 1014 3969 totius
1042 3912 1309 3968 Ecclesiae
1337 3913 1698 3969 committens
1729 3912 1899 3982 prin-

236 3999 499 4068 cipatum
531 3998 722 4057 fatur:
764 4004 843 4056 Tu
890 4018 943 4058 es
982 4004 1193 4065 Petrus,
1225 4007 1276 4056 et
1304 4018 1466 4072 super
1502 4003 1642 4057 hanc
1685 4006 1900 4072 petram

236 4089 521 4158 aediﬁcabo
564 4091 860 4146 Ecclesium
904 4109 1097 4156 meam,
1151 4097 1201 4146 ct
1238 4093 1340 4147 tibi
1375 4093 1514 4146 dabo
1545 4093 1718 4146 claves
1747 4106 1906 4160 regni

235 4177 498 4231 caelorum
537 4179 754 4246 (Matth.
803 4193 922 4248 xv1,
973 4179 1076 4253 48),
1117 4180 1412 4236 cunctatio
1457 4180 1604 4235 nulli
1648 4179 1904 4236 ﬁdelium

239 4265 603 4336 relinquitur
650 4269 800 4339 quod
837 4269 1124 4326 universis
1149 4269 1421 4326 Ecclesiis
1449 4269 1902 4326 sollicitudinem

1922 3024 1971 3088 ρ
2001 3017 2161 3074 muni
2189 3018 2320 3087 jure
2348 3017 2628 3090 disponit,
2662 3023 2727 3075 ut
2767 3023 2823 3075 et
2861 3033 3051 3075 rerum
3097 3019 3389 3090 principes
3418 3032 3520 3076 sua
3545 3019 3655 3076 de-

2000 3114 2152 3163 creta
2208 3107 2472 3162 Romanae
2527 3107 2793 3163 Ecclesiae
2858 3108 3098 3164 sancitis
3170 3108 3555 3180 prmmuniant
3600 3112 3657 3164 et

1999 3194 2387 3252 ecclesiastica
2429 3196 2565 3266 jura
2628 3196 2954 3267 principum
3007 3199 3242 3254 statutis
3297 3197 3660 3268 adiuventur,

2001 3283 2349 3340 aestimantes
2378 3291 2616 3340 terrenae
2662 3285 2993 3355 reipublicae
3021 3292 3268 3342 rectores
3303 3290 3438 3342 tunc
3482 3299 3541 3341 se
3571 3282 3662 3340 fe-

2003 3372 2196 3429 liciter
2225 3373 2523 3445 imperare,
2544 3375 2595 3430 si
2624 3375 2748 3430 suis
2779 3376 3176 3432 sanctionibus
3196 3375 3510 3445 apostolica
3535 3386 3664 3430 con-

2006 3461 2314 3519 finderetur
2333 3464 2668 3537 auctoritas,
2697 3479 2866 3536 quam
2891 3465 3027 3522 dum
3048 3466 3108 3520 in
3140 3465 3307 3521 nobis
3333 3463 3666 3533 suscipiunt

2005 3564 2070 3607 ac
2111 3557 2474 3624 venerantur,
2517 3552 2682 3610 illum
2733 3568 2791 3610 se
2822 3554 3112 3624 suscipere
3162 3552 3528 3626 gratulantur
3560 3551 3660 3622 qui

2004 3641 2315 3712 discipulis
2340 3642 2465 3699 suis
2489 3642 2768 3714 loquitur.
2801 3643 3030 3700 dicens:
3069 3643 3172 3710 Qui
3195 3658 3284 3698 vos
3330 3643 3542 3711 recipit,
3583 3655 3665 3694 me

2005 3731 2196 3801 recipit
2260 3730 2441 3802 (Matt.
2493 3746 2551 3805 x,
2603 3731 2706 3806 40).
2759 3733 2902 3789 Hinc
2949 3747 2978 3789 e
3039 3733 3328 3790 contrario
3375 3732 3446 3787 de
3519 3744 3665 3786 con-

2009 3821 2388 3891 temptoribus
2434 3823 2552 3879 ait:
2601 3823 2707 3889 Qui
2741 3839 2833 3878 vos
2878 3825 3109 3896 spernit,
3141 3840 3223 3878 me
3253 3824 3462 3893 spernit
3504 3821 3655 3892 (Luc.

2008 3923 2066 3982 x,
2101 3908 2205 3983 16).

2082 4001 2266 4071 Igitur
2293 4015 2444 4072 cum,
2478 4001 2630 4057 sicut
2676 4002 2896 4059 dictum
2940 4008 3045 4074 est,
3077 4002 3405 4074 apostolica:
3436 4000 3667 4058 sollici-

2015 4090 2204 4146 tudini
2227 4090 2572 4146 universalis
2591 4091 2855 4148 Ecclesite
2881 4093 3098 4149 credita
3128 4093 3668 4163 sitdispensatio,et

2015 4193 2114 4249 pro
2144 4184 2481 4235 cunctorum
2509 4179 2762 4235 ﬁdelium
2790 4185 2944 4237 statu
2975 4186 3277 4252 perpetuas
3308 4187 3514 4238 nostrae
3545 4180 3689 4236 sol-'

2016 4269 2311 4325 licitudini
2357 4269 2590 4341 vigilias
2648 4270 2993 4340 praetendere
3041 4271 3362 4343 conveniat,
3422 4270 3666 4326 maxima

236 4355 619 4428 pratendere,
646 4363 703 4413 et
755 4360 1012 4418 omnium
1051 4362 1109 4416 in
1137 4362 1366 4418 Christo
1401 4361 1753 4418 credentium
1802 4372 1903 4416 sa—
1931 4374 1987 4437 D
2015 4359 2200 4414 tamen
2232 4357 2534 4430 diligentia
2559 4371 2752 4414 curam
2771 4372 2964 4413 earum
2983 4358 3256 4414 debemus
3280 4357 3663 4413 Ecclesiarum

234 4445 384 4516 luti,
439 4447 587 4516 paci,
614 4451 786 4518 atque
813 4451 994 4520 quieti
1044 4451 1374 4522 prospicere
1399 4465 1504 4507 nos
1529 4445 1803 4521 oporteat,
1838 4453 1903 4505 ut

233 4538 462 4604 etquae
515 4549 685 4605 prava
735 4543 871 4593 sunt
912 4539 1297 4612 corrigantur,
1340 4545 1396 4595 et
1426 4554 1551 4611 qua;
1577 4543 1698 4594 rata
1729 4537 1906 4594 robo-

235 4625 472 4688 rentur,
497 4636 621 4692 quae
663 4629 932 4695 corrupta
952 4631 1089 4682 sunt
1118 4631 1532 4698 restaurentur,
1561 4639 1686 4698 quae
1716 4629 1905 4683 autem

233 4711 475 4781 integra
523 4719 946 4772 conserventur.
1014 4717 1268 4787 Cumque
1313 4717 1460 4773 hanc
1506 4729 1698 4773 curam
1753 4715 1908 4770 circa

229 4799 602 4856 universalis
642 4802 909 4860 Ecclesiae
938 4817 1147 4875 corpus
1179 4819 1276 4876 per
1308 4805 1491 4862 totius
1516 4804 1674 4861 orbis
1700 4803 1910 4860 latitu-

224 4888 444 4946 dinem
473 4888 700 4946 diﬁ‘usa:
745 4894 1039 4950 custodire
1080 4893 1403 4965 debeamus,
1451 4893 1689 4965 speciali
1721 4897 1907 4948 tamen

223 4979 627 5050 prasrogativa
679 4987 807 5051 post
879 4983 1188 5040 Romanam
1238 4987 1410 5057 atque
1466 4983 1720 5040 Italicam
1777 4994 1911 5053 erga

217 5067 538 5125 Ecclesias
560 5068 888 5128 Gallicanas
914 5071 1080 5129 nobis
1099 5073 1699 5140 convenitobservare,
1725 5085 1917 5143 quem-

2015 4460 2206 4519 gerere
2250 4461 2493 4518 quarum
2548 4446 2860 4517 specialius
2891 4447 3305 4516 providentiam
3340 4447 3667 4510 ratiosus-

2015 4535 2162 4606 cepti
2204 4533 2376 4592 ofﬁcii
2419 4549 2451 4592 a
2499 4535 2665 4592 nobis
2711 4535 2876 4591 docet
2915 4536 3209 4608 agendam,
3243 4542 3308 4592 ut
3339 4549 3448 4592 non
3481 4536 3665 4592 solum

2016 4637 2080 4680 ea
2113 4638 2237 4695 qua:
2270 4624 2546 4680 hactenus
2572 4623 2630 4678 in
2660 4637 2764 4680 suo
2795 4628 2944 4680 statu
2980 4628 3310 4694 permanent
3335 4625 3668 4682 intemerata

2017 4719 2334 4784 serventur,
2359 4725 2553 4768 verum
2580 4725 2643 4768 ea
2671 4727 2795 4784 quae
2820 4713 2976 4784 lapsa
3003 4720 3138 4770 sunt
3153 4715 3220 4770 ad
3247 4714 3460 4785 prioris
3478 4713 3672 4771 formae

2015 4803 2355 4875 dignitatem
2411 4802 2776 4874 reducantur.
2830 4803 2985 4859 Unde
3047 4808 3352 4877 cognoscat
3411 4804 3669 4862 omnium

2019 4890 2326 4964 praesulum
2354 4896 2681 4947 sanctorum
2715 4903 2813 4960 per
2841 4891 3060 4948 Gallias
3092 4895 3564 4950 commorantium
3595 4908 3681 4951 re-

2023 4981 2264 5039 verenda
2307 4979 2637 5036 fraternitas
2684 4980 2832 5050 quod
2878 4979 2967 5036 vir
3003 4981 3347 5037 venerabilis
3376 4982 3515 5056 Odo,
3566 4983 3676 5040 ab—

2025 5073 2126 5129 bas
2167 5085 2233 5127 ex
2284 5069 2628 5126 monasterio
2673 5068 2924 5125 Corbeiaa
2978 5069 3283 5140 provinciae
3329 5073 3670 5144 Galliarum,

217 5157 559 5214 admodum
632 5161 1074 5228 praedecessores
1126 5170 1352 5220 nostros
1401 5162 1605 5220 fecisse
1662 5160 1914 5218 manife—
2022 5161 2172 5224 Quod
2203 5162 2694 5215 estconstructum
2731 5157 2789 5214 in
2823 5173 2963 5231 pago
2987 5159 3354 5218 Ambianensi
3378 5177 3552 5234 super
3577 5164 3678 5220 ﬁu-

216 5251 400 5305 stum
444 5251 550 5301 est.
601 5245 762 5315 Quod
802 5251 1218 5320 competentius
1265 5265 1418 5308 nunc
1467 5253 1733 5322 quodque
1786 5251 1908 5308 ﬁeri

2022 5249 2179 5306 vium
2204 5248 2460 5322 Sommaa,
2485 5249 2632 5305 adiit
2657 5263 2760 5306 nos
2792 5263 2891 5319 per
2915 5250 3294 5308 venerabilem
3321 5253 3666 5309 Amreimum

217 5339 517 5406 oportere
538 5334 662 5405 ipse
693 5337 1024 5407 reipublicae
1059 5344 1243 5396 status
1272 5340 1635 5410 testiﬁcatur,
1667 5341 1920 5409 quando.
2025 5339 2302 5410 abbatem,
2337 5348 2531 5410 petens
2562 5344 2624 5396 ut
2655 5345 2862 5397 nostra:
2892 5341 3257 5398 auctoritatis
3283 5343 3672 5415 privilegium,

218 5425 484 5496 quidem
503 5422 804 5497 utramque
816 5428 1167 5498 provinciam
1183 5429 1358 5485 unius
1380 5429 1609 5499 imperii
1629 5434 1915 5499 sceptrum
2026 5443 2198 5499 super
2213 5429 2511 5486 electionis
2529 5430 2773 5500 propria:
2793 5435 2945 5487 statu
2959 5437 3013 5487 et
3030 5446 3217 5488 rerum
3240 5445 3472 5488 suarum
3495 5432 3676 5487 libera

215 5526 362 5571 non
393 5512 634 5587 dividit,
667 5521 724 5572 et
750 5516 1015 5574 Romanaa
1051 5518 1310 5591 dignitas
1345 5517 1612 5574 Ecclesiae
1645 5531 1757 5573 una
1787 5532 1915 5575 cum
2028 5519 2384 5589 possessione
2422 5532 2524 5576 seu
2551 5520 2980 5591 dispensatione
3028 5519 3298 5590 praedicto
3331 5519 3674 5577 monasterio

213 5607 481 5659 terreno
503 5601 837 5675 principatu
855 5606 1161 5679 utriusque
1186 5605 1495 5679 provincia
1520 5619 1756 5679 regnum
1773 5620 1922 5664 com»
2025 5607 2277 5666 Corbeiae
2305 5609 2758 5667 concederemus.
2790 5608 3054 5689 Ostendit
3089 5620 3314 5679 quoque
3345 5607 3512 5664 nobis
3547 5608 3675 5678 pri-

636 5702 881 5760 .PA‘I‘ROL.
932 5702 1186 5761 CXXIX.

3312 5703 3384 5761 32
