4076 6154
549 276 692 336 4003
1140 273 1432 329 ΑΡΡΕΝῙ).
1475 273 1569 328 AD
1605 270 1765 328 SIEC.
1809 270 1906 325 IX.
1945 298 2020 309 —
2053 266 2227 323 SUPP.

2335 269 2383 324 Ι.
2423 267 2516 324 ΑΙ)
2553 267 2840 326 SCRIPTA
2877 269 3142 326 PONTIF.
3183 268 3343 326 ROM.
3749 272 3851 335 4004

541 401 751 474 vilegla
779 399 852 456 ab
876 397 1164 470 episcopis
1192 397 1382 452 edita:
1414 410 1612 466 unum,
1647 409 1678 451 a
1710 393 1953 466 praesule
1981 390 2210 447 Ambia-
2240 392 2297 452 A
2322 397 2478 463 gesta
2504 397 2641 450 sunt
2689 395 3035 452 monasterio
3074 393 3339 465 Corbeiaa,
3381 395 3516 466 quod
3555 402 3627 451 est
3651 404 3855 455 constru-

545 491 776 560 nensi',
807 488 876 544 ad
925 488 1094 556 cujus
1141 486 1437 542 dioecesim
1487 485 1649 541 locus
1694 484 1792 539 ille
1845 482 2113 552 pertinet,
2150 493 2208 548 ei,
2321 486 2476 537 ctum
2513 482 2570 537 in
2605 496 2748 554 pago
2796 482 3164 538 Ambianensi
3213 495 3378 552 super
3414 483 3659 538 Sommam
3699 485 3742 539 in
3779 487 3856 542 ho-

545 577 901 649 coepiscopis
931 576 1057 632 suis
1088 573 1298 630 factum
1335 580 1505 644 atque
1549 572 1877 629 roboratum
1904 571 2020 640 jam
2047 567 2209 624 anti—
2325 581 2463 624 nore
2503 575 2832 626 sanctorum
2880 570 3266 640 apostolorum
3312 571 3452 625 Petri
3481 576 3532 625 et
3569 572 3721 640 Pauli,
3747 581 3787 628 et
3813 575 3854 628 S.

549 667 684 738 quis
727 662 1117 734 temporibus;
1151 665 1209 717 et
1250 661 1432 731 aliud,
1465 659 1537 716 ab
1577 658 2014 728 archiepiscopo
2059 655 2218 710 Rbe—
2323 657 2594 728 Stephani
2615 661 3071 729 protomartyris,
3097 660 3355 730 praesenti
3373 660 3856 717 auctoritatisnostre

551 753 766 811 mensis
816 751 1083 808 Ecclesia:
1131 750 1434 805 Hincmaro
1481 753 1538 804 et
1597 746 1910 803 universali
1964 743 2215 801 concilio
2326 745 2515 803 edicto
2568 747 2935 813 roboramus;
2987 749 3044 804 id
3075 753 3180 821 est,
3217 753 3282 804 ut
3310 761 3395 804 res
3438 749 3740 818 monasterii,
3778 751 3858 806 sive

553 844 953 916 episcoporum
968 839 1288 896 Galliarum
1311 838 1512 908 paucis
1543 834 2030 893 intercedentibus
2049 831 2221 889 annis
2329 849 2685 908 quaecunque
2712 851 2745 893 a
2791 837 3061 894 fidelibus
3112 837 3299 894 oblata
3349 836 3553 893 fuerint
3573 840 3666 894 Deo
3699 844 3744 893 et
3760 853 3858 894 con—

556 931 970 1001 conscriptum,
990 933 1046 984 et
1066 926 1596 997 subscriptionibus
1618 925 1870 996 propriis
1893 923 2220 981 roboratum
2330 925 2646 996 gregationi
2681 925 2922 983 fratrum
2955 927 3168 983 ibidem
3187 927 3409 983 Christo
3445 925 3794 996 famulantium,
3817 927 3857 982 in

563 1019 891 1092 petentibus
936 1023 1020 1086 ut,
1069 1017 1140 1072 ad
1186 1029 1560 1087 quoscunque
1609 1014 1732 1070 sive
1769 1013 2067 1084 episcopos
2106 1011 2225 1066 sive
2331 1013 2712 1083 dispositione
2785 1015 2979 1088 abbati
3035 1019 3092 1071 et
3152 1014 3388 1071 fratrum
3443 1020 3690 1082 maneant,
3734 1029 3858 1085 neque

560 1108 793 1165 abbates
841 1104 1180 1176 pervenerit,
1227 1102 1590 1159 subscribere
1635 1115 1746 1158 non
1801 1105 2126 1172 graventur.
2163 1099 2224 1154 1n
2334 1103 2640 1174 episcopus
2679 1103 3100 1174 Ambianensis,
3141 1105 3208 1160 ad
3244 1106 3408 1174 cujus
3434 1105 3691 1160 dioecesim
3721 1120 3858 1161 emno-

566 1197 780 1269 quibus
803 1193 1128 1266 privilegiis
1155 1192 1442 1248 decretum
1477 1197 1563 1247 est
1595 1197 1659 1246 ut
1695 1189 1992 1261 praefatum
2027 1201 2230 1244 mona-

563 1286 804 1341 sterium
830 1282 1102 1351 Corbeize,
1135 1287 1191 1337 et
1224 1294 1410 1336 rerum
1439 1293 1674 1335 suarum
1708 1279 1944 1334 liberam
1975 1277 2231 1333 obtineat

565 1374 1016 1432 dominationem
1048 1377 1105 1427 et
1129 1371 1380 1442 eligendi
1414 1369 1527 1425 sibi
1556 1369 1815 1424 abbatem
1845 1369 1914 1423 de
1942 1367 2066 1424 suis
2091 1379 2232 1422 sem.

565 1478 664 1534 per
700 1463 902 1518 habeat
945 1464 1318 1531 potestatem;
1370 1458 1818 1514 contradictores
1863 1471 1995 1513 vero
2047 1463 2103 1511 et
2134 1470 2231 1511 re-

565 1558 882 1622 pugnantes
912 1550 1047 1605 huic
1078 1547 1362 1604 sanctioni
1391 1547 1750 1602 anathemate
1775 1550 2047 1616 perpetuo
2072 1545 2228 1600 dam-

569 1641 804 1696 nandos.
865 1640 1048 1708 Super
1106 1638 1222 1692 haec
1266 1641 1454 1692 autem
1515 1635 1805 1707 magnifici
1861 1635 2226 1705 imperatoris

2338 1188 2499 1246 bium
2550 1191 2694 1249 illud
2730 1193 2986 1265 respicit,
3031 1193 3253 1264 aliquid
3279 1194 3476 1249 exinde
3503 1201 3766 1263 prasamat,
3794 1201 3861 1248 aut

2340 1280 2559 1350 aliquis
2607 1281 3006 1352 episcoporum
3039 1295 3282 1352 quorum
3327 1281 3385 1336 in
3432 1281 3862 1351 parochiisresaut

2341 1368 2613 1426 basilicas
2646 1370 2850 1426 habere
2891 1376 3332 1442 cognoscuntur,
3367 1384 3537 1440 neque
3564 1371 3615 1424 in
3639 1371 3776 1441 agris,
3798 1370 3863 1424 vil-

2341 1458 2436 1527 lis,
2473 1460 2704 1528 prmdiis
2742 1466 2843 1515 aut
2867 1459 3051 1530 cellis,
3101 1465 3202 1515 aut
3234 1460 3293 1515 in
3325 1459 3412 1515 his
3452 1459 3686 1515 omnibus
3705 1473 3799 1529 qua:
3818 1459 3861 1512 ad

2333 1549 2429 1617 jus
2459 1553 2514 1602 et
2560 1548 3008 1605 dominationem
3056 1563 3253 1604 eorum
3307 1548 3620 1618 respiciunt,
3667 1554 3745 1603 aut
3779 1548 3866 1615 epi-

2337 1651 2563 1707 scopus,
2627 1644 2728 1694 aut
2783 1652 3133 1709 (economus,
3189 1651 3290 1694 seu
3343 1637 3760 1707 archipresbyter,
3800 1642 3866 1689 aut

567 1727 848 1799 Lotharii,
910 1731 964 1782 et
997 1725 1268 1781 Ludovici
1318 1738 1382 1780 ac
1433 1724 1620 1780 Caroli
1668 1724 1995 1780 mandatum
2053 1729 2225 1793 atque
2256 1721 2308 1782 B
2337 1726 2800 1797 archidiaconus,
2834 1734 2935 1784 aut
2965 1727 3214 1798 quilibet
3245 1727 3633 1795 ministrorum,
3663 1739 3743 1781 seu
3767 1738 3868 1794 pre-

567 1816 917 1887 supplicatio
933 1816 1192 1885 accessit,
1219 1815 1473 1885 idipsum
1498 1814 1934 1883 postulantium,
1958 1814 2228 1869 videlicet

569 1911 635 1962 ut
662 1905 1059 1976 episcoporum
1089 1904 1392 1975 privilegia
1416 1907 1608 1960 nostra
1634 1917 1864 1974 quoque
1886 1903 2230 1959 auctoritate

570 1995 953 2050 firmarentur.

645 2085 758 2139 Nos
789 2084 982 2153 itaque
1020 2088 1316 2138 cernentes
1349 2081 1679 2152 religiosam
1726 2079 1848 2136 fore
1878 2079 2233 2150 postulatio-

570 2186 719 2241 nem,
754 2185 936 2242 neque
971 2171 1042 2227 ab
1085 2171 1400 2241 apostolica
1447 2169 1848 2227 sollicitudine
1891 2174 2234 2239 praetereun-

573 2263 708 2318 dum
737 2261 886 2332 quod
921 2275 1022 2332 pro
1065 2274 1358 2317 servorum
1402 2259 1502 2314 Dei
1551 2259 1734 2330 quieti
1780 2265 1836 2314 et
1865 2259 2050 2314 sancti
2084 2271 2234 2328 pon-

573 2353 756 2409 tifices
805 2351 896 2422 pie
924 2355 1270 2420 statuerunt,
1319 2354 1377 2405 et
1428 2349 1717 2420 magnifici
1751 2349 2040 2418 principes
2088 2347 2234 2403 reli-

573 2441 731 2512 giose
763 2439 1055 2511 rogabant,
1085 2443 1140 2494 et
1169 2438 1346 2495 abbas
1375 2437 1839 2509 congregationis
1860 2437 2114 2506 ejusdem
2142 2450 2233 2491 ne-

568 2528 818 2583 cessario
842 2527 1184 2596 postulabat,
1199 2526 1532 2582 censuimus
1553 2525 1735 2597 rogati
1750 2526 2057 2580 concedere
2076 2523 2228 2595 quod

573 2617 726 2672 ultro
791 2616 1028 2672 decebat
1080 2622 1332 2672 nostram
1383 2614 1723 2686 pastoralem
1770 2613 2229 2670 sollicitudinem

569 2704 860 2760 exhibere.

641 2793 1026 2865 Cognovimus
1065 2792 1259 2864 etiam,
1299 2791 1580 2848 referente
1608 2791 1919 2848 venerabili
1947 2791 2230 2848 Amrelmo

571 2881 792 2952 abbate,
825 2880 1172 2952 coenobium,
1224 2882 1295 2937 de
1322 2896 1433 2952 quo
1464 2881 1711 2953 agimus,
1744 2895 1778 2936 a
1816 2881 2233 2951 praecellentis-

572 2971 719 3027 sima
749 2973 1092 3027 Francorum
1132 2970 1328 3043 regina
1381 2970 1666 3026 Balthilde
1694 2970 1970 3026 nobiliter
1992 2969 2234 3026 aedifica-

573 3064 691 3116 tum
718 3058 746 3102 δ
777 3103 791 3132 ,
821 3065 877 3117 et
897 3073 929 3116 a
956 3061 1153 3131 prima;
1183 3059 1545 3118 fundationis
1571 3074 1688 3117 suae
1709 3066 1884 3131 statu,
1912 3075 2041 3117 cum
2075 3045 2234 3118 nobi1
2259 3045 2309 3108 Ο

570 3149 731 3206 litate
775 3156 1103 3208 sanctorum
1153 3151 1408 3207 virorum
1440 3155 1497 3207 et
1550 3150 1854 3222 religionis
1885 3152 2232 3208 monachicae

564 3238 946 3310 observantia,
1007 3246 1126 3296 tum
1205 3254 1435 3311 quoque
1487 3240 1816 3310 principum
1883 3239 2231 3296 Francorum

565 3326 781 3386 favoris
811 3330 1185 3401 praerogativa
1215 3337 1272 3388 et
1312 3329 1658 3387 muniminis
1696 3330 2047 3400 protectione
2076 3343 2234 3386 sem-

565 3434 664 3490 per
703 3419 986 3476 ﬂoruisse.
1035 3417 1156 3487 Qua
1189 3419 1260 3476 de
1307 3433 1366 3475 re
1399 3419 1612 3477 factum
1653 3425 1739 3476 est
1771 3425 1834 3475 ut
1861 3424 1918 3474 et
1950 3418 2232 3475 immuni—

564 3515 708 3567 tates
743 3524 930 3566 rerum
962 3523 1199 3566 suarum
1251 3513 1308 3564 et
1357 3509 1659 3581 privilegia
1685 3508 1938 3580 eligendi
1970 3508 2230 3564 abbatem

563 3613 759 3657 omnes
783 3599 835 3654 ei
865 3599 1257 3668 concederent,
1293 3611 1744 3667 concessumque
1785 3595 1904 3652 fore
1937 3596 2231 3667 perpetuis

563 3689 770 3744 diebus
803 3687 1193 3755 decernerent,
1228 3699 1580 3756 suarumque
1611 3686 1965 3741 munimenta
2007 3686 2232 3742 cessio-

567 3791 702 3834 num
731 3777 792 3831 in
831 3775 1085 3831 archivis
1128 3775 1462 3830 monasterii
1512 3775 1581 3830 ad
1631 3774 1961 3830 memoriam
1993 3773 2229 3832 futuro-

564 3879 691 3921 rum
741 3863 1014 3920 servanda
1055 3869 1410 3932 reponerent.
1457 3862 1682 3932 Quibus
1729 3865 1980 3934 cognitis
2031 3865 2232 3920 omni-

563 3955 692 4025 bus,
723 3952 882 4008 nefas
909 3965 1031 4008 esse
1070 3951 1346 4008 duximus
1376 3953 1427 4008 si
1462 3967 1572 4009 non
1607 3951 2014 4024 religiosorum
2056 3955 2228 4024 prin—

561 4045 754 4114 cipum
776 4043 1131 4098 devotionem
1150 4049 1470 4113 sequentes,
1489 4049 1544 4098 et
1565 4051 1890 4100 sanctorum
1915 4045 2226 4114 praesulum

563 4132 819 4203 exempla
850 4132 1209 4203 comitantes,
1247 4139 1454 4188 nostra:
1496 4133 1778 4189 cessionis
1825 4135 2226 4190 auctoritatem

566 4222 910 4279 monasterio
971 4222 1222 4278 Corbeize
1274 4222 1679 4290 tribueremus,
1740 4235 1829 4294 ne,
1891 4223 1990 4293 qui
2052 4225 2226 4293 primi

563 4317 791 4383 propter
818 4311 1145 4382 apostolica:
1176 4311 1331 4367 sedis
1371 4311 1680 4382 primatum
1715 4311 1774 4365 in
1814 4311 2228 4369 ecclesiasticis

2341 1817 2656 1887 positorum
2703 1817 2829 1886 ejus
2865 1821 2965 1872 aut
2995 1821 3307 1872 conventus
3353 1815 3568 1886 faciant,
3605 1821 3688 1869 aut
3726 1811 3867 1868 convi-

2341 1907 2430 1961 via
2452 1912 2788 1977 praeparent,
2821 1913 2924 1962 aut
2947 1906 3172 1978 aliquid
3211 1907 3527 1976 postestatis
3545 1906 3660 1975 jure
3682 1901 3769 1958 sibi
3788 1901 3868 1955 viu-

2337 1995 2551 2066 dicent,
2585 2000 2685 2052 aut
2734 1996 2965 2068 exigant
3015 1996 3378 2051 vindicanda.
3412 1997 3515 2049 Hac
3558 2006 3744 2064 quoque
3769 2005 3868 2046 con-

2338 2084 2585 2140 ditionis
2611 2084 2730 2156 lege
2766 2099 2962 2140 omnes
2989 2085 3247 2155 episcopi
3277 2099 3337 2140 se
3365 2083 3632 2140 conveniri
3665 2081 3863 2146 noverint,

2341 2188 2583 2245 quorum
2617 2174 2919 2245 parochias
2951 2187 3040 2230 res
3063 2174 3424 2230 Corbeiensis
3444 2172 3726 2228 monasterii
3751 2171 3869 2238 respi-

2339 2276 2466 2319 cere
2515 2269 2960 2334 cognoscuntur,
3036 2277 3137 2318 nec
3205 2276 3405 2319 novum
3455 2275 3547 2317 nec
3617 2260 3867 2315 inusitatum

2340 2358 2610 2408 causetur
2640 2353 2946 2423 quisquam
2973 2352 3095 2408 fore
3125 2353 3278 2423 quod
3306 2352 3656 2419 decernimus,
3682 2348 3870 2420 quando-

2341 2441 2571 2513 quidem
2598 2447 2655 2497 et
2682 2442 2816 2497 huic
2854 2441 3114 2498 coenobio
3145 2446 3371 2498 constat
3393 2441 3521 2496 olim
3547 2441 3646 2510 jam
3674 2438 3754 2492 hoc
3774 2448 3872 2490 con-

2339 2544 2586 2603 cessum,
2617 2531 2900 2586 et'multis
2945 2530 3084 2586 aliis
3112 2543 3225 2586 non
3255 2531 3436 2586 solum
3473 2530 3528 2584 in
3551 2527 3724 2594 Gallia,
3748 2523 3809 2578 vel
3833 2523 3870 2576 in

2341 2620 2524 2686 Italia,
2579 2634 2772 2676 verum
2826 2625 2946 2676 toto
2972 2627 3259 2676 terrarum
3300 2620 3450 2692 orbe,
3478 2631 3575 2674 non
3605 2615 3753 2672 solum
3788 2624 3874 2666 mo—

2343 2708 2675 2780 nachorum,
2705 2723 2899 2765 verum
2939 2710 3347 2767 canonicorum
3382 2705 3702 2765 monasteriis
3720 2701 3866 2757 hodie--

2343 2811 2451 2868 que
2485 2799 2874 2868 conspicimus
2926 2812 3151 2854 manere
3183 2799 3487 2869 indultum,
3517 2803 3567 2852 et
3607 2800 3874 2862 unaquaeque

2338 2887 2585 2943 Ecclesii
2613 2887 2778 2944 debet
2806 2901 3029 2944 manere
3054 2889 3182 2944 suis
3215 2887 3526 2960 privilegiis
3553 2887 3784 2949 contenta,
3809 2891 3877 2931 nec

2338 2978 2409 3034 ab
2430 2978 2544 3034 alia
2573 2979 2798 3048 pervadi
2822 2978 2904 3034 vel
2925 2979 3220 3051 usurpari,
3247 2977 3393 3050 quod
3417 2975 3633 3032 alterius
3646 2971 3767 3042 juris
3788 2980 3874 3023 esse

2339 3068 2716 3138 conspicitur.

2409 3159 2663 3228 Cumque
2687 3157 3005 3213 Galliarum
3039 3157 3388 3227 permaxime
3416 3152 3668 3212 Ecclesias
3693 3147 3875 3206 fidelium

2337 3247 2749 3306 collationibus
2796 3261 2829 3304 a
2857 3249 2970 3304 Deo
3011 3251 3238 3303 constet
3288 3260 3409 3303 esse
3443 3246 3652 3304 ditatas,
3677 3246 3728 3297 ut
3766 3247 3876 3292 nemo

2338 3339 2418 3396 sit
2437 3337 2552 3395 fere
2571 3337 2990 3408 episcoporum,
3023 3337 3118 3393 cui
3151 3351 3274 3393 suae
3304 3340 3557 3405 sumptus
3578 3327 3792 3387 Ecclesia
3810 3335 3876 3377 sa-

2339 3428 2418 3484 tis
2445 3441 2730 3498 superque
2773 3440 2884 3482 non
2915 3425 3228 3497 sufﬁciant,
3259 3427 3426 3495 cujus
3453 3421 3618 3495 gratia
3641 3413 3877 3474 necessitu—

2337 3518 2516 3588 dinis,
2549 3530 2674 3587 quae
2703 3529 2992 3572 servorum
3018 3515 3240 3572 Christi
3269 3520 3404 3572 sunt
3431 3513 3618 3570 usibus
3637 3507 3815 3566 collata,
3839 3500 3875 3553 in

2338 3619 2474 3662 suos
2498 3610 2824 3661 convertere
2861 3610 3126 3674 sumptus
3158 3608 3521 3674 praesumant.
3547 3600 3630 3656 Sic
3654 3595 3774 3652 enim
3795 3588 3875 3644 cle—

2340 3695 2590 3750 ricorum
2626 3694 2727 3764 qui
2757 3695 2827 3749 de
2859 3694 3111 3764 propriis
3143 3693 3442 3750 abundant
3471 3687 3749 3746 redditibus
3766 3689 3874 3735 com-

2341 3785 2654 3840 municatio
2685 3783 3024 3855 prohibetur
3053 3797 3185 3840 cum
3226 3783 3314 3839 eis
3350 3794 3472 3854 quae
3499 3776 3808 3835 conferuntur
3823 3777 3876 3819 ec-

2335 3875 2544 3946 clesiaa,
2577 3887 2648 3931 ne
2665 3875 2802 3930 dum
2828 3874 2917 3929 illi
2949 3874 3277 3944 acceperint
3307 3873 3408 3945 qui
3436 3873 3503 3929 de
3527 3865 3741 3940 pr0priis
3758 3857 3876 3913 abun-

2334 3966 2491 4036 dant,
2515 3978 2714 4020 eorum
2750 3964 2850 4034 qui
2906 3963 3055 4019 nihil
3107 3963 3320 4020 habent
3351 3962 3537 4033 inopia
3572 3969 3666 4013 non
3693 3953 3874 4042 levvluf;

2335 4069 2448 4126 qua
2488 4055 2840 4111 conscientia
2867 4054 3174 4124 episcOpus
3218 4067 3337 4111 suae
3366 4049 3668 4121 sumptibus
3687 4039 3876 4126 Εοειςδίκ

2335 4125 2642 4214 sufﬁciens,
2673 4157 2798 4214 quae
2823 4157 3116 4199 servorum
3160 4143 3264 4199 Dei
3299 4141 3512 4198 fuerint
3533 4135 3707 4193 usibus
3731 4125 3874 4184 collata

2337 4241 2640 4307 praesumat
2689 4232 3066 4304 contingere?
3112 4234 3227 4288 Nec
3261 4237 3485 4289 veretur
3512 4225 3646 4298 quod
3687 4225 3877 4291 μετρεο-

2339 4328 2562 4398 phetam
2621 4323 2901 4379 Dominus
2945 4321 3256 4393 exprobrat
3302 4317 3670 4379 sacerdotibus
3707 4311 3872 4398 dicens:

560 4401 810 4473 «egotiis
833 4400 1209 4471 disponendis
1241 4401 1488 4456 inveniri
1527 4399 1853 4471 debeamus,
1890 4401 2002 4470 ipsi
2032 4409 2229 4471 poste—
2255 4409 2306 4470 1)
2333 4388 2552 4488 hapina
2585 4417 2851 4485 pauperis
2896 4415 2954 4466 in
3011 4388 3262 4467 ἀοηιίδαε
3309 4413 3497 4466 vestris
3541 4409 3657 4478 (ιεα,
3700 4413 3768 4468 ιη,
3806 4388 3873 4460 ll).

565 4492 745 4547 tiores
780 4491 1155 4562 reperiamur,
1190 4495 1247 4544 et
1295 4489 1395 4559 qui
1427 4489 1496 4544 ad
1530 4502 1822 4544 servorum
1849 4489 1948 4544 Dei
1977 4491 2226 4561 quietem

560 4581 994 4649 comparandam
1038 4578 1263 4634 caeteris
1309 4577 1674 4634 auctoritatis
1705 4577 1898 4635 lumen
1958 4589 2226 4650 praestare

567 4669 824 4738 exemplo
866 4675 1060 4724 nostro
1123 4665 1416 4738 jubemur,
1467 4667 1734 4738 loquente
1789 4669 2052 4740 Domino,
2120 4671 2223 4725 Vos

565 4761 694 4813 estis
749 4759 848 4810 tua:
890 4757 1086 4810 mundi
1132 4758 1312 4826 (Matt.
1373 4770 1428 4828 ν,
1482 4753 1589 4829 44),
1641 4758 1750 4829 ipsi
1787 4771 1885 4830 per
1941 4759 2224 4832 negligen-

567 4848 662 4902 tiae
695 4851 944 4916 teporem
971 4845 1208 4902 minime
1237 4845 1372 4902 boni
1404 4847 1596 4918 aperis
1622 4847 1906 4920 fulgorem
1935 4849 2040 4906 alii
2069 4864 2224 4921 prae-

560 4935 813 4992 beamus.

630 5027 749 5096 Qua
775 5025 844 5081 de
890 5039 946 5082 re
991 5026 1211 5082 noverit
1251 5027 1440 5083 omnis
1496 5027 1746 5084 Ecclesia
1791 5027 2131 5111 Galliarum,
2165 5032 2220 5086 et

561 5117 865 5173 universus
901 5116 1308 5186 .episc0porum
1362 5122 1544 5174 cretus
1569 5118 1753 5173 eidem
1788 5118 2055 5175 Ecclesiae
2084 5134 2220 5189 prae.

557 5205 892 5276 sidentium,
950 5205 1100 5276 quod
1154 5205 1459 5278 privilegia
1502 5212 1831 5263 sanctorum
1879 5209 2208 5282 praesulum,

556 5297 676 5354 sive
726 5310 850 5368 quae
900 5294 1108 5351 diebus
1138 5295 1418 5368 antiquis,
1473 5295 1593 5352 sive
1645 5297 1913 5353 moderno
1961 5304 2212 5370 tempore

2336 4510 2616 4578 Pauperes
2635 4505 2786 4561 enim
2804 4502 3019 4559 Christi
3045 4514 3169 4558 esse
3191 4502 3328 4572 quis
3353 4499 3576 4568 nesciat,
3598 4493 3682 4566 qui
3705 4491 3876 4579 conteru-

2336 4576 2534 4654 nentes
2571 4592 2952 4650 substantiam
2987 4590 3208 4661 mundi,
3249 4588 3554 4646 Salvatoris
3581 4579 3732 4640 nostri
3751 4576 3876 4630 vestr

2334 4685 2427 4758 gia
2456 4688 2754 4752 sectantes,
2788 4681 2889 4752 qui
2919 4693 3045 4736 cum
3083 4685 3233 4736 esset
3259 4680 3422 4736 dives
3446 4690 3541 4748 pro
3561 4671 3703 4761 nobis
3719 4670 3876 4761 fagi}?

2331 4755 2564 4832 effectus
2582 4777 2688 4842 est,
2712 4775 2921 4827 sach
2942 4768 3317 4840 perfectionis
3342 4766 3568 4824 titulum
3592 4759 3688 4818 sibi
3703 4755 3876 4812 divitias

2329 4865 2706 4922 arbitrantur.

2399 4920 2678 5024 Quisquis
2735 4951 2918 5023 igitur
2961 4948 3186 5020 aliquid
3240 4947 3445 5004 horum
3492 4955 3606 5016 quae
3638 4933 3808 4995 fuerint
3827 4920 3873 5022 ad

2329 5043 2695 5100 necessitates
2745 5053 2942 5095 eorum
2995 5037 3222 5108 collata,
3280 5029 3695 5106 praesumpserit,
3720 5027 3763 5077 et
3787 5025 3875 5108 suis

2325 5130 2641 5190 commodis
2669 5129 3038 5201 applicuerit,
3074 5100 3332 5197 rapinam
3363 5126 3420 5181 in
3445 5124 3657 5180 domum
3685 5118 3807 5169 suam
3827 5100 3875 5154 de

2325 5219 2650 5280 substantia
2694 5200 2967 5290 pauperis
2991 5220 3317 5289 congregat.
3349 5213 3548 5269 Omnia
3578 5211 3766 5280 quoque
3787 5200 3876 5262 (illi?

2324 5317 2461 5370 sunt
2515 5310 2777 5366 ecclesiis
2825 5308 3015 5365 oblata
3063 5307 3148 5364 vel
3187 5305 3466 5377 delegata,
3517 5301 3573 5356 in
3619 5293 3873 5366 pauperum,

621 5522 650 5552 ει
679 5512 1058 5566 Ambianensi.
1105 5509 1358 5583 Scilicet,
1372 5508 1708 5583 _Bert_efrido.
1739 5508 1800 5583 _ld
1838 5507 2208 5583 privilegium
2315 5513 2556 5570 alterum
2585 5523 2716 5565 vero
2742 5514 2903 5583 torno
2927 5508 2998 5583 ill
3026 5505 3355 5583 earumdem
3379 5499 3608 5583 Concil.,
3634 5485 3772 5583 pLg?-

549 5583 774 5640 videbis
801 5589 933 5640 tom.
972 5585 993 5637 ι
1031 5581 1248 5638 Concil.
1280 5579 1403 5637 Gal.
1433 5593 1465 5636 a
1487 5580 1792 5638 Sirmondo
1815 5582 1953 5638 edit.
1987 5579 2207 5656 p.302,

2388 5559 2996 5653 {adiﬁczwfvidé‘
3012 5559 3164 5636 ibi:
3177 5559 3398 5633 liConc.
3427 5572 3548 5642 Gal,
3579 5559 3648 5639 p.‘
3668 5559 3770 5620 500.
