4068 6178
258 286 410 346 4005

1589 286 2009 344 BENEDICTUS
2045 288 2222 345 ΡΛΡΑ
2257 290 2351 346 Ill.

3527 281 3668 342 4006

257 410 646 483 pupillorum,
671 409 1000 480 viduarum,
1021 413 1238 467 certum
1256 414 1343 468 est
1368 409 1734 467 necessitates
1752 409 1926 466 desti-
1951 413 2004 472 A
2033 409 2292 467 exhiberi
2318 409 2534 482 dignis,
2563 408 2715 464 sicut
2737 406 2994 464 Salvator
3020 407 3104 463 ait
3127 425 3140 463 ;
3173 404 3356 462 Gratis
3371 406 3677 476 accepistis.

259 507 415 557 nata.
441 499 628 570 Quare
650 499 920 570 quisquis
940 512 1009 554 ex
1029 499 1120 554 his
1139 498 1363 570 aliquid
1391 500 1448 555 in
1470 513 1605 556 suas
1637 498 1921 556 utilitates

257 589 470 661 exigit,
508 588 766 658 rapinam
818 587 1089 658 pauperis
1121 588 1177 644 in
1223 589 1455 645 domum
1504 601 1666 645 suam
1711 600 1926 658 conge-

257 687 411 735 stam
457 677 696 733 detinet.
744 677 810 731 Et
857 677 1168 746 Apostolus
1205 678 1329 734 ait:
1379 678 1520 744 Quia
1566 693 1791 748 rapaces
1830 692 1924 731 re-

255 783 437 836 gnum
470 768 572 820 Dei
607 779 717 819 non
755 765 1117 834 possidebunt
1157 765 1208 836 (Ι
1238 766 1356 821 Cor.
1386 781 1461 836 v1,
1497 765 1604 837 40).
1658 765 1818 821 Unde
1853 762 1925 820 ab

256 854 540 911 omnibus
567 867 692 924 quae
724 854 1070 910 monasterio
1090 854 1342 910 Corbeiaa
1368 853 1602 924 fuerint,
1624 854 1710 910 vel
1732 853 1924 910 oblata

255 944 352 1000 vel
383 955 736 1014 quocunque
780 942 1040 1014 legitimo
1067 943 1198 1013 jure
1229 956 1508 1014 possessa,
1545 944 1604 999 in
1636 943 1920 1013 pecuniis,

255 1035 324 1090 in
356 1033 536 1105 agris,
571 1033 630 1088 in
657 1031 916 1105 praediis,
942 1033 1002 1088 in
1028 1032 1318 1104 domibus,
1339 1034 1397 1089 in
1421 1033 1606 1103 cellis,
1630 1037 1731 1088 aut
1753 1031 1928 1088 eccle-

249 1124 392 1194 siis,
422 1122 571 1177 nihil
603 1135 672 1178 ex
704 1121 790 1177 eis
819 1121 934 1177 sibi
982 1126 1288 1192 praesumat
1317 1128 1418 1179 aut
1448 1122 1777 1193 episcopus,
1820 1125 1926 1176 aut

257 1212 602 1283 quicunque
634 1209 1035 1266 ministrorum
1061 1211 1207 1282 ejus,
1232 1225 1300 1266 ne
1339 1216 1538 1267 contra
1589 1216 1838 1267 nostram
1869 1213 1926 1264 et

258 1301 548 1370 majorum
602 1299 1000 1355 auctoritatem
1033 1297 1268 1371 faciens,
1316 1313 1512 1372 regum
1556 1312 1784 1371 quoque
1818 1299 1926 1354 de-

255 1395 423 1445 creta
467 1402 569 1458 pro
600 1401 893 1444 servorum
937 1388 1154 1444 Christi
1200 1389 1392 1459 quiete
1421 1389 1734 1445 constituta
1781 1401 1926 1442 con-

259 1485 549 1548 temnens,
576 1490 734 1533 reum
775 1490 836 1533 se
865 1478 1048 1534 sancti
1087 1478 1322 1534 concilii
1358 1482 1416 1535 et
1441 1483 1727 1550 perpetuae
1756 1477 1926 1534 dam—

260 1566 528 1624 nationis
556 1564 782 1622 eﬂiciat.

337 1658 408 1712 Et
438 1655 709 1726 quoniam
741 1655 1003 1712 monachi
1031 1656 1481 1728 tranquillitatis
1511 1669 1725 1728 pacem,
1757 1659 1814 1711 et
1841 1667 1926 1710 se-

2032 503 2205 570 gratis
2245 501 2370 555 date
2399 499 2616 570 (Matth.
2651 512 2710 570 x,
2737 496 2808 571 8).

2105 589 2419 645 Electionis
2455 593 2642 644 autem
2689 583 3058 656 privilegium
3092 587 3155 640 ut
3201 581 3443 638 habeant
3475 579 3680 638 fratres

2033 679 2288 749 ejusdem
2314 675 3046 743 monasteriidecernimus,
3081 672 3138 729 id
3156 677 3260 742 est,
3295 675 3360 727 ut
3379 683 3684 741 quemcun-

2034 781 2145 840 que
2156 767 2226 823 de
2241 766 2321 822 sei
2329 767 2470 836 psis,
2485 765 2585 835 qui
2601 764 2680 819 sit
2698 762 3044 819 monachicae
3058 758 3452 830 professionis,
3471 757 3684 829 dignus

2035 863 2222 913 tamen
2250 855 2520 927 pastorali
2556 854 2904 926 pralatione,
2929 849 3220 908 voluerint
3237 847 3448 920 eligere
3472 860 3684 902 secun-

2036 946 2170 1002 dum
2230 944 2544 1017 regularem
2591 943 3012 1013 auctoritatem,
3067 941 3396 1010 potestatem
3445 935 3686 992 habeant

2033 1034 2303 1106 eligendi.
2347 1036 2414 1089 Et
2457 1046 2628 1103 super
2662 1036 2953 1087 monentes
2987 1029 3351 1085 obsecramus
3399 1025 3684 1097 gloriosos

2036 1123 2189 1180 filios
2229 1128 2454 1180 nostros
2471 1122 2828 1190 Lothartum,
2862 1119 3234 1188 Ludovicum,
3259 1115 3527 1172 Carolum
3555 1113 3682 1169 Au—

2034 1218 2266 1285 gustum
2291 1223 2332 1282 ',
2363 1220 2426 1268 ut
2446 1213 2599 1268 sicut
2644 1208 3040 1266 memorabiles
3064 1206 3330 1278 Augusti,
3373 1203 3599 1276 genitor
3625 1207 3683 1258 et

2033 1315 2172 1358 avus
2209 1315 2428 1371 eorum,
2454 1305 2512 1356 et
2542 1301 2762 1370 priores
2785 1303 2918 1354 ante
2951 1311 3010 1353 se
3038 1309 3195 1369 reges
3219 1295 3562 1350 Francorum
3589 1291 3684 1346 ei-

2031 1390 2160 1447 dem
2207 1390 2468 1447 caanobio
2520 1393 2923 1445 concesserunt
2960 1385 3209 1457 eligendi
3257 1375 3328 1440 de
3357 1379 3682 1450 semetipsis

2031 1480 2312 1549 abbatem,
2336 1468 2508 1550 atque
2536 1478 2646 1550 ipsi
2679 1478 2810 1534 suis
2831 1475 3131 1547 praeceptis
3162 1474 3267 1540 hoc
3299 1472 3447 1528 idem
3487 1482 3682 1526 sanxe-

2035 1575 2189 1640 runt,
2235 1569 2315 1625 ita
2353 1582 2582 1640 quoque
2621 1578 2958 1624 conservare
2994 1563 3122 1620 suis
3173 1560 3527 1631 temporibus
3580 1571 3682 1628 pro

2030 1658 2246 1716 Christi
2273 1671 2465 1714 amore
2492 1657 2824 1729 dignentur,
2870 1658 2926 1710 et
2959 1651 3342 1709 conservanda
3387 1646 3680 1720 perpetuis

251 1744 538 1802 curitatis
565 1744 747 1800 otium
772 1743 978 1800 habere
1005 1743 1231 1815 debent,
1260 1749 1326 1801 ut
1348 1747 1459 1801 Deo
1488 1749 1752 1801 vacantes
1783 1757 1924 1815 pro—
1949 1741 2000 1802 B
2029 1748 2238 1806 diebus
2278 1746 2622 1803 aeternitatis
2654 1759 2773 1802 sua:
2801 1743 3026 1816 legibus
3049 1741 3428 1810 constituant,
3452 1742 3516 1794 ut
3542 1737 3679 1792 dum

255 1833 542 1890 fessionis
567 1847 685 1889 sua:
712 1833 964 1904 regulam
987 1833 1210 1889 valeant
1230 1833 1548 1899 observare,
1577 1847 1678 1890 nec
1706 1834 1925 1904 episco-

255 1938 397 1994 pus,
441 1936 542 1978 nec
583 1921 1030 1977 archidiaconus
1061 1923 1186 1992 ejus
1213 1924 1486 1980 accedant
1513 1923 1583 1979 ad
1622 1922 1919 1994 praefatum

255 2012 702 2082 monasterium,
737 2025 839 2067 nec
868 2024 1160 2068 servorum
1177 2013 1276 2068 Dei
1309 2013 1558 2084 quietem
1587 2011 1920 2083 perturbare

255 2106 634 2174 praesumant,
659 2101 774 2156 nisi
802 2099 947 2158 forte
961 2106 1063 2158 aut
1082 2101 1277 2174 abbas,
1301 2109 1404 2159 aut
1423 2101 1649 2175 fratres,
1669 2102 1920 2170 alicujus

257 2191 547 2248 utilitatis
592 2190 776 2261 gratia
806 2203 936 2246 eum
980 2203 1180 2246 vocare
1212 2191 1522 2261 voluerint.
1557 2191 1704 2247 alias
1731 2205 1832 2246 nec
1860 2190 1918 2246 in

253 2279 549 2350 abbatem,
592 2292 694 2334 nec
743 2278 800 2334 in
845 2278 1098 2350 aliquem
1152 2279 1223 2336 de
1266 2278 1544 2337 fratribus
1603 2281 1918 2352 quidquam

256 2368 570 2440 potestatis
611 2367 886 2438 obtineat,
933 2381 1115 2438 neque
1157 2383 1255 2438 per
1301 2369 1677 2440 episcopalem
1709 2368 1919 2426 fastum

255 2457 494 2527 aliquid
543 2457 603 2512 in
651 2469 748 2512 eos
790 2457 843 2512 ei
893 2456 1099 2527 liceat;
1144 2471 1339 2514 verum
1387 2458 1564 2514 abbas
1605 2459 1918 2514 secundum

257 2546 523 2618 regulam
548 2546 602 2599 S.
643 2545 930 2602 Benedicti
970 2543 1110 2616 (cap.
1134 2546 1263 2619 va)
1299 2547 1537 2603 liberam
1583 2546 1917 2604 monasterii

256 2636 358 2692 sui
394 2634 598 2690 habeat
620 2639 972 2705 potestatem,
1005 2639 1062 2690 et
1104 2637 1366 2692 monachi
1391 2638 1461 2693 ad
1493 2638 1618 2706 ejus
1647 2642 1918 2708 tanquam

255 2725 334 2781 ad
351 2724 604 2794 pastoris
616 2723 707 2780 sui
723 2723 1081 2780 solummodo
1098 2725 1916 2799 respiciantgubernationem,

259 2827 369 2869 nec
413 2812 738 2882 episcopale
770 2812 1159 2869 ministerium
1204 2813 1426 2886 aliquid
1472 2815 1718 2872 ditionis
1748 2831 1922 2887 super

256 2916 364 2958 eos
392 2901 670 2958 obtineat.
703 2901 983 2970 Quoniam
1025 2916 1153 2958 cum
1197 2903 1372 2959 abbas
1408 2904 1560 2960 vices
1591 2905 1806 2960 Christi
1860 2907 1919 2962 in

259 2991 618 3047 monasterio
655 2990 913 3046 creditur
954 3003 1141 3065 agere,
1182 2993 1430 3062 pastoris
1467 2993 1718 3050 ofﬁcium
1749 3009 1921 3065 super

2030 1837 2266 1894 famulis
2287 1835 2501 1892 Christi
2531 1834 2848 1890 libertatem
2870 1830 3172 1889 electionis
3193 1827 3600 1896 concesserint,
3624 1833 3682 1884 et

2029 1940 2353 1985 concessam
2391 1939 2614 1982 servare
2642 1923 2992 1992 studuerint,
3019 1929 3076 1978 et
3113 1919 3411 1992 praesentis
3441 1918 3571 1974 vitae
3598 1932 3679 1974 re-

2030 2031 2224 2088 gnum,
2259 2021 2316 2072 et
2339 2015 2698 2084 sempiternae
2718 2011 3101 2068 beatitudinis
3120 2009 3362 2081 gloriam
3386 2021 3418 2062 a
3436 2007 3676 2063 Domino

2033 2104 2143 2176 ipsi
2173 2105 2462 2175 percipere
2488 2107 2828 2158 mereantur.
2856 2103 3042 2171 Atque
3068 2098 3218 2171 quod
3262 2102 3350 2154 est
3371 2101 3473 2152 aut
3520 2095 3678 2166 regio

2031 2207 2283 2264 munere,
2324 2198 2424 2248 aut
2459 2191 2712 2248 fidelium
2743 2189 3045 2246 devotione
3075 2189 3143 2243 ad
3174 2188 3321 2243 idem
3352 2183 3676 2242 caenobium

2027 2285 2139 2339 Deo
2161 2282 2507 2352 famulisque
2525 2281 2650 2351 ejus
2674 2279 2948 2348 oblatum,
2981 2291 3080 2334 nec
3120 2278 3230 2347 ipsi
3257 2274 3540 2344 auferant,
3577 2285 3679 2328 nec

2027 2372 2174 2428 alios
2221 2371 2446 2429 auferre
2499 2370 2851 2441 permittant.
2911 2367 3190 2438 Quoniam
3246 2364 3408 2420 valde
3455 2363 3675 2432 justum

2029 2468 2252 2518 constat
2275 2467 2448 2532 atque
2469 2459 2829 2532 religiosium
2857 2465 2940 2529 ut,
2983 2457 3082 2528 qui
3114 2470 3147 2511 a
3186 2454 3427 2511 Domino
3463 2465 3679 2507 merue-

2030 2558 2166 2608 runt
2215 2551 2504 2622 percipere
2534 2550 2694 2620 regni
2744 2548 3035 2616 honorem,
3069 2545 3182 2616 ipsi
3209 2547 3320 2600 Deo
3344 2546 3678 2599 conservent

2031 2641 2182 2713 quod
2211 2641 2264 2696 ei
2291 2639 2562 2696 collatum
2591 2642 2678 2694 est
2704 2638 2797 2708 pia
2841 2636 3198 2692 credentium
3235 2632 3572 2700 devotione;
3599 2635 3674 2699 et,

2031 2730 2191 2802 quia
2217 2728 2446 2785 Christo
2462 2727 2638 2799 regali
2671 2725 3093 2798 magnificentia
3119 2722 3340 2794 praalati
3365 2725 3502 2776 sunt
3521 2723 3685 2774 caete-

2032 2819 2136 2890 ris,
2166 2818 2278 2888 ipsi
2307 2815 2542 2873 famulis
2569 2815 2785 2872 Christi
2820 2813 3070 2887 eligendi
3105 2811 3220 2868 sibi
3258 2815 3537 2880 pastorem
3565 2819 3676 2863 non

2030 2905 2293 2962 auferant
2323 2905 2665 2962 libertatem.
2700 2906 2838 2960 Nam
2871 2905 3004 2973 quis
3036 2902 3262 2974 ignorat
3289 2899 3391 2955 illa
3416 2911 3543 2969 qua:
3569 2895 3681 2952 col-

2032 2995 2146 3050 lata
2165 3000 2301 3051 sunt
2329 2995 2442 3049 Deo
2465 3007 2563 3062 per
2589 2992 2841 3048 fidelium
2877 3005 3098 3060 manus,
3144 2990 3441 3046 divinitati
3484 2988 3679 3061 possi-

258 3080 523 3138 creditas
549 3079 662 3136 sibi
694 3093 824 3137 oves
857 3079 1062 3137 habere
1081 3083 1467 3154 cognoscitur,
1494 3090 1671 3155 utque
1695 3084 1919 3154 dispen-
1948 3067 1998 3130 Ο
2028 3083 2212 3140 denda
2236 3081 2587 3154 consignari,
2610 3087 2668 3136 et
2685 3079 2756 3134 ab
2781 3080 3028 3136 humano
3048 3080 3180 3149 jure
3211 3080 3271 3135 in
3288 3080 3387 3148 jus
3413 3080 3678 3135 divinum

257 3167 520 3225 sationis
548 3181 667 3224 suae
706 3167 1095 3225 ministerium
1134 3183 1395 3226 exercere
1421 3171 1722 3240 praevaleat
1748 3171 1922 3243 digne

258 3256 496 3313 nullius
525 3256 691 3312 debet
710 3256 1034 3326 perturbari
1075 3262 1352 3328 potestate
1382 3258 1694 3329 subjectus,
1723 3260 1819 3316 sed
1851 3259 1920 3315 ab

255 3345 426 3402 omni
471 3345 785 3415 episcopali
817 3345 966 3410 liber
1001 3346 1396 3403 dominatione
1441 3348 1736 3404 Christum
1785 3353 1922 3404 tan-

257 3434 566 3491 tummodo
592 3435 845 3506 judicem
887 3437 1191 3507 sustineat,
1224 3437 1319 3493 cui
1355 3437 1689 3494 redditurus
1729 3443 1816 3494 est
1852 3439 1923 3494 de

255 3524 508 3582 creditis
546 3525 662 3581 sibi
705 3525 912 3582 ovibus
964 3526 1262 3583 rationem.
1320 3527 1676 3598 Quapropter
1738 3527 1922 3584 modis

256 3614 540 3673 omnibus
551 3615 865 3672 statuimus
882 3620 946 3672 ut
961 3616 1265 3687 episcopus
1283 3617 1562 3674 adventus
1573 3618 1666 3674 sui
1686 3631 1928 3689 praesen-

259 3705 350 3761 tia
381 3704 718 3760 monasterii
750 3704 1210 3776 tranquilitatem
1235 3719 1346 3763 non
1369 3706 1670 3778 inquietet,
1701 3721 1802 3763 nec
1821 3706 1924 3762 ali-

262 3792 417 3864 quid
444 3793 582 3849 ineo
603 3792 914 3864 episcopali
940 3797 1214 3863 potestate
1252 3793 1434 3852 facere
1472 3801 1796 3867 praesumat,
1821 3807 1923 3851 nec

260 3880 557 3937 fratribus
579 3887 682 3937 aut
710 3880 904 3937 abbati
934 3881 1109 3937 ullam
1137 3883 1454 3940 molestiam
1484 3889 1586 3940 aut
1617 3883 1924 3956 inquietu-

256 3969 430 4027 dinis
461 3970 947 4040 perturbationem
977 3970 1218 4044 ingerat.
1246 3972 1405 4043 Quod
1439 3973 1488 4030 si
1523 3973 1738 4030 violare
1769 3987 1922 4044 prae-

257 4060 602 4132 sumpserit,
628 4073 740 4116 non
765 4060 1011 4130 pastoris
1031 4059 1301 4133 officium,
1331 4063 1426 4118 sed
1449 4063 1732 4120 eversoris
1750 4067 1923 4134 atque

255 4148 698 4206 conturbatoris
737 4150 1025 4207 Dominici
1073 4151 1264 4223 gregis
1317 4153 1539 4209 noverit
1595 4166 1655 4209 se
1706 4154 1925 4226 agitare

261 4238 653 4311 tyrannidem,
682 4251 748 4294 ac
773 4253 871 4310 per
893 4239 1000 4296 hoc
1037 4252 1151 4296 non
1179 4245 1242 4296 ut
1281 4246 1475 4312 pastor
1497 4242 1923 4313 suscipiendus,

259 4341 469 4384 verum
508 4333 779 4399 tanquam
806 4328 980 4400 lupus
1001 4329 1072 4385 ab
1106 4329 1246 4387 ovili
1273 4330 1488 4388 Christi
1531 4332 1922 4403 removendus,

2029 3165 2263 3228 concedi
2285 3171 2604 3242 ;nec_etiam
2621 3168 2917 3225 hominum
2935 3167 3318 3224 dominationi
3347 3181 3509 3236 posse
3522 3172 3679 3222 tran-

2029 3261 2230 3329 scribi,
2272 3260 2422 3331 quod
2470 3263 2692 3315 constat
2731 3256 3062 3313 divinitatis
3097 3256 3456 3326 possessione
3503 3253 3673 3312 semel

2032 3349 2152 3406 fore
2177 3347 2563 3404 contraditum
2580 3345 2608 3400 ‘2
2631 3345 2788 3400 Unde
2809 3344 3079 3414 quisquis
3105 3358 3169 3399 ea
3198 3343 3294 3399 sui
3315 3345 3470 3413 juris
3498 3344 3681 3399 domi-

2032 3438 2255 3496 nationi
2286 3446 2527 3494 conatur
2551 3436 2881 3508 adjungere,
2908 3433 3170 3504 alterius,
3190 3433 3245 3488 id
3269 3442 3373 3505 est,
3403 3433 3502 3488 Dei
3524 3433 3680 3502 juris

2033 3540 2384 3600 pervasorem
2417 3530 2634 3582 certum
2659 3530 2746 3580 est
2765 3522 2885 3580 fore
2905 3537 3054 3579 eum.
3092 3521 3315 3578 Etenim
3346 3523 3396 3578 si
3421 3523 3554 3594 quis
3577 3523 3684 3580 ali-

2031 3620 2201 3689 cujus
2229 3617 2482 3674 hominis
2506 3615 2922 3686 possessionem
2951 3627 3049 3684 per
3068 3613 3398 3669 violentiam
3431 3613 3544 3670 sibi
3577 3628 3683 3670 co—

2034 3715 2204 3765 natus
2234 3707 2730 3776 fueritusurpare,
2755 3718 2887 3760 reus
2913 3703 3132 3774 publici
3154 3703 3308 3774 juris
3332 3702 3596 3774 efﬁcitur,
3628 3711 3684 3760 et

2032 3802 2303 3869 tanquam
2326 3801 2520 3867 raptor
2544 3801 2600 3851 et
2621 3807 2885 3866 pervasor
2907 3793 3260 3850 hereditatis
3283 3793 3484 3850 alienae
3512 3793 3678 3866 legali

2026 3886 2250 3958 judicio
2283 3884 2611 3957 puniendus
2659 3883 2993 3953 subjicitur,
3032 3882 3213 3939 multo
3262 3883 3446 3956 magis
3476 3883 3678 3955 igitur,

2029 3975 2360 4048 quicunque
2399 3987 2487 4029 res
2509 3975 2623 4028 Deo
2655 3976 3016 4028 consecratas
3063 3972 3123 4027 in
3167 3972 3266 4042 jus
3297 3986 3415 4028 suae
3447 3985 3682 4043 posses-

2033 4065 2219 4123 sionis
2267 4061 2664 4133 transfuderit,
2725 4075 2837 4118 non
2902 4061 3138 4119 humani
3191 4067 3435 4134 tantum,
3487 4077 3682 4120 verum

2034 4155 2204 4212 etiam
2232 4151 2418 4209 divini
2439 4151 2594 4222 juris
2619 4151 2830 4206 noxius
2851 4155 3096 4222 tenetur,
3137 4157 3195 4207 et
3228 4166 3340 4208 non
3371 4153 3555 4214 solum
3583 4166 3683 4208 ra-

2035 4243 2220 4317 ptoris
2250 4247 2351 4298 aut
2379 4240 2700 4312 pervasoris
2729 4241 2992 4312 crimine,
3023 4255 3213 4298 verum
3255 4243 3426 4300 etiam
3457 4245 3693 4301 sacrile-

2037 4335 2120 4408 gii
2152 4339 2283 4390 nota
2325 4331 2702 4401 damnandus,
2742 4329 2959 4386 caelesti
2985 4331 3212 4400 judicio
3248 4332 3608 4390 multabitur.

259 4417 669 4474 damnationis
699 4431 815 4474 suae
851 4431 1046 4489 pugnas
1075 4419 1456 4476 anathematis
1487 4434 1756 4477 mucrone
1791 4435 1928 4492 per-
1955 4424 2008 4486 D
2111 4424 2268 4480 Unde
2317 4421 2604 4494 magnifici
2636 4420 2927 4490 principes
2961 4420 3218 4491 cogitent
3251 4429 3463 4492 quanto
3489 4437 3549 4478 se
3577 4423 3690 4480 cri-

259 4521 482 4564 cussus
505 4507 774 4578 excipiat.
810 4507 1031 4564 Altaria
1061 4521 1194 4566 vero
1220 4523 1320 4566 seu
1342 4509 1614 4566 basilicas
1650 4511 1710 4566 in
1743 4524 1930 4567 mona-

263 4597 453 4653 sterio
477 4602 708 4669 rogatus
727 4597 798 4653 ab
814 4597 1016 4654 abbate
1032 4613 1131 4670 pro
1151 4599 1367 4656 Christi
1393 4600 1622 4658 nomine
1639 4605 1930 4658 consecret

260 4691 446 4756 atque
491 4684 804 4742 benedicat.
849 4687 1114 4745 Chrisma
1152 4703 1400 4760 quoque,
1439 4689 1560 4746 sive
1596 4689 1930 4746 sanctifica—

265 4775 458 4832 tionis
477 4773 684 4846 oleum,
717 4776 969 4849 singulis
983 4778 1154 4834 annis
1177 4779 1442 4848 praebeat.
1470 4779 1576 4835 Sed
1602 4785 1659 4835 et
1679 4779 1730 4835 si
1759 4793 1926 4850 quem

268 4864 512 4937 petierit
553 4864 730 4920 abbas
757 4870 858 4922 aut
907 4866 979 4922 de
1011 4867 1326 4939 monachis,
1381 4873 1482 4924 aut
1522 4869 1593 4924 de
1634 4869 1932 4925 canonicis

265 4953 405 5010 suis
446 4952 516 5008 ad
544 4952 794 5025 aliquem
829 4955 1069 5026 gradum
1104 4956 1558 5014 ecclesiasticum
1587 4969 1933 5013 consecran—

266 5044 436 5112 dum,
485 5041 813 5099 nullatenus
859 5045 1236 5117 contradicat,
1269 5045 1384 5102 nisi
1418 5045 1561 5104 forte
1598 5047 1649 5104 is
1686 5060 1788 5118 pro
1817 5061 1932 5118 quo

270 5131 497 5204 petitur
523 5131 799 5204 indignus
824 5134 928 5190 tali
963 5135 1174 5192 honore
1203 5136 1468 5194 veritatis
1492 5137 1821 5194 testimonio
1841 5137 1934 5194 de-

272 5221 685 5294 prehendatur,
731 5225 1003 5294 quoniam
1045 5225 1200 5282 sicut
1241 5226 1932 5296 divinae,benedictionis

270 5315 697 5369 sacramentum
718 5317 819 5370 aut
851 5327 952 5384 pro
981 5314 1336 5388 muneribus,
1360 5320 1462 5372 aut
1483 5330 1584 5387 pro
1605 5317 1790 5389 gratia
1826 5317 1936 5374 lar-

273 5401 392 5474 giri
431 5401 707 5473 cuiquam
755 5416 866 5458 non
905 5403 1066 5460 decet
1114 5405 1373 5478 indigno,
1423 5406 1502 5462 ita
1545 5406 1726 5478 gratis
1767 5407 1934 5464 debet

346 5542 378 5586 9
403 5543 664 5601 Carolum
698 5545 749 5601 A

285 5621 350 5675 ut
377 5618 536 5674 Tom.
567 5618 660 5673 Ill.

2042 4514 2194 4570 mine
2222 4517 2352 4569 ante
2402 4517 2768 4582 conspectum
2808 4510 3019 4566 divina).
3046 4511 3358 4580 majestatis
3403 4511 3680 4584 obligent,

2039 4603 2139 4669 qui
2190 4617 2280 4659 res
2325 4604 2439 4657 Deo
2482 4602 2725 4658 traditas
2777 4601 3043 4657 invadere
3071 4607 3127 4656 et
3171 4599 3242 4656 ab
3277 4600 3688 4660 ecclesiasticis

2040 4692 2243 4749 usibus
2275 4692 2334 4752 in
2355 4704 2491 4746 suas
2520 4691 2805 4746 utilitates
2834 4695 3159 4747 convertere
3180 4704 3291 4747 non
3316 4697 3597 4748 metuunt.
3621 4695 3680 4752 Si

2039 4795 2173 4837 vero
2192 4779 2565 4850 privatorum,
2581 4778 2842 4848 quamvis
2869 4778 3248 4851 ingenuorum
3273 4779 3590 4854 hominum,
3612 4787 3691 4840 ta-

2041 4884 2166 4928 men
2195 4867 2583 4941 possessiones
2617 4867 2830 4936 injuste
2860 4870 3231 4940 pervaserint,
3274 4875 3448 4941 atque
3479 4872 3690 4930 violen-

2040 4967 2126 5016 ter
2158 4957 2526 5029 abstulerint,
2564 4969 2674 5012 non
2711 4969 2887 5029 reges,
2935 4957 2992 5013 id
3019 4962 3104 5013 est
3146 4959 3291 5028 justi
3331 4966 3389 5016 et
3422 4962 3684 5036 modesti,

2041 5050 2136 5106 sed
2171 5047 2417 5120 tyranni,
2445 5047 2501 5103 id
2535 5045 2897 5103 estcrudeles
2925 5052 2980 5102 et
3008 5046 3195 5118 iniqui
3227 5055 3505 5108 vocantur
3521 5057 3576 5108 et
3600 5053 3693 5108 ha-

2042 5139 2270 5210 bentur,
2311 5150 2426 5209 quo
2467 5137 2717 5208 nomine,
2769 5149 2949 5208 quove
2989 5137 3202 5195 honore
3231 5141 3498 5198 censendi
3530 5147 3687 5212 sunt,

2045 5229 2144 5302 qui
2187 5228 2443 5284 divinam
2482 5226 2889 5297 haereditatem,
2926 5227 2982 5284 id
3027 5232 3132 5300 est,
3181 5230 3442 5287 Ecclesiae
3470 5231 3685 5287 Christi

2045 5319 2458 5390 possessionem
2476 5318 2689 5388 injuste
2708 5317 2986 5376 invadunt
3011 5325 3065 5376 et
3083 5321 3361 5379 violenter
3374 5321 3685 5380 auferunt?

2046 5408 2202 5465 Unde
2215 5409 2332 5465 haec
2355 5408 2794 5482 rogitantestilii
2819 5410 2999 5466 nostri
3025 5411 3450 5483 religiosissimi
3477 5410 3698 5481 princi-

753 5549 1014 5616 ugustum
1037 5548 1156 5605 Vox
1201 5548 1394 5606 alieno
1422 5547 1546 5607 loco
1578 5551 1800 5622 posita:
1843 5553 2021 5610 scribi
2053 5553 2256 5612 debuit
2294 5556 2613 5612 Lotha-rium
2646 5556 2979 5625 Augustum,
3028 5555 3378 5625 Ludovicum,
3414 5553 3689 5628 Carolum,
