4068 6178
503 232 664 296 ’4007

1105 237 1419 296 ἈΡΡΕΝΙ).
1461 238 1554 298 ΑΙ)
1591 241 1752 298 SEC.
1794 242 1892 300 IX.
1922 271 1994 284 —
2019 238 2179 297 SUPP

2285 237 2349 294 Μ.
2389 236 2484 293 AD
2519 234 2804 292 SCRIPTA
2840 233 3106 292 PONTIF.
3150 231 3310 290 ROM.

3716 238 3816 300 1008

491 389 496 393 ·
524 377 623 433 pes
653 378 742 421 res
777 365 1109 422 monasterii
1138 367 1500 424 Corbeiensis
1537 368 1840 426 inviolatas
1881 367 2173 424 illibatas—
2197 365 2257 426 A
2283 365 2470 422 clesiaa
2518 380 2609 422 res
2639 365 2761 422 illis
2801 366 3075 423 tradendo
3119 363 3485 421 consentiunt.
3513 363 3656 434 Quali
3684 377 3820 429 autem

526 467 636 524 que
667 460 934 526 tanquam
967 469 1138 511 sacra:
1187 456 1516 513 divinitatis
1545 459 1892 529 custodiant,
1927 470 2027 512 nec
2059 456 2170 526 ipsi

528 558 622 600 eas
667 544 948 613 tollentes,
992 559 1093 600 nec
1122 545 1191 601 ab
1226 547 1363 601 aliis
1393 547 1609 603 auferri
1638 548 1910 617 sinentes,
1956 549 2019 603 ut
2043 550 2172 601 ante

526 638 889 704 conspectum
938 635 1170 704 superni
1220 636 1391 708 regis,
1435 637 1583 707 quod
1612 637 1890 693 dicuntur
1920 636 2169 705 nomine,

527 737 686 793 reges
713 723 917 780 merito
946 731 1308 798 conseantur,
1341 729 1424 795 ut,
1457 725 1592 782 dum
1620 727 1733 783 Deo
1756 740 1881 798 qua:
1902 738 2005 782 sua
2036 729 2174 780 sunt

525 813 880 882 custodiunt,
928 813 1013 868 eis
1051 827 1084 869 a
1126 815 1237 870 Deo
1267 819 1322 871 et
1369 815 1580 872 terreni
1620 815 1776 887 regni
1813 814 2173 886 principatus

524 901 887 958 custodiatur
924 905 981 959 et
1019 904 1378 974 sempiternas
1416 904 1795 962 beatitudinis
1823 916 2033 962 corona
2058 901 2176 959 tri-

527 989 764 1047 buatur.

600 1079 958 1150 Quapropter
1002 1086 1294 1139 monentes
1322 1095 1419 1139 eos
1447 1083 1782 1153 Qhortamur,
1818 1087 1884 1138 ut
1912 1085 2025 1138 tam
2071 1094 2176 1137 sua

534 1182 699 1238 quam
720 1170 975 1238 priorum
996 1170 1322 1242 principum
1345 1185 1609 1228 concessa
1643 1171 1972 1228 inconvulsa
1993 1173 2178 1226 custo-

525 1256 767 1327 dientes,
793 1257 1128 1326 pontitlcum
1161 1274 1387 1331 quoque
1418 1266 1726 1332 nostraque
1772 1260 1997 1315 decreta
2037 1258 2178 1314 nul-

525 1343 750 1401 latenus
778 1348 1232 1421 praevaricantes,
1259 1351 1602 1406 monasterio
1623 1350 1928 1420 saepedicto
1951 1347 2178 1404 electio-

526 1433 618 1488 nis
646 1434 1034 1507 privilegium,
1061 1443 1172 1492 tam
1204 1438 1329 1494 suis
1350 1453 1519 1509 quam
1551 1437 1768 1496 futuris
1801 1437 2173 1508 temporibus,

523 1525 582 1576 et
609 1527 832 1578 servent
865 1529 922 1579 et
951 1526 1224 1582 servanda
1254 1528 1570 1585 sanctionis
1606 1533 1888 1599 perpetua:
1917 1525 2179 1582 stabilire

523 1610 848 1669 decernant.
880 1615 1152 1670 Veritatis
1171 1617 1379 1672 etenim
1419 1632 1552 1674 voce
1579 1618 1851 1674 docemur
1881 1615 2170 1688 quoniam,

527 1701 578 1755 si
607 1701 738 1771 quis
767 1701 826 1757 in
869 1702 1018 1758 ovile
1058 1705 1274 1761 Christi
1317 1719 1428 1762 non
1461 1721 1560 1776 per
1588 1707 1800 1763 ostium
1829 1705 2175 1778 ingreditur,

527 1789 622 1845 sed
656 1791 890 1846 aliunde
939 1794 1214 1864 ascendit,
1259 1795 1354 1850 hic
1394 1794 1488 1850 fur
1533 1800 1619 1851 est
1648 1802 1704 1851 et
1742 1797 1908 1862 latro,
1950 1800 2006 1851 et
2045 1795 2181 1852 talis

530 1892 640 1934 non
669 1880 953 1934 Dominici
986 1882 1176 1954 gregis
1196 1883 1458 1956 salutem,
1487 1885 1583 1941 sed
1623 1899 1723 1941 sua
1757 1885 1935 1954 lucra,
1983 1899 2095 1940 non
2119 1890 2183 1940 ut

527 1967 724 2039 salvet,
759 1968 853 2024 sed
887 1973 952 2024 ut
991 1971 1206 2042 perdat,
1241 1973 1505 2043 requirit.
1557 1974 1718 2030 Ovile
1751 1981 1939 2030 autem
1963 1974 2178 2030 Christi

528 2054 649 2112 fore
697 2057 1001 2129 collegium
1039 2065 1299 2117 sanctum
1333 2064 1758 2137 monachorum,
1794 2064 1991 2121 nullus
2039 2079 2186 2135 pru—

527 2146 787 2202 dentium
819 2147 1066 2204 dubitat.
1095 2153 1157 2205 In
1187 2151 1292 2207 hoc
1324 2152 1471 2208 ovile
1498 2168 1596 2223 per
1612 2155 1826 2210 ostium
1860 2155 2185 2226 ingreditur

531 2236 758 2306 quando
797 2250 896 2306 per
924 2239 1223 2297 electionis
1258 2243 1538 2315 ordinem,
1592 2245 1903 2301 secundum
1947 2245 2184 2316 regula-

531 2338 647 2380 rem
675 2328 1166 2401 constitutionem,
1198 2332 1416 2404 aliquis
1471 2335 1750 2403 pastorale
1796 2333 2180 2389 ministerium

530 2417 811 2488 sortitur;
835 2418 933 2488 qui
965 2434 1094 2476 vero
1127 2422 1282 2494 regia
1301 2423 1717 2480 dominationis
1748 2428 2022 2495 potestate
2053 2421 2186 2480 suf-

529 2504 732 2575 fultus,
757 2511 948 2564 etnon
975 2523 1075 2579 per
1097 2510 1399 2568 electionis
1428 2513 1667 2585 gratiam
1704 2529 1876 2584 super
1917 2513 2184 2570 Domini—

531 2609 662 2651 cum
717 2610 938 2668 gregem
988 2599 1297 2668 primatum
1327 2603 1558 2676 arripit,
1602 2603 1696 2659 hic
1734 2617 1844 2660 non
1877 2609 2090 2674 pastor,
2123 2603 2178 2660 id

530 2688 618 2739 est
642 2685 896 2742 vicarius
911 2687 1150 2761 Christi,
1175 2691 1269 2746 sed
1295 2689 1388 2746 fur
1411 2698 1467 2748 et
1487 2691 1632 2748 latro
1656 2706 1778 2749 esse
1794 2693 2179 2767 cognoscitur,

533 2786 634 2829 nec
663 2779 725 2830 ut
766 2775 1128 2833 Dominicum
1161 2793 1382 2850 gregem
1427 2781 1732 2850 custodiat,
1763 2782 1858 2837 sed
1895 2787 1957 2837 ut
1985 2783 2182 2852 perdat

530 2868 586 2919 et
610 2863 853 2936 dissipet
895 2867 1110 2924 intrare
1142 2869 1608 2939 deprehenditur.
1647 2871 1804 2927 Unde
1835 2873 2102 2944 quisquis
2126 2874 2177 2929 ei

531 2955 830 3022 potestatis
884 2955 1058 3026 hujus
1108 2957 1318 3015 tribuit
1372 2959 1839 3031 dominationem,
1888 2961 1958 3017 de
2005 2969 2183 3019 morte

533 3047 824 3102 tantarum
861 3047 1204 3117 animarum,
1241 3049 1300 3103 in
1338 3049 1433 3105 die
1453 3050 1688 3122 judicii,
1718 3065 1851 3108 reus
1882 3051 2182 3122 judicabi-

535 3137 631 3188 tur
659 3136 890 3204 quantis
934 3137 1047 3210 hic,
1082 3152 1181 3209 per
1212 3139 1515 3209 pravitatis
1548 3141 1825 3212 exempla,
1867 3155 2039 3198 causa
2070 3140 2183 3198 fuit

535 3223 896 3292 perditionis.

604 3312 724 3383 Qua
745 3314 814 3370 de
836 3328 916 3384 re,
942 3315 1180 3386 gloriosi
1206 3318 1516 3392 principes,
1540 3321 1884 3378 monasterio
1916 3321 2053 3378 huic
2078 3321 2185 3378 ele-

532 3402 746 3459 ctionis
768 3407 1194 3478 praarogativam
1219 3409 1532 3478 concedite,
1564 3424 1747 3482 neque
1775 3411 2027 3481 aliquam
2048 3426 2184 3482 per—

531 3505 728 3548 sonam
759 3499 859 3550 aut
889 3495 1113 3567 laicam,
1146 3503 1247 3552 aut
1275 3499 1628 3568 canonicam,
1658 3513 1802 3570 quos
1830 3505 2027 3555 contra
2054 3514 2183 3556 om-

531 3595 657 3638 nem
698 3584 1149 3641 ecclesiasticum
1193 3587 1449 3642 ordinem
1486 3592 1589 3657 est,
1631 3596 1730 3644 aut
1776 3589 1947 3644 etiam
1980 3602 2182 3645 mona-

531 3670 704 3726 chum
740 3686 806 3727 ex
837 3672 954 3729 alio
992 3676 1354 3746 monasterio,
1387 3676 1474 3732 vel
1521 3689 1630 3732 non
1663 3678 1975 3734 secundum
2007 3692 2185 3749 regu-

533 3759 644 3814 lam
671 3760 935 3832 electum,
959 3777 1131 3832 super
1153 3764 1298 3820 illud
1319 3764 1494 3836 regali
1515 3767 1767 3834 potentia
1789 3767 2178 3840 constituatis,

534 3859 604 3902 ne
630 3848 836 3905 domus
860 3851 981 3920 Dei,
1016 3866 1142 3922 quae
1174 3852 1377 3909 domus
1403 3854 1683 3910 orationis
1707 3867 1830 3911 esse
1867 3856 2050 3927 debet,
2086 3869 2183 3926 per

533 3949 633 3990 vos
682 3936 778 3992 tiat
827 3938 1096 4007 spelunca
1145 3940 1450 3998 latronum.
1493 3945 1686 4014 Neque
1729 3945 1882 4000 enim
1944 3945 2183 4018 ignora-

531 4026 610 4082 tis
633 4026 962 4097 hujusmodi
983 4029 1247 4101 praelatos
1277 4037 1331 4088 et
1346 4037 1606 4090 auctores
1629 4033 1726 4104 huj
1738 4035 1957 4091 usmodi
1992 4034 2184 4106 praela-

535 4116 714 4172 tionis
738 4131 769 4173 a
803 4117 972 4175 domo
1000 4121 1340 4177 aeternitatis
1368 4121 1564 4179 divina
1600 4137 1840 4180 censura
1865 4123 2183 4180 exturban—

533 4207 657 4277 dos,
681 4212 736 4263 et
764 4208 833 4264 ad
865 4211 1151 4280 supplicia
1183 4210 1428 4268 ultionis
1461 4220 1743 4284 perpetua:
1777 4213 2176 4283 deportandos.

531 4297 690 4354 Unde
720 4313 845 4370 quae
865 4301 1145 4356 sententia
1170 4301 1558 4358 damnationis
1598 4316 1631 4357 a
1667 4301 1833 4358 nobis
1853 4307 1938 4357 est
1962 4303 2018 4356 in
2039 4302 2180 4358 tales

532 4390 841 4449 exercenda
891 4391 1003 4447 nisi
1045 4405 1214 4462 quam
1257 4392 1511 4462 Spiritus
1541 4395 1775 4446 sanctus
1809 4404 1904 4446 ore
1931 4392 2182 4462 pr0phe-

534 4481 649 4537 tico
675 4481 936 4552 protulit,
995 4483 1224 4537 dicens:
1279 4479 1469 4535 Omnes
1508 4481 1788 4550 principes
1848 4496 2030 4535 eorum
2083 4483 2181 4551 qui

534 4569 835 4624 disce-runt:
876 4570 1204 4625 Haereditate
1236 4568 1614 4638 possideamus
1643 4571 2017 4624 sanctuarium
2058 4573 2172 4627 Dei.

534 4659 676 4711 Deus
721 4673 890 4720 meus,
931 4673 1073 4727 pone
1117 4658 1242 4711 illos
1290 4661 1351 4710 ut
1389 4661 1583 4721 rotam,
1638 4663 1689 4712 et
1730 4659 1872 4713 sicut
1917 4661 2181 4730 stipulam

535 4749 659 4798 ante
673 4747 869 4812 faciem
896 4750 1076 4800 venti:
1108 4749 1248 4800 sicut
1284 4748 1430 4814 ignis
1455 4749 1552 4815 gui
1579 4748 1842 4802 comburit
1881 4749 2095 4813 silvam,
2132 4754 2182 4804 et

533 4836 673 4888 sicut
712 4837 930 4903 ﬂamma
971 4836 1284 4891 comburens
1319 4843 1542 4900 montes,
1592 4840 1671 4892 ita
1710 4841 2051 4908 persequeris
2096 4854 2180 4894 eos

535 4925 596 4976 in
639 4927 946 4994 tempestate
991 4931 1107 4995 tua,
1154 4931 1204 4980 et
1241 4929 1301 4980 in
1340 4929 1425 4980 ira
1457 4932 1551 4982 tua
1594 4927 1840 4982 turbabis
1879 4943 1964 4981 eos
2007 4929 2176 4998 {Psa-l.

537 5026 758 5075 Lxxxu,
790 5011 895 5081 tl).
923 5013 1031 5082 Qui
1065 5021 1199 5071 sunt
1227 5016 1379 5070 enim
1412 5017 1510 5087 qui
1531 5018 1923 5072 sanctuarium
1954 5017 2052 5072 Dei
2078 5017 2180 5072 hae-

534 5105 775 5160 reditate
798 5105 1084 5174 possidere
1105 5106 1399 5176 dicuntur,
1426 5106 1538 5160 nisi
1575 5106 1662 5160 illi
1699 5107 1796 5176 qui
1823 5119 1913 5161 res
1936 5107 2048 5162 Deo
2077 5108 2185 5162 de—

535 5196 775 5265 dicatas,
801 5200 856 5248 et
880 5195 948 5248 ad
982 5209 1122 5250 usus
1146 5208 1454 5264 pauperum
1487 5209 1894 5264 servorumque
1925 5197 2049 5264 ejus
2073 5197 2185 5252 col-

537 5285 701 5355 latas,
749 5282 1044 5340 saecularis
1079 5284 1343 5352 potentiae
1391 5285 1709 5354 dominatu,
1741 5297 1850 5338 non
1883 5283 2183 5341 electionis

536 5375 740 5448 gratia,
777 5377 1041 5444 quarunt
1069 5371 1369 5428 obtinere?
1397 5372 1689 5442 Principes
1727 5378 1914 5428 autem
1947 5373 2181 5430 illorum

536 5469 673 5521 sunt
700 5463 757 5518 hi
790 5462 890 5534 qui
915 5462 1061 5518 votis
1086 5475 1280 5518 eorum
1307 5459 1579 5532 suffragia
1612 5462 1948 5534 priestando,
1973 5467 2075 5518 aut
2103 5477 2186 5520 ec-

604 5567 627 5595 ι
655 5558 922 5624 quantum
953 5554 1013 5608 in
1033 5552 1222 5608 seculo
1245 5553 1407 5624 Lego,
1441 5555 1708 5622 quantum
1737 5552 1797 5605 in
1831 5566 1885 5606 se
1906 5556 2001 5606 est.

2284 455 2516 525 utrique
2565 453 2846 511 feriantur
2881 455 3168 510 divinitus
3214 453 3422 509 ultione
3462 455 3692 522 superius
3713 459 3823 516 dicta

2283 544 2562 600 sententia
2583 544 3033 614 comprehendit,
3068 557 3190 614 quae
3221 542 3458 598 ostendit
3487 555 3571 598 eos
3592 557 3620 598 a
3639 546 3824 604 calestis

2286 633 2482 704 patria:
2511 632 2828 689 stabilitate
2861 632 3262 704 projiciendos,
3289 637 3342 687 et
3365 633 3658 702 temporalis
3678 635 3830 692 nobili.

2285 725 2398 778 tate
2455 722 2644 792 lapsos
2693 722 2854 794 quasi
2912 727 3048 779 rotae
3096 721 3369 792 vertigine
3417 721 3822 793 circumferendos,

2286 816 2525 883 postque
2555 812 2852 882 praesentis
2877 813 3185 868 terminum
3221 811 3367 881 vitae,
3393 808 3655 866 turbidius
3677 812 3829 870 divine

2283 901 2800 958 animadversionis
2841 901 2998 957 velut
3038 900 3308 972 stipulam
3349 898 3616 955 ariditatis
3645 902 3828 960 vanitate

2287 989 2632 1046 levissimam
2660 991 2983 1063 rapiendos,
3007 995 3064 1046 et
3091 988 3587 1046 infructuositatem
3610 1002 3762 1045 eorum
3776 997 3830 1047 at-

2286 1093 2396 1151 que
2429 1079 2753 1150 superbiam
2806 1085 3076 1152 tanquam
3125 1079 3434 1134 silvestrem
3477 1077 3770 1134 sterilitatem
3792 1087 3830 1135 et

2284 1175 2481 1225 contra
2523 1171 2698 1225 Deum
2750 1169 2901 1225 elatu
2960 1175 3241 1226 tumorem
3281 1174 3457 1235 terrae,
3505 1165 3612 1238 igni
3641 1167 3830 1222 ﬂamma-

2287 1272 2396 1328 que
2427 1263 2659 1314 vorante
2706 1257 3142 1314 comburendos.

2357 1347 2428 1402 Ut
2454 1347 2598 1402 hanc
2617 1347 2797 1418 igitur
2816 1346 3058 1404 ultionis
3077 1346 3110 1401 d
3122 1346 3291 1401 ivinae
3305 1343 3632 1401 severitatem
3647 1357 3733 1399 non
3745 1343 3834 1400 sub-

2286 1440 2435 1507 eant,
2469 1436 2735 1492 studeant
2762 1434 3250 1491 Christianissimi
3292 1433 3565 1504 principes
3588 1432 3758 1487 Christi
3779 1447 3836 1488 ec-

2286 1525 2483 1581 clesiis
2512 1525 2811 1580 electionis
2842 1538 2945 1580 sua
2966 1525 3098 1594 jura
3135 1535 3480 1591 conservare,
3517 1524 3568 1576 et
3592 1521 3714 1591 quod
3737 1521 3836 1576 uni-

2286 1628 2459 1670 versa:
2506 1613 2745 1670 debetur
2794 1613 3081 1682 Ecclesiae,
3129 1610 3453 1668 Corbeiensi
3505 1623 3603 1666 non
3645 1607 3837 1665 auferant

2204 1695 2258 1756 B
2292 1703 2666 1759 monasterio:
2698 1706 2762 1758 ut
2790 1702 2927 1758 dum
2952 1702 3005 1757 ei
3031 1705 3263 1771 propter
3292 1701 3546 1756 honorem
3577 1698 3658 1753 Dei
3677 1698 3838 1766 jusele-

2293 1792 2505 1848 ctionis
2554 1791 2923 1853 indulserint,
2971 1795 3026 1846 et
3057 1805 3146 1846 res
3188 1787 3512 1845 monasterii
3545 1787 3836 1842 violentorum

2290 1880 2708 1936 ambitionibus
2736 1893 2802 1935 ne
2841 1880 3187 1950 deserviant,
3226 1876 3669 1933 incontaminatas
3699 1888 3838 1930 serva-

2291 1969 2498 2034 verint,
2532 1970 2643 2039 ipsi
2675 1969 2922 2025 caelestis
2953 1969 3113 2040 regni
3145 1981 3278 2023 cum
3307 1965 3523 2021 Christo
3554 1963 3835 2034 participium

2292 2064 2731 2130 consequantur.
2783 2060 2893 2113 Nec
2942 2057 3090 2113 illud
3140 2055 3452 2127 aliquando
3481 2054 3536 2108 in
3559 2052 3834 2110 sateularium

2294 2162 2514 2219 manus,
2569 2153 2669 2203 aut
2699 2147 3028 2203 canonicam
3073 2145 3517 2202 dominationem
3557 2143 3836 2213 permittant;

2294 2239 2442 2308 quod
2487 2237 2871 2294 habitatorum
2918 2251 3140 2292 summa
3169 2235 3484 2291 destructio
3512 2239 3604 2302 est,
3638 2235 3683 2285 et
3705 2228 3840 2285 dantis

2292 2327 2412 2382 sive
2427 2326 2768 2397 accipientis
2789 2339 3010 2382 summa
3021 2324 3338 2380 damnatio.
3363 2325 3493 2378 Nam
3507 2321 3628 2392 quid
3644 2324 3712 2375 est
3729 2316 3838 2374 aliud

2294 2405 2619 2474 saecularem
2653 2428 2946 2486 personam
2978 2413 3228 2484 pastoris
3253 2413 3374 2468 vice
3397 2410 3636 2466 Ecclesia:
3653 2408 3730 2462 Dei
3751 2419 3844 2475 pra:-

2293 2505 2453 2575 ferri,
2496 2518 2664 2576 quam
2708 2503 3191 2560 abominationem
3224 2499 3583 2556 desolationis
3617 2497 3666 2550 in
3691 2491 3842 2563 templo

2291 2593 2390 2650 Dei
2423 2591 2809 2649 constituere?
2833 2591 3173 2661 Quicunque
3221 2589 3404 2661 igitur
3433 2587 3530 2642 hoc
3557 2584 3751 2650 faciunt,
3775 2580 3845 2634 Pi-

2292 2683 2406 2740 lato
2445 2682 2666 2738 similes
2699 2682 3092 2750 inveniuntur,
3136 2679 3240 2750 qui
3288 2677 3517 2734 Caesaris
3560 2673 3782 2745 imagines
3803 2668 3844 2723 in

2292 2773 2500 2843 templo
2524 2771 2752 2828 Domini
2795 2771 3000 2826 statuit
3026 2769 3398 2825 venerandas.
3429 2768 3494 2822 Et
3520 2777 3631 2820 cum
3663 2762 3846 2830 Aposto-

2293 2863 2385 2920 lus
2411 2860 2677 2917 ﬁdclibus
2701 2859 2978 2932 loquitur,
3007 2859 3209 2914 dicens
3233 2875 3246 2911 :
3274 2858 3448 2913 Nolite
3463 2851 3746 2921 conformari
3759 2848 3846 2900 huic

2291 2952 2503 3021 saeculo,
2554 2950 2650 3004 sed
2693 2948 3071 3016 reformamini
3129 2948 3191 3000 in
3260 2947 3492 3000 novitate
3538 2954 3698 2997 sensus
3729 2935 3849 2990 vestri

2212 3037 2261 3100 C
2290 3039 2460 3110 (Rom.
2497 3052 2603 3101 xu,
2651 3035 2748 3110 2):
2796 3036 2896 3108 qui
2941 3035 3278 3092 saecularem
3322 3043 3595 3105 personam
3624 3021 3847 3110 monachis

2291 3108 2550 3200 praeﬁcit,
2582 3108 2858 3198 quantum
2901 3125 2959 3181 in
2989 3124 3202 3181 saeculo
3229 3133 3254 3162 ι
3293 3123 3364 3179 de
3393 3120 3560 3178 forma
3583 3116 3781 3188 spiritus
3799 3108 3845 3164 ad

2290 3217 2529 3276 formam
2556 3216 2773 3286 saeculi,
2811 3220 2866 3271 et
2894 3215 2964 3271 de
2991 3213 3247 3286 imagine
3287 3211 3498 3269 Christi
3529 3208 3590 3263 ad
3617 3202 3848 3274 imaginem

2291 3307 2502 3364 terreni
2532 3306 2683 3378 regis
2720 3319 2817 3361 eos
2846 3301 3113 3374 impellit,
3144 3303 3420 3374 quoniam
3462 3296 3632 3356 omnis
3657 3289 3849 3378 sublatus

2292 3397 2513 3469 przelati
2544 3376 2634 3453 sui
2666 3395 2832 3451 debet
2865 3392 3169 3465 imaginem
3194 3391 3482 3463 sequendo
3508 3383 3712 3444 imitari.
3739 3376 3848 3469 unde

2292 3465 2402 3543 non
2437 3500 2604 3556 parvo
2635 3499 2694 3540 se
2718 3482 2915 3540 delicti
2944 3482 3153 3539 scelere
3201 3486 3366 3554 putet
3396 3476 3610 3547 involvi,
3649 3470 3729 3564 qui
3753 3465 3848 3564 tellis

2290 3576 2556 3633 Ecclesiae
2595 3574 2894 3646 praeponit,
2929 3573 2990 3628 in
3017 3585 3268 3643 quorum
3314 3569 3491 3627 forma
3520 3564 3650 3623 servi
3674 3559 3845 3619 Christi,

2291 3681 2404 3725 non
2419 3665 2635 3722 Christi
2661 3663 3069 3733 humilitatem,
3092 3661 3188 3718 sed
3213 3659 3534 3732 superbiam
3559 3649 3728 3710 mundi
3745 3667 3757 3718 ;
3773 3655 3847 3702 non

2291 3756 2540 3814 cmlestis
2583 3754 2780 3825 patrita
2839 3751 3215 3823 desiderium,
3275 3750 3371 3806 sed
3423 3736 3847 3815 concupiscentiam

2290 3845 2485 3903 saeculi
2513 3842 2968 3914 contemplentur
2997 3853 3219 3910 semper
3249 3843 3305 3896 et
3334 3836 3632 3894 addiscant.

2360 3935 2517 4005 Quod
2551 3933 2687 4005 quia
2707 3931 2936 4002 videtis,
2973 3927 3447 3986 excellentissimi
3475 3921 3744 3996 principes,
3763 3924 3851 3968 sce-

2292 4025 2665 4082 lestissimum
2707 4020 2846 4086 fore,
2878 4022 2984 4077 hoc
3012 4019 3334 4089 impietatis
3361 4012 3694 4086 sacrilegium
3715 4019 3738 4061 a
3763 4014 3851 4058 mo-

2292 4114 2540 4170 nasterio
2568 4111 2898 4168 Corbeiensi
2933 4109 3237 4180 propellite
3257 4121 3495 4178 semper,
3522 4103 3609 4160 sed
3635 4112 3717 4155 nec
3741 4104 3852 4150 cano-

2293 4205 2408 4260 nici
2431 4203 2656 4260 ordinis
2675 4213 2969 4272 personam
2992 4212 3164 4269 super
3187 4197 3335 4254 illud
3355 4191 3648 4266 aliquando
3664 4186 3730 4243 vel
3747 4194 3852 4272 prter

2292 4293 2540 4363 ponatis,
2583 4267 2953 4360 vel-praeponi
2993 4267 3222 4344 sinatis.
3273 4287 3540 4342 Memores
3575 4280 3729 4369 estote
3746 4267 3848 4369 quod

2208 4394 2264 4459 ι)
2291 4383 2480 4439 Nabad
2512 4386 2568 4436 et
2595 4379 2766 4450 Abiu,
2810 4378 2946 4450 quia
2979 4377 3164 4449 ignem
3192 4376 3446 4432 alienum
3478 4369 3696 4459 Domino
3718 4364 3762 4418 in
3786 4364 3852 4459 in.-

2290 4486 2522 4530 censum
2575 4449 2925 4539 obtulerunt,
2981 4467 3178 4523 divino
3234 4466 3356 4536 igni
3407 4455 3701 4527 consumpti
3742 4449 3848 4506 sunt.

2289 4566 2476 4635 Ignem
2499 4561 2786 4632 siquidem
2813 4559 3061 4614 alienum
3088 4557 3147 4611 in
3172 4557 3470 4611 incensum
3487 4550 3635 4607 offert
3651 4540 3850 4601 Domino,

2291 4652 2390 4723 qui
2423 4649 2750 4706 monasticae
2774 4646 3043 4718 religioni
3065 4645 3319 4715 aliquem
3351 4642 3457 4699 sub
3479 4635 3722 4696 canonica
3751 4638 3848 4698 ριόσ

2290 4740 2537 4796 fessione
2567 4739 2930 4806 militantem,
2960 4741 3023 4791 ut.
3054 4733 3302 4804 pastoris
3317 4732 3494 4787 vicem
3523 4724 3741 4784 obtineat
3758 4725 3854 4786 pra-

2291 4836 2470 4902 rogat.
2519 4831 2722 4885 Verum
2779 4826 2878 4898 qui
2911 4825 3052 4881 tales
3094 4823 3313 4879 ultione
3362 4819 3652 4884 feriuntur,
3683 4809 3852 4903 illo-tuti!

2292 4894 2482 4990 signat
2515 4894 2812 4988 interitus,
2835 4915 2933 4986 qui
2957 4929 3085 4970 mox
3116 4910 3414 4983 praesentis
3445 4919 3610 4979 poena:
3635 4894 3854 4967 supplicio

2290 5009 2636 5080 consumpti,
2683 5007 2821 5077 quid
2861 5019 3056 5061 eorum
3105 5002 3423 5058 imitatores
3466 4997 3749 5080 mereantur
3773 4990 3854 5080 su?

2291 5077 2679 5153 damnationis
2708 5095 2964 5165 exemplo
3011 5091 3252 5163 posteris
3300 5087 3670 5160 signaverunt.
3704 5077 3856 5130 Omnes

2295 5202 2538 5260 quoque,
2565 5187 2699 5242 licet
2722 5186 3046 5240 monasticae
3070 5185 3187 5238 sint
3208 5175 3594 5251 professionis,
3617 5170 3661 5225 si
3686 5177 3772 5221 non
3789 5169 3856 5256 per

2293 5279 2622 5334 electionem
2657 5275 2969 5347 regularem
3002 5269 3300 5330 constituti
3333 5266 3546 5323 fuerint
3573 5265 3777 5316 rectores
3792 5261 3856 5301 ει·

2291 5371 2418 5425 dem
2439 5366 2802 5435 monasterio,
2831 5365 2901 5420 de
2922 5377 3034 5434 quo
3063 5361 3372 5432 loquimur,
3397 5354 3494 5426 qui
3527 5351 3655 5409 tales
3675 5357 3752 5416 per
3775 5347 3859 5392 αιιι·

2296 5473 2426 5516 nera
2466 5461 2890 5531 cognoscuntur
2927 5451 3187 5523 admissi,
3234 5448 3290 5504 id
3338 5451 3441 5516 est,
3476 5447 3573 5499 aut
3608 5451 3694 5510 per
3728 5438 3858 5501 ρεθυ-
