4076 6154
227 300 368 360 4009

218 535 282 578 sa
313 535 344 578 a
376 521 546 578 nobis
582 522 733 578 Petri
776 523 1063 593 principis
1100 523 1488 594 apostolorum
1533 523 1876 580 auctoritate

219 625 354 668 cum
378 611 628 682 Simone,
661 613 830 682 cujus
861 612 1179 670 imitatores
1207 613 1486 682 existunt,
1517 614 1876 669 anathemate

217 701 694 758 condemnantur.
719 703 807 774 Et,
832 707 895 758 ut
915 703 1172 775 religiosi
1197 704 1487 774 principes
1507 703 1577 760 ab
1600 704 1704 759 hac
1723 703 1876 758 dam-

218 790 480 847 nationis
504 792 788 848 sententia
820 793 1417 864 maneantJmmunes,
1447 793 1716 849 studeant
1745 807 1876 848 om—

219 879 398 934 nibus
423 879 609 936 modis
633 881 788 936 circa
816 882 1222 938 monasterium
1251 881 1547 952 prafatum
1573 881 1875 937 electionis

215 968 593 1040 privilegium
644 984 868 1026 servare
917 984 1138 1041 semper
1184 972 1547 1042 inviolatum,
1598 970 1873 1042 quoniam

212 1059 533 1114 secundum
549 1060 666 1128 jam
689 1059 828 1116 olim
850 1073 881 1115 a
904 1061 1120 1116 sanctis
1140 1060 1408 1118 Patribus
1426 1061 1719 1117 deﬁnitam
1750 1073 1876 1130 pro-

216 1148 651 1219 mulgationem,
717 1149 981 1205 Ecclesia
1041 1149 1404 1207 Corbeiensis
1459 1151 1868 1222 praelationem,

214 1251 332 1293 non
367 1252 466 1308 per
497 1238 810 1310 legitimam
844 1240 1250 1296 monachorum
1291 1241 1351 1297 in
1383 1243 1575 1298 eodem
1608 1241 1870 1298 canobio

212 1327 449 1383 Christo
481 1328 859 1385 militantium
889 1328 1244 1402 electionem,
1280 1331 1375 1387 sed
1407 1337 1605 1388 contra
1637 1332 1873 1404 regula-

214 1431 336 1472 rem
376 1423 550 1488 atque
598 1419 928 1474 canonicam
980 1421 1401 1493 auctoritatem,
1450 1427 1504 1478 et
1545 1423 1772 1478 dantem
1817 1427 1873 1480 et

211 1507 616 1578 accipientem,
649 1521 681 1563 a
709 1508 925 1564 Christi
959 1523 1133 1580 regno
1162 1516 1606 1581 sanctorumque
1626 1525 1872 1567 consor-

211 1595 296 1650 tio
322 1596 892 1669 anathematizamus,
919 1611 1100 1669 neque
1129 1599 1456 1654 societatem
1485 1605 1754 1669 poterunt
1780 1600 1873 1656 ha-

209 1683 351 1739 bere
380 1685 689 1740 Jerusalem
731 1686 998 1758 calestis,
1034 1687 1134 1759 qui
1163 1701 1283 1743 eam
1316 1688 1372 1744 in
1408 1689 1580 1745 terris
1610 1689 1872 1761 peregri—

1548 305 1968 363 BENEDICTUS
2006 305 2180 364 PAPA
2221 310 2308 366 III.

224 430 406 502 niam,
441 434 542 488 aut
571 446 673 503 per
701 433 965 504 gratiam,
993 437 1095 489 aut
1120 447 1218 504 per
1247 432 1609 505 obsequium,
1646 432 1957 492 univer—A

3494 329 3632 390 4040

2771 441 2840 496 II.

2055 571 2414 618 PRIVILEGIUM
2456 575 2737 620 BENEDICI'I
2769 579 2920 622 PAPE
2961 583 3024 624 ῐΙῐ
3070 585 3172 628 PRO
3219 588 3559 638 MONASTERIO

2481 648 2812 693 SALVATORIS
2851 653 3136 698 FULDENSI.

2627 761 2807 834 (Anno
2843 764 2993 840 857.)

2351 899 2620 981 [Dronke,
2649 909 2777 964 Cod.
2813 912 3035 982 diplom.
3078 916 3267 988 Fuld.]

2055 1027 2393 1086 BENEDICTUS
2471 1034 2791 1106 episcopus,
2875 1051 3074 1096 servus
3145 1056 3436 1101 servorum
3503 1049 3625 1122 Dei,

1980 1116 2254 1174 Tnaorom
2316 1121 2587 1194 religioso
2639 1123 2830 1181 abbati
2893 1130 3239 1188 venerabilis
3291 1116 3623 1195 monasterii

1979 1207 2206 1264 Domini
2256 1209 2587 1285 Salvatoris,
2636 1218 2692 1269 et
2734 1229 2833 1284 per
2874 1220 2928 1273 te
2974 1219 3033 1275 in
3073 1221 3266 1279 eodem
3311 1227 3624 1285 venerabili

1982 1300 2328 1356 monasterio
2359 1303 2902 1376 successoribusque
2922 1309 3042 1365 tuis
3066 1309 3391 1386 abbatibus,
3422 1316 3481 1371 in
3509 1332 3633 1388 per-

1982 1393 2234 1459 petuum.
2272 1389 2468 1446 Amen.

2050 1476 2328 1545 Quoniam
2377 1494 2598 1551 semper
2638 1488 2774 1539 sunt
2809 1486 3164 1544 concedenda
3205 1505 3331 1560 qua
3362 1494 3626 1555 rationa-

1980 1567 2202 1625 bilibus
2240 1576 2566 1642 congruunt
2602 1573 2932 1648 desideriis,
2975 1582 3198 1647 oportet
3235 1584 3295 1637 ut
3338 1582 3628 1642 devotioni

1981 1658 2302 1715 conditoris
2335 1661 2441 1730 pia
2472 1665 2926 1721 constructionis
2964 1669 3283 1726 auctoritas
3314 1671 3372 1726 in
3406 1674 3636 1742 privile-

211 1777 448 1829 nantem
479 1773 798 1831 dissociare
827 1747 1127 1833 conantur.
1158 1777 1316 1846 Quod
1345 1792 1512 1850 agere
1539 1747 1870 1834 certumvest
1898 1765 1950 1826 Β
1981 1747 2096 1850 εξίῗ
2129 1749 2469 1850 Ρῗῗθδίδηξίξδ
2495 1751 2731 1850 ωί“,ίωθ
2769 1753 3105 1850 denegem“.
3134 1759 3338 1850 Igiter
3373 1763 3511 1832 qum
3544 1777 3640 1834 po‘

209 1876 414 1918 omnes
453 1864 554 1933 qui
594 1877 704 1920 non
749 1869 1022 1936 pastores,
1064 1867 1160 1922 sed
1204 1866 1472 1937 latrones,
1516 1881 1618 1923 nec
1649 1865 1866 1924 Christi

206 1952 486 2024 vicarios,
527 1955 622 2008 sed
653 1952 998 2010 Antichristi
1048 1969 1339 2027 sequaces,
1371 1969 1543 2027 super
1571 1970 1693 2014 eam
1724 1970 1872 2013 con-

207 2041 459 2098 stituere
507 2055 616 2098 non
657 2047 941 2114 verentur,
991 2048 1057 2100 ut
1097 2044 1303 2102 domus
1341 2045 1466 2116 Dei,
1512 2060 1624 2103 non
1663 2047 1870 2103 domus

208 2131 522 2201 orationis,
557 2132 651 2187 sed
685 2132 957 2203 spelunca
993 2133 1280 2190 latronum
1320 2136 1549 2206 existat,
1583 2149 1686 2192 nec
1717 2135 1775 2191 in
1804 2149 1869 2192 ea

207 2219 400 2276 forma
452 2220 692 2292 Christi,
740 2222 835 2278 sed
889 2221 1245 2279 abominatio
1295 2223 1676 2281 desolationis
1716 2225 1871 2281 emi—

209 2317 367 2366 neat.
1155 2301 1158 2304 ’

279 2399 390 2455 Sed
437 2399 487 2455 si
538 2398 871 2470 reipublica
923 2403 1190 2470 rectores,
1246 2401 1576 2458 divinorum
1623 2406 1869 2460 contem-

207 2493 407 2560 ptores
438 2496 847 2559 praceptorum
877 2494 934 2545 et
962 2490 1383 2560 episcoporum,
1413 2495 1588 2562 atque
1613 2497 1866 2550 nostram

206 2592 387 2650 super
425 2578 530 2634 hac
564 2592 624 2634 re
660 2580 1053 2635 decernentem
1093 2583 1518 2636 contemnentes
1560 2582 1868 2639 auctorita-

208 2674 344 2736 tem,
398 2682 511 2724 non
561 2682 726 2739 quem
786 2667 1072 2740 regularis
1125 2668 1331 2724 electio
1377 2669 1710 2743 decreverit,
1768 2673 1862 2728 sed

207 2771 381 2828 quem
431 2771 626 2814 eorum
670 2757 990 2814 dominatio
1037 2757 1303 2830 voluerit,
1353 2758 1443 2814 illi
1491 2761 1868 2830 praposuerit

206 2847 664 2918 congregationi,
697 2846 960 2903 monachi
993 2845 1104 2902 loci
1131 2845 1385 2916 ejusdem
1411 2849 1764 2919 epiSCOpum,
1793 2851 1863 2907 ad

204 2935 380 3003 cujus
430 2935 722 2992 diacesim
768 2937 1178 2993 monasterium
1231 2937 1498 3008 pertinet,
1544 2938 1861 3009 obsecrent,

207 3029 272 3079 ut
308 3032 413 3080 aut
447 3038 547 3094 per
587 3024 860 3094 seipsum,
901 3030 1004 3081 aut
1039 3039 1151 3082 una
1193 3040 1321 3083 cum
1357 3027 1443 3082 eis
1475 3027 1543 3083 ad
1585 3028 1868 3098 archiepi-

1980 1836 2212 1892 stulasti
2241 1850 2272 1892 a
2299 1838 2467 1894 nobis
2489 1845 2772 1909 quatenus
2802 1845 3211 1902 monasterium
3242 1848 3572 1922 Salvatoris,
3601 1867 3635 1909 a

1980 1931 2178 1982 sancto
2208 1925 2496 1983 Bonifatio
2524 1929 2957 2001 archiepiscopo
2987 1941 3382 1993 constructum
3415 1939 3475 1994 in
3508 1940 3631 1998 loco

1980 2015 2080 2086 qui
2114 2020 2350 2072 vocatur
2387 2017 2634 2074 Boconia
2661 2032 2794 2090 erga
2834 2021 3016 2091 ripam
3057 2024 3316 2081 fluminis
3355 2027 3628 2102 Uoldaha,

1980 2104 2271 2177 privilegii
2296 2106 2450 2162 sedis
2473 2107 2802 2178 apostolica
2821 2111 3198 2169 adminiculis
3221 2114 3540 2188 decoretur,
3568 2124 3634 2175 ut

1979 2192 2087 2249 sub
2119 2194 2532 2264 jurisdictione
2571 2203 2781 2254 sancta
2820 2204 3029 2256 nostra
3065 2202 3184 2275 cui,
3223 2203 3338 2260 Deo
3374 2211 3628 2281 auctore,

1977 2283 2333 2340 deservimus
2371 2285 2637 2342 Ecclesia
2678 2288 3078 2361 constitutum,
3123 2291 3347 2350 nullius
3388 2294 3634 2353 alterius

1976 2372 2243 2428 Ecclesia
2283 2374 2801 2442 jurisdictionibus
2857 2377 3250 2437 submittatur.
3288 2383 3393 2439 Pro
3425 2398 3538 2455 qua
3569 2399 3631 2442 re

1979 2461 2096 2530 piis
2139 2461 2448 2518 desideriis
2493 2461 2762 2535 faventes,
2809 2465 2913 2522 hac
2952 2474 3147 2525 nostra
3183 2472 3528 2528 auctoritate
3571 2473 3628 2530 id

1980 2551 2130 2622 quod
2164 2551 2496 2621 exposcitur
2539 2553 2766 2610 eﬁ'ectui
2808 2556 3222 2627 mancipamus.
3257 2560 3327 2616 Et
3357 2561 3484 2617 ideo
3519 2576 3635 2618 om-

1978 2652 2105 2694 nem
2161 2640 2475 2709 cujuslibet
2539 2642 2806 2699 Ecclesia
2878 2647 3228 2703 sacerdotem
3280 2649 3340 2704 in
3394 2649 3629 2720 prafato

1979 2728 2328 2784 monasterio
2358 2730 2638 2786 ditionem
2670 2733 2987 2804 quamlibet
3019 2735 3223 2792 habere
3253 2743 3353 2794 aut
3382 2741 3634 2796 auctori-

1977 2822 2147 2874 tatem
2187 2823 2390 2889 prater
2433 2821 2619 2876 sedem
2658 2823 3031 2892 apostolicam
3079 2829 3135 2881 et
3175 2826 3526 2901 episcOpum,
3571 2830 3632 2886 in

1975 2909 2143 2978 cujus
2179 2908 2414 2966 dioecesi
2467 2910 2616 2966 idem
2665 2911 2989 2969 venerabile
3031 2917 3442 2973 monasterium
3488 2933 3633 2976 con—

1976 3000 2258 3053 structum
2304 3011 2430 3053 esse
2475 2998 2723 3070 videtur,
2770 3001 2865 3056 cui
2917 3001 3208 3060 licentiam
3262 3007 3632 3066 concedimus

205 3087 859 3183 sc0pum-Rheme-nsem
876 3113 1102 3184 referat,
1136 3119 1308 3186 atque
1336 3115 1509 3172 simul
1546 3087 1864 3188 principem
1895 3099 1944 3162 CI
1979 3090 2202 3188 mnf?!“
2227 3099 2356 3142 cum
2384 3087 2790 3188 Epporwflims,
2822 3093 3196 3188 “9953mm
3221 3094 3424 3188 amri?
3448 3095 3628 3188 (“erit

202 3197 568 3273 conveniant,
598 3208 655 3258 et
679 3215 808 3259 eum
835 3217 1007 3274 super
1033 3205 1482 3276 trangressionis
1504 3220 1621 3262 sua
1646 3208 1866 3277 pericu-

203 3291 260 3348 lo
311 3299 724 3350 commoneant.
772 3293 896 3364 Quo
936 3294 987 3350 si
1032 3295 1339 3366 episcopus
1385 3289 1668 3353 diacesis"
1698 3297 1863 3355 illius

199 3385 308 3436 aut
346 3387 580 3452 propter
626 3382 909 3453 timorem,
957 3389 1059 3440 aut
1108 3381 1351 3441 favorem
1405 3385 1712 3458 principis,
1759 3392 1862 3444 aut

199 3475 442 3540 propter
468 3471 932 3541 imprudentiam,
955 3472 1041 3528 vel
1067 3473 1373 3543 pastoralis
1397 3487 1548 3530 cura
1576 3474 1862 3548 negligen-

200 3559 366 3630 tiam,
402 3558 549 3616 ferre
577 3561 864 3617 auxilium
895 3563 980 3618 vel
1022 3563 1276 3619 noluerit
1303 3563 1389 3618 vel
1433 3566 1858 3637 centempserit,

196 3646 416 3705 fratres
440 3662 540 3720 per
569 3649 788 3719 seipsos
826 3649 1122 3720 prafatum
1161 3651 1662 3724 archiepiscopum
1693 3659 1749 3711 et
1777 3656 1863 3711 vi'

196 3738 370 3794 cinos
407 3740 706 3809 episcOpos
739 3738 964 3807 adeant,
1003 3743 1059 3794 et
1094 3741 1544 3798 necessitudinis
1581 3758 1700 3800 suae
1730 3758 1860 3802 cau-

197 3840 324 3882 sam
355 3827 443 3882 eis
469 3825 833 3883 manifestent
860 3830 1038 3898 utque
1059 3827 1172 3882 sibi
1195 3827 1379 3886 ferant
1403 3832 1694 3889 auxilium
1727 3848 1860 3904 sup-

197 3915 444 3984 plicent.
497 3916 981 3987 ArchiepiscOpus
1026 3920 1217 3972 autem
1256 3918 1342 3974 vel
1388 3919 1511 3990 ipse
1553 3922 1734 3994 solus,
1771 3923 1855 3978 vel

194 4019 334 4061 cum
366 4006 592 4061 caeteris
618 4005 903 4076 episcopis
933 4019 1051 4061 sua
1078 4005 1388 4064 diaceseos
1419 4023 1604 4082 regem
1630 4011 1853 4081 adeant,

193 4100 249 4149 et
275 4107 460 4163 super
497 4094 773 4150 electione
812 4093 1023 4150 violata
1058 4107 1187 4151 eum
1231 4103 1644 4170 commoneant,
1681 4106 1857 4171 utque

191 4183 492 4254 corrigere
511 4183 780 4254 dignetur
803 4186 859 4239 et
879 4182 1069 4239 verbis
1093 4183 1351 4255 suadere,
1385 4190 1441 4242 et
1467 4187 1734 4257 precibus
1765 4188 1857 4244 ob-

192 4284 426 4328 secrare
448 4285 559 4327 non
585 4272 882 4328 desistant.
911 4272 1070 4342 Quod
1096 4271 1144 4328 si
1168 4287 1264 4330 eos
1284 4275 1488 4331 audire
1509 4281 1728 4332 contem
1738 4291 1855 4347 pse-

192 4360 292 4430 rit,
328 4374 434 4414 nec
463 4360 674 4428 peccati
707 4360 799 4416 sui
842 4361 1130 4432 corrigere
1167 4362 1394 4432 culpam
1439 4365 1727 4437 maluerit,
1765 4380 1856 4422 ex-

1977 3175 2348 3246 prohibemus
2387 3175 2467 3231 ita
2498 3181 2562 3233 ut
2594 3175 2710 3232 nisi
2740 3177 2812 3233 ab
2841 3178 3045 3236 abbate
3078 3183 3411 3239 monasterii
3453 3184 3633 3244 fuerit

1977 3264 2274 3336 invitatus,
2300 3277 2402 3320 nec
2432 3264 2738 3322 missarum
2765 3266 2977 3323 ibidem
3009 3269 3427 3328 solemnitatem
3458 3275 3630 3344 quis—

1976 3353 2128 3424 piam
2178 3359 2486 3424 prasumat
2526 3355 2854 3412 omnimodo
2893 3357 3198 3428 celebrare,
3243 3364 3308 3415 ut
3355 3360 3626 3434 profecto,

1968 3443 2134 3512 juxta
2166 3442 2222 3498 id
2265 3443 2416 3514 quod
2458 3442 2781 3514 subjectum
2829 3446 3158 3515 apostolica
3196 3448 3317 3505 sedi
3357 3449 3630 3509 ﬁrmitate

1972 3531 2263 3604 privilegii
2295 3532 2577 3603 constitit,
2627 3533 2967 3592 inconcusse
3003 3535 3262 3594 dotatum
3302 3547 3630 3610 permaneat

1973 3620 2116 3678 locis
2145 3625 2204 3677 et
2233 3620 2426 3692 rebus,
2459 3626 2572 3677 tam
2603 3622 2689 3678 eis
2719 3637 2862 3694 quas
2891 3625 3160 3682 moderno
3191 3631 3441 3698 tempore
3472 3635 3626 3687 tenet

1970 3710 2055 3767 vel
2089 3710 2362 3783 possidet,
2395 3725 2567 3782 quam
2599 3727 2726 3784 qua
2766 3711 2981 3771 futuris
3021 3716 3376 3787 temporibus
3408 3719 3467 3774 in
3491 3721 3623 3790 jure

1971 3799 2161 3870 ipsius
2201 3801 2534 3857 monasterii
2571 3801 2772 3859 divina
2810 3803 2993 3874 pietas
3030 3806 3284 3875 potuerit
3320 3820 3527 3880 augere
3555 3824 3625 3868 ex

1968 3888 2138 3945 donis
2171 3893 2226 3945 et
2259 3889 2655 3949 oblationibus
2697 3892 3053 3963 decimisque
3089 3893 3366 3967 ﬁdelium,
3407 3896 3624 3970 absque

1971 3977 2153 4033 ullius
2211 3992 2467 4048 persona
2516 3981 2971 4038 contradictione
3022 3982 3294 4041 ﬁrmitate
3349 3993 3621 4057 perpetua

1967 4066 2322 4136 perfruatur.
2359 4067 2780 4125 Constituimus
2817 4083 3041 4142 quoque
3072 4085 3171 4142 per
3202 4072 3376 4143 hujus
3404 4075 3619 4132 decreti

1966 4154 2149 4209 nostri
2196 4155 2456 4226 paginam
2507 4158 2589 4226 ut,
2631 4157 2964 4228 quicunque
3004 4159 3318 4230 cujuslibet
3352 4163 3620 4220 Ecclesia

1967 4243 2197 4313 prasul,
2243 4243 2329 4298 vel
2372 4257 2711 4314 quacunque
2752 4245 3035 4318 dignitate
3078 4249 3316 4318 pradita
3356 4264 3616 4320 persona,

1965 4331 2110 4387 hanc
2141 4338 2394 4388 nostram
2428 4332 2718 4405 privilegii
2762 4334 3039 4406 chartam,
3075 4350 3242 4407 quam
3273 4340 3618 4396 auctoritate

188 4422 744 4505 communicationis
784 4422 1110 4519 apostolica
1163 4422 1504 4509 sententiam
1548 4422 1853 4512 damnatus
1889 4471 1938 4530 ι)
1965 4422 2663 4530 ‘n‘f'PffL‘{1:°§‘?f?’“_{”
2692 4423 3327 4530 ,ξθξηθηξνθ
3357 4431 3617 4530 tam"?

188 4539 469 4608 excipiat.
503 4539 562 4593 Si
593 4553 722 4595 vero
754 4539 837 4596 vel
882 4541 1186 4608 episcopus
1230 4543 1398 4611 cujus
1440 4545 1714 4614 parochia
1742 4551 1850 4617 est,

186 4634 289 4683 aut
318 4627 812 4698 archiepiscOpus,
841 4632 943 4684 aut
966 4628 1155 4682 cateri
1190 4629 1537 4704 suffraganei
1567 4635 1854 4709 negligen-

189 4720 273 4772 tes
315 4729 497 4785 super
527 4717 631 4773 hoc
671 4716 907 4786 fuerint,
945 4720 1046 4772 aut
1074 4722 1544 4793 contempserint,
1591 4731 1692 4780 aut
1724 4727 1853 4782 irri-

189 4809 312 4861 tum
346 4805 642 4874 duxerint,
671 4807 1060 4866 damnationis
1090 4813 1260 4882 cujus
1289 4811 1586 4868 sententia
1612 4818 1850 4869 tenean-

188 4897 287 4949 tur
335 4891 601 4964 obnoxii,
652 4909 762 4952 non
805 4896 1087 4970 ignorant.
1135 4901 1292 4957 Dicit
1334 4902 1485 4957 enim
1534 4902 1843 4972 propheta:

187 4982 249 5038 Si
281 4998 401 5037 non
439 4987 853 5041 annuntiaveris
889 4989 1076 5059 iniquo
1113 4992 1461 5060 iniquitatem
1493 5005 1670 5054 suam,
1711 5006 1849 5047 san—

185 5075 417 5140 guinem
461 5073 577 5140 ejus
617 5073 681 5128 de
709 5090 877 5130 manu
916 5082 1011 5132 tua
1048 5082 1328 5149 requiram
1367 5079 1578 5150 (Each.
1617 5094 1703 5152 ιιι,
1731 5078 1843 5152 20].

189 5159 353 5216 Unde
390 5161 655 5217 noverint
689 5177 749 5218 se
779 5166 973 5223 eodem
1015 5169 1350 5226 vinciendos
1387 5170 1767 5243 anathemate,
1796 5170 1845 5226 si

190 5249 558 5321 neglexerint
586 5265 687 5320 pro
713 5266 880 5325 grege
907 5257 1207 5313 Dominico
1234 5258 1540 5328 pastoralis
1567 5273 1718 5316 cura
1737 5259 1842 5317 sol-

190 5336 567 5393 licitudinem
607 5341 900 5398 adhibere.

255 5427 550 5497 Scriptum
591 5443 689 5500 per
728 5445 955 5490 manum
989 5435 1351 5506 Theodorici,
1391 5435 1686 5493 scriniarii
1727 5453 1852 5496 san-

185 5523 292 5570 cta
313 5517 583 5573 Romana
603 5519 889 5593 Ecclesia,
917 5523 974 5579 in
1004 5539 1192 5581 mense
1211 5524 1502 5593 Octobrio,
1533 5526 1849 5586 indictione

185 5613 416 5674 quarta.
450 5607 596 5663 Bene
626 5608 823 5665 valete.

1966 4511 2062 4581 rit,
2108 4511 2406 4566 anathema
2447 4511 2545 4583 sit,
2590 4516 2645 4567 et
2692 4511 2837 4567 iram
2885 4513 2984 4567 Dei
3038 4513 3336 4570 incurrens
3382 4529 3414 4570 a
3463 4522 3616 4574 catu

1964 4598 2220 4655 omnium
2252 4605 2578 4656 sanctorum
2609 4602 2858 4658 extorris
2884 4602 3112 4674 existat,
3144 4607 3200 4658 et
3227 4603 3614 4662 nihilominus

1964 4686 2184 4758 prafati
2229 4689 2561 4744 monasterii
2601 4690 2878 4762 dignitas,
2918 4705 2950 4746 a
2987 4691 3153 4749 nobis
3194 4692 3440 4766 indulta,
3478 4708 3616 4765 per-

1963 4779 2267 4848 petualiter
2312 4777 2586 4834 inviolata
2631 4787 2956 4850 permaneat
2997 4781 3310 4853 apostolica
3346 4786 3614 4842 auctori-

1961 4871 2074 4922 tate
2104 4866 2371 4922 subnixa.

2028 4954 2315 5024 Scriptum
2355 4967 2455 5026 per
2498 4967 2727 5011 manum
2765 4958 3067 5029 Zachariae,
3109 4962 3322 5016 notarii
3361 4966 3417 5018 et
3455 4963 3612 5019 scri-

1959 5042 2136 5099 niarii
2163 5048 2372 5100 sancta
2396 5045 2660 5100 Romana
2687 5045 2972 5117 Ecclesia,
3007 5046 3069 5101 in
3097 5061 3286 5106 mense
3313 5049 3608 5122 Octobrio,

1960 5132 2278 5189 indictione
2304 5138 2482 5190 sexta.
2513 5131 2717 5190 Actum
2743 5148 2780 5190 x
2801 5134 3082 5192 Kalendas
3110 5137 3478 5196 Novembrias
3507 5155 3610 5212 per

1959 5235 2188 5278 manum
2219 5221 2580 5294 Theotfolcti,
2615 5224 2996 5281 secundicerii
3041 5232 3250 5285 sancta
3277 5229 3433 5286 sedis
3460 5242 3608 5300 apo—

1959 5310 2198 5383 stolica,
2217 5311 2530 5383 imperante
2549 5311 2758 5371 domno
2781 5313 3045 5384 piissimo
3067 5319 3327 5390 principe
3346 5318 3606 5389 Augusto

1959 5400 2244 5457 Ludovico
2277 5414 2310 5457 a
2345 5403 2460 5459 Deo
2501 5410 2790 5476 coronato,
2834 5418 3036 5480 magno
3074 5408 3310 5477 paciﬁco
3348 5407 3605 5477 impera-

1959 5495 2102 5553 tore,
2131 5503 2282 5547 anno
2309 5504 2477 5564 nono,
2514 5493 2831 5552 indictione
2860 5501 3036 5552 sexta.
3065 5495 3258 5551 Amen.
