4068 6178
503 328 632 387 4044

1281 450 1370 506 ΙΙΙ.

695 574 1056 622 Ριιινιιιῑειυυ
1100 571 1202 615 PRO
1239 570 1489 614 CIVITATE
1530 565 1956 612 INTERAMNENSI.

1143 665 1326 736 (Anno
1362 661 1514 736 858.)

883 771 1064 849 [Apud
1099 771 1343 845 Ughelli,
1385 771 1550 825 Italia
1579 766 1780 838 sacra.]

581 905 640 958 In
688 899 918 958 nomine
962 899 1028 952 D.
1072 901 1129 952 et
1177 894 1487 951 Salvatoris
1535 895 1667 948 Jesu
1713 889 1952 958 Christi,
2003 897 2152 942 anno

506 993 578 1050 ab
633 995 810 1048 Incar.
873 987 1124 1058 ejusdem
1183 985 1247 1038 D.
1304 985 1369 1038 N.
1414 984 1460 1036 J.
1511 980 1728 1037 Christi
1777 975 1902 1047 857,
1964 987 2153 1030 mense

502 1081 662 1152 Maii,
697 1077 898 1136 indict.
930 1075 983 1132 6.

565 1172 876 1228 Honestum
941 1163 1135 1232 nimis,
1187 1165 1242 1217 et
1303 1159 1687 1216 necessarium
1744 1158 1974 1215 videtur
2025 1171 2148 1215 esse

496 1259 902 1332 negotium.....
958 1251 1187 1321 assequi
1247 1249 1483 1306 servitia
1538 1262 1638 1320 pro
1689 1249 2146 1304 remuneratione

497 1347 589 1404 sui
623 1345 857 1411 laboris,
895 1356 961 1397 ex
988 1339 1202 1396 nostris
1237 1338 1428 1405 rebus,
1459 1350 1524 1393 ac
1555 1336 1807 1408 publicis
1837 1337 2030 1394 causis
2058 1337 2145 1393 eis

495 1435 864 1492 concedimus
893 1437 948 1486 et
976 1429 1382 1484 condonamus.
1416 1427 1686 1482 Divinum
1720 1439 1963 1497 namque
1993 1438 2146 1496 prae-

495 1530 720 1596 ceptum
751 1525 837 1577 est
868 1524 932 1576 ut
961 1521 1236 1588 sequatur
1278 1518 1405 1570 vota
1447 1514 1724 1585 ﬁdelium,
1771 1513 2020 1570 fructum
2053 1517 2147 1568 ta-

497 1627 622 1670 men
668 1610 926 1667 laborum
965 1620 1030 1662 ac
1076 1603 1392 1676 praemium,
1435 1617 1547 1675 qua
1587 1603 1927 1659 auctoritate
1964 1604 2029 1657 D.
2073 1602 2140 1656 N.

492 1705 539 1759 J.
580 1699 798 1758 Christi
837 1694 1166 1764 Salvatoris,
1212 1699 1383 1764 atque
1421 1694 1478 1747 B.
1522 1693 1714 1747 Mariae
1752 1705 1974 1762 semper
2013 1690 2150 1745 Vir-

497 1791 673 1867 ginis,
705 1791 1148 1855 sanctorumque
1177 1781 1567 1852 apostolorum
1600 1781 1885 1851 principis
1910 1781 2058 1836 Petri
2091 1781 2148 1834 et

495 1879 682 1950 Pauli,
723 1877 1094 1944 omniumque
1133 1871 1307 1928 simul
1347 1874 1694 1939 sanctorum,
1737 1883 1838 1942 ego
1867 1871 1929 1924 D.
1967 1870 2148 1924 Bene-

495 1971 691 2027 dictus
738 1967 831 2036 III,
883 1976 1046 2034 papa,
1093 1974 1160 2017 ac
1213 1959 1559 2032 gubernator
1607 1960 1660 2015 S.
1713 1963 1769 2014 et
1818 1957 2146 2029 apostolica:

497 2059 673 2130 sedis,
725 2055 1021 2124 totiusque
1076 2050 1344 2106 Ecclesia:
1402 2050 1734 2106 universum
1783 2063 1882 2120 per
1927 2047 2142 2118 orbem,

495 2151 568 2206 de
615 2144 882 2218 prmsenti
929 2142 1044 2210 die,
1094 2138 1325 2195 Domini
1370 2138 1710 2196 concedente
1748 2137 1934 2210 gratia
1974 2140 2146 2206 atque

495 2239 622 2308 ejus
650 2233 848 2292 divina
877 2229 1212 2301 auspicante
1250 2227 1572 2298 clementia,
1615 2226 1906 2298 simulque
1935 2238 2148 2297 sugge—

498 2331 657 2382 rente
687 2321 939 2395 gratuita
972 2318 1200 2390 pietate,
1233 2317 1438 2372 damus
1461 2320 1517 2371 et
1547 2314 1914 2372 concedimus
1942 2319 2149 2370 aucto—

497 2414 668 2471 ritate
687 2409 916 2467 Domini
937 2405 1249 2462 Salvatoris
1264 2403 1428 2460 vobis
1450 2402 1874 2458 habitatoribus
1893 2400 2150 2458 civitatis

497 2499 916 2564 Teramnensis,
976 2494 1179 2564 majori
1235 2499 1291 2549 et
1340 2493 1549 2548 minori
1606 2499 1764 2563 natu,
1829 2492 2150 2561 vestrisque

499 2588 842 2657 haeredibus,
889 2589 946 2640 et
991 2581 1422 2639 successoribus
1464 2581 1524 2636 in
1570 2585 1928 2651 perpetuum,
1969 2580 2025 2635 id
2064 2582 2152 2635 est

497 2685 672 2737 totam
696 2676 811 2745 jam
836 2674 1046 2730 dictam
1075 2671 1386 2738 civitatem,
1416 2683 1544 2725 cum
1577 2669 1779 2739 muris,
1803 2673 1859 2725 et
1887 2667 2152 2724 adiﬁciis

496 2764 839 2825 decursibus
885 2773 1185 2832 aquarum,
1229 2765 1284 2814 et
1311 2758 1510 2827 alveis,
1550 2773 1616 2813 ac
1652 2757 2030 2829 marginibus,
2071 2757 2153 2812 in-

497 2859 682 2927 deque
719 2849 1218 2919 concurrentibus,
1259 2854 1472 2904 etcum
1508 2853 1623 2903 tota
1661 2862 1765 2903 sua
1807 2845 2151 2918 pertinentia

495 2959 626 3002 cum
656 2940 926 3010 vallibus,
960 2937 1227 3008 collibus,
1273 2937 1582 2994 montibus.
1619 2951 1684 2993 ac
1717 2935 1982 3006 planitiis
2011 2933 2153 2992 fun—

496 3035 663 3105 dura,
714 3045 780 3086 ac
829 3026 1106 3086 vocabula
1158 3027 1610 3098 circumquaque
1659 3025 1864 3096 posita.
1913 3027 2151 3095 Insuper

495 3119 863 3180 concedimus
913 3115 1076 3172 vobis
1127 3115 1274 3170 alias
1323 3127 1413 3170 res
1473 3128 1572 3184 per
1625 3115 1729 3170 hos
1782 3113 1940 3183 ﬁnes,
1996 3114 2150 3169 sicut

494 3210 742 3268 transire
789 3207 1021 3262 videtur
1063 3218 1162 3275 per
1208 3203 1458 3259 stradam
1507 3203 1849 3273 Domnitam,
1895 3208 1952 3259 et
1992 3202 2150 3258 exire

491 3300 722 3357 videtur
752 3309 850 3368 per
881 3299 1098 3366 portam
1133 3307 1256 3365 quae
1284 3293 1505 3349 dicitur
1535 3293 1804 3361 Romana,
1832 3297 1888 3348 et
1913 3305 2013 3362 per
2039 3305 2152 3346 an-

491 3390 722 3460 tiquum
754 3388 977 3457 pontem
1009 3383 1309 3453 subiitque
1341 3382 1399 3437 in
1427 3382 1574 3438 colle
1601 3381 1700 3453 qui
1732 3387 1968 3437 vocatur
1991 3380 2150 3435 Alti-

492 3478 736 3548 lianum,
767 3478 824 3530 et
855 3487 954 3544 per
977 3473 1092 3542 jam
1123 3472 1343 3527 dictum
1377 3471 1578 3526 collem
1611 3470 1907 3526 descendit
1939 3470 1998 3524 in
2025 3469 2150 3525 fos—

494 3572 680 3624 satum
733 3563 881 3634 quod
924 3559 1149 3632 vulgari
1197 3559 1428 3614 nomine
1464 3559 1685 3614 dicitur
1720 3559 1894 3617 Cuda.
1940 3557 2148 3613 deinde

493 3653 680 3726 pergit
728 3653 788 3707 in
832 3649 1003 3720 lagia,
1050 3651 1106 3702 et
1147 3661 1246 3717 per
1289 3645 1568 3701 decursus
1605 3647 1721 3715 jam
1767 3645 1936 3700 dictae
1984 3644 2148 3716 lagiaa

493 3741 790 3801 descendit
822 3739 879 3792 in
913 3736 1129 3792 furcam
1162 3748 1289 3804 quae
1318 3739 1553 3790 vocetur
1582 3735 1747 3789 Petra
1775 3734 1845 3789 de
1873 3733 2143 3804 conﬁnio,

492 3830 700 3887 deinde
743 3825 902 3882 subit
942 3837 1040 3894 per
1080 3826 1325 3877 montem
1370 3820 1470 3877 ubi
1514 3821 1734 3878 dicitur
1775 3821 1948 3894 Aquae
1982 3823 2142 3894 vivae,

496 3923 667 3987 atque
693 3915 764 3970 de
804 3913 940 3967 hinc
966 3909 1226 3965 ascendit
1259 3909 1319 3964 in
1352 3911 1598 3964 montem
1643 3908 1743 3980 qui
1773 3909 1993 3966 dicitur
2022 3911 2148 3966 Ma—

494 4014 641 4075 tum,
669 4016 734 4059 ac
759 4013 861 4072 pro
899 3998 1188 4056 montanis
1229 3995 1592 4070 vallibusque
1634 3999 1881 4056 transire
1917 3997 2147 4055 videtur

1065 324 1355 381 APPEND.
1422 323 1514 380 AD
1553 322 1713 380 SEC.
1755 324 1853 379 XI.
1891 353 1965 364 —
1999 322 2326 381 SUPPLEM.
2369 321 2463 377 AD
2500 321 2783 378 SCRIPTA
2818 318 3084 378 PONTIF.
3159 321 3322 378 ROM.

3720 327 3828 386 4042

2175 451 2232 510 Α
2268 460 2366 518 per
2396 451 2641 503 montem
2672 447 2741 503 ad
2773 461 2973 520 agrum
3006 448 3108 518 qui
3139 447 3356 504 dicitur
3389 447 3659 521 Rusclum,
3696 456 3828 524 atque

2261 536 2468 592 deinde
2495 536 2790 593 descendit
2821 550 2919 607 per
2941 537 3090 592 viam
3123 551 3246 608 quae
3278 537 3457 609 pergit
3487 539 3542 593 iu
3582 554 3827 610 marmora,

2261 625 2470 680 deinde
2520 625 2816 682 descendit
2869 640 2966 696 per
3014 627 3322 698 marginem
3376 627 3575 683 montis
3615 628 3666 683 in
3710 629 3828 686 alveo

2262 713 2524 769 ﬁuminis
2579 715 2636 769 in
2682 714 2806 772 loco
2857 715 2955 772 ubi
3011 729 3260 788 mergere
3315 715 3535 771 videtur
3579 729 3708 786 aqua
3741 719 3829 786 jam

2264 803 2672 872 praenominata
2715 817 2996 860 marmora
3025 818 3090 860 ac
3120 818 3219 874 per
3245 804 3517 860 decursus
3539 806 3642 873 jam
3668 820 3832 876 supra-

2259 889 2402 948 dicti
2425 892 2589 948 ﬁuvii
2609 892 2868 949 decurrit
2892 893 2952 948 in
2973 894 3088 963 jam
3113 894 3325 949 dictam
3356 893 3626 949 civitatem
3647 895 3831 951 Teram-

2263 993 2511 1036 nensem.
2546 980 2696 1037 Infra
2728 981 2833 1038 hos
2859 995 2990 1038 vero
3019 981 3158 1038 ﬁnes
3185 987 3358 1053 atque
3385 981 3642 1038 vocabula
3671 997 3830 1040 conce-

2258 1070 2454 1126 dimus
2479 1071 2661 1142 vobis,
2696 1071 3015 1143 vestrisque
3041 1071 3366 1127 haeredibus
3393 1076 3448 1127 et
3471 1073 3830 1130 successoribus

2259 1159 2317 1214 in
2342 1163 2675 1229 perpetuum
2703 1160 2930 1230 castris,
2963 1159 3164 1230 muris,
3189 1159 3438 1231 aliisque
3465 1159 3717 1228 aediﬁciis,
3742 1166 3830 1216 ter-

2255 1246 2358 1320 ris,
2410 1247 2616 1318 vineis,
2665 1248 2870 1319 pomis,
2919 1247 3171 1320 aliisque
3213 1247 3535 1317 arboribus,
3573 1246 3831 1304 fructiferis

2253 1340 2310 1390 et
2340 1334 2743 1406 infructiferis,
2787 1337 3194 1408 montibusque
3223 1351 3354 1392 cum
3383 1337 3634 1408 vallibus,
3663 1337 3830 1392 cultum

2253 1429 2311 1480 et
2338 1425 2641 1495 incultum,
2675 1425 2864 1496 aquis,
2905 1425 3367 1497 decursibusque
3399 1438 3603 1497 earum,
3630 1439 3737 1481 cum
3761 1426 3834 1480 in-

2255 1513 2437 1569 troitu
2475 1518 2533 1569 et
2570 1514 2738 1571 exitu
2778 1527 2882 1570 suo
2924 1527 3054 1570 cum
3100 1514 3392 1583 omnibus,
3431 1520 3486 1570 et
3513 1514 3567 1569 in
3603 1513 3830 1581 omnibus,

2257 1607 2533 1674 quantum
2584 1601 2735 1659 infra
2774 1609 2831 1659 et
2868 1617 3041 1673 super
3078 1617 3139 1659 se
3181 1603 3391 1658 habere
3428 1603 3654 1664 videtur,
3691 1601 3759 1658 vel
3789 1602 3831 1658 in

2254 1695 2420 1746 antea
2463 1691 2659 1748 haberi
2702 1705 2974 1762 apparere
3013 1691 3277 1755 habetur,
3325 1692 3392 1748 ad
3438 1691 3678 1748 honorem
3708 1692 3830 1745 D.N.

2180 1795 2230 1856 Β
2256 1781 2386 1836 Jesu
2433 1780 2670 1849 Christi,
2715 1785 2771 1838 et
2814 1783 2869 1836 Β.
2926 1782 3115 1837 Maria:
3152 1795 3376 1852 semper
3422 1780 3675 1852 Virginis,
3711 1786 3753 1834 et
3788 1779 3829 1832 Β.

2257 1869 2406 1925 Petri
2439 1869 2826 1939 apostolorum
2859 1871 3165 1940 principis,
3199 1870 3272 1926 ad
3310 1869 3603 1926 utilitatem
3631 1881 3739 1924 vero
3758 1881 3834 1922 ve-

2256 1964 2453 2030 stram,
2487 1973 2997 2031 successorumque
3035 1965 3447 2017 vestrorum....
3481 1972 3604 2015 sane
3627 1955 3834 2012 videlicet

2256 2049 2477 2105 ratione
2513 2053 2570 2105 et
2605 2049 3005 2106 convenientia
3042 2050 3418 2106 concedimus
3457 2047 3608 2105 vobis
3635 2047 3729 2116 jam
3755 2059 3833 2099 su-

2256 2137 2533 2209 pradictis
2550 2152 2639 2194 res
2655 2139 2973 2210 vestrisque
2991 2138 3173 2195 haered
3185 2139 3321 2195 ibus
3335 2144 3389 2194 et
3406 2135 3776 2194 successoribus
3788 2133 3830 2187 in

2257 2231 2612 2298 perpetuum,
2633 2227 2770 2298 quia
2789 2227 2847 2283 in
2865 2227 3135 2284 omnibus
3155 2242 3383 2298 semper
3403 2227 3561 2284 nobis
3575 2225 3832 2282 obedientes

2259 2315 2476 2387 fuistis,
2500 2322 2670 2386 atque
2686 2315 2746 2370 in
2767 2315 3076 2371 utilitatem
3101 2317 3516 2387 servitiumque
3539 2319 3752 2371 nostrum
3769 2323 3833 2380 pa‘

2261 2405 2369 2461 rati
2395 2405 2555 2475 estis,
2579 2410 2635 2461 et
2657 2405 2715 2460 in
2737 2403 2996 2462 futurum
3019 2410 3334 2476 spontanee
3361 2404 3675 2476 promittitis
3690 2401 3834 2457 adim—

2261 2495 2435 2565 plere,
2462 2495 2522 2550 in
2554 2499 2748 2551 sancta
2774 2509 3110 2566 summaque
3136 2495 3274 2552 sede
3297 2495 3595 2566 apostolica
3621 2491 3832 2548 conﬁrmo

2262 2583 2469 2640 habere
2517 2598 2634 2648 vos,
2681 2597 2746 2640 ac
2789 2585 3078 2655 possidere
3124 2599 3228 2641 vos
3267 2590 3586 2655 vestrosque
3623 2579 3832 2647 haeredes,

2259 2672 2346 2728 vel
2379 2687 2738 2730 successores
2777 2673 2835 2728 in
2870 2678 3207 2744 perpetuum
3248 2688 3377 2730 cum
3416 2672 3624 2729 Domini
3650 2667 3834 2725 benedi-

2261 2761 2470 2831 ctione,
2506 2765 2812 2832 nostraque
2844 2767 3294 2833 nostrorumque
3325 2772 3684 2818 successorum
3707 2757 3834 2811 insu-

2263 2864 2360 2921 per
2384 2850 2577 2922 obligo
2602 2857 2775 2922 atque
2799 2851 3092 2907 conﬁrmo.
3123 2851 3182 2906 Si
3221 2852 3358 2922 quis
3381 2857 3578 2918 autem,
3607 2847 3679 2903 vel
3698 2851 3836 2901 teme-

2262 2939 2453 2994 rarius
2514 2939 2572 2995 in
2639 2939 2838 3011 aliquo
2905 2940 3228 3010 molestare,
3286 2944 3386 2997 aut
3449 2939 3744 3010 inquietare,
3787 2944 3833 2986 ac

2260 3025 2487 3099 litigare
2513 3040 2612 3098 per
2636 3027 2931 3099 quodlibet
2963 3028 3266 3100 ingenium
3299 3027 3554 3094 voluerit,
3580 3031 3667 3080 aut
3686 3026 3833 3078 contra

2181 3133 2230 3196 ρ
2261 3114 2406 3170 hanc
2436 3120 2644 3170 nostrze
2672 3115 3066 3172 concessionis
3094 3115 3422 3172 chartulam
3451 3112 3737 3171 contrarius
3757 3122 3835 3163 ex-

2258 3204 2495 3275 stiterit,
2538 3205 2636 3260 ﬁat
2671 3203 2994 3274 anathema,
3038 3209 3096 3260 et
3135 3206 3497 3261 anathemata
3539 3204 3736 3270 insuper
3765 3197 3835 3251 ﬁat

2257 3293 2607 3362 compositor
2639 3293 2694 3348 in
2727 3307 2950 3349 summa
2980 3297 3036 3349 et
3065 3294 3389 3362 apostolica
3429 3293 3552 3349 sede
3577 3305 3604 3345 c
3627 3289 3711 3346 lib.
3737 3283 3832 3342 auri

2257 3381 2461 3450 Optimi
2486 3399 2501 3451 ;
2524 3381 2713 3438 soluta
2743 3395 2875 3438 vero
2902 3395 3087 3452 paena,
3119 3383 3244 3438 haec
3273 3382 3529 3438 chartula
3557 3391 3742 3447 semper
3765 3375 3835 3428 ﬁat

2258 3469 2488 3525 stabilis
2517 3470 2574 3524 in
2603 3475 2961 3540 perpetuum.
2992 3471 3240 3526 Joannes
3267 3485 3442 3541 nepos
3463 3467 3661 3526 domini
3685 3461 3834 3535 ponti-

2258 3557 2402 3628 ﬁcis,
2429 3557 2763 3614 Gualterius
2787 3558 3064 3614 similiter
3089 3573 3270 3628 nepos
3299 3561 3444 3629 ejus,
3472 3562 3628 3613 testes
3648 3555 3828 3622 ,Sanxo.

2253 3660 2443 3702 comes
2462 3647 2780 3717 Raynerius
2800 3648 2870 3703 de
2891 3647 3118 3717 Joseph,
3143 3649 3327 3703 Adam
3349 3649 3418 3704 de
3438 3646 3665 3710 Alberto,
3689 3645 3826 3696 testes.

2326 3736 2441 3807 Ego
2466 3735 2685 3799 Petrus,
2711 3736 3058 3792 scriniarius
3085 3736 3139 3792 S.
3175 3737 3243 3791 Β.
3273 3737 3360 3806 E.,
3391 3736 3537 3792 hunc
3563 3733 3830 3804 praeceptum

2257 3836 2355 3892 per
2395 3823 2714 3892 jussiouem
2762 3827 2828 3881 D.
2872 3824 3170 3882 Benedicti
3211 3827 3305 3896 Ill,
3354 3838 3526 3897 papae,
3567 3832 3713 3877 manu
3746 3824 3829 3869 mea

2255 3910 2594 3982 subscripsi.

500 4169 3793 4204 ,__________________._._________________——-

2108 4341 2278 4441 IX.

1622 4589 2574 4711 NICOLAUS
2665 4593 2768 4712 Ι.

1982 4818 2390 4830 -—-——-

1299 4974 1340 5027 Ι.

654 5093 1010 5136 PRIVILEGIUM
1056 5093 1270 5135 NICOLAI
1314 5093 1462 5134 ΡΛΡΛΞ
1505 5093 1606 5134 PRO
1646 5093 1988 5135 MONASTERIO

993 5164 1327 5206 SALVATORIS
1361 5164 1645 5205 FULDENSI.

1140 5256 1320 5327 (Anna
1361 5253 1508 5328 859.)

876 5377 1142 5454 [Dronke,
1175 5379 1301 5434 Cod.
1337 5378 1556 5449 diplom.
1587 5375 1771 5454 Fuld.]

567 5512 844 5568 NICOLAUS
878 5506 1200 5578 episcopus,
1241 5517 1439 5559 servus
1477 5517 1768 5560 servorum
1803 5506 1927 5576 Dei,
1961 5508 2150 5561 Tueo—

497 5614 646 5670 rom,
681 5597 953 5670 religioso
976 5593 1168 5652 abbati
1197 5590 1543 5650 venerabilis
1565 5594 1895 5650 monasterii
1916 5595 2145 5651 Domini

2173 4975 2226 5036 D
2253 4971 2582 5045 Salvatoris,
2614 4977 2672 5029 et
2698 4987 2799 5044 per
2824 4978 2877 5030 te
2905 4973 2964 5029 in
2996 4973 3189 5030 eodem
3215 4969 3524 5029 venerabili
3553 4953 3825 5024 monasterio

2253 5062 2796 5135 successoribusque
2830 5063 2950 5118 tuis
2983 5062 3313 5130 abbatibus,
3355 5061 3414 5117 in
3442 5060 3745 5130 perpetuum.

2322 5150 2602 5220 Quoniam
2646 5165 2870 5223 semper
2910 5155 3048 5207 sunt
3084 5149 3442 5208 concedenda
3477 5159 3593 5218 qua
3626 5138 3825 5227 rationaj

2253 5240 2474 5296 bilibus
2517 5247 2843 5312 congruunt
2878 5240 3207 5309 desideriis,
3244 5243 3465 5310 oportet
3499 5241 3560 5292 ut
3597 5224 3821 5312 devotioni

2157 5386 2162 5391 .
2252 5329 2571 5386 conditoris
2589 5308 2696 5400 pia:
2712 5330 3161 5386 constructionis
3175 5308 3553 5385 auctoritasin
3571 5308 3824 5392 privilegiis

2257 5419 2596 5488 Praestandis
2636 5419 2872 5475 minime
2906 5419 3234 5491 denegetur.
3278 5417 3478 5488 Igitur,
3515 5411 3636 5484 quia
3672 5404 3822 5476 postll-

2256 5505 2389 5561 lasti
2429 5521 2463 5562 a
2501 5507 2668 5563 nobis
2715 5511 3000 5578 quatenus
3048 5505 3450 5564 monasterium
3491 5491 3770 5578 Salvatoris,
3798 5495 3821 5534 ³

2257 5600 2454 5652 sancto
2478 5577 2764 5653 Bonifatio
2799 5596 3230 5668 archiepiscOpo
3259 5593 3631 5651 constructum
3658 5583 3706 5638 in
3731 5577 3820 5633 1000
