4068 6178
178 264 314 324 4043

1666 259 2005 320 NICOLAUS
2044 263 2084 318 ῐ.

3436 265 3576 326 4044

176 396 271 467 qui
298 395 534 451 vocatur
564 391 810 449 Boconia
838 405 972 464 erga
1013 391 1197 461 ripam
1238 388 1502 448 ﬂuminis
1538 385 1814 455 Fuldaha,
1852 385 1907 444 A
1997 386 2298 460 Quoniam,
2327 393 2491 463 juxta
2521 395 2736 465 scripta
2763 395 3032 464 petitoria
3062 395 3170 450 ﬁlii
3209 394 3389 450 nostri
3421 405 3597 463 prae--

178 484 463 558 privilegii
490 483 644 538 sedis
664 482 994 552 apostolicae
1018 480 1394 536 adminiculis
1407 479 1728 543 decoretur,
1755 478 1822 531 ut

175 575 276 632 sub
302 573 712 643 jurisdictione
754 576 963 628 sanctae
997 575 1225 642 nostra),
1261 570 1380 634 cui,
1407 571 1520 625 Deo
1563 573 1814 633 auctore,

175 664 542 730 deservimus,
576 661 841 717 Ecclesia:
879 661 1278 719 constitutum.
1321 658 1544 715 nullius
1577 655 1819 712 alterius

177 754 437 813 Ecclesia:
461 751 977 824 jurisdictionibus
1023 751 1415 807 submittatur.
1465 749 1573 802 Pro
1613 758 1722 816 qua
1759 757 1820 799 re

179 847 287 918 piis
323 842 634 900 desideriis
677 841 946 910 faventes,
997 840 1103 896 hac
1145 843 1340 896 nostra
1385 836 1728 894 auctoritate
1759 833 1814 888 id

179 934 319 1005 quod
365 931 699 1001 exposcitur
733 928 959 984 effectui
992 928 1402 997 mancipamus,
1437 928 1494 981 et
1524 923 1652 978 ideo
1689 935 1820 977 om—

1927 477 2324 538 cellentissimi
2360 484 2511 554 regis
2549 484 2759 550 Caroli,
2805 484 3168 556 privilegium
3198 482 3575 553 praesentibus

1926 569 2291 627 auctoritatis
2365 577 2571 628 nostrae
2646 573 2879 629 dilectis
2947 572 3278 628 monasterii
3357 571 3573 627 Christi

1929 658 2197 727 martyris
2226 659 2485 730 Dionysii
2538 662 2598 716 in
2633 661 2921 717 abbatiola
2954 660 3306 727 Lebracensi,
3339 659 3448 716 sub
3477 673 3576 714 re-

1928 742 2060 812 gula
2092 748 2274 802 sancti
2303 750 2590 806 Benedicti
2625 751 2896 822 religiosa
2922 748 3352 805 conversatione
3375 749 3574 819 degen-

1927 833 2104 904 tibus,
2147 838 2406 893 unanimi
2437 852 2719 895 consensu
2749 839 2896 894 sacri
2929 837 3164 894 concilii
3195 841 3466 907 perpetuo
3493 835 3578 890 in-

1926 921 2249 994 dulgemus,
2276 929 2643 985 concedimus
2673 932 2844 998 atque
2873 927 3296 996 conﬁrmamus,
3323 929 3388 982 ut
3421 925 3576 980 sicut

180 1038 296 1081 nem
317 1020 633 1091 cujuslibet
661 1019 927 1076 Ecclesia:
957 1017 1302 1075 sacerdotem
1337 1015 1394 1071 in
1430 1011 1661 1084 praefato
1691 1023 1820 1066 mo-

182 1111 427 1170 nasterio
470 1109 750 1166 ditionem
783 1106 1099 1179 quamlibet
1129 1104 1336 1160 habere
1367 1108 1469 1159 aut
1497 1100 1820 1158 auctorita-

1931 1015 2053 1084 ipse
2075 1015 2532 1087 gloriosissimus
2559 1017 2718 1073 ﬁlius
2745 1021 2938 1074 noster
2960 1016 3198 1072 Carolus
3226 1015 3425 1072 divino
3462 1013 3581 1069 du—

1929 1108 2057 1159 ctus
2094 1118 2284 1160 amore
2311 1106 2381 1161 de
2423 1106 2583 1162 villis
2611 1111 2666 1162 et
2712 1105 3108 1172 facultatibus,
3139 1119 3240 1160 seu
3271 1101 3583 1173 stipendiis

180 1209 303 1272 tem,
355 1204 562 1271 praeter
616 1199 801 1255 sedem
856 1195 1228 1267 apostolicam
1274 1198 1332 1250 et
1377 1191 1706 1262 episcopum
1762 1189 1823 1244 in
1933 1192 2260 1262 specialiter
2328 1195 2730 1264 praedictorum
2781 1192 3022 1250 fratrum
3079 1197 3475 1249 ornamentum
3529 1192 3587 1244 et

179 1294 337 1362 cujus
377 1287 617 1345 dimcesi
659 1288 808 1344 idem
860 1284 1184 1345 venerabile
1232 1281 1640 1338 monasterium
1679 1291 1826 1334 con—
1933 1281 2188 1336 ecclesia:
2217 1296 2336 1338 sua:
2369 1281 2684 1353 hospitium
2710 1286 2881 1353 atque
2907 1294 3220 1352 pauperum
3249 1279 3453 1336 usibus
3474 1291 3589 1334 ser-

181 1383 457 1439 structum
496 1391 619 1434 esse
648 1377 896 1444 videtur,
937 1375 1032 1431 cui
1065 1373 1357 1430 licentiam
1395 1370 1663 1426 dedimus
1693 1372 1828 1422 tan-
1935 1373 2083 1439 vata,
2128 1369 2213 1425 vel
2268 1370 2565 1427 meliorata
2631 1385 2731 1426 seu
2777 1375 2943 1427 aucta
3016 1368 3399 1437 ordinatione,
3465 1379 3589 1437 quae

182 1477 292 1527 tum
343 1482 479 1524 cum
530 1466 933 1538 Opportunitas
966 1461 1334 1520 consecrandi
1384 1459 1587 1516 altaris
1626 1455 1822 1525 fuerit,
1937 1460 2189 1528 tempore
2240 1459 2347 1528 piae
2387 1459 2675 1516 memoria;
2715 1459 2996 1531 genitoris
3033 1458 3126 1514 sui
3169 1456 3400 1528 Pippini
3433 1454 3591 1512 fuere

184 1558 548 1631 prohibemus
578 1559 658 1613 ita
705 1561 771 1614 ut
808 1556 923 1612 nisi
955 1555 1027 1611 ab
1051 1553 1255 1610 abbate
1281 1548 1613 1607 monasterii
1648 1545 1827 1602 fuerit
1936 1545 2083 1602 facta
2108 1547 2433 1618 constituit,
2467 1562 2535 1604 ac
2564 1552 2834 1618 perpetuo
2869 1562 2987 1604 sua:
3014 1546 3381 1604 auctoritatis
3406 1544 3590 1599 ﬁrma-

183 1649 456 1705 invitatus
486 1661 587 1703 nec
631 1645 934 1702 missarum
968 1643 1180 1700 ibidem
1212 1638 1628 1698 solemnitatem
1671 1634 1828 1706 quis—
1936 1635 2038 1702 vit,
2069 1635 2169 1707 ita,
2217 1637 2372 1694 sicut
2407 1637 2465 1693 in
2506 1637 2721 1694 eisdem
2756 1637 3053 1707 praaceptis
3095 1639 3151 1691 et
3177 1632 3593 1690 donationibus

184 1739 320 1809 piam
391 1742 706 1807 praesumat
764 1734 998 1791 omnino
1069 1730 1374 1796 celebrare,
1447 1732 1513 1784 ut
1572 1722 1824 1796 profecto
1853 1727 1907 1788 Β
1936 1725 2286 1797 continetur,
2319 1729 2590 1796 perpetuo
2640 1725 2975 1782 inconvulsa
3007 1727 3391 1794 permaneant.
3433 1720 3587 1777 Con-

178 1829 327 1898 juxta
369 1827 428 1882 id
481 1826 632 1896 quod
665 1823 982 1893 subjectum
1025 1819 1354 1891 apostolicae
1395 1815 1520 1872 sedi
1555 1813 1826 1870 ﬁrmitate
1933 1812 2237 1869 stituimus
2264 1815 2493 1884 iterum,
2521 1814 2864 1870 auctoritate
2903 1812 3050 1868 beati
3087 1811 3258 1882 Petri,
3303 1815 3366 1866 ut
3392 1809 3592 1866 nullus

183 1916 468 1988 privilegii
509 1914 796 1984 consistit,
838 1913 1178 1968 inconcusse
1214 1908 1473 1963 dotatum
1500 1903 1827 1975 permaneat
1933 1903 2329 1974 cujuscunque
2344 1903 2700 1960 conditionis
2719 1901 2915 1972 fuerit,
2942 1902 3014 1958 de
3033 1901 3265 1974 hisquae
3287 1900 3347 1954 in
3374 1913 3592 1969 praece-

186 1970 316 2062 locis
441 2004 635 2075 rebus,
677 1970 796 2057 tam,
828 2001 916 2057 eis
959 2013 1102 2071 quas
1148 1997 1418 2053 moderno
1457 1970 1707 2062 tempore
1734 1993 1830 2046 te-
1937 1970 2052 2060 ptis
2080 1970 2267 2061 ipsius
2289 1991 2396 2046 ﬁlii
2430 1991 2610 2048 nostri
2637 1990 2826 2046 Caroli
2854 1970 2909 2045 et
2946 1970 3195 2045 aliorum
3223 2001 3418 2058 regum
3460 1987 3590 2043 col-

187 2101 271 2152 net
301 2095 382 2152 vel
417 2093 700 2165 possidet,
741 2104 908 2162 quam
953 2103 1080 2160 quae
1119 2085 1335 2143 futuris
1381 2080 1736 2152 temporibus
1765 2078 1827 2133 in
1936 2078 2051 2135 lata
2075 2084 2229 2150 sunt,
2267 2079 2374 2135 sub
2404 2079 2717 2148 cujuslibet
2743 2091 2930 2135 causa:
2964 2077 3263 2134 occasione
3308 2076 3428 2134 sive
3453 2090 3590 2146 spe-

182 2185 298 2254 jure
328 2184 524 2254 ipsius
549 2179 879 2238 monasterii
909 2177 1108 2234 divina
1139 2175 1320 2246 pietas
1348 2170 1596 2230 voluerit
1623 2179 1830 2239 augere

184 2288 243 2328 ex
259 2273 425 2329 donis
454 2277 509 2328 et
530 2267 923 2327 oblationibus
942 2265 1296 2335 decimisque
1315 2261 1591 2328 ﬁdelium,
1615 2256 1830 2324 absque

185 2362 354 2419 ullius
373 2373 635 2431 personae
652 2357 1106 2415 contradictione
1127 2352 1395 2409 ﬁrmitate
1413 2352 1682 2420 perpetua
1709 2357 1834 2414 per-

186 2450 414 2507 fruatur.
452 2450 727 2505 Cmterum
767 2459 898 2502 vero
925 2445 1031 2501 hoc
1055 2441 1438 2498 deliberantes
1466 2434 1830 2493 decernimus

185 2547 242 2596 ut
271 2539 552 2610 congruis
597 2534 952 2606 temporibus
978 2535 1185 2588 nostra:
1223 2525 1612 2586 sollicitudini
1641 2521 1830 2580 eccle—

185 2629 413 2685 siasticae
460 2626 780 2693 intimetur,
812 2622 1062 2694 qualiter
1084 2620 1289 2692 religio
1315 2615 1628 2674 monastica
1654 2624 1832 2682 regu—

186 2718 279 2774 lari
307 2718 518 2774 habitu
555 2715 845 2786 dirigatur
873 2710 1292 2780 concordiaque
1329 2702 1688 2763 convenienti
1731 2714 1833 2756 ec-

186 2807 501 2864 clesiastico
528 2805 722 2861 studio
757 2801 1116 2872 mancipetur
1145 2812 1214 2854 ne
1249 2796 1414 2865 forte,
1460 2794 1610 2866 quod
1653 2792 1828 2860 absit,

189 2897 283 2953 sub
312 2898 490 2966 hujus
525 2892 814 2966 privilegii
845 2891 1082 2948 obtentu
1111 2887 1341 2943 animus
1368 2895 1710 2956 gressusque
1750 2894 1832 2936 re-

190 2984 484 3041 ctitudinis
516 2988 716 3038 vestra:
745 2994 778 3037 a
804 2991 1000 3035 norma
1033 2974 1282 3046 justitiae
1305 2973 1505 3042 aliquo
1541 2970 1706 3025 modo
1732 2981 1832 3023 re-

1934 2167 2040 2238 cie,
2091 2167 2151 2223 in
2187 2168 2586 2238 praeiudicium
2621 2167 2950 2224 donationis
2989 2165 3274 2238 quidquid
3329 2164 3588 2221 minuere

1933 2253 2021 2310 vel
2076 2253 2320 2325 auferre,
2380 2255 2654 2326 obligare,
2713 2254 2986 2326 alienare,
3050 2253 3352 2324 impedire,
3419 2252 3588 2308 inva-

1935 2342 2088 2413 dere,
2120 2344 2380 2414 vendere,
2430 2357 2634 2416 emere,
2665 2347 2723 2400 et
2762 2343 2889 2400 suis
2919 2343 3124 2400 usibus
3164 2341 3455 2412 applicare
3499 2339 3586 2396 vel

1936 2430 2074 2486 aliis
2093 2432 2258 2502 quasi
2287 2433 2403 2502 piis
2432 2433 2626 2488 causis
2648 2447 2749 2503 pro
2772 2445 2888 2489 sua!
2910 2431 3167 2487 avaritia:
3195 2429 3589 2500 excusatione,

1939 2527 2246 2588 praesumat
2272 2540 2286 2590 ;
2319 2522 2416 2577 sed
2444 2526 2648 2577 cuncta
2679 2536 2805 2592 qua:
2856 2519 3110 2591 praefatis
3149 2519 3354 2575 usibus
3384 2530 3588 2572 mona-

1937 2608 2177 2664 chorum
2221 2609 2410 2666 oblata
2453 2615 2591 2666 sunt
2635 2610 2724 2666 vel
2755 2609 2947 2666 offerri
2992 2608 3319 2680 contigerit,
3353 2605 3589 2676 perenni

1941 2700 2192 2769 tempore
2219 2699 2445 2756 illibata
2482 2704 2539 2755 et
2561 2699 2898 2756 inconvulsa
2928 2699 3054 2754 sine
3082 2697 3279 2768 aliqua
3302 2695 3594 2766 inquietu-

1937 2788 2074 2844 dine
2091 2787 2389 2858 profutura
2424 2792 2808 2860 permaneant.
2835 2786 3098 2843 Volentes
3121 2787 3315 2856 itaque
3346 2783 3594 2840 malitiis

1940 2876 2234 2934 hominum
2278 2877 2526 2948 obviare,
2555 2877 2772 2932 litteris
2798 2876 2857 2931 in
2892 2875 3291 2946 praajudicium
3321 2877 3380 2928 et
3405 2872 3596 2928 detri—

1938 2970 2193 3021 mentum
2234 2965 2640 3034 praedictorum
2685 2962 2963 3020 confectis
3013 2969 3070 3018 et
3106 2968 3303 3019 contra
3331 2966 3592 3018 nostrum

191 3078 532 3144 torqueatur.
565 3069 990 3128 Constituimus
1020 3041 1247 3136 quoque
1275 3075 1376 3132 per
1409 3041 1584 3129 hujus
1612 3056 1826 3113 decreti
1858 3041 1907 3104 C
1936 3054 2223 3144 decretum
2252 3054 2696 3109 instrumentum
2720 3052 2875 3106 datis
2904 3065 3217 3120 cassamus,
3252 3051 3594 3121 nulliusque

191 3164 356 3221 nostri
401 3160 674 3233 paginam
719 3162 785 3215 ut
821 3156 1153 3227 quicunque
1201 3149 1514 3219 cujuslibet
1559 3145 1828 3202 Ecclesia;

192 3252 400 3323 praesul,
447 3249 541 3306 vel
582 3258 922 3320 quacunque
963 3242 1246 3313 dignitate
1285 3237 1523 3308 praedita
1568 3246 1826 3323 persona,

192 3322 320 3398 hanc
336 3339 523 3397 nostri
545 3334 834 3408 privilegii
853 3334 1108 3389 chartam
1128 3342 1295 3401 quam
1313 3325 1656 3382 auctoritate
1677 3322 1833 3392 prin-

190 3430 326 3500 cipis
373 3425 770 3500 apostolorum
823 3422 1116 3479 ﬁrmamus
1174 3423 1448 3472 temerare
1505 3409 1828 3479 tentaverit,

189 3519 474 3575 anathema
517 3515 616 3584 sit,
657 3517 713 3569 et
744 3512 888 3568 iram
932 3509 1034 3565 Dei
1090 3509 1392 3564 incurrens
1432 3516 1465 3558 a
1512 3503 1661 3557 cmtu
1701 3512 1833 3555 om-

192 3608 336 3663 nium
383 3607 718 3662 sanctorum
768 3599 1017 3657 extorris
1061 3597 1292 3664 existat,
1343 3597 1400 3648 et
1447 3587 1831 3647 nihilominus

193 3696 396 3767 praafati
443 3691 784 3751 monasterii
816 3688 1072 3761 dignitas
1100 3701 1133 3741 a
1160 3684 1328 3740 nobis
1359 3680 1585 3738 indulta
1625 3691 1832 3767 perpe—

192 3766 412 3841 tualiter
459 3781 741 3839 inviolata
783 3778 1109 3850 permaneat
1135 3772 1450 3844 apostolica
1489 3766 1832 3826 auctoritate

191 3874 442 3930 subnixa.
497 3871 787 3941 Scriptum
847 3881 946 3938 per
993 3878 1222 3920 manum
1269 3861 1442 3932 Petri,
1510 3855 1723 3914 notarii
1775 3859 1834 3910 et

189 3962 473 4019 scriniarii
510 3962 717 4017 sanctae
737 3959 1000 4013 Romana:
1024 3951 1310 4020 Ecclesiae,
1341 3950 1401 4005 in
1429 3960 1618 4004 mense
1637 3943 1829 4013 Junio,

192 4051 499 4108 indictione
523 4047 783 4118 septima.
819 4046 964 4100 Bene
989 4041 1187 4098 valete.

251 4142 451 4196 Datum
487 4152 531 4193 ιι
567 4138 701 4193 Idus
741 4134 942 4190 Junias
968 4144 1065 4201 per
1088 4141 1315 4184 manum
1346 4123 1584 4194 Tiberii,
1619 4120 1834 4192 primi—

189 4229 319 4283 cerii
373 4232 588 4284 sanctae
638 4224 792 4281 sedis
847 4219 1195 4290 apostolicae,
1254 4216 1570 4284 imperante
1622 4211 1831 4266 domno

189 4317 445 4386 piissimo
485 4313 747 4386 principe
783 4312 1040 4382 Augusto
1083 4304 1387 4374 Ludovico,
1419 4316 1451 4357 a
1496 4302 1611 4357 Deo
1660 4310 1833 4354 coro-

1937 3143 2150 3200 valoris
2171 3157 2293 3199 esse
2321 3142 2704 3198 decernimus.
2733 3139 2891 3195 Nulli
2923 3139 3095 3195 etiam
3134 3138 3597 3208 archiepiscopo,

1937 3237 2038 3288 aut
2062 3231 2329 3301 episcopo
2351 3229 2422 3285 ab
2448 3229 2661 3285 eisdem
2680 3227 2981 3298 judicibus
3005 3225 3298 3297 deputatis
3328 3225 3500 3280 liceat
3531 3226 3592 3281 in

1942 3321 2098 3391 ipsos
2147 3319 2454 3375 monachos
2502 3323 2604 3374 aut
2635 3319 2694 3372 in
2743 3316 3019 3386 aliquem,
3068 3315 3168 3386 qui
3205 3315 3290 3370 eis
3338 3314 3592 3369 decimas

1937 3414 2040 3466 aut
2069 3409 2218 3465 alios
2249 3407 2470 3463 reditus
2513 3408 2737 3462 tenetur
2761 3403 3050 3460 exsolvere
3094 3403 3156 3458 in
3189 3401 3590 3472 prajudicium

1941 3498 2196 3568 ipsorum
2255 3495 2595 3552 sententiam
2652 3491 3289 3559 excommunicationis,
3336 3493 3436 3544 aut
3491 3489 3592 3544 in-

1939 3586 2170 3643 terdicti
2203 3583 2473 3655 proferre,
2511 3597 2613 3639 nec
2638 3583 2852 3638 invitos
2884 3595 2980 3636 eos
3009 3579 3081 3635 ad
3111 3592 3171 3635 se
3206 3579 3267 3634 in
3298 3577 3587 3648 judicium

1939 3675 2296 3746 compellere,
2349 3673 2486 3729 dum
2536 3677 2722 3728 tamen
2769 3669 2996 3726 abbatis
3049 3669 3142 3724 sui
3187 3673 3456 3738 tanquam
3487 3679 3592 3722 or-

1938 3764 2156 3821 dinarii
2203 3762 2453 3820 voluerit
2497 3773 2696 3832 parere
2740 3758 3024 3814 mandato.
3057 3758 3126 3812 Et
3162 3755 3435 3827 quoniam
3486 3767 3593 3823 pe-

1942 3853 2137 3910 titioni
2172 3853 2360 3923 ipsius
2412 3850 2521 3906 ﬁlii
2571 3848 2753 3906 nostri
2795 3846 2988 3903 Caroli
3017 3858 3270 3901 annuere
3298 3842 3586 3913 cupimus,

1942 3942 2145 3998 horum
2168 3941 2425 3997 omnium
2445 3953 2569 4010 quae
2591 3936 2921 4006 hujusmodi
2952 3932 3240 4004 prmcepti,
3262 3930 3592 4000 decretique

1942 4031 2125 4086 nostri
2156 4033 2214 4086 et
2242 4029 2334 4085 sui
2369 4029 2574 4098 pagina
2603 4026 2880 4094 continet,
2911 4023 3158 4079 dilectos
3185 4021 3337 4077 ﬁlios
3363 4023 3592 4076 nostros

1941 4119 2405 4189 archiepiscopos
2447 4115 2939 4186 Moguntinensem
2992 4116 3049 4167 et
3100 4111 3489 4166 Trevirensem
3537 4111 3594 4162 et

1937 4223 2134 4266 eorum
2183 4207 2590 4277 suﬁ‘raganeos,
2637 4202 2810 4258 simul
2863 4202 2966 4257 hos
3014 4201 3114 4272 qui
3148 4215 3253 4256 suo
3301 4199 3504 4254 ordine
3533 4201 3591 4251 et

1940 4297 2064 4355 loco
2093 4295 2494 4364 successerint,
2540 4295 2966 4347 conservatores
3016 4289 3429 4347 constituimus
3465 4288 3591 4343 eis—-

190 4375 334 4475 nato,
371 4375 598 4476 magno,
648 4375 1275 4472 paciﬁcovimperatore,
1319 4403 1470 4447 anno
1511 4389 1753 4457 decimo,
1775 4389 1832 4440 et
1856 4382 1910 4444 D
1938 4387 2086 4456 dem,
2118 4390 2174 4442 et
2197 4384 2440 4442 cuilibet
2476 4393 2672 4437 eorum
2723 4379 2780 4432 in
2826 4377 3076 4432 solidum
3108 4377 3207 4447 qui
3251 4375 3468 4430 fuerint
3494 4389 3590 4430 re-

191 4495 426 4565 patricio
447 4506 600 4550 anno
627 4491 870 4560 decimo,
904 4486 1223 4544 indictione
1256 4481 1516 4553 septima.
1559 4478 1753 4534 Amen.

968 4597 1033 4652 II.

191 4705 351 4747 BULLA
378 4690 622 4762 (ﬁctitia)
641 4701 852 4744 NlCOLAI
886 4699 1036 4741 ram
1071 4697 1088 4738 ι
1121 4695 1226 4744 οοΑ
1261 4693 1566 4736 conamur
1597 4689 1834 4732 DIPLOMA

358 4777 551 4818 CAROLI
581 4775 745 4816 MAGNI
779 4772 882 4814 PRO
907 4767 1249 4812 MONASTERIO
1274 4767 1321 4807 S.
1349 4764 1586 4806 DIONYSII
1611 4761 1650 4801 ³.

189 4853 372 4926 [Apud
395 4849 766 4914 Grandidier,
783 4848 1020 4902 Histoire
1039 4844 1104 4898 de
1121 4834 1340 4908 l’Eglise
1355 4840 1422 4894 de
1450 4833 1832 4909 Strasbou—rg.]

253 4946 530 4998 NICOLAUS
579 4939 902 5010 episcopus,
953 4947 1152 4989 servus
1199 4943 1490 4986 servorum
1534 4927 1657 4998 Dei,
1692 4926 1834 4983 uni—

189 5033 362 5088 versis
403 5029 624 5087 Christi
656 5025 924 5083 ﬁdelibus
953 5035 1104 5079 nunc
1133 5024 1190 5077 et
1209 5019 1426 5076 futuris
1455 5015 1828 5087 temporibus,

188 5121 445 5177 salutem.

257 5221 513 5273 -Pr:eter
546 5213 886 5271 inusitatum
920 5211 980 5266 in
1019 5207 1200 5265 bullis
1242 5205 1561 5277 pontiﬁciis
1597 5205 1828 5277 stylum,

192 5290 502 5346 maximum
547 5283 836 5356 praesciert
865 5281 1139 5338 falsitatis
1178 5278 1460 5356 indicium
1498 5277 1829 5356 haquulla,

194 5373 350 5430 quam
378 5362 440 5415 in
475 5347 593 5430 suo
618 5356 929 5430 diplomate
954 5350 1323 5430 transcripsit
1351 5347 1687 5430 Caroluslv
1717 5349 1834 5403 im-

195 5419 413 5500 perator
443 5443 536 5485 an.
571 5419 730 5500 4348,
779 5437 1063 5500 quamque
1082 5427 1259 5500 _vocat
1285 5419 1654 5500 praecedentis
1685 5435 1718 5500 η

193 5491 333 5571 cepti
377 5491 1210 5571 conﬁrmationémaNicolaus
1250 5503 1391 5571 papa
1434 5491 1578 5571 hanc
1601 5491 1834 5571 bullam

1940 4477 2168 4548 quisiti,
2218 4475 2551 4532 mandantes
2598 4472 2880 4542 quatenus
2925 4467 3112 4536 ipsum
3175 4464 3582 4521 monasterium

1939 4565 2204 4624 Lebrahaa
2255 4562 2567 4625 molestari,
2622 4562 2724 4616 aut
2766 4555 3100 4628 inquietari,
3143 4554 3204 4610 in
3243 4552 3478 4624 juribus
3535 4558 3593 4609 et

1941 4656 2128 4722 bonis,
2161 4661 2330 4724 atque
2374 4649 2717 4721 privilegiis,
2764 4651 2828 4702 ut
2853 4643 3246 4716 praemittitur,
3277 4641 3504 4698 collatis
3533 4647 3590 4697 et

1943 4744 2230 4804 concessis
2259 4755 2370 4798 non
2420 4739 2772 4809 permittant.
2812 4736 2870 4790 Si
2900 4733 3030 4805 quis
3053 4737 3241 4788 autem
3281 4730 3588 4786 temerario

1942 4849 2108 4904 ausu,
2152 4844 2349 4904 magna
2391 4840 2628 4899 parvave
2659 4838 2920 4896 persona,
2953 4828 3150 4878 contra
3191 4821 3297 4877 hoc
3328 4825 3585 4876 nostrum

1941 4923 2319 4995 apostolicum
2350 4919 2638 4974 decretum
2682 4927 2846 4985 agere
2877 4911 3324 4981 praesumpserit,
3357 4909 3505 4966 sciat
3534 4923 3594 4966 se

1940 5009 2320 5068 anathematis
2337 5004 2568 5064 vinculo
2588 5002 2920 5059 innodatum
2946 5013 3011 5055 ac
3035 5012 3209 5071 regno
3228 4998 3328 5055 Dei
3354 5012 3593 5069 prorsus

1941 5103 2215 5168 alienum,
2247 5111 2377 5154 cum
2407 5093 2675 5152 omnibus
2704 5089 2902 5161 impiis
2932 5088 3185 5145 incendii
3208 5089 3406 5145 aeterni
3437 5089 3597 5144 dam-

1939 5199 2213 5256 Nicolaus
2235 5209 2350 5251 aevo
2372 5193 2474 5248 illo
2498 5190 2619 5246 sedi
2649 5189 2912 5244 Romanae
2943 5183 3192 5256 praefuit,
3235 5190 3593 5256 noscuntque

1940 5255 2154 5340 omnes,
2185 5270 2246 5325 in
2271 5268 2396 5337 ipsa
2418 5263 2662 5340 historia
2678 5255 3265 5340 velnlriinimeversati,
3290 5255 3585 5340 Nicolaum

1944 5323 2201 5414 primum
2249 5323 2397 5394 anno
2437 5339 2659 5390 tantum
2697 5330 2804 5414 §5_8
2847 5330 2958 5414 sub
3002 5323 3304 5414 L‘udovi'c'g
3332 5323 3586 5414 Egilia-ﬂ

1723 5397 1838 5474 i-EL
1944 5397 2066 5471 ﬁlio
2098 5397 2665 5482 imperatorepapam
2701 5403 2881 5482 fuisse
2910 5397 3588 5482 ςξθοῐιξωτριίςρέιξὲ-ῐμξο

2098 5462 2884 5555 ξῦδξιῖρῤὸεὶὶὶίὶιιω-ρεινοιὶ
2912 5472 3097 5542 Magni
3126 5465 3368 5522 refertur
3386 5462 3585 5532 diplo-

192 5546 1098 5640 aéﬁiaéﬁiéit‘iﬁia'bzﬁuéﬁéa
1107 5546 1296 5620 Caroli
1319 5546 1526 5633 Magni.
1545 5561 1620 5617 At
1639 5562 1837 5618 nullus
1947 5546 2067 5624 ma,
2081 5546 2369 5611 Romanus
2395 5554 2518 5606 erat
2539 5546 2814 5619 pontifex.
