4068 6178
481 271 618 331 4045
1046 267 1335 324 ΑΡΡΕΝΙ).
1383 265 1478 322 ΑΒ
1523 264 1686 320 SEC.
1726 263 1824 320 1X.
1885 292 1958 304 —
1993 261 2149 319 SUPP

2258 263 2324 317 Μ.
2365 260 2457 318 ΑΒ
2493 261 2776 319 SCRIPTA
2825 261 3090 321 PONTIF.
3138 263 3311 322 ROM.
3707 273 3815 335 4046

478 401 698 466 natum,
726 395 799 452 At
825 408 978 466 vero,
1011 393 1108 466 qui
1153 391 1482 450 observator
1512 387 1687 459 hujus
1711 385 1925 443 decreti
1946 384 2133 441 exsti—
2153 381 2211 442 A
2244 384 2607 457 rendissimo,
2649 389 2704 442 et
2752 386 3117 444 sanctissimo
3145 387 3416 445 confratri
3464 397 3639 450 nostro
3678 395 3813 456 Anon

474 486 615 542 terit
640 485 884 558 gratiam
930 488 1102 555 atque
1133 479 1612 549 misericordiam,
1643 477 1934 547 vitamque
1962 479 2135 530 aater—
2243 475 2694 546 archiepiscopo.

478 589 606 632 nam
657 589 688 630 a
735 573 1154 645 benignissimo
1200 570 1442 627 Domino
1491 572 1686 624 nostro
1731 567 1864 622 Jesu
1906 563 2134 620 Christo
2315 565 2612 621 Decretum
2657 570 2991 637 perpetuum
3025 566 3366 624 Viennensis
3406 569 3664 641 Ecclesiae,
3704 576 3815 645 quod

476 664 751 735 consequi
787 668 1086 719 mereatur.
2248 661 2566 712 reverenter
2596 657 2765 726 petiit
2807 657 3084 712 sanctitas
3113 661 3211 712 tua
3240 670 3270 713 a
3314 657 3442 713 sede
3471 660 3761 730 apostolica,
3782 673 3821 721 et

551 757 758 810 Datum
786 767 882 808 xiv
914 753 1010 808 die
1035 749 1417 806 Kalendarum
1448 747 1584 803 Maii
1614 760 1712 817 per
1738 759 1940 802 manus
1969 745 2139 801 Hum—
2249 745 2552 802 humiliter
2587 747 2990 816 expostulavit,
3026 753 3088 804 ut
3126 747 3488 820 privilegium
3517 751 3775 820 antiquum
3797 768 3821 810 a

481 844 652 913 berti,
687 841 1020 899 cancellarii
1052 844 1261 896 sanctae
1296 837 1452 895 sedis
1489 835 1837 907 apostolicae,
1877 833 1936 890 in
1970 836 2140 890 Late-
2251 835 2512 904 patribus
2547 837 2760 894 nostris
2798 843 2854 892 et
2893 837 3426 908 praedecessoribus,
3458 839 3725 897 Viennensi
3750 858 3824 899 sa-

487 932 713 990 ranensi
756 931 1018 1000 basilica,
1065 928 1433 1001 pontiﬁcatus
1462 925 1646 982 nostri
1689 938 1840 981 anno
1872 923 2062 980 tertio.
2248 939 2358 982 cra:
2387 927 2543 981 sedis
2575 939 3004 982 renovaremus:
3034 927 3352 982 auctoritas
3382 927 3548 996 hujus
3562 936 3825 988 sanctast:-

1266 1054 1357 1107 ΠΙ.
2248 1015 2361 1107 dis,
2385 1015 2521 1086 quia
2538 1015 2716 1107 digna
2735 1029 2824 1070 res
2845 1015 3161 1107 petebatur,
3184 1029 3296 1072 non
3328 1015 3542 1107 abnuit.
3570 1017 3708 1074 Sicut
3722 1034 3821 1093 ergo

2250 1104 2322 1159 ab
2351 1103 2812 1160 antecessoribus
2843 1103 3060 1160 nostris
3095 1103 3258 1161 beato
3279 1104 3498 1161 scilicet
3522 1107 3698 1178 Leone,
3715 1109 3778 1164 vel
3801 1123 3825 1165 a

2252 1193 2499 1264 reliquis
2525 1207 2664 1264 pene
2683 1194 2752 1249 ad
2787 1198 2980 1250 nostra
3002 1199 3277 1264 tempora,
3297 1195 3418 1252 tuis
3443 1198 3826 1254 antecessoribus

2253 1282 2574 1354 praestitum
2607 1288 2694 1338 est
2738 1282 3048 1355 largitione
3075 1283 3414 1354 apostolica,
3447 1289 3509 1340 ut
3550 1286 3610 1340 ad
3642 1287 3830 1356 privile-

2253 1372 2412 1445 gium
2433 1371 2774 1428 Viennensis
2789 1371 3055 1428 Ecclesia:
3086 1378 3300 1444 septem
3333 1374 3623 1443 provincia
3645 1376 3831 1445 pertine-

2253 1465 2410 1518 rent:
2447 1461 2507 1516 in
2539 1461 2754 1532 quibus
2780 1462 2987 1532 praesul
3035 1463 3242 1533 ipsius,
3277 1463 3430 1519 vices
3450 1470 3656 1520 nostras
3683 1479 3828 1536 agens,

486 1179 694 1222 NICOLAI
753 1175 954 1219 ΡΑΡΛΕῙ
1008 1173 1181 1215 BULLA
1239 1172 1340 1214 PRO
1389 1169 1730 1212 MONASTERIO
1789 1167 2136 1211 SUBLACENSI.

1061 1264 1242 1336 (Anno
1286 1261 1563 1334 858-867.)

771 1373 1099 1446 [Muratori,
1151 1373 1342 1442 Antiq.
1382 1372 1536 1435 Ital.,
1589 1374 1724 1426 tom.
1755 1366 1850 1444 V.]

557 1487 830 1541 NIOOLAUS
872 1481 1196 1551 episcopus,
1244 1493 1443 1534 servus
1486 1491 1775 1534 servorum
1824 1475 1948 1547 Dei,
1987 1474 2146 1532 dile-

488 1574 750 1632 ctissimo
779 1550 1121 1626 ﬁlioinostro
1145 1569 1349 1623 Azzom
1380 1567 1652 1638 religioso
1671 1565 1883 1638 [abbati
1921 1569 1978 1621 et
2007 1578 2144 1636 pre-
2253 1556 2565 1607 conventus
2595 1550 2893 1621 synodales
2937 1551 3234 1621 indiceret,
3278 1558 3335 1606 et
3359 1552 3487 1621 iura
3516 1552 3832 1609 ecclesiastica

492 1663 737 1734 sbytero,
762 1666 817 1716 et
849 1658 1145 1715 monachis
1168 1657 1238 1713 de
1267 1655 1579 1713 venerabili
1618 1655 1963 1712 monasterio
2002 1668 2144 1710 san-

2258 1640 2405 1710 juste
2451 1645 2507 1696 et
2561 1640 2904 1712 regulariter
2949 1640 3249 1696 deﬁniret:
3302 1645 3358 1696 et
3401 1641 3516 1711 juri
3562 1643 3834 1698 Viennensis

491 1715 740 1809 iussi—ini
775 1715 963 1804 rati-is
989 1746 1300 1816 Benedicti,
1329 1750 1385 1802 et
1416 1752 1621 1801 sancta:
1647 1745 1893 1816 virginis
1919 1744 2144 1800 Schola-
2174 1715 2227 1777 Β
2257 1728 2541 1798 Ecclesiae,
2566 1733 2778 1798 septem
2823 1727 3033 1798 oppida
3061 1728 3147 1784 vel
3183 1729 3452 1784 civitates
3481 1727 3835 1802 Gratianopolis

491 1842 672 1908 sticaa,
696 1839 843 1910 quod
869 1836 1104 1908 ponitur
1135 1836 1195 1891 in
1224 1833 1490 1902 Sublacu,
1521 1834 1759 1905 suisque
1785 1832 2147 1890 successori-
2258 1817 2502 1910 ξείίίοθῐν
2536 1817 2831 1910 ,νὸιθηῐίδτ
2853 1816 3003 1888 ’Βίαν
3052 1817 3194 1910 Alba
3238 1819 3552 1888 “Varium:
3587 1818 3768 1876 Genetii
3796 1828 3836 1876 εί

491 1931 600 1987 bus
632 1906 779 1984 inibi
805 1906 918 1983 Ι)έο
949 1925 1334 1982 servientibus
1357 1929 1412 1980 et
1443 1923 1898 1995 introeuntibus,
1933 1923 1992 1978 in
2027 1936 2148 1994 per-
2257 1906 2607 1978 TarenmSiai
2679 1911 2950 1977 Perpetuo
3019 1906 3294 1978 δυδὶθθῑαε
3343 1914 3636 1979 manerem:
3691 1910 3754 1965 iiii
3797 1917 3836 1966 ει

495 2023 746 2092 panum,
2258 1996 2556 2092 biauriana
2586 2009 2740 2052 nunc
2765 2001 2958 2053 noster
2990 1997 3359 2092 praesulatus,
3394 1996 3598 2055 futuris
3619 1999 3837 2069 tempori-

561 2110 701 2165 Cum
735 2107 842 2177 piae
878 2103 1230 2161 desiderium
1269 2103 1606 2173 voluntatis,
1635 2107 1765 2174 etc.,
1790 2101 2074 2159 tradimus
2095 2105 2149 2158 et

2259 2085 2368 2142 bus
2417 2085 2642 2142 ﬁrmum
2686 2090 2741 2141 et
2789 2085 3188 2142 inconvulsum
3227 2087 3446 2173 durare
3495 2089 3725 2158 praesenti
3761 2089 3838 2143 de-

492 2173 898 2256 conﬁrmamus
929 2192 1302 2266 religiositati
1336 2197 1446 2249 tuae
1489 2173 1832 2264 regimenet
1861 2191 2148 2247 abbatiam

2258 2179 2414 2230 creto
2452 2173 2798 2230 constituit:
2845 2180 2902 2231 et
2945 2179 3008 2232 ut
3049 2176 3118 2231 ad
3164 2181 3504 2246 potestatem
3547 2182 3598 2232 et
3622 2177 3836 2233 ditionem

497 2285 867 2356 monasterii;
916 2283 1324 2340 conﬁrmamus
1359 2282 1550 2338 omnia
1608 2297 1732 2354 qua:
1776 2281 1958 2338 nostri
1997 2295 2151 2352 prae-
2257 2265 2598 2356 Viennensis
2624 2265 2957 2334 metropolis
2987 2265 3320 2336 pertineant
3350 2265 3840 2356 inviolabiliterdeli-

493 2377 821 2434 decessores
855 2353 1187 2444 pontiﬁces,
1245 2353 1716 2442 imperatoresiet
1781 2385 1957 2445 reges,
2011 2376 2144 2442 etc.,
2259 2354 2424 2445 ηίίνίῑ·
2458 2356 2651 2445 Naque
2689 2359 2879 2445 iameii
2905 2359 3201 2445 Propterea
3230 2354 3672 2445 Τὲιΐεηῐδεξθῐιδίε
3689 2353 3841 2411 E0018-

495 2469 740 2522 Montem
762 2463 1091 2520 Cervariam
1121 2461 1191 2518 ad
1211 2461 1508 2517 castellum
1527 2459 1871 2530 faciendum,
1903 2459 2144 2518 fundum

493 2557 876 2621 Maranorum,
917 2551 1159 2608 fundum
1212 2549 1522 2620 Conticuli,
1571 2549 1813 2607 fundum
1859 2549 2143 2622 Rubiano,

493 2648 740 2700 montem
771 2640 1014 2710 Arsulac,
1044 2646 1151 2696 etc.
1193 2640 1481 2710 Scriptum
1506 2639 1626 2711 {per
1659 2652 1886 2695 manum
1925 2641 2148 2712 Grego-

494 2732 594 2803 rii,
628 2729 840 2786 notarii
884 2734 1091 2785 sancta
1125 2730 1388 2784 Romanae
1421 2728 1709 2797 Ecclesiae,
1744 2729 2061 2785 indictione
2093 2727 2140 2783 4.

493 2820 778 2893 Legimus.
813 2819 953 2874 Data
979 2817 1038 2872 in
1068 2818 1297 2874 nomine
1322 2817 1528 2887 Patris,
1548 2822 1605 2872 et
1625 2817 1782 2887 Filii,
1810 2823 1866 2874 et
1894 2818 2148 2888 Spiritus

495 2888 704 2977 sancti,
737 2918 907 2977 anno,
956 2906 1069 2962 Deo
1101 2903 1373 2975 propitio,
1415 2904 1786 2975 pontiﬁcatus
1817 2906 2014 2962 domni
2039 2906 2149 2961 Ni-

2258 2888 2526 2944 sitionem
2560 2888 2727 2945 illius
2767 2889 2960 2945 omnia
2988 2888 3106 2945 haec
3130 2895 3268 2961 agat
3295 2908 3308 2945 :
3338 2899 3394 2946 et
3413 2891 3480 2946 ad
3509 2890 3750 2961 synodum
3774 2889 3844 2959 ip—

495 2995 644 3055 colai
671 2993 883 3052 summi
912 2993 1206 3065 pontiﬁcis
1247 2997 1304 3048 et
1335 2993 1682 3050 universalis
1707 3009 1884 3066 papae,
1916 2994 2144 3066 imperii

2260 2978 2382 3034 sius
2403 2982 2635 3034 vocatus
2658 2977 2873 3048 pariter
2903 2991 3032 3034 cum
3068 2979 3214 3049 ipsis
3247 2979 3375 3036 sibi
3400 2981 3665 3037 concessis
3685 2993 3846 3036 occur-

492 3048 856 3143 ὖέὲῖᾱόώῖ
879 3048 1175 3154 Ludovici,
1191 3048 1196 3049 ί
1211 3048 1466 3154 piissimi
1487 3048 1858 3154 ingratas;
1874 3048 2144 3158 λὶίξῖιὲὶίξ
2175 3048 2224 3111 C
2262 3072 2378 3158 rat.
2394 3071 2458 3158 get
2485 3072 2764 3137 Quantum
2785 3067 2853 3122 ad
2872 3067 3205 3158 generalem
3239 3068 3646 3125 observantiam
3669 3067 3843 3158 attinet

491 3179 548 3232 et
567 3189 601 3231 a
627 3176 742 3230 Deo
783 3177 1075 3243 coronato,
1111 3186 1313 3244 magno
1336 3173 1680 3245 imperatore
1699 3173 1753 3229 X
1773 3156 2028 3246 jubente,
2051 3173 2148 3231 die
2259 3156 2408 3213 nihil
2442 3163 2645 3227 ρνεειθτ
2663 3156 3072 3246 δυοῐφιέίῐθιθωί
3096 3158 3448 3215 νίθηῐιθηείε
3483 3158 3718 3230 Ρηεειιιίε
3736 3157 3847 3213 ἀεθ-

489 3262 561 3322 2t)
589 3263 858 3336 Augusti,
889 3261 1211 3319 indictione
1238 3259 1286 3317 4.
2018 3245 2022 3246 ⁷
2258 3247 2384 3336 nire
2438 3251 2762 3336 praesumat.
2807 3245 3022 3336 Sitque,
3063 3245 3378 3336 humiliter
3425 3247 3690 3318 subditus,
3733 3247 3848 3302 sicut

2256 3335 2328 3392 ab
2348 3334 2807 3392 antecessoribus
2846 3335 3063 3393 nostris
3091 3335 3415 3394 salubriter
3453 3338 3748 3394 institutum
3768 3340 3844 3391 est.

2256 2444 2357 2499 size
2381 2441 2655 2514 pontifex,
2684 2443 2780 2513 jus
2810 2442 2923 2498 sibi
2951 2442 3224 2499 collatum
3254 2445 3474 2514 perdat.
3499 2443 3632 2514 Quia
3657 2458 3739 2500 nec
3764 2445 3839 2500 hoc

2255 2532 2598 2590 Viennensis
2639 2531 3110 2603 archiepiscopus
3153 2533 3379 2604 primas
3424 2534 3598 2604 ipsius
3629 2547 3658 2589 a
3693 2538 3840 2590 nostra

2255 2622 2598 2678 auctoritate
2633 2621 2945 2691 postulavit
2994 2627 3059 2677 ut
3089 2622 3148 2676 in
3194 2622 3501 2694 aliquibus
3531 2623 3730 2693 oppidis
3755 2622 3839 2676 sibi

2256 2710 2581 2768 commissis
2597 2723 2708 2767 non
2725 2711 2977 2782 advocet,
2999 2711 3093 2767 sed
3107 2711 3244 2782 subj
3256 2726 3365 2768 ure
3376 2712 3688 2769 Viennensis
3703 2710 3842 2767 archi-

2256 2800 2511 2871 episcopi
2546 2800 2626 2856 ita
2655 2813 2716 2856 se
2741 2799 2990 2871 positum
3022 2813 3245 2870 semper
3287 2801 3454 2872 sciat,
3481 2809 3540 2858 ut
3573 2815 3656 2874 per
3687 2801 3844 2871 dispo-

1264 3387 1605 3500 1‘"
2258 3387 3844 3500 ὖῖθᾘῌέιὶέἷὲὶιῶἑὲίεέξἶῖιῖιῖέᾶἶέἨίέέίίὶέίεζιξιῖιὶᾆὼ

491 3491 750 3536 nmmo“
827 3490 1040 3534 “1001‘”
1123 3490 1605 3604 [VIEggENgﬁw
1684 3490 2148 3534 ARCHIEPISCOPU"
2257 3528 2291 3572 a
2318 3515 2484 3570 nobis
2509 3514 2623 3570 sibi
2655 3490 2980 3571 concessam
3009 3514 3382 3586 postmodum
3414 3490 3608 3573 habere
3635 3521 3684 3572 et
3707 3519 3848 3570 tenere

1063 3651 1248 3724 (Anno
1285 3650 1580 3726 858-867.)

2261 3603 2592 3676 praevaleat:
2648 3617 2718 3660 ne
2769 3603 2820 3660 si
2861 3603 3033 3660 aliter
3080 3603 3288 3662 fecerit
3335 3611 3436 3664 aut
3473 3602 3845 3677 priesumpserit,

2264 3707 2371 3726 nnn
2423 3692 2607 3726 εηιιηη
2663 3706 2926 3726 ηηηηοεοσι
2993 3693 3218 3726 nmium
3319 3696 3416 3726 MA
3467 3696 3626 3726 Al:nm
3677 3697 3845 3726 προπίω

2261 3707 2372 3750 non
2422 3692 2610 3750 solum
2663 3706 2931 3750 concessa
2992 3693 3240 3765 amittat,
3319 3696 3417 3752 sed
3467 3696 3629 3752 etiam
3677 3697 3850 3764 propter

2262 3780 2733 3853 inobedientiam,
2787 3781 2997 3840 durius
3041 3782 3359 3841 damnatus
3404 3783 3465 3841 in
3516 3783 3744 3840 futurum
3779 3779 3848 3833 bu-

2263 3871 2542 3928 milietur.

675 3761 904 3832 [80300,
925 3760 1258 3816 Bibliotheca
1280 3761 1661 3828 Floriacensis,
1696 3772 1820 3832 pag.
1844 3757 1968 3837 53.]

567 3869 843 3924 Nxcouus
883 3867 1208 3938 episcopus,
1261 3879 1461 3923 servus
1505 3880 1798 3924 servorum
1828 3867 1951 3941 Dei,
1988 3882 2152 3926 reve-

2140 4225 2267 4324 X.

1564 4472 2306 4594 ADRIAN
2316 4473 2556 4593 US
2671 4477 2847 4594 II.

1309 4837 1348 4892 I-
2183 4833 2508 4906 Dobitum,
2567 4834 2873 4893 abbatibus
2919 4835 3264 4893 venerabilis
3315 4833 3643 4893 monasterii
3697 4829 3854 4886 sancit

510 4957 680 5000 BULLA
709 4957 932 4998 ADRIANI
957 4956 997 4999 ιι
1020 4956 1209 4998 JOANNI
1234 4955 1482 4999 περιδεοΡο
1501 4957 1760 5000 ARIETINO
1780 4956 2154 4999 concessarno
2263 4925 2364 4980 Dei
2391 4926 2700 4996 ἓθηθῑνῖοίδ
2723 4927 2936 4997 Maria:
2961 4927 3062 4984 Siti
3094 4926 3286 4983 Balﬂei
3313 4927 3374 4983 in
3405 4929 3603 4996 M3353:
3636 4922 3689 4978 in
3714 4925 3855 4989 Ρθτρθ

580 5028 921 5070 FUNDATlONE
973 5029 1300 5070 MONASTERH
1371 5030 1416 5070 S.
1474 5031 1661 5072 MARle
1719 5031 1776 5072 IN
1835 5028 2042 5071 BALNEO
2100 5027 2156 5070 IN
2265 5019 2449 5072 tuum.

582 5099 808 5142 Εδίηιιλο
1013 5173 1019 5176 _
1211 5172 1300 5176 ,μ
1393 5175 1403 5176 ί
2336 5105 2617 5174 Quoniam
2643 5118 2863 5175 semper
2891 5109 3030 5161 sunt
3058 5105 3418 5162 concedenda
3457 5117 3578 5176 qua:
3603 5088 3858 5156 rationabi-

2269 5193 2424 5251 libus
2452 5200 2778 5267 congruunt
2800 5194 3128 5265 desideriis,
3167 5201 3393 5266 oportet
3423 5199 3488 5252 ut
3515 5190 3723 5250 devotio
3751 5193 3860 5239 con—

2267 5283 2476 5340 ditoris
2502 5285 2608 5356 piae
2628 5285 3083 5342 constructionis
3103 5285 3322 5342 oraculi
3352 5285 3414 5341 in
3442 5278 3742 5354 privilegiis
3760 5282 3862 5343 pm

2267 5373 2489 5429 standis
2516 5374 2751 5429 minime
2788 5374 3116 5446 denegetur.
3159 5375 3344 5448 Igitur
3385 5372 3524 5444 quia
3555 5359 3862 5442 postulastia

2268 5461 2458 5534 nobis,
2501 5469 2784 5534 quatenus
2827 5463 3220 5536 baptismalem
3267 5462 3567 5519 ecclesiam
3611 5456 3702 5512 Dei
3731 5447 3862 5524 geni-

2266 5551 2433 5609 tricis
2471 5566 2808 5625 semperque
2850 5553 3110 5626 Virginis
3160 5550 3352 5611 Mariaa
3397 5551 3608 5609 honore
3649 5545 3861 5602 constru-

1004 5173 1184 5246 (Anno
1203 5172 1327 5245 874,
1354 5175 1485 5232 ldus
1503 5176 1664 5248 Nov.)

511 5281 704 5360 [Apud
731 5281 1049 5352 Mittarelli,
1077 5283 1285 5337 Annal.
1317 5283 1648 5345 Camaldul.,
1680 5285 1771 5353 Ill,
1799 5285 2041 5354 append.
2071 5281 2155 5361 4.]

579 5375 868 5430 AnnlAivus
911 5371 1235 5442 episcopus,
1289 5385 1486 5427 servus
1537 5386 1828 5428 servorum
1879 5373 2003 5441 Dei,
2057 5374 2161 5431 di-

507 5465 654 5521 lecto
694 5461 814 5518 ﬁlio
872 5462 1065 5516 JOANNI
1130 5460 1604 5516 reverendissimo
1655 5467 1863 5518 sanctae
1907 5463 2157 5519 Aretina:

506 5551 774 5609 Ecclesia:
819 5550 1087 5622 episcopo
1110 5547 1317 5607 diebus
1353 5548 1484 5606 vitae
1511 5551 1922 5620 tantummodo,
1946 5559 2002 5609 et
2028 5558 2158 5624 post

3955 229 3959 306 ἕ

3959 344 3961 402 l
