4076 6154
250 252 392 313 4047

838 253 1127 313 ΑΡΡΕΝῙ).
1168 254 1263 314 ΑΒ
1299 257 1459 316 ΞΕΟ.
1507 259 1604 316 IX.
1645 287 1715 300 —-
1751 257 1907 315 SUPP

2018 262 2080 316 M.
2121 260 2217 318 AD
2251 261 2535 319 SCRIPTA
2582 261 2844 320 PONTIF.
2887 263 3054 322 ROM.

3516 261 3656 320 4048

247 387 398 438 ctam
431 382 490 438 in
521 385 726 456 Massa,
759 399 886 456 qua
915 389 1152 442 vocatur
1181 385 1474 448 Balneum,
1511 385 1666 456 juris
1696 388 1905 442 sancta
1932 383 1992 444 A
2020 387 2240 457 pr0prii
2286 392 2508 444 tantum
2551 389 2779 446 abbatis
2815 392 3093 463 regimine
3137 392 3350 463 pollere
3389 391 3658 450 feliciter.

249 473 517 529 Romana
563 474 682 545 cui,
731 475 846 531 Deo
903 479 1158 547 auctore,
1207 475 1562 531 deservimus
1613 475 1902 531 Ecclesia:

249 563 359 619 tibi
419 565 489 620 ad
550 564 960 620 monasterium
1021 563 1422 620 adiﬁcandum
1482 565 1905 636 regendumque

246 666 379 708 cum
411 653 512 709 Dei
547 654 753 710 timore
791 653 1268 724 dispensandum,
1311 653 1485 710 missa
1526 653 1904 724 praceptione

247 742 491 799 mutatis
519 743 746 799 scilicet
777 741 1054 814 fontibus,
1091 743 1150 798 in
1181 743 1476 799 ecclesiam
1509 743 1739 799 Domini
1770 743 1904 798 Sal—

245 833 468 888 vatoris
500 833 557 888 in
590 833 776 889 medio
805 833 1089 902 pradicta
1118 834 1314 889 Massa
1341 833 1464 889 loco
1490 837 1897 904 constructam,

247 920 349 976 ubi
383 920 616 977 facilior
657 922 854 992 populi
880 936 1198 978 concursus
1237 936 1360 978 esse
1397 923 1646 990 videtur,
1693 936 1904 978 conce—

230 1006 382 1066 ‘dere
414 1010 768 1068 deberemus.
798 1012 914 1068 Nos
955 1018 1143 1068 autem
1182 1011 1447 1068 inclinati
1479 1010 1746 1082 precibus
1782 1011 1903 1068 tuis

244 1100 427 1156 alacri
468 1101 770 1157 devotione
816 1102 1183 1172 impertimur
1223 1115 1541 1172 assensum,
1583 1106 1647 1157 ut
1688 1115 1756 1157 ex
1798 1101 1904 1157 hoc

249 1187 400 1244 lucri
428 1190 794 1260 potissimum
824 1191 1118 1260 pramium
1143 1204 1174 1245 a
1195 1191 1492 1246 conditore
1513 1190 1770 1246 omnium
1791 1191 1904 1246 Deo

250 1279 546 1349 possimus
590 1281 922 1350 promereri,
966 1280 1015 1336 si
1047 1281 1398 1337 venerabilia
1432 1281 1553 1336 loca
1583 1283 1904 1350 Opportune

247 1369 517 1425 ordinata
558 1383 657 1439 per
692 1384 792 1427 vos
819 1370 888 1426 ad
930 1370 1223 1427 meliorem
1264 1369 1482 1426 fuerint
1516 1375 1728 1426 statum
1769 1382 1906 1439 per-

245 1458 442 1515 ducta.
463 1460 570 1514 Per
586 1459 760 1529 hujus
783 1460 977 1531 itaque
1000 1460 1265 1530 pracepti
1287 1459 1571 1532 paginam,
1588 1459 1706 1529 jam
1729 1471 1903 1528 supra

248 1555 618 1604 memoratam
647 1547 943 1605 ecclesiam
967 1549 1067 1605 Dei
1099 1549 1416 1605 Genitricis
1439 1563 1569 1606 cum
1609 1547 1903 1619 contiguis

246 1637 518 1694 adiﬁciis
547 1643 603 1694 et
642 1643 800 1694 tanto
833 1643 996 1694 terra
1025 1652 1091 1694 ac
1131 1639 1426 1694 vinearum
1467 1638 1656 1708 spatio
1689 1637 1748 1693 in
1778 1637 1906 1692 cir—

2014 473 2232 533 Abbate
2256 478 2484 535 scilicet
2527 478 2598 535 ab
2630 479 2734 536 hac
2779 480 2904 536 luce
2944 483 3244 555 migrante,
3275 496 3570 539 successor
3605 481 3659 538 ei

2013 565 2083 621 de
2131 568 2361 638 propria
2409 570 2848 642 congregatione
2889 571 3178 627 communi
3227 573 3484 628 omnium
3535 585 3665 628 con-

2012 669 2183 712 sensu
2213 657 2282 713 de
2311 671 2376 714 eo
2405 659 2621 731 dignus
2646 659 2916 730 eligatur,
2949 666 3004 716 et
3026 660 3094 715 ad
3123 665 3376 716 nostram
3406 661 3491 716 vel
3523 675 3664 717 suc-

2012 757 2301 801 cessorum
2335 752 2662 804 nostrorum
2697 747 3056 819 prasentiam
3088 749 3322 805 veniens
3357 763 3664 806 consecra-

2013 832 2193 889 tionis
2216 848 2426 892 munus
2446 835 2664 907 absque
2684 837 2966 894 dilatione
2990 839 3281 908 percipere
3305 842 3606 910 mereatur,
3630 851 3664 893 a

2012 934 2126 991 quo
2157 926 2294 978 tunc
2326 937 2438 980 non
2472 926 2658 994 majus
2689 939 2858 996 quam
2891 927 3068 982 unius
3099 926 3262 982 libra
3289 927 3510 998 argenti
3542 940 3664 982 exe-

2013 1009 2174 1066 nium
2205 1012 2487 1084 exigatur,
2525 1015 2602 1070 ita
2634 1028 2769 1070 sane
2800 1021 2864 1071 ut
2897 1016 2968 1071 ab
3005 1017 3090 1072 eis
3120 1016 3666 1086 successoribusque

2012 1113 2208 1156 eorum
2251 1102 2504 1174 singulis
2541 1103 2868 1175 quibusque
2905 1105 3328 1162 indictionibus
3369 1105 3666 1176 pensionis

2016 1190 2246 1246 nomine
2267 1198 2323 1246 et
2340 1192 2670 1249 rationibus
2687 1194 3100 1252 ecclesiasticis
3115 1196 3321 1267 viginti
3339 1195 3468 1251 auri
3489 1194 3662 1250 solidi

2013 1279 2228 1334 Lucani
2255 1279 2592 1337 difﬁcultate
2620 1284 2938 1353 postposita
2965 1284 3380 1354 persolvantur.
3416 1285 3524 1339 Bes
3553 1298 3664 1340 au—

2013 1370 2125 1422 tem
2179 1382 2394 1441 omnes,
2452 1384 2595 1441 quas
2653 1387 2805 1429 nunc
2865 1374 3200 1444 pradictum
3256 1375 3661 1430 monasterium

2014 1456 2220 1514 habere
2249 1459 2497 1532 videtur,
2532 1462 2616 1518 vel
2649 1463 2929 1519 Dominus
2958 1464 3140 1520 eidem
3170 1463 3428 1520 conferre
3453 1464 3668 1536 digna-'-

2014 1551 2108 1601 tus
2137 1545 2335 1619 fuerit,
2367 1554 2422 1605 et
2451 1564 2519 1606 ex
2551 1551 2846 1621 praedictis
2875 1551 3048 1608 rebus
3067 1552 3223 1622 juris
3254 1553 3430 1623 hujus
3456 1561 3666 1609 nostra

2013 1641 2221 1691 sancta
2250 1638 2513 1695 Romana
2551 1641 2820 1696 Ecclesia
2860 1641 3144 1698 salaritiis
3174 1642 3464 1714 videlicet,
3495 1647 3666 1714 atque

247 1727 437 1797 cuitu,
463 1731 739 1799 quantum
762 1728 878 1798 jam
904 1727 1060 1784 dicta
1081 1728 1320 1784 ecclesia
1339 1727 1568 1783 Domini
1592 1725 1903 1783 Salvatoris
1931 1733 1980 1793 Β
2012 1724 2342 1795 colonotiis,
2362 1731 2474 1782 tam
2495 1728 2737 1784 mobiles
2756 1743 2924 1800 quam
2947 1731 3272 1787 immobiles
3287 1730 3462 1786 abbas
3481 1731 3668 1801 ipsius

250 1815 460 1871 habere
501 1816 884 1888 dignoscitur,
927 1817 1008 1872 ita
1039 1821 1126 1887 ut,
1165 1817 1315 1887 quod
1358 1815 1653 1872 residuum
1700 1815 1898 1879 fuerit,

249 1906 540 1976 pradicta
580 1906 836 1962 ecclesia
881 1906 1114 1962 Domini
1159 1906 1473 1962 Salvatoris
1517 1905 1826 1976 pertineat,
1870 1917 1902 1958 a

249 1995 519 2066 prasenti
552 2000 710 2051 sexta
742 1994 1080 2068 indictione,
1114 1995 1173 2050 in
1207 1995 1492 2068 integrum
1519 1995 1588 2050 ad
1625 1997 1902 2049 monaste-

250 2085 407 2140 rium
438 2083 906 2154 construendum,
937 2085 1116 2140 donec
1155 2085 1269 2140 Deo
1307 2085 1544 2154 juvante
1587 2081 1899 2150 advixeris,

249 2173 362 2229 tibi
403 2173 808 2243 concedimus;
851 2173 1140 2244 simulque
1179 2178 1237 2229 et
1265 2173 1467 2229 silvam
1501 2172 1560 2227 in
1608 2170 1904 2226 territorio

249 2261 490 2318 Aretino
521 2262 675 2331 juris
705 2267 816 2318 tua
847 2261 1238 2332 proprietatis,
1273 2275 1442 2332 quam
1483 2265 1546 2316 tu
1591 2260 1713 2330 ipse
1740 2259 1905 2315 beato

249 2354 421 2408 Petro
451 2351 707 2422 apostolo
752 2365 851 2421 per
885 2351 1218 2407 donationis
1267 2351 1530 2422 paginam
1577 2348 1902 2417 contulisti,

252 2455 428 2514 quam
451 2441 623 2497 etiam
651 2447 750 2497 tuo
770 2442 964 2497 studio
980 2441 1049 2496 ad
1069 2440 1288 2497 cultum
1310 2455 1378 2496 ex
1403 2444 1559 2509 parte
1581 2437 1902 2509 perduxisti

250 2545 388 2588 cum
419 2531 570 2587 casis
610 2531 823 2586 ibidem
855 2531 1206 2587 constructis
1243 2535 1298 2585 et
1327 2531 1440 2585 Deo
1476 2527 1728 2599 propitio
1760 2539 1906 2582 con-

251 2619 571 2689 struendis,
622 2619 814 2689 terris,
861 2619 1065 2690 vineis,
1115 2619 1354 2688 campis,
1403 2618 1602 2687 pratis,
1651 2615 1900 2686 pascuis,

252 2709 403 2764 rivis
432 2713 488 2763 et
517 2705 797 2777 fontibus,
830 2706 1007 2762 cultis
1035 2706 1119 2762 vel
1160 2705 1402 2762 incultis
1431 2705 1537 2761 tibi
1582 2705 1734 2760 intra
1764 2704 1904 2758 ﬁnes

249 2797 656 2854 denominatos
699 2795 982 2868 largimur
1021 2794 1228 2851 diebus
1257 2795 1389 2850 vita
1433 2801 1582 2864 tua;
1630 2794 1687 2849 id
1720 2798 1806 2849 est
1833 2790 1904 2847 ab

254 2899 375 2942 una
426 2889 584 2955 parte
624 2885 695 2941 de
733 2889 890 2954 petra
936 2883 1064 2940 ﬁcta
1093 2884 1161 2940 ad
1192 2885 1398 2956 Jugum
1442 2883 1645 2953 Majus,
1681 2882 1812 2937 inde
1843 2880 1903 2935 in

249 2974 678 3046 Castellionem,
697 2979 868 3045 atque
893 2973 1100 3030 iterum
1121 2987 1152 3028 a
1170 2985 1394 3029 summo
1415 2970 1746 3041 Montionis,
1774 2970 1906 3025 inde

2016 1816 2348 1870 monasterii
2389 1816 2702 1889 diligenter
2739 1819 2997 1875 laborare
3026 1827 3082 1876 et
3120 1819 3458 1890 gubernare,
3497 1827 3668 1891 atque

2013 1917 2142 1959 cum
2186 1905 2285 1959 Dei
2333 1905 2537 1961 timore
2580 1907 2917 1976 dispensare
2962 1914 3228 1978 procuret
3275 1923 3388 1964 non
3433 1909 3666 1979 propria

2015 1992 2175 2048 lucra
2207 1996 2496 2067 sectando,
2524 1995 2742 2052 alicubi
2774 2011 3099 2070 aggregare,
3134 1997 3248 2054 sibi
3282 2013 3584 2069 usurpare,
3607 2003 3665 2054 et

2015 2080 2296 2138 fratribus
2325 2082 2553 2140 auferre
2583 2091 2908 2155 praesumat.
2942 2088 3136 2157 Neque
3162 2087 3234 2142 de
3264 2087 3665 2143 immobilibus

2016 2171 2161 2227 locis
2192 2173 2491 2242 quidpiam
2532 2175 2765 2247 donare,
2799 2176 3058 2246 vendere,
3092 2177 3176 2232 vel
3209 2175 3470 2247 quolibet
3499 2177 3667 2233 modo

2015 2260 2274 2332 obligare
2301 2263 2384 2318 vel
2407 2263 2660 2319 alienare
2684 2270 2980 2336 pertentet,
3014 2266 3109 2321 sed
3137 2266 3330 2322 omnia
3358 2266 3417 2320 in
3443 2265 3663 2335 proprii

2016 2351 2351 2406 monasterii
2395 2367 2502 2409 usu
2547 2353 2908 2425 Saliarioque
2942 2356 3072 2424 jure
3113 2369 3214 2426 pro
3256 2355 3663 2411 monachorum

2016 2437 2229 2494 ibidem
2255 2441 2368 2497 Deo
2391 2439 2798 2499 famulantium
2827 2445 3264 2516 sustentatione,
3290 2443 3667 2500 luminarium

2013 2529 2476 2602 concinnatione,
2525 2531 2817 2602 hospitum
2860 2538 2916 2587 et
2961 2547 3274 2603 pauperum
3320 2532 3664 2601 receptione,

2016 2617 2318 2689 integriter
2361 2619 2514 2675 salva
2549 2621 2607 2675 in
2651 2626 2986 2691 perpetuum
3017 2626 3073 2676 et
3114 2621 3462 2677 immutilata
3495 2619 3671 2691 persi-

2026 2710 2196 2761 stant.
2220 2707 2422 2779 Igitur,
2452 2709 2551 2779 qui
2580 2709 2755 2779 hujus
2780 2710 3084 2779 apostolici
3111 2709 3401 2781 privilegii
3425 2707 3671 2765 sanctio-

2017 2808 2143 2850 nem
2169 2798 2578 2867 parvipendere
2599 2802 2654 2854 et
2675 2798 2735 2854 in
2763 2797 2960 2870 aliquo
2980 2798 3196 2855 violare
3218 2799 3667 2870 prasumpserit,

2015 2896 2081 2938 ac
2112 2884 2401 2941 malitiose
2425 2886 2613 2956 ipsius
2641 2887 2978 2942 monasterii
3006 2901 3097 2943 res
3119 2887 3205 2942 vel
3238 2886 3517 2942 familiam
3544 2892 3671 2941 tra—

2017 2977 2170 3027 ctare
2201 2978 2302 3028 aut
2326 2974 2583 3044 diripere
2608 2975 2692 3030 vel
2725 2973 2950 3031 auferre
2980 2976 3430 3047 prasumpserit,
3459 2989 3558 3032 seu
3591 2975 3674 3046 ip-

251 3065 322 3121 ad
359 3063 762 3133 Thetolitium,
792 3069 848 3118 et
880 3062 1012 3118 inde
1040 3063 1110 3118 ad
1146 3061 1356 3117 Stilum
1387 3060 1580 3116 Filioli
1608 3078 1623 3129 ;
1663 3059 1906 3115 dimisso
1937 3055 1982 3116 C
2017 3073 2111 3116 sos
2132 3061 2441 3117 monachos
2463 3063 2532 3118 de
2564 3061 2810 3118 fontium
2835 3064 3237 3120 immutatione
3261 3064 3666 3134 molestaverit,

248 3154 399 3210 Stilo
423 3167 456 3209 a
482 3167 652 3210 manu
681 3154 900 3224 dextra,
926 3166 1024 3223 per
1046 3151 1196 3207 viam
1222 3150 1608 3206 ambulantem
1637 3163 1736 3220 per
1755 3151 1910 3204 Pon-

251 3243 542 3314 tecellum,
594 3247 650 3298 et
692 3242 764 3297 ab
811 3241 927 3297 alio
971 3241 1146 3297 latere
1190 3239 1548 3295 territorium
1603 3242 1660 3294 et
1700 3240 1903 3305 Massa,

252 3347 383 3405 qua
425 3339 660 3388 vocatur
705 3331 994 3402 Balneum,
1037 3329 1192 3400 juris
1235 3333 1444 3386 sancta
1488 3329 1753 3384 Romana
1797 3328 1910 3382 Ec-

251 3422 462 3478 clesia.
494 3423 626 3478 Post
649 3421 966 3477 discessum
995 3434 1127 3476 vero
1154 3424 1316 3476 tuum
1349 3418 1532 3474 eidem
1561 3417 1908 3473 monasterio

253 3513 312 3569 in
338 3517 681 3582 perpetuum
711 3511 1134 3580 conﬁrmamus,
1163 3510 1357 3566 eadem
1383 3509 1664 3564 duntaxat
1689 3508 1911 3564 ratione

253 3609 317 3660 ut
352 3601 555 3670 abbas,
592 3601 688 3673 qui
727 3615 826 3672 pro
859 3605 1108 3670 tempore
1153 3599 1300 3655 inibi
1331 3613 1399 3655 ex
1439 3599 1633 3655 eadem
1665 3612 1911 3672 congre-

249 3692 488 3764 gatione
521 3690 757 3760 electus,
789 3695 846 3746 et
875 3690 1179 3746 ordinatus
1212 3688 1408 3760 fuerit,
1441 3702 1634 3745 servos
1664 3689 1765 3744 Dei
1799 3702 1912 3744 mo-

253 3781 492 3850 nachos,
521 3794 665 3850 quos
689 3780 748 3836 in
773 3780 966 3836 eodem
995 3779 1342 3835 monasterio
1369 3791 1676 3850 aggregare
1703 3785 1912 3848 potue-

253 3870 353 3940 rit,
392 3868 502 3925 sub
531 3870 796 3924 castitate
825 3874 880 3924 et
912 3868 1188 3924 modestia
1220 3867 1471 3940 regulari
1503 3873 1677 3937 atque
1708 3879 1912 3922 mona—

250 3959 405 4016 stica
429 3957 742 4028 disciplina
770 3957 997 4029 regula,
1021 3956 1247 4012 scilicet
1285 3956 1468 4012 sancti
1515 3955 1825 4025 Benedicti,
1849 3959 1914 4011 ut

254 4052 422 4118 pater
442 4045 698 4102 familias
711 4046 811 4102 Dei
840 4046 1103 4102 timorem
1125 4059 1240 4116 pra
1261 4043 1450 4102 oculis
1475 4044 1692 4100 habens
1707 4044 1913 4100 exinde

253 4134 445 4192 foveat
480 4141 653 4207 atque
693 4135 990 4208 gubernet.
1033 4135 1149 4190 Hoc
1177 4133 1351 4190 etiam
1385 4134 1648 4204 prasenti
1697 4137 1912 4188 statuto

252 4225 642 4296 decernimus,
663 4231 728 4280 ut
752 4223 975 4280 nullius
1004 4222 1170 4278 alteri
1198 4221 1466 4278 Ecclesia
1487 4220 1811 4278 ditionibus
1826 4221 1916 4290 ju-

255 4314 341 4371 ris
365 4315 755 4384 condictione,
774 4313 890 4370 nisi
924 4316 1133 4368 sancta
1163 4317 1393 4381 nostra,
1418 4311 1512 4367 cui
1544 4311 1657 4366 Deo
1681 4315 1914 4366 auctore

2015 3156 2116 3206 aut
2144 3155 2478 3206 extraneum
2504 3151 2818 3221 cujuslibet
2845 3151 3073 3208 ordinis
3101 3151 3377 3208 clericum
3404 3152 3666 3208 saeculari

2018 3239 2273 3308 potentia
2317 3239 2600 3296 virtuteve
2632 3241 2690 3296 in
2731 3239 2967 3311 prafato
3015 3241 3363 3296 monasterio
3405 3239 3668 3296 abbatem

2015 3326 2227 3399 eligere
2251 3333 2494 3383 conatus
2524 3327 2720 3397 fuerit,
2752 3329 2812 3384 in
2841 3343 3006 3400 quem
3033 3330 3223 3385 omnis
3251 3329 3440 3399 ipsius
3467 3342 3671 3385 mona-

2018 3415 2181 3471 sterii
2230 3416 2602 3473 monachicus
2648 3422 2831 3474 coetus
2873 3417 3130 3490 elegerit,
3180 3418 3395 3487 pariter
3434 3431 3563 3473 cum
3603 3429 3670 3473 eo

2019 3505 2119 3576 qui
2166 3504 2280 3560 sibi
2313 3519 2517 3562 nomen
2546 3506 2772 3562 abbatis
2803 3520 3082 3577 usurpare
3111 3506 3434 3576 tentaverit,
3469 3519 3672 3562 sacro—

2018 3595 2201 3650 sancti
2251 3597 2510 3665 corporis
2561 3601 2616 3652 et
2663 3596 2970 3668 sanguinis
3020 3595 3248 3652 Domini
3303 3596 3486 3652 nostri
3535 3597 3668 3653 Jesu

2015 3683 2231 3739 Christi
2305 3685 2766 3754 participatione,
2825 3686 3006 3742 donec
3062 3684 3386 3757 resipiscat,
3444 3685 3671 3742 alienus

2017 3772 2246 3828 existat.
2295 3773 2355 3829 Si
2405 3773 2540 3845 quis
2588 3778 2776 3831 autem
2821 3775 3178 3846 judiciorum
3220 3773 3318 3831 Dei
3376 3775 3672 3831 immemor

2019 3865 2218 3917 contra
2261 3861 2368 3918 hoc
2415 3867 2676 3920 nostrum
2722 3864 3103 3934 apostolicum
3148 3867 3492 3934 praceptum
3540 3876 3675 3934 quo-

2020 3963 2248 4021 cunque
2277 3955 2532 4021 tempore
2560 3966 2726 4025 agere
2752 3953 3075 4023 tentaverit,
3099 3958 3155 4009 et
3182 3967 3294 4009 non
3317 3953 3377 4008 in
3403 3952 3674 4010 omnibus

2021 4043 2388 4095 conservator
2408 4040 2716 4110 exstiterit,
2743 4045 3015 4111 perpetuo
3035 4041 3418 4098 anathematis
3440 4042 3675 4098 vinculo

2024 4131 2249 4183 maneat
2299 4128 2628 4185 innodatus.
2661 4127 2771 4197 Qui
2819 4144 2949 4186 vero
2979 4136 3176 4187 custos
3217 4136 3273 4188 et
3311 4137 3678 4188 conservator

2023 4214 2220 4286 fuerit,
2253 4216 2506 4273 calestis
2551 4216 2973 4277 benedictionis
3002 4220 3265 4291 gratiam,
3296 4220 3527 4277 Christo
3555 4222 3679 4277 Do-

2025 4305 2182 4362 mino
2210 4305 2508 4377 largiente,
2541 4307 2814 4376 consequi
2849 4313 3150 4364 mereatur.

256 4405 659 4476 prasidemus,
716 4403 1008 4472 Ecclesia,
1064 4401 1445 4458 constitutum
1502 4399 1990 4460 monasteriumD
2096 4395 2239 4450 Bene
2288 4395 2487 4450 valete.
2535 4394 2824 4465 Scriptum
2874 4408 2974 4466 per
3020 4410 3250 4452 manum
3307 4396 3472 4453 Pauli
3523 4396 3676 4452 scri—

257 4493 660 4551 submittatur.
737 4492 1112 4563 Quamobrem
1186 4496 1243 4546 et
1308 4502 1530 4546 omnem
1600 4487 1914 4558 cujuslibet

257 4584 529 4641 Ecclesia
581 4583 928 4640 sacerdotem
980 4579 1296 4652 quamlibet
1350 4578 1554 4634 habere
1599 4578 1911 4635 dictionem

260 4680 472 4746 prater
521 4674 708 4729 sedem
762 4670 1132 4743 apostolicam
1188 4667 1596 4740 prohibemus;
1655 4669 1735 4724 ita
1780 4681 1915 4725 sane

259 4770 324 4820 ut
354 4762 476 4819 nisi
508 4761 578 4817 ab
608 4760 809 4816 abbate
853 4758 1186 4815 monasterii
1238 4757 1416 4814 fuerit
1463 4757 1761 4829 invitatus,
1812 4770 1914 4812 nec

258 4854 574 4909 missarum
605 4850 819 4906 ibidem
851 4847 1130 4904 solemnia
1157 4847 1447 4918 quispiam
1472 4846 1758 4902 celebrare
1779 4860 1916 4916 pra-

257 4946 475 4999 sumat.
533 4938 813 5010 Episcopo
859 4950 993 4993 vero
1043 4941 1254 4992 sancta
1309 4934 1660 4991 Ficoclensis
1711 4935 1914 4991 Eccle—

256 5032 383 5096 sia,
436 5029 604 5098 cujus
645 5026 912 5084 diacesis
958 5039 1082 5083 esse
1127 5025 1376 5095 videtur,
1427 5038 1556 5080 cum
1599 5023 1671 5079 ab
1713 5024 1916 5081 abbate

261 5121 458 5191 ipsius
485 5117 816 5174 monasterii
844 5115 1020 5173 fuerit
1047 5115 1326 5171 invitatus
1348 5112 1431 5169 ibi
1459 5112 1664 5170 missas
1689 5127 1910 5185 canere,

258 5208 473 5265 altaria
520 5219 870 5275 consecrare,
900 5205 1224 5277 dignosque
1265 5203 1422 5260 viros
1461 5203 1528 5258 ad
1565 5203 1913 5259 sacerdotale

260 5297 657 5353 ministerium
690 5307 1038 5366 promovere,
1072 5291 1365 5348 licentiam
1399 5305 1502 5347 nos
1527 5291 1910 5364 denegamus;

261 5402 366 5444 nec
394 5387 566 5442 liceat
588 5384 773 5455 aliqui
800 5396 1192 5440 successorum
1220 5387 1548 5438 nostrorum
1580 5381 1914 5450 pontiﬁcum

265 5477 328 5532 in
374 5473 786 5532 monasterium
834 5471 1200 5529 beneﬁciario
1224 5471 1356 5540 jure
1398 5468 1641 5526 cuilibet
1696 5469 1914 5526 homini

267 5563 494 5637 largiri,
515 5562 665 5634 quod
688 5561 843 5618 sedis
857 5561 1184 5631 apostolica
1202 5558 1535 5618 defensione
1553 5558 1916 5616 decernimus

2022 4482 2220 4554 niarii,
2267 4483 2649 4540 secundicerii
2693 4489 2902 4540 sancta
2953 4485 3107 4540 sedis
3149 4485 3498 4556 apostolica,
3541 4485 3677 4542 Idus

2024 4571 2413 4642 Novembrias,
2452 4573 2770 4629 indictione
2807 4571 2862 4645 6,
2905 4573 3222 4644 imperante
3257 4575 3492 4632 domino
3523 4575 3676 4645 piis-

2027 4661 2175 4717 simo
2205 4661 2494 4718 Ludovico
2523 4675 2557 4717 a
2587 4664 2698 4719 Deo
2727 4669 3020 4734 coronato,
3058 4677 3208 4720 anno
3235 4662 3306 4721 23
3336 4664 3497 4736 regni
3527 4665 3673 4736 ejus,

2022 4763 2173 4806 anno
2200 4749 2271 4806 ab
2298 4750 2694 4808 incarnatione
2711 4753 2943 4809 Domini
2971 4753 3449 4826 octingentesimo
3470 4759 3679 4812 octua—

2025 4839 2243 4911 gesimo
2275 4839 2538 4911 septimo.

2805 4949 2872 5004 II.

2147 5069 2369 5112 ADBIANI
2403 5069 2442 5112 II
2477 5068 2650 5111 BULLA
2685 5069 2788 5111 PRO
2827 5070 3171 5114 MONASTERIO
3201 5070 3542 5116 CORBEIENSI.

2590 5160 2770 5234 (Anno
2807 5159 3096 5236 867-872.)

2026 5270 2303 5326 Corbeiam
2333 5271 2526 5340 recipit
2549 5271 2609 5324 in
2637 5271 2941 5324 clientelam
2979 5273 3350 5342 apostolicam,
3381 5276 3430 5326 et
3461 5273 3664 5339 conﬁr-

2485 5347 2598 5396 mat
2615 5342 2930 5396 donationes
2947 5345 2996 5397 ei.
3009 5347 3206 5411 factas.

2171 5447 2350 5519 [Apud
2383 5448 2646 5520 Schaten,
2674 5449 2885 5505 Annal.
2913 5450 3278 5511 Paderbom.,
3309 5449 3348 5517 l,
3381 5443 3526 5520 474.]

2096 5554 2386 5612 ADRIANUS
2413 5555 2738 5630 episcopus,
2771 5569 2970 5613 servus
3001 5565 3292 5610 servorum
3333 5552 3456 5622 Dei,
3489 5551 3681 5607 Anu.-
