4076 6154
368 214 506 274 1019

1829 206 2195 265 ADRIANUS.
2245 210 2312 266 Il.

3639 209 3778 269 1020

363 354 527 400 GARIO
549 339 820 413 religioso
837 339 1030 396 abbati
1048 338 1397 396 venerabilis
1420 335 1754 394 monasterii
1780 339 2016 392 sancto-
2040 335 2098 395 A
2123 335 2427 391 Dominum
2457 335 2885 409 demigraveris.
2923 337 3009 394 vel
3050 341 3300 408 tempore
3335 338 3667 395 succedenti
3709 339 3777 395 ab

367 445 493 488 rum
526 436 839 500 martyrum
869 429 1139 500 Stephani
1174 433 1346 498 atque
1377 428 1517 498 Viti,
1544 426 1695 496 quod
1729 435 2019 494 nuncupa-

368 523 462 576 tur
491 522 644 575 Nova
675 518 934 585 Corbeia,
964 523 1018 573 et
1050 531 1148 588 per
1179 522 1234 572 te
1261 516 1446 572 eidem
1472 514 1785 571 venerabili
1814 525 2019 568 mona—

367 609 566 677 sterio,
604 608 663 663 in
697 613 1054 678 perpetuum.

438 698 717 754 Convenit
774 697 1090 767 apostolico
1150 695 1526 753 moderamini
1588 694 1681 764 pia
1740 690 2020 764 religione

370 788 726 859 pollentibus
775 787 1042 843 benevola
1098 786 1494 857 compassione
1545 796 1908 852 succurrere,
1965 785 2022 836 et

367 878 727 948 poscentium
759 877 973 932 animis
1017 877 1192 932 alacri
1223 875 1524 932 devotione
1552 886 1865 945 congruum
1902 870 2020 924 im—

368 966 570 1036 pertiri
592 979 892 1023 assensum
917 985 932 1025 ς
951 979 1018 1022 ex
1040 965 1132 1021 his
1149 965 1302 1020 enim
1327 964 1473 1020 lucri
1496 961 1858 1034 potissimum
1884 971 2016 1029 prae-

367 1055 550 1112 mium
593 1069 624 1112 a
673 1055 971 1112 conditore
1015 1054 1271 1110 omnium
1320 1054 1562 1110 Domino
1606 1061 2015 1122 promeremur,

365 1143 503 1201 dum
535 1143 886 1200 venerabilia
916 1145 1040 1200 loca
1068 1147 1390 1214 Opportune
1418 1142 1682 1198 ordinata
1707 1139 1776 1194 ad
1810 1136 2019 1192 melio—

366 1247 483 1289 rem
525 1234 645 1290 sive
676 1233 985 1290 ﬁrmiorem
1019 1231 1237 1289 fuerint
1265 1232 1392 1288 sine
1419 1230 1598 1288 dubio
1630 1233 1841 1286 statum
1886 1239 2021 1295 per-

365 1322 556 1379 ducta.
592 1325 661 1378 Et
688 1323 816 1379 ideo
842 1336 968 1378 cum
1003 1326 1225 1379 constet
1255 1321 1591 1394 religionem
1625 1325 1779 1374 tuam
1813 1319 2020 1372 nostrae

366 1412 754 1470 sollicitudini
789 1411 1080 1482 pontiﬁcis
1130 1411 1274 1467 satis
1314 1409 1615 1466 humiliter
1643 1406 2016 1479 suggessisse,

367 1505 654 1571 quatenus
687 1499 987 1569 praefatum
1020 1499 1434 1555 monasterium
1459 1497 1566 1554 sub
1595 1495 1828 1566 perenni
1855 1494 1910 1549 S.
1941 1506 2020 1549 se~

363 1589 457 1644 dis
499 1590 847 1660 apostolica),
884 1588 1130 1645 cuilibet
1168 1588 1395 1660 indigni
1439 1600 1678 1658 praeesse
1715 1583 2020 1654 dignosci-

2128 425 2508 481 unanimitate
2549 427 2810 483 omnium
2850 428 3158 498 eligantur,
3202 429 3302 500 qui
3335 431 3509 484 vitam
3550 434 3608 483 et
3647 443 3778 484 om-

2129 526 2254 568 nem
2323 517 2779 573 mouasterialem
2847 517 3110 574 ordinem
3182 523 3387 586 teneat,
3448 524 3503 574 et
3571 523 3782 574 cuncta

2129 615 2257 657 cum
2296 603 2502 660 timore
2532 606 2632 660 Dei
2673 610 2730 661 et
2770 607 3086 662 reverentia
3126 607 3409 679 regularis
3448 606 3783 676 disciplina:

2127 690 2460 761 dispensare
2481 709 2838 765 summopere
2857 695 3090 766 faciant,
3121 702 3440 752 statuentes
3460 697 3784 766 apostolica

2129 793 2367 838 censura
2389 783 2498 839 sub
2517 783 2704 840 divini
2723 785 2935 855 judicii
2959 786 3341 857 attestatione,
3365 791 3424 842 et
3440 786 3784 842 anathema-

2129 870 2208 926 tis
2247 871 2579 945 interdictu,
2622 879 2686 929 ut
2726 875 2873 930 nulli
2921 889 3173 946 unquam
3218 888 3388 945 parvo
3430 881 3532 932 aut
3577 889 3780 946 magno

2130 959 2372 1025 homini,
2393 963 2790 1034 cujuscunque
2807 964 2886 1020 sit
2905 963 3214 1035 dignitatis
3234 964 3318 1019 vel
3340 964 3590 1033 ordinis,
3614 964 3779 1019 liceat

2130 1050 2275 1108 hanc
2297 1057 2506 1108 nostra:
2527 1054 2920 1116 auctoritatis.
2947 1067 3119 1125 quam
3144 1055 3239 1124 pio
3267 1054 3489 1110 intuitu
3514 1052 3780 1124 promul-

2131 1140 2408 1212 gavimus,
2443 1143 2794 1199 sanctionem
2843 1141 3180 1215 infringere,
3212 1147 3314 1199 aut
3343 1144 3778 1213 ﬁoccipendere,

2130 1227 2215 1284 vel
2244 1228 2303 1285 in
2338 1233 2476 1301 toto,
2511 1232 2632 1288 sive
2664 1232 2723 1288 in
2763 1236 2942 1303 parte,
2980 1246 3209 1304 quoquo
3245 1232 3412 1289 modo
3440 1233 3698 1303 violare;
3729 1239 3785 1288 et

2130 1317 2203 1381 si,
2245 1320 2394 1390 quod
2439 1333 2550 1376 non
2589 1321 2900 1391 credimus,
2938 1322 3240 1378 temerario
3280 1335 3429 1378 ausu
3469 1322 3784 1393 quisquam

2130 1406 2215 1462 vel
2253 1421 2408 1464 nunc
2441 1409 2527 1465 vel
2566 1424 2820 1482 unquam
2853 1411 3198 1483 transgredi,
3231 1417 3614 1478 contemnere,
3651 1411 3787 1467 vio—

2132 1494 2269 1566 lare,
2319 1503 2422 1554 aut
2468 1498 2615 1556 hanc
2667 1504 2918 1556 nostram
2974 1500 3408 1570 praeceptionem
3465 1499 3785 1572 infringere

2133 1589 2584 1658 praesumpserit,
2609 1594 2665 1644 et
2687 1602 2798 1645 non
2827 1589 2886 1645 in
2911 1588 3184 1645 omnibus
3205 1588 3614 1658 observaverit,
3637 1590 3787 1645 sciat

365 1691 516 1748 mur,
580 1679 835 1747 recipere
891 1677 1282 1749 dignaremur,
1343 1677 1709 1732 decernentes
1770 1673 2012 1743 scilicet,
2046 1667 2100 1728 B
2131 1687 2192 1729 se
2228 1676 2613 1733 anathematis
2660 1677 2912 1734 vinculis
2962 1677 3378 1747 innodandum,
3418 1682 3475 1732 et
3520 1690 3553 1732 a
3609 1691 3785 1748 regno

365 1773 542 1837 atque
591 1766 910 1837 apostolica
954 1767 1297 1823 auctoritate
1345 1766 1532 1821 modis
1578 1763 1847 1820 omnibus
1894 1767 2018 1818 sta-

369 1860 596 1912 tuentes
642 1861 708 1913 ut
745 1861 801 1911 et
843 1856 993 1911 idem
1040 1855 1451 1911 monasterium
1499 1853 1792 1924 privilegii
1838 1851 2019 1908 nostri

365 1945 570 2000 decore
611 1944 896 2000 ﬁnetenus
932 1945 1138 2016 vigeat,
1182 1948 1238 1999 et
1279 1944 1566 2011 monachi,
1609 1942 1710 2013 qui
1758 1940 1882 1996 illic
1921 1942 2024 1996 Do-

367 2035 528 2098 mino
560 2033 924 2106 quotidianis
955 2033 1227 2089 laudibus
1270 2031 1643 2098 famulantur,
1675 2032 1746 2087 de
1777 2029 2022 2100 propriae

365 2122 834 2195 congregationis
873 2122 1118 2193 collegio
1159 2126 1286 2192 post
1326 2126 1445 2178 tum
1486 2122 1803 2177 discessum
1848 2119 2025 2175 dein-

364 2226 518 2283 ceps,
553 2225 721 2282 quem
753 2210 1061 2267 divinitate
1092 2224 1314 2267 summa
1354 2214 1642 2266 annuente
1670 2223 1866 2265 omnes
1895 2221 2023 2263 cou-

365 2301 624 2357 corditer
649 2300 946 2372 elegerint,
977 2299 1284 2355 ordinandi
1311 2299 1555 2354 habeant
1577 2297 1926 2354 facultatem.
1953 2297 2023 2351 Et

370 2390 510 2460 quia
539 2389 752 2444 asseris
797 2388 1047 2455 nomina,
1083 2392 1203 2444 tum
1240 2389 1427 2457 ipsum
1461 2387 1870 2443 monasterium
1907 2399 2024 2439 mu-

368 2477 665 2533 niﬁcentia
687 2477 1016 2548 principum
1039 2479 1095 2532 in
1121 2477 1465 2547 prazdiorum
1485 2474 1860 2531 facultatibus
1879 2474 2024 2529 dita-

367 2570 491 2622 tum
519 2565 704 2622 fuisse
737 2567 884 2635 petis
908 2572 962 2621 et
988 2566 1270 2638 suggeris,
1298 2571 1360 2622 ut
1386 2573 1496 2621 tam
1531 2565 1660 2633 hoc,
1688 2564 1839 2634 quod
1869 2577 2022 2619 nunc

371 2655 648 2726 possidet,
679 2669 847 2726 quam
875 2656 1046 2710 etiam
1080 2656 1230 2725 quod
1259 2669 1289 2710 a
1315 2655 1583 2711 ﬁdelibus
1611 2653 1733 2710 illis
1759 2653 2022 2710 fortassis

371 2744 626 2800 oblatum
673 2744 794 2799 sive
833 2743 1104 2800 collatum
1152 2743 1346 2814 fuerit,
1389 2744 1597 2799 emissa
1647 2742 2022 2813 praeceptione

370 2834 721 2890 conﬁrmare
747 2833 1133 2888 nihilominus
1156 2832 1562 2904 dignaremur;
1596 2846 1769 2902 super
1807 2831 2023 2902 quibus

373 2936 486 2978 non
518 2923 706 2979 solum
751 2923 808 2978 in
852 2922 1096 2979 Domino
1135 2922 1317 2995 gavisi
1349 2937 1570 2994 sumus,
1613 2936 1806 2978 verum
1848 2920 2019 2976 etiam

372 3013 511 3082 quia
539 3013 633 3083 pia
660 3026 783 3068 esse
812 2992 1236 3083 conspeximus,
1267 3019 1332 3068 ut
1361 3013 1540 3069 moris
1561 2992 1656 3068 est
1683 3010 2018 3082 apostolica,
2051 2992 2099 3054 Ο

370 3102 439 3157 ad
470 3102 579 3157 tibi
604 3102 723 3157 haec
750 3101 1127 3172 impendenda
1151 3115 1342 3158 amore
1361 3102 1462 3158 Dei
1491 3102 1692 3164 illecti,
1725 3099 1882 3156 vocis
1902 3097 2022 3154 tuis

372 3189 556 3247 favere
586 3192 964 3247 decrevimus.
997 3189 1356 3262 Quapmpter
1378 3205 1411 3247 a
1442 3190 1706 3262 praesenti
1734 3194 1891 3244 sexta
1923 3188 2024 3242 in—

368 3279 625 3336 dictione
645 3280 761 3349 jam
788 3280 1011 3336 dictum
1040 3281 1447 3336 monasterium
1480 3281 1538 3335 in
1560 3278 1887 3350 apostolicae
1908 3291 2023 3333 au-

369 3368 663 3424 ctoritatis
710 3366 1101 3424 defensionem
1153 3369 1270 3424 imo
1321 3374 1652 3438 perpetuam
1701 3365 2022 3436 recepimus

369 3457 713 3527 tuitionem,
741 3462 797 3512 et
840 3459 1033 3514 omnia
1080 3458 1293 3527 praedia
1335 3457 1500 3513 illius
1541 3462 1654 3511 tam
1693 3469 1778 3526 ea,
1820 3469 1948 3525 quae
1988 3467 2022 3508 a

370 3545 646 3617 gloriosis
681 3546 1066 3616 principibus,
1107 3545 1193 3602 vel
1224 3546 1362 3601 aliis
1389 3546 1604 3601 Christi
1636 3544 1905 3600 ﬁdelibus
1937 3541 2018 3596 ibi

368 3634 578 3691 collata
611 3641 747 3690 sunt
775 3638 833 3689 et
861 3648 1148 3702 concessa,
1189 3647 1358 3705 quam
1401 3634 1522 3700 illa,
1565 3647 1691 3703 quae
1727 3633 2018 3702 deinceps,

372 3728 678 3793 praestante
733 3723 998 3788 Domino,
1059 3721 1308 3778 conferri
1363 3727 1630 3791 poterunt
1678 3725 1733 3775 et
1784 3720 2018 3776 concedi

373 3811 610 3881 ibidem,
635 3811 756 3867 sive
784 3809 1023 3865 mobilia
1047 3811 1167 3865 sive
1188 3809 1530 3880 immobilia,
1555 3808 2020 3865 conﬁrmavimus

370 3902 429 3954 et
463 3904 529 3953 ut
565 3911 598 3952 a
638 3897 900 3967 quolibet
943 3909 1054 3952 non
1091 3901 1464 3968 usurpentur,
1511 3897 1875 3966 invadantur,
1919 3902 2022 3952 aut

373 3985 698 4055 rapiantur,
774 3986 1119 4041 auctoritate
1182 3985 1498 4055 apostolica
1568 3986 2014 4058 promulgamus,

366 4073 637 4144 jubemus
683 4087 749 4130 ac
798 4074 1128 4144 deﬁnimus,
1177 4075 1562 4131 nihilominus
1602 4075 2020 4131 inviolabiliter

369 4161 743 4231 apostolicam
775 4175 1073 4219 censuram
1105 4163 1174 4219 ad
1204 4168 1410 4220 nostrae
1439 4164 1715 4219 mercedis
1739 4175 2019 4233 augmen—

371 4256 494 4306 tum
527 4251 913 4322 decernimus,
948 4256 1014 4307 ut
1046 4265 1210 4308 omne
1245 4249 1331 4308 fas
1363 4257 1534 4322 atque
1563 4265 1784 4307 omnem
1830 4250 2020 4306 licen—

2132 1763 2228 1818 Dei
2256 1765 2488 1833 penitus
2509 1769 3006 1837 sequestrandum.
3035 1767 3144 1836 Qui
3173 1771 3361 1823 autem
3387 1781 3559 1823 verus
3585 1772 3785 1822 custos

2133 1850 2308 1921 hujus
2335 1854 2671 1922 apostolicae
2711 1856 3148 1924 praesanctionis
3178 1855 3477 1912 studiosus
3506 1854 3786 1911 observa—

2130 1944 2220 1995 tor
2274 1942 2593 2012 exstiterit,
2652 1943 3109 2000 benedictionem
3175 1949 3232 2000 et
3288 1945 3781 2011 misericordiam,

2129 2031 2420 2101 vitamque
2457 2037 2722 2089 aeternam
2753 2046 2786 2088 a
2820 2034 3068 2090 Domino
3105 2035 3218 2090 Deo
3258 2038 3456 2090 nostro
3495 2032 3781 2104 consequi

2133 2128 2433 2177 mereatur.
2474 2122 2763 2192 Scriptum
2810 2137 2910 2194 per
2955 2136 3182 2180 manum
3222 2123 3517 2193 Stephani,
3563 2121 3785 2179 notarii

2129 2223 2366 2266 camerae
2418 2224 2592 2267 sacra:
2643 2212 2908 2269 Romana:
2961 2213 3250 2282 Ecclesiae,
3306 2213 3625 2282 imperante
3668 2213 3790 2267 do—

2132 2299 2290 2355 mino
2333 2304 2550 2370 nostro,
2599 2301 2886 2370 piissimo,
2930 2302 3337 2372 perpetualiter
3374 2303 3636 2372 Augusto
3681 2302 3791 2356 Lu-

2129 2387 2334 2444 dovico
2357 2403 2390 2444 a
2415 2389 2529 2445 Deo
2553 2394 2845 2460 coronato,
2881 2403 3082 2461 magno
3114 2391 3474 2460 imperatore,
3503 2403 3654 2445 anno
3689 2386 3783 2454 l8,

2130 2482 2186 2532 et
2209 2482 2335 2546 post
2359 2479 2720 2535 consulatum
2751 2481 2878 2548 ejus
2897 2493 3048 2535 anno
3071 2476 3144 2534 24
3169 2493 3358 2535 mense
3380 2479 3666 2546 Octobris,
3701 2479 3791 2533 in-

2129 2565 2385 2622 dictione
2434 2566 2486 2622 6.
2534 2568 2678 2623 Bene
2729 2568 2928 2624 valete.
2974 2569 3114 2624 Data
3163 2568 3296 2624 ldus
3341 2567 3631 2639 Octobris,
3683 2581 3790 2636 per

2133 2667 2334 2709 manus
2371 2655 2579 2727 Sergii,
2614 2655 2933 2726 primicerii
2965 2655 3329 2712 defensorum
3373 2660 3582 2712 sach
3624 2656 3791 2711 sedis

2131 2742 2478 2813 apostolica).

2898 2853 2989 2907 III.

2201 2968 2425 3011 ADRIANI
2463 2970 2612 3012 PAPIE
2655 2970 2694 3012 ῐῙ
2733 2971 2988 3013 EPISTOLA
3029 2971 3100 3013 AD
3144 2971 3463 3013 SALOMONEM
3504 2971 3686 3013 REGE)!

2717 3041 3109 3084 BRITAN‘NORUM
3139 3041 3177 3084 ³.

2725 3134 2909 3206 (Anno
2945 3133 3185 3209 867-72.)

2127 3242 2303 3296 Mittit
2346 3243 2395 3296 ei
2432 3240 2711 3296 brachium
2756 3243 2949 3297 Leonis
2985 3259 3146 3313 papae
3180 3246 3266 3299 III
3301 3245 3638 3314 valliumque
3676 3248 3792 3300 Do-

2735 3315 2874 3368 lensi
2910 3318 3166 3369 antistiti.

2345 3413 2528 3492 [Apud
2553 3421 2814 3491 Martem,
2847 3420 3000 3475 Thes.
3024 3421 3256 3493 Anccd.,
3281 3425 3415 3476 tam.
3442 3418 3561 3496 HL]

2199 3541 2589 3600 Dilectissimo
2622 3543 2743 3600 ﬁlio
2783 3545 3297 3616 amantissimoque
3328 3546 3603 3601 SALouonu
3641 3546 3793 3602 Bri—

2130 3632 2341 3686 tanniae
2370 3633 2505 3688 duci
2531 3646 2661 3688 cum
2691 3633 2962 3689 omnibus
2987 3633 3112 3689 suis
3144 3633 3430 3705 ﬁdelibus,
3462 3634 3788 3707 ADRIANUS,

2130 3723 2275 3774 nutu
2301 3721 2400 3774 Dei
2436 3734 2598 3791 papa,
2635 3735 2936 3792 perennem
2969 3722 3028 3777 in
3058 3722 3299 3778 Domino
3327 3723 3591 3778 salutem.

2198 3807 2540 3864 Sublimitas
2567 3814 2768 3866 vestrae
2795 3811 3098 3880 potestatis
3125 3811 3416 3882 intelligat
3440 3825 3542 3868 nos
3564 3815 3792 3869 veraci-

2130 3901 2216 3952 ter
2261 3911 2358 3966 per
2402 3897 2669 3954 inducias
2709 3904 2920 3968 septem
2960 3900 3185 3956 dierum
3223 3914 3256 3955 a
3292 3901 3406 3956 Deo
3454 3900 3790 3971 postulasse

2127 3985 2478 4058 condignum
2504 3991 2707 4042 vestrae
2739 3988 3040 4057 petitionis
3066 4003 3420 4058 responsum.
3448 3991 3790 4046 Transactis

2125 4079 2317 4130 autem
2343 4080 2557 4146 septem
2583 4075 2809 4144 diebus,
2839 4077 3006 4132 nobis
3033 4083 3089 4133 et
3118 4077 3386 4134 omnibus
3409 4077 3683 4134 Romanis
3712 4078 3785 4134 in

2126 4163 2387 4219 oratione
2415 4169 2473 4220 et
2508 4164 2732 4236 jejunio
2773 4166 3238 4236 perdurantibus,
3283 4167 3470 4222 visum
3499 4171 3583 4223 est
3624 4167 3784 4224 mihi

2125 4256 2182 4307 et
2201 4253 2391 4310 tribus
2414 4255 2556 4311 meis
2576 4255 2990 4313 cardinalibus.
3015 4255 3238 4326 Spiritu
3255 4262 3450 4312 sancto
3468 4255 3780 4319 revelante.

371 4340 512 4396 tiam
539 4339 784 4397 habeant
815 4341 1077 4398 monachi
1099 4341 1357 4411 ejusdem
1384 4341 1718 4396 monasterii
1748 4339 1918 4395 talem
1945 4339 2014 4395 de
2039 4359 2093 4421 Β
2127 4345 2192 4397 ut
2230 4342 2301 4399 de
2339 4356 2575 4414 corpore
2614 4346 2672 4400 B.
2713 4345 2920 4401 Leonis
2964 4358 3120 4415 papae
3162 4345 3325 4402 vobis
3364 4346 3786 4404 transmittere

370 4430 498 4486 suis
527 4429 789 4487 abbatem
825 4430 1096 4502 deligere,
1139 4429 1364 4501 qualem
1407 4428 1663 4485 omnium
1703 4432 1830 4485 vota
1869 4442 2015 4485 con-

371 4520 622 4576 corditer
669 4519 1106 4591 postulaverint,
1138 4523 1196 4574 et
1241 4517 1356 4574 sibi
1403 4517 1824 4588 praeﬁciendum
1874 4516 2015 4589 fore,

372 4621 488 4664 uno
512 4608 732 4677 animo,
763 4610 950 4680 gratia
977 4610 1030 4664 S.
1065 4606 1320 4677 Spiritus
1351 4605 1714 4680 suﬂ‘ragante,
1749 4607 1876 4664 iilic
1901 4610 2021 4666 Do—

375 4695 531 4751 mino
555 4694 902 4752 famulantes
922 4695 1234 4764 voluerint,
1262 4709 1364 4752 nec
1384 4696 1688 4767 quisquam
1714 4700 2020 4767 praesumat

373 4782 627 4838 alienum
661 4797 762 4839 seu
791 4788 1124 4840 extraneum
1155 4783 1280 4840 illic
1307 4798 1558 4856 unquam
1582 4785 1842 4842 abbatem
1873 4799 2019 4843 con-

374 4869 616 4926 stituere
644 4875 746 4928 aut
787 4871 1170 4928 introducere.
1211 4873 1339 4944 Sed,
1372 4874 1525 4930 sicut
1563 4873 1841 4941 diximus,
1874 4873 2017 4929 tales

373 4960 444 5016 de
489 4959 611 5029 ipsa
637 4961 1080 5033 congregatione
1109 4962 1209 5034 qui
1239 4962 1422 5018 eidem
1462 4964 1805 5019 monasterio
1841 4976 2019 5036 regu-

374 5047 575 5103 lariter
614 5050 867 5119 praesint,
900 5064 1029 5105 cum
1068 5051 1152 5106 vel
1192 5057 1255 5106 tu
1293 5051 1362 5107 de
1390 5051 1493 5107 hac
1527 5051 1644 5107 vita
1672 5055 1907 5108 vocatus
1944 5051 2012 5108 ad

443 5157 618 5231 .Hagc
669 5156 913 5225 epistola
966 5162 1153 5231 exstat
1211 5159 1268 5213 in
1317 5157 1646 5231 Britannica
1698 5158 2012 5231 Argentrmi

372 5227 647 5295 Historia,
693 5233 781 5283 est
821 5242 932 5298 que
974 5229 1217 5284 maxime
1257 5229 1448 5285 dubiae
1489 5230 1642 5284 ﬁdei.
1683 5227 1816 5285 Eam
1852 5231 1909 5286 in
1948 5244 2013 5287 ea

369 5299 738 5370 conclusione
763 5300 1034 5370 quaevagit
1056 5301 1126 5355 de
1154 5300 1348 5370 pallio,
1377 5300 1576 5355 falsam
1603 5305 1659 5355 et
1685 5302 2013 5369 suppositi-

372 5369 509 5424 tiam
551 5377 722 5440 atque
756 5385 786 5425 a
824 5369 1069 5441 quodam
1102 5369 1165 5426 P.’
1201 5371 1411 5426 clerico
1444 5371 1673 5426 Dolensi
1713 5372 2009 5428 conﬁctam

369 5441 682 5496 declaravit
719 5443 1087 5498 Innocentius
1127 5443 1197 5496 lli
1238 5442 1295 5496 in
1335 5441 1630 5512 deﬁnitiva
1670 5441 1843 5512 hujus
1888 5443 2013 5500 litis

369 5513 688 5569 sententia:
747 5513 843 5568 sed
903 5519 958 5569 et
1013 5512 1284 5568 Dolenses
1338 5511 1523 5583 citati,
1583 5517 1644 5569 ut
1695 5511 2010 5586 originales

2127 4445 2277 4495 mus,
2324 4432 2463 4503 quia
2503 4435 2714 4506 grande
2758 4448 2969 4490 munus
3004 4438 3110 4489 est.
3142 4435 3329 4506 Igitur
3371 4439 3566 4491 notum
3604 4436 3784 4493 vobis

2127 4521 2223 4590 sit,
2278 4520 2385 4578 ﬁli.
2410 4521 2772 4593 charissime,
2818 4522 3201 4593 omnibusque
3254 4523 3599 4580 Christianis
3648 4525 3782 4581 illic

2127 4609 2550 4678 habitantibus,
2586 4612 2736 4683 quod
2773 4627 2879 4670 nos
2907 4625 3039 4667 cum
3072 4616 3398 4669 nostrorum
3429 4613 3780 4670 auctoritate

2125 4697 2428 4755 brachium
2447 4701 2766 4770 supradicti
2782 4701 2985 4757 Leonis
3004 4701 3238 4770 papaead
3260 4700 3774 4769 illuminationem,

2125 4787 2502 4857 adjutorium,
2539 4793 2594 4844 et
2628 4786 3016 4846 defensionem
3056 4793 3256 4845 vestra:
3292 4789 3545 4860 regionis
3569 4788 3780 4845 chari—

2127 4875 2301 4932 tative
2329 4877 2736 4948 dirigeremus.
2779 4879 2888 4934 Pro
2917 4882 3073 4933 certo
3109 4877 3264 4933 enim
3295 4891 3394 4948 per
3433 4877 3598 4934 illum
3630 4893 3776 4948 pro-

2127 4963 2387 5021 bavimus
2436 4967 2744 5022 Dominum
2783 4965 2988 5023 fecisse
3032 4966 3212 5022 multa
3258 4965 3570 5022 mirabilia.
3610 4967 3682 5021 Et
3709 4972 3776 5022 ut

2126 5054 2265 5111 ﬁdes
2297 5058 2482 5110 vestra
2521 5056 2704 5128 magis
2727 5069 2792 5120 ac
2827 5055 3010 5128 magis
3051 5055 3110 5111 in
3150 5055 3252 5111 illo
3293 5063 3601 5124 accrescat,
3648 5057 3774 5127 ipse

2126 5161 2291 5216 illius
2338 5159 2561 5217 litteras
2604 5159 2922 5230 proferrent
2990 5161 3441 5230 responderunt:
3487 5164 3776 5230 Regestum

2121 5235 2295 5302 ipsius
2333 5232 2582 5286 Adriani
2615 5233 2857 5286 nondum
2895 5234 3172 5301 potuimus
3213 5234 3478 5301 invenire,
3518 5249 3616 5287 nec
3655 5235 3776 5288 bul-

2123 5306 2232 5357 lam
2279 5303 2364 5357 hic
2411 5304 2684 5358 habemus.
2733 5303 2866 5371 Qum
2907 5303 3072 5358 verba
3118 5303 3177 5358 in
3222 5303 3546 5360 membrana
3598 5306 3774 5361 Turo-

2124 5374 2282 5430 nensi
2317 5373 2454 5446 huic
2486 5374 2860 5446 pra'ﬁguntur
2879 5373 3172 5446 epistolis;
3207 5388 3331 5445 quae
3361 5379 3548 5429 tamen
3580 5381 3770 5431 exstat

2122 5447 2182 5500 in
2231 5445 2460 5514 optimaa
2512 5445 2659 5500 notae
2706 5445 3063 5501 churtulario
3119 5446 3445 5514 Rotonensi,
3495 5447 3590 5502 sed
3639 5448 3768 5503 sine

2122 5517 2393 5588 praedicnt
2421 5515 2813 5573 conclusione.
