4076 6154
240 304 373 366 4024

833 308 1119 365 APPEND.
1159 307 1253 365 AD
1287 308 1448 365 SEC.
1491 309 1586 364 IX.
1627 338 1702 350 —
1736 308 2064 365 SUPPLEM.
2104 307 2197 364 AD
2233 306 2515 365 SCRIPTA
2551 306 2816 363 PONTIF.
2861 307 3026 364 ROM.

3512 295 3656 358 402%

235 419 326 489 est
348 432 754 490 sanctissimus
785 435 913 503 Leo,
937 434 1038 505 qui
1071 447 1171 504 per
1201 433 1477 490 invidiam
1504 436 1886 490 Romanorum
1913 433 1965 494 A
1999 433 2177 502 pedit,
2226 430 2414 488 tribus
2443 429 2670 486 vicibus
2699 428 2980 500 reliquias
3021 428 3187 485 illius
3227 426 3290 482 in
3343 439 3493 481 anno
3525 422 3648 480 fre-

236 522 764 594 oculislinguaque
796 524 1072 596 privatus,
1120 525 1302 596 gratia
1331 523 1431 579 Dei
1467 528 1734 594 operante
1777 521 1893 579 fuit

241 613 596 669 mirabiliter
663 617 1036 683 restauratus,
1093 617 1376 684 quatenus
1446 612 1894 683 septempliciter

237 701 456 758 eisdem
497 701 684 757 oculis
707 701 926 757 clarius
949 701 1186 772 videret,
1218 706 1274 757 et
1311 701 1502 757 eadem
1540 701 1733 773 lingua
1760 714 1895 755 ver-

238 790 376 847 bum
407 791 510 846 Dei
544 790 912 862 eloquentius
934 791 1288 860 pradicaret.
1308 790 1552 860 Ideoque
1579 789 1894 845 auctoritas

240 881 495 935 Romana
523 879 581 934 in
612 892 678 935 eo
707 879 778 935 de
799 879 914 935 Deo
947 879 1262 949 prasumit,
1287 882 1352 934 ut
1391 891 1587 933 omnes
1611 891 1642 932 a
1675 876 1896 949 Ligeris

239 967 419 1024 ﬂuvio
445 981 590 1038 quos
613 971 716 1024 aut
743 972 881 1023 atas
909 970 1010 1022 aut
1039 979 1210 1023 sexus
1233 971 1334 1022 aut
1373 978 1611 1036 persona
1643 979 1751 1020 non
1778 965 1897 1020 im-

2001 527 2308 593 quentent;
2339 527 2395 578 et
2421 522 2552 577 inde
2581 524 2774 576 votum
2806 519 3037 575 Romam
3068 517 3266 584 eundi,
3298 516 3450 586 quod
3483 527 3655 570 vove—

2003 616 2159 678 runt,
2193 616 2386 667 nostro
2426 610 2599 666 libitu
2639 615 2694 664 et
2722 607 3065 664 auctoritate
3091 605 3463 674 adimpleant.
3518 603 3656 658 Pal-

2003 700 2146 756 lium
2195 714 2443 772 quoque,
2498 699 2648 769 quod
2721 696 2885 753 fratri
2943 700 3000 752 et
3055 694 3394 764 coepiscopo
3457 694 3654 747 nostro

2001 788 2333 844 Festiniano
2385 787 2747 858 postulastis,
2801 800 2928 841 cum
2974 782 3278 854 privilegio
3307 795 3412 837 suo
3458 784 3658 836 vestra

2001 877 2316 948 dirigimus
2354 876 2647 932 charitati.
2679 874 2869 931 Valete
2896 874 2956 929 in
2995 872 3248 941 Christo,
3282 869 3476 926 ﬁdeles
3521 868 3658 924 Bri-

2003 967 2215 1021 tannia
2251 965 2618 1022 habitatores.

1863 1219 2023 1319 XI.

1246 1414 2383 1534 STEPHANUS
2480 1420 2644 1534 V.

1739 1598 2150 1612 ———__.

239 1707 506 1750 EPISTOLA
557 1707 818 1750 STEPHANI
877 1707 912 1747 v
979 1708 1048 1748 AD
1094 1706 1445 1748 ADALGARIUM
1510 1704 1900 1748 ARCHIEPISCO—
1932 1698 1981 1758 Β
2009 1691 2231 1752 bilibus
2266 1696 2351 1752 vel
2387 1697 2802 1770 immobilibus,
2834 1712 2964 1756 cum
3015 1696 3322 1766 mancipiis
3354 1694 3660 1764 utriusque

761 1778 872 1821 PUM
917 1779 1028 1820 EAM
1036 1779 1375 1820 BURGENSEM.

892 1853 1083 1926 (Anno
1102 1852 1262 1926 894.)

464 1938 877 2016 [Lappenberg,
908 1944 1364 2013 Hamburgisches
1400 1941 1682 2012 Urkund.]

312 2051 641 2107 Summus
685 2053 1010 2124 episcopus,
1068 2067 1266 2109 servus
1312 2065 1602 2108 servorum
1646 2051 1768 2123 Dei,
1803 2063 1902 2106 re-

239 2142 661 2200 verendissimo
685 2148 741 2199 et
781 2144 1145 2201 sanctissimo
1186 2145 1521 2212 ADALGARIO,
1553 2148 1759 2199 sancta
1783 2144 1902 2198 Ha—

242 2232 649 2305 maburgensis
705 2233 972 2290 Ecclesia
1030 2233 1463 2305 archiepiscopo
1518 2238 1574 2288 et
1625 2231 1899 2288 confratri

245 2326 466 2391 nostro,
501 2328 557 2377 et
596 2326 724 2392 post
747 2327 801 2378 te
828 2323 886 2378 in
913 2323 1106 2379 eadem
1138 2323 1410 2392 Ecclesia,
1447 2323 1507 2378 in
1541 2328 1897 2393 perpetuum.

313 2411 455 2466 Cum
486 2412 593 2480 pia
622 2411 973 2468 desiderium
995 2412 1310 2468 voluntatis
1344 2417 1400 2468 et
1428 2412 1727 2468 laudanda
1743 2412 1906 2466 devo-

242 2499 431 2556 tionis
461 2501 707 2557 intentio
753 2501 1090 2572 apostolicis
1119 2502 1197 2557 sit
1237 2515 1456 2572 semper
1485 2501 1700 2557 studiis
1728 2501 1904 2569 adju—

243 2589 454 2660 vanda,
483 2603 621 2645 cura
653 2595 738 2645 est
767 2590 1189 2646 sollicitudinis
1232 2589 1554 2646 adhibenda
1592 2595 1656 2646 ut
1683 2602 1748 2645 ea
1778 2602 1903 2660 qua

248 2677 520 2750 legaliter
549 2683 850 2751 geruntur,
877 2684 936 2735 et
977 2679 1271 2750 aquitatis
1300 2678 1495 2734 forma
1531 2677 1899 2746 conveniunt,

245 2767 414 2822 nulla
437 2767 663 2823 valeant
692 2767 1072 2840 refragatione
1099 2767 1444 2840 perturbari,
1477 2768 1572 2824 sed
1608 2765 1905 2836 irret‘raga-

245 2855 358 2910 bili
405 2856 559 2927 jure,
604 2858 716 2913 Deo
754 2862 1007 2927 auctore,
1047 2857 1290 2912 debeant
1338 2869 1684 2927 permanere.
1732 2857 1802 2910 Et
1833 2853 1902 2909 ob

246 2944 360 3000 hoc
400 2945 736 3016 apostolicis
797 2946 1178 3018 promulgatis
1231 2945 1628 3002 sanctionibus
1672 2943 1903 3015 propria

2010 1796 2180 1840 sexus
2209 1786 2499 1855 possidere
2522 1793 2577 1844 et
2603 1794 2813 1859 tenere,
2857 1801 3023 1858 quam
3069 1787 3176 1858 pia
3199 1784 3483 1841 memoria
3511 1784 3661 1840 Gre—

2011 1873 2230 1945 gorius,
2258 1879 2580 1933 antecessor
2610 1883 2819 1933 noster.
2853 1877 3150 1948 Ansgario,
3187 1872 3532 1930 antecessori
3561 1875 3660 1927 tuo

2011 1975 2177 2032 quem
2225 1965 2723 2037 archiepiscopum
2799 1967 2859 2022 in
2908 1972 3007 2022 tua
3056 1964 3346 2023 ordinavit
3383 1962 3656 2030 Ecclesia,

2010 2054 2312 2124 concessit,
2345 2056 2605 2112 stabilito
2649 2057 2872 2113 scilicet
2917 2057 3049 2127 jure
3090 2059 3146 2110 et
3174 2054 3402 2110 cunctis
3445 2052 3662 2108 ﬁnibus

2012 2154 2155 2212 quas
2180 2143 2520 2201 Ludovicus.
2547 2145 2655 2215 pia
2685 2145 2979 2202 memoria
3010 2144 3340 2214 imperator,
3385 2148 3440 2197 et
3465 2141 3663 2198 Ludo-

2011 2230 2195 2302 vicus,
2227 2233 2352 2303 ejus
2383 2233 2560 2304 ﬁlius,
2588 2239 2744 2290 tuam
2775 2233 3082 2290 voluerunt
3112 2233 3318 2287 habere
3349 2230 3660 2286 Ecclesiam

2011 2323 2068 2374 et
2099 2319 2383 2390 imperiali
2417 2321 2777 2378 diﬁinierunt
2802 2327 3096 2393 potestate.
3134 2320 3503 2376 Decernimus
3549 2331 3665 2374 au-

2013 2413 2146 2476 tem,
2181 2416 2245 2465 ut
2277 2416 2606 2480 potestatem
2631 2411 2840 2467 habeas
2860 2410 3168 2467 ordinandi
3191 2410 3490 2480 episcopos
3511 2405 3664 2462 infra

2014 2503 2168 2554 tuam
2197 2500 2526 2569 parochiam
2557 2505 2613 2555 et
2657 2501 2952 2557 diacesim
2982 2500 3062 2555 ita
3102 2504 3311 2568 tamen,
3344 2503 3408 2554 ut
3433 2495 3540 2552 sub
3563 2499 3662 2550 tua

2015 2591 2238 2658 tuaque
2281 2589 2562 2660 Ecclesia,
2601 2590 2754 2645 salva
2815 2589 3098 2661 dignitate
3151 2585 3358 2657 ipsius,
3403 2585 3666 2640 maneant

2014 2681 2308 2746 potestate.
2331 2678 2391 2734 Si
2425 2679 2557 2749 quis
2583 2681 2774 2735 autem
2805 2685 3002 2735 contra
3032 2678 3205 2746 hujus
3226 2680 3434 2732 nostra
3459 2677 3668 2730 aucto-

2014 2765 2206 2822 ritatis
2238 2767 2604 2840 privilegium
2638 2769 2723 2823 ire
2751 2767 3076 2832 tentaverit,
3105 2771 3161 2822 et
3179 2763 3577 2837 quoquomodo
3605 2761 3665 2816 in

2014 2860 2171 2926 parte
2196 2857 2280 2912 vel
2315 2857 2374 2911 in
2414 2861 2533 2914 toto
2578 2856 2839 2929 frangere
2864 2857 3032 2912 nisus
3078 2854 3274 2926 fuerit,
3311 2853 3388 2910 sit
3432 2864 3668 2909 excom—

2018 2946 2344 3001 municatus
2375 2959 2407 3002 a
2445 2960 2681 3016 corpore
2729 2952 2785 3001 et
2831 2946 3060 3001 viviﬁco
3105 2944 3384 3016 sanguine
3435 2939 3664 2998 Domini

250 3012 575 3106 unicuique
596 3050 718 3106 qua
740 3012 952 3092 rationi
975 3012 1306 3106 suppetunt,
1329 3012 1904 3105 possidenda—fasexi-
1937 3012 1986 3075 Ο
2017 3035 2199 3090 nostri
2228 3036 2358 3090 Jesu
2379 3012 2617 3102 Christi,
2651 3039 2708 3090 et
2727 3040 2936 3090 sancta
2961 3035 3060 3090 Dei
3102 3012 3370 3089 Ecclesia
3407 3031 3574 3087 aditu
3608 3030 3666 3085 in

247 3125 339 3196 git
365 3124 712 3180 conﬁrmari.
745 3126 814 3180 Et
829 3125 1098 3196 quoniam
1127 3124 1430 3195 postulasti
1451 3128 1514 3179 ut
1535 3122 1903 3194 privilegium

250 3218 375 3270 tua
402 3211 716 3270 faceremus
746 3213 1010 3269 Ecclesia
1042 3217 1098 3270 et
1125 3213 1440 3282 apostolica
1461 3212 1710 3268 tuitione
1748 3210 1908 3266 robo-

249 3303 625 3373 ravissemus,
676 3303 926 3358 eamdem
956 3303 1015 3357 in
1054 3303 1366 3373 pristinum
1419 3314 1644 3357 manere
1695 3304 1906 3355 statum

248 3392 646 3448 concedimus.
689 3393 756 3446 Et
783 3391 1098 3461 apostolico
1133 3392 1265 3461 jure
1296 3390 1590 3446 ﬁrmamus
1624 3388 1733 3444 tibi
1760 3393 1908 3444 tua—

250 3495 366 3551 que
410 3486 620 3537 sancta
661 3481 1110 3553 Hamaburgensi
1144 3481 1411 3536 Ecclesia
1440 3477 1907 3536 successoribus-

249 3584 366 3640 que
412 3571 532 3626 tuis
575 3570 733 3625 illam
772 3570 1111 3642 dignitatem
1168 3574 1225 3625 et
1271 3569 1412 3625 ﬁnes
1461 3568 1744 3640 proprios,
1776 3579 1906 3623 cum

248 3659 496 3730 pradiis
519 3659 787 3715 omnibus
807 3663 862 3714 et
893 3659 1182 3729 parochiis
1212 3665 1267 3714 et
1295 3658 1566 3715 omnibus
1597 3657 1768 3714 rebus
1799 3668 1911 3711 mo-

2015 3123 2388 3179 conventione
2445 3129 2760 3193 separatus.
2814 3121 3154 3178 Observator
3228 3125 3419 3175 autem
3495 3119 3668 3188 hujus

2018 3220 2225 3267 nostra
2241 3211 2657 3266 admonitionis
2683 3216 2740 3266 et
2765 3209 3050 3280 jussionis
3076 3208 3281 3264 habeat
3309 3206 3670 3262 benedictio—

2017 3312 2144 3355 nem
2168 3299 2582 3369 omnipotentis
2605 3299 2727 3367 Dei,
2766 3299 3178 3367 beatorumque
3200 3295 3588 3365 apostolorum
3614 3298 3670 3349 et

2019 3392 2294 3457 nostram,
2338 3388 2437 3459 qui
2483 3401 2680 3443 eorum
2715 3386 3014 3458 fungimur
3056 3384 3452 3440 vicariatione.

2087 3477 2377 3547 Scriptum
2413 3489 2510 3546 per
2549 3489 2780 3531 manum
2805 3474 3061 3545 Joannis,
3107 3472 3407 3529 scriniarii
3460 3473 3670 3527 sancta

2016 3565 2280 3621 Romana
2312 3564 2594 3633 Ecclesia,
2636 3564 2694 3619 in
2725 3577 2914 3618 mense
2959 3562 3128 3634 Maio,
3185 3561 3505 3622 indictione
3555 3572 3672 3616 un—

2017 3653 2256 3708 decima.

3322 3795 3660 3807 _—.——-

1195 3901 2696 4050 SUPPLEMENTUM

404 4134 572 4252 AD
685 4130 1482 4254 SCRIPTORES
1600 4124 2664 4248 ECCLESIASTICOS
2756 4124 3248 4245 SIECULI
3367 4121 3542 4240 IX.

1244 4305 1636 4381 QUORUM
1688 4301 2023 4367 ANNUS
2069 4299 2690 4364 EXPRIMITUR.

1749 4444 1878 4458 —

1881 4443 2166 4458 _——

1569 4535 1750 4579 ΛΝΝΟ
1829 4533 2065 4578 DOMINI
2130 4533 2170 4574 D
2200 4531 2377 4576 CCCC.

807 4657 1499 4784 SMARAGDI
1613 4652 2208 4758 MONACHI
2302 4651 2406 4754 S.
2503 4648 3139 4752 MAXIMINI

1715 4852 2224 4926 PREFATIO

1075 4981 1188 5067 IN
1259 4977 2109 5069 EXPOSITIONEM
2183 4972 2880 5060 PSALMORUM.

974 5117 1291 5201 Exponit
1367 5133 1570 5200 quam
1648 5114 1853 5179 utilis
1925 5114 2023 5178 sit
2087 5108 2518 5194 psalmorum
2593 5107 2967 5172 meditatio.

1351 5215 1544 5278 (Apud
1578 5213 1818 5271 Martem,
1861 5210 2035 5273 Ampi.
2067 5208 2221 5267 0011.,
2250 5210 2376 5256 tom.
2412 5206 2454 5266 Ι,
2495 5205 2597 5270 63.)

1831 5307 2111 5319 ...ι-

334 5377 555 5448 Incipit
579 5377 842 5448 praefatio
871 5387 901 5419 α
928 5377 1223 5450 Smaragdi
1262 5376 1596 5448 presbyteri.

1990 5376 1996 5383 ’
2032 5385 2160 5429 rum
2190 5371 2248 5426 in
2271 5369 2427 5426 brevi
2456 5369 2796 5440 collegimus
2844 5372 3090 5438 patrum,
3138 5370 3201 5422 ut
3248 5366 3375 5433 ejus
3402 5358 3683 5416 breviatio

341 5475 500 5528 Hanc
519 5469 934 5540 expositionem
957 5448 1306 5538 psalmorum
1338 5468 1407 5522 de
1426 5466 1604 5521 dictis
1635 5465 1924 5534 plurimo—
2034 5459 2296 5517 nocivum
2317 5461 2510 5517 demat
2535 5457 2858 5528 fastidium,
2890 5462 2948 5513 et
2975 5457 3168 5513 cordis
3195 5455 3323 5522 ejus
3363 5448 3682 5520 proﬁcuum

336 5591 359 5617 ⁸
390 5580 535 5637 Cum
564 5578 661 5634 hic
682 5577 1029 5647 Smaragdus
1059 5573 1398 5646 presbyterii
1425 5578 1646 5630 tantum
1668 5572 1783 5629 sibi
1823 5586 1924 5628 as-
2033 5543 2221 5627 sumat
2241 5567 2502 5636 titulum,
2545 5579 2658 5623 non
2709 5579 2840 5623 eum
2877 5575 3000 5620 esse
3031 5563 3299 5632 putamus
3340 5555 3441 5627 qui
3495 5553 3688 5612 sancti.
