4076 6154
407 283 544 343 4023

1173 281 1462 339 ΑΡΡΕΝΙ).
1503 279 1598 336 ΑΙ)
1632 278 1794 336 SEC.
1836 278 1931 334 IX.
1971 305 2046 318 —

2160 281 2172 327 ι
2207 272 2402 330 AUCT.
2446 271 2638 330 ANNO
2673 269 3025 329 SIGNATOS.

3665 271 3800 334 4024

402 418 570 470 acuat
597 419 653 470 et
685 413 907 484 aperiat
957 411 1332 480 intellectum,
1375 411 1440 464 ut
1483 420 1546 462 ea
1573 419 1697 478 quae
1729 405 1786 460 in
1815 402 2052 474 psalmis
2076 398 2131 457 A
2157 397 2293 454 dum
2322 412 2544 468 semper
2589 397 2857 454 ﬁdelibus
2899 402 3087 468 aptus,
3115 400 3170 452 et
3209 397 3335 453 sine
3379 395 3605 455 defectu
3658 397 3803 454 hau-

403 504 511 560 sub
534 504 855 560 litterarum
877 502 1127 572 tegmine
1153 499 1384 555 latitant
1407 497 1622 566 clausa,
1659 495 1822 551 ocius
1846 494 1899 548 ei
1944 504 2054 562 pa-

405 591 609 650 tefacta
633 591 967 647 clarescant.
998 589 1192 644 Brevis
1229 587 1438 643 etenim
1473 585 1642 641 lectio
1670 584 1873 639 avidus
1900 581 2052 653 legi-

404 688 517 751 tur,
569 681 749 737 citius
803 678 1177 750 intelligitur,
1205 681 1260 732 et
1290 674 1576 732 memoria:
1619 671 1852 728 facilius
1890 685 2054 727 com—

405 771 724 840 mendatur,
759 774 814 824 et
845 767 1087 823 ﬁrmiter
1113 765 1411 821 retinetur.
1446 765 1682 819 Necesse
1714 766 1800 818 est
1827 774 1961 832 ergo
1989 763 2054 815 ut

406 859 524 913 haac
563 856 854 927 spiritalis
899 853 1186 924 expositio
1248 852 1595 922 psalmorum
1647 850 1972 921 frequenter
2019 861 2051 903 a

405 947 671 1003 ﬁdelibus
702 946 938 1016 legatur,
967 947 1022 998 et
1077 942 1187 1012 ipsi
1233 942 1434 1012 psalmi
1472 941 1778 1011 sapienter,
1821 938 2052 994 assidue

403 1041 460 1091 et
491 1033 790 1091 humiliter
837 1032 1169 1102 recitentur,
1223 1030 1359 1101 quia
1399 1043 1618 1099 semper
1662 1029 1722 1084 in
1779 1028 1863 1082 eis
1914 1039 2052 1082 cura

405 1125 631 1193 mentis,
662 1122 878 1178 sanitas
899 1120 1110 1188 cordis,
1166 1123 1221 1175 et
1269 1119 1473 1175 animae
1514 1117 1797 1173 medicina
1829 1116 2053 1186 reperi—

405 1219 518 1269 tur.
546 1213 644 1269 Est
668 1212 820 1267 enim
867 1211 926 1265 in
976 1209 1062 1265 eis
1114 1208 1434 1264 consolatio
1468 1219 1669 1279 magna
1703 1205 2048 1278 lugentium,

403 1316 532 1372 spes
560 1301 721 1356 beata
743 1301 1054 1370 justorum,
1096 1297 1314 1353 sanitas
1356 1295 1738 1362 inﬁrmorum,
1769 1293 2050 1350 fortitudo

402 1394 457 1447 et
488 1389 773 1461 refugium
822 1387 1298 1458 periclitantium,
1355 1385 1700 1456 spiritaliter
1739 1383 2055 1439 convivan-

401 1480 547 1536 tium
572 1479 848 1534 deliciosa
875 1475 1050 1531 nimis
1079 1475 1136 1529 in
1163 1475 1248 1530 eis
1272 1473 1621 1543 comperitur
1645 1472 1915 1543 epulatio.
1952 1473 2054 1527 Per

403 1566 693 1623 assiduam
720 1564 874 1620 enim
917 1563 1263 1633 psalmorum
1293 1561 1721 1616 meditationem
1747 1573 1845 1615 cor
1870 1559 2050 1629 paeni-

404 1655 579 1711 tentis
607 1653 1034 1724 compungitur,
1059 1656 1114 1707 et
1149 1651 1440 1721 proﬁcuus
1483 1650 1554 1705 ab
1585 1663 1649 1704 eo
1673 1650 2048 1720 lacrymarum

2160 487 2445 544 rientibus
2463 488 2532 544 ad
2566 487 2874 558 potandum
2916 486 3246 543 melliﬁuus.
3274 489 3371 542 Est
3394 485 3681 544 ferculum
3707 489 3807 544 Do-

2161 578 2304 633 mini
2338 578 2707 648 spiritalibus
2723 577 2956 634 deliciis
2989 578 3218 647 plenum
3245 583 3300 633 et
3325 577 3596 634 omnibus
3622 578 3806 633 vitali-

2161 665 2269 724 bus
2290 669 2586 724 alimentis
2612 668 2902 724 refertum.
2933 669 3038 724 Per
3057 668 3256 725 suavia
3285 667 3435 723 enim
3459 667 3808 738 psalmorum

2160 770 2370 812 canora
2387 757 2812 813 alternantibus
2857 757 3052 813 choris
3093 757 3291 813 divina
3324 758 3382 812 in
3408 757 3666 813 Ecclesia
3695 772 3812 828 per-

2161 851 2414 918 aguntur
2438 845 2640 902 oﬁicia.
2689 848 2792 902 Per
2834 860 2930 902 eos
2962 852 3240 903 nocturna
3266 846 3392 902 laus
3437 860 3570 902 cum
3605 848 3812 902 mentis

2159 936 2455 992 alacritate
2475 936 2716 992 Domino
2742 950 2940 991 canere
2963 936 3264 1008 incipitur,
3287 941 3343 991 et
3361 936 3607 992 dimisso
3625 937 3811 992 noctis

2161 1025 2395 1081 silentio
2427 1025 2684 1082 ﬁdelium
2711 1040 2811 1082 ora
2847 1025 3180 1082 melliﬁuam
3210 1031 3518 1095 erumpunt
3549 1026 3611 1081 in
3641 1027 3814 1082 musi—

2160 1128 2304 1170 cam.
2337 1116 2442 1170 Per
2476 1115 2610 1171 illos
2650 1115 2840 1172 laudis
2863 1114 3088 1171 diurna:
3129 1115 3423 1171 meditatio
3459 1115 3622 1172 horis
3652 1130 3813 1172 com-

2162 1203 2490 1274 petentibus
2544 1205 2856 1276 peragitur.
2907 1211 2971 1260 et
3028 1217 3127 1274 per
3174 1218 3367 1260 eorum
3417 1205 3813 1262 sacratissima

2162 1293 2331 1349 verba
2365 1292 2635 1349 memoria
2665 1292 2894 1348 Domini
2925 1293 2992 1348 ad
3025 1307 3123 1348 cor
3147 1293 3466 1363 reducitur,
3510 1299 3576 1349 ut
3600 1294 3654 1349 ei
3683 1308 3814 1350 cum

2163 1383 2481 1455 gratiarum
2530 1383 2758 1439 actione
2784 1383 3005 1454 jugiter
3031 1381 3156 1438 laus
3205 1381 3484 1438 indefessa
3521 1389 3810 1440 cantetur.

2163 1473 2266 1527 Per
2294 1485 2390 1528 eos
2415 1472 2741 1542 hymnidica
2782 1471 3033 1527 dulciter
3071 1461 3491 1541 componuntur
3529 1471 3812 1542 carmina,

2161 1568 2215 1617 et
2249 1561 2590 1618 melliﬁuum
2634 1560 2812 1616 melos
2859 1560 3128 1630 injubilo
3157 1561 3387 1617 canitur
3430 1561 3694 1632 alleluia,
3741 1566 3815 1632 et,

2161 1649 2496 1706 utbreviter
2523 1649 2735 1721 dicam,
2773 1649 2830 1704 in
2870 1648 3218 1718 psalmorum
3259 1649 3602 1706 dulcissimo
3639 1655 3817 1705 cantu

405 1743 586 1799 imber
617 1741 1004 1813 profunditur.
1035 1741 1096 1795 In
1132 1739 1368 1810 psalmis
1407 1739 1557 1794 enim
1585 1738 1891 1808 promissio
1921 1738 2052 1794 vitae
2085 1742 2134 1802 B
2161 1754 2290 1796 cum
2352 1738 2641 1809 laudibus,
2698 1738 2926 1809 hymnis
2976 1743 3033 1793 et
3060 1739 3304 1794 canticis
3333 1739 3709 1809 spiritalibus
3761 1741 3816 1796 in

402 1837 627 1888 azternae
670 1831 903 1901 legitur,
960 1834 1014 1885 et
1044 1843 1172 1899 spes
1220 1829 1378 1901 regni
1411 1828 1662 1883 caelestis
1703 1827 1945 1883 ﬁrmiter
1991 1828 2051 1882 in

401 1921 594 1976 animo
652 1919 1041 1974 conﬁrmatur.
1103 1917 1386 1972 Remissio
1432 1921 1790 1986 peccatorum
1851 1917 1908 1971 in
1968 1916 2053 1972 eis

401 2008 633 2064 concedi
672 2007 1052 2077 promittitur,
1109 2011 1164 2061 et
1194 2004 1591 2061 laborantibus
1635 2003 1868 2061 refectio
1922 2019 2051 2062 cum

402 2097 587 2170 gloria
627 2100 900 2166 perpetua
944 2094 1192 2151 feliciter
1235 2099 1605 2165 praeparatur.
1653 2095 1753 2150 Est
1807 2094 1958 2150 enim
1993 2094 2052 2150 in

400 2186 486 2242 eis
506 2185 812 2242 thesaurus
835 2183 1130 2254 sapientiae
1159 2189 1215 2239 et
1235 2183 1490 2238 scientia:
1531 2183 1638 2239 sub
1670 2184 1917 2255 tegmine
1946 2183 2054 2239 lit—-

402 2281 653 2330 terarum
684 2272 1076 2338 absconditus,
1111 2273 1209 2343 qui
1256 2272 1429 2327 vitam
1478 2276 1744 2327 aeternam
1787 2272 2054 2330 ﬁdelibus

402 2363 695 2419 ministrat
718 2363 992 2417 detectus.
1024 2362 1123 2416 Est
1155 2360 1355 2416 hortus
1385 2361 1713 2432 conclusus,
1748 2368 1812 2418 ut
1837 2362 2052 2418 talibus

399 2453 568 2523 aquis
610 2450 888 2523 irriguus,
922 2457 978 2506 et
1009 2450 1342 2506 aromaticis
1373 2449 1615 2506 ﬁoribus
1667 2451 2047 2520 constipatus.

398 2543 499 2598 Est
522 2539 649 2597 fons
672 2541 934 2612 signatus
957 2539 1172 2596 cwlesti
1219 2539 1422 2610 poculo
1448 2539 1672 2608 plenus,
1727 2539 1796 2594 ad
1843 2545 2052 2609 potan-

399 2664 697 2721 Michaelis
725 2664 793 2719 ad
823 2665 1031 2719 Mosam
1063 2662 1238 2718 abbas
1271 2662 1516 2733 exstitit,
1548 2662 1897 2732 scripsitque
1925 2662 2052 2716 Dia-

398 2738 562 2793 dema
586 2735 1014 2804 monachorum,
1035 2734 1129 2789 sed
1152 2734 1523 2804 Smaragdum
1541 2733 1726 2788 sancti
1748 2733 2047 2788 Maximini

397 2807 752 2865 Trevirensis
783 2806 1146 2876 monachum,
1185 2805 1354 2874 cujus
1382 2804 1643 2860 meminit
1672 2805 2046 2876 'l‘rithemius,

2162 1828 2417 1885 Ecclesia
2445 1832 2601 1883 totus
2627 1827 2930 1897 incipitur,
2975 1827 3269 1898 peragitur
3298 1833 3468 1898 atque
3515 1829 3819 1898 perﬁcitur

2163 1923 2419 1974 ornatus.
2444 1917 2542 1973 Est
2562 1921 2616 1972 et
2637 1916 2797 1973 aliud
2833 1917 2890 1972 in
2923 1916 3270 1988 psalmorum
3317 1916 3588 1973 thesauro
3632 1919 3818 1974 mira-

2163 2005 2361 2062 biliter
2389 2006 2458 2061 ab
2498 2006 2720 2076 Spiritu
2746 2009 2943 2062 sancto
2982 2005 3361 2076 compositum
3405 2012 3581 2077 atque
3608 2021 3819 2064 recon-

2160 2095 2370 2166 ditum,
2401 2100 2464 2152 ut
2505 2093 2836 2166 quicunque
2890 2094 3237 2164 psalmorum
3282 2093 3448 2150 verba
3491 2101 3692 2152 cantat
3720 2105 3818 2153 aut

2163 2185 2385 2253 recitat,
2410 2183 2530 2240 sive
2561 2184 2620 2238 in
2666 2183 3028 2240 orationibus
3071 2198 3171 2254 pro
3216 2183 3463 2255 peccatis
3506 2186 3821 2255 praeteritis

2160 2272 2484 2340 abluendis,
2532 2271 2649 2328 sive
2698 2272 2758 2327 in
2801 2270 3297 2329 obsecrationibus
3345 2287 3444 2342 pro
3497 2273 3820 2331 virtutibus

2161 2361 2578 2432 adipiscendis,
2613 2361 2732 2417 sive
2765 2359 2824 2415 in
2864 2361 3180 2433 gratiarum
3211 2361 3542 2418 actionibus
3575 2377 3678 2433 pro
3700 2365 3816 2433 jam

2161 2450 2404 2522 adeptis,
2442 2463 2554 2505 non
2581 2449 2746 2520 quasi
2778 2448 2965 2505 aliena
3006 2450 3327 2522 prophetia,
3370 2450 3463 2507 sed
3506 2451 3677 2522 quasi
3714 2466 3818 2507 sua

2159 2544 2215 2595 et
2241 2539 2472 2610 propria
2492 2537 2662 2594 verba
2690 2542 2951 2594 cantatet
2982 2539 3201 2595 recitat.

2161 2664 2402 2790 mrigirtne
2433 2677 2563 2719 cum
2589 2677 2734 2735 opus
2762 2663 2915 2720 istud
2939 2663 3088 2734 apud
3112 2667 3371 2721 sanctum
3393 2664 3713 2722 Maximum
3744 2681 3824 2723 re-

2162 2748 2317 2790 perta
2349 2749 2435 2790 ur.
3765 2760 3772 2767 .

2161 2748 2435 2806 pariatur.
3765 2760 3772 2767 .

1626 3134 1806 3179 ANNO
1859 3134 2093 3180 DOMINI
2149 3135 2332 3178 DCCC
2352 3134 2605 3179 XXXVII.

1513 3317 2656 3436 AUTHPERTI

1717 3537 1992 3582 ABBATIS
2050 3536 2462 3583 CASSINENSIS

1041 3708 1478 3815 SERMO
1592 3710 1766 3812 DE
1871 3707 2396 3812 SANCTO
2505 3709 3158 3814 MAT'I‘HIA.

1319 3911 1494 3976 (Apud
1528 3911 1786 3972 Bolland.,
1820 3912 1952 3962 Acta
1976 3911 2098 3974 SS.,
2132 3910 2284 3962 Febr.
2317 3913 2444 3960 tom.
2470 3910 2562 3972 III,
2599 3924 2720 3974 pag.
2753 3911 2885 3974 487.)

396 4180 524 4239 CAP.
557 4184 598 4238 Ι.
629 4211 704 4224 -—
730 4183 786 4239 S.
835 4183 1080 4239 Matthiae
1107 4183 1310 4255 electio,
1335 4185 1396 4238 in
1442 4182 1776 4253 discipulum
1826 4187 1878 4237 et
1922 4182 2050 4237 dein
2079 4181 2128 4244 C
2160 4180 2345 4253 gratia
2372 4180 2760 4254 dispensante,
2785 4180 2856 4237 ad
2887 4181 3260 4252 apostolicam
3302 4182 3652 4255 dignitatem
3691 4185 3816 4242 ele-

932 4255 1235 4326 apostolum
1284 4253 1504 4310 Christi.

473 4361 520 4418 4.
554 4373 575 4400 ³
599 4362 868 4419 Matthias
909 4362 1202 4433 Hebraice,
1239 4362 1438 4418 Latine
1478 4361 1699 4417 dicitur
1721 4358 1750 4401 δ
1777 4362 2044 4431 Donatus,

401 4459 465 4511 ut
493 4453 874 4510 subaudiatur
898 4465 1000 4523 pro
1023 4453 1166 4509 Juda
1190 4451 1472 4508 Scarioth.
1517 4453 1626 4505 Iste
1656 4449 1807 4505 enim
1843 4450 1899 4504 in
1924 4450 2047 4506 loco

399 4545 525 4613 ejus
551 4542 926 4599 duodecimus
968 4542 1037 4597 ab
1068 4540 1348 4612 apostolis
1375 4539 1590 4595 electus
1623 4546 1728 4608 est,
1783 4553 1911 4595 cum
1947 4554 2047 4609 pro

397 4630 623 4688 duobus
642 4645 766 4686 sors
793 4630 1136 4686 mitteretur.
1169 4629 1273 4683 Hic
1313 4629 1438 4684 sine
1467 4639 1493 4668 ο
1517 4628 1855 4700 cegnomine
1889 4629 2047 4686 solus

401 4717 642 4774 habetur
673 4718 768 4774 cui
808 4718 980 4774 datur
1030 4717 1322 4788 Evangelii
1356 4717 1687 4787 prmdicatio
1720 4717 1778 4772 in
1821 4717 2039 4773 Iudaea:

399 4806 565 4876 cujus
582 4805 787 4862 festum
805 4806 1126 4862 celebratur
1146 4812 1302 4862 sexto
1321 4807 1600 4863 Kalendas
1629 4807 1865 4863 Martias
1885 4823 1898 4860 :
1931 4805 2044 4862 fuit

397 4895 571 4951 etiam
591 4895 661 4951 de
690 4895 1052 4968 septuaginta
1075 4894 1386 4966 discipulis
1409 4910 1575 4952 unus.

467 4983 521 5040 2.
553 4984 578 5023 τι
599 4983 868 5054 Inclytam
899 4989 954 5040 et
984 4983 1292 5056 gloriosam
1315 4983 1680 5041 festivitatem
1708 4985 1765 5038 B.
1791 4983 2044 5040 Matthiae

397 5071 641 5143 apostoli
667 5071 895 5127 Domini
920 5072 1101 5128 nostri
1127 5073 1258 5128 Jesu
1283 5072 1499 5128 Christi
1548 5076 1706 5128 tanta
1743 5071 2044 5128 devotione

397 5160 650 5218 venerari
684 5166 740 5217 et
761 5161 1080 5232 gloriﬁcare
1104 5167 1345 5233 Oportet,
1379 5166 1590 5232 quanta
1617 5161 1804 5230 illum,
1845 5161 2042 5216 divina

465 5303 488 5328 ι
510 5288 610 5359 Est
640 5286 734 5359 hic
765 5285 1033 5359 prologus
1056 5287 1114 5342 in
1148 5301 1251 5342 ms.
1287 5292 1480 5343 nostro
1519 5291 1575 5342 et
1613 5285 1958 5356 Mombritio,
1988 5291 2044 5343 et

399 5359 457 5414 in
480 5358 741 5428 antiquis
767 5358 1074 5415 Breviariis
1114 5359 1356 5430 legitur:
1411 5371 1522 5414 non
1562 5363 1746 5413 tamen
1779 5359 2042 5414 meminit

396 5431 696 5487 Baronius.
721 5431 1065 5500 Desumptus
1095 5436 1267 5486 estex
1289 5430 1526 5500 Isidoro.

468 5500 495 5573 ιγ
520 5501 794 5573 lsidorus,
817 5501 915 5557 lib.
933 5499 1232 5573 v11,.0rig.,
1247 5515 1370 5570 cap.
1389 5499 1451 5555 9:
1471 5521 1496 5552 α
1512 5501 1798 5573 Matthias,
1823 5501 2035 5571 inquit;

398 5571 499 5640 qui
517 5572 668 5629 inter
686 5573 974 5643 apostolos
993 5572 1121 5629 sine
1139 5571 1476 5644 cognomine
1493 5572 1651 5629 solus
1682 5571 1940 5642 habetur,
1959 5573 2040 5627 in-

2159 4275 2314 4325 ctum
2341 4283 2466 4326 esse
2493 4271 2910 4342 cognoscimus.
2935 4271 3039 4327 Sed
3066 4271 3333 4342 qualiter,
3359 4272 3446 4328 vel
3474 4287 3593 4344 quo
3609 4274 3814 4330 ordine

2159 4372 2259 4428 per
2278 4363 2504 4415 sanctos
2531 4360 2820 4429 apostolos
2866 4365 3150 4430 patratum
3177 4361 3276 4433 sit,
3323 4366 3380 4416 et
3428 4362 3570 4432 quid
3603 4363 3813 4418 exinde

2157 4449 2340 4504 sancti
2367 4449 2559 4505 Patres
2582 4449 2640 4504 in
2676 4450 2800 4518 ejus
2831 4450 2998 4506 laude
3032 4450 3274 4507 miriﬁce
3305 4451 3678 4521 protulerint,
3714 4467 3812 4522 per

2159 4551 2330 4594 sacra)
2354 4538 2664 4608 Scriptura:
2689 4539 2893 4594 seriem
2932 4540 3176 4609 pandere
3217 4554 3506 4596 curamus.
3551 4541 3811 4597 Salvator

2155 4627 2308 4682 enim
2340 4627 2623 4684 Dominus
2649 4634 2840 4685 noster
2866 4629 3030 4684 Jesus
3058 4629 3345 4700 Christus,
3376 4629 3616 4685 humani
3650 4644 3808 4702 gene-

2157 4716 2240 4772 ris
2265 4715 2530 4772 conditor
2555 4719 2725 4787 atque
2766 4716 3105 4788 redemptor,
3159 4731 3288 4774 cum
3335 4720 3712 4788 propensiore
3752 4723 3808 4774 et

2153 4817 2362 4860 arcano
2382 4803 2628 4860 consilio
2659 4805 2980 4860 censuisset
3007 4805 3281 4862 mundum
3315 4807 3657 4879 languidum
3681 4808 3808 4863 cle-

2154 4894 2507 4950 mentissime
2535 4893 2791 4964 visitare,
2836 4908 3120 4966 suumque
3157 4895 3372 4965 plasma
3419 4896 3490 4952 de
3526 4902 3806 4966 potestate

2150 4983 2450 5040 diabolicae
2469 4981 2691 5038 fraudis
2717 4981 3064 5039 mirabiliter
3081 4984 3301 5054 eripere
3321 4981 3493 5056 (quod
3519 4999 3620 5054 per
3637 4986 3804 5056 quin-

2153 5085 2262 5143 que
2302 5071 2488 5126 millia
2514 5076 2570 5126 et
2597 5083 2663 5126 eo
2701 5070 2954 5141 amplius
2987 5085 3266 5128 annorum
3311 5073 3671 5146 possederat)
3703 5073 3804 5129 ille

2154 5161 2253 5234 qui
2283 5165 2405 5217 erat
2430 5161 2546 5216 Rex
2595 5174 2790 5233 regum
2817 5164 2872 5216 et
2926 5162 3208 5219 Dominus
3234 5162 3658 5218 dominantium
3689 5161 3801 5218 sub

2154 5289 2497 5356 terpretatur
2515 5287 2781 5347 Donatus,
2815 5290 2878 5340 ut
2906 5284 3290 5341 subaudiatur
3316 5301 3416 5355 pro
3439 5287 3609 5348 Iuda,
3632 5290 3740 5340 etc.
3773 5305 3797 5334 ι

2223 5369 2248 5398 c
2276 5359 2388 5412 Hoc
2415 5355 2486 5411 ab
2529 5356 2749 5427 Isidoro
2779 5357 3014 5412 additur
3046 5357 3194 5427 quod
3227 5356 3297 5411 ab
3327 5357 3466 5412 aliis
3503 5358 3798 5425 Zachaaus,

2149 5432 2250 5484 aut
2277 5427 2561 5483 Barnabas
2593 5426 2887 5496 habeatur,
2922 5433 2985 5483 ut
3013 5426 3189 5497 supra
3215 5428 3434 5484 dictum
3469 5434 3574 5485 est.

2147 5571 2165 5627 Ι
2217 5501 2384 5582 {Hoc
2411 5499 2646 5556 initium
2668 5499 2809 5555 citat
2831 5499 3110 5556 Baronius
3136 5500 3197 5555 in
3235 5499 3398 5555 Notis
3419 5500 3487 5554 ad
3525 5501 3800 5569 Martyro-

2171 5584 2385 5627 omum.

2171 5584 2385 5642 ogium.
