4076 6154
265 251 411 315 4025

1199 250 1592 324 AUTHPERTI
1626 249 1883 308 CASSIN.
1929 250 2135 308 SERM.
2174 249 2264 307 DE
2301 250 2356 308 S.
2399 252 2726 312 ΜΑΤΤΗῙΑ.

3537 256 3678 316 4026

265 382 546 452 potestate
582 378 816 436 humani
849 378 1021 451 regis,
1060 377 1355 435 Octaviani
1400 380 1624 436 scilicet
1652 375 1919 452 Augusti,
1946 381 2001 442 A
2032 378 2233 451 gratia,
2267 380 2345 436 sit
2375 385 2678 452 patratum,
2723 381 2859 452 quia
2889 395 3106 455 magnae
3147 386 3515 444 auctoritatis
3546 402 3675 447 ma—

265 469 572 526 humiliter
591 468 749 524 nasci
775 468 1049 539 dignatus
1072 475 1158 524 est
1181 487 1195 539 ;
1217 480 1247 510 α
1272 475 1328 524 et
1356 469 1453 524 ille
1480 469 1578 540 qui
1606 474 1727 524 erat
1746 469 1922 524 Crea—

264 565 356 616 tor
376 559 506 616 caeli
529 563 586 614 et
606 564 771 614 terrae
793 557 983 612 carnis
1004 562 1212 613 nostra;
1233 557 1603 630 fragilitatem
1627 559 1920 628 suscipere

263 662 380 704 non
410 652 497 704 est
519 647 880 718 dedignatus.
916 646 988 701 At
1018 647 1252 716 perinde
1283 661 1382 717 per
1413 648 1761 704 incrementa
1787 659 1920 701 cre-

257 751 446 801 scens,
479 742 544 794 ut
579 735 837 792 eli‘ectum
879 749 1020 792 vera:
1058 737 1473 793 incarnationis
1502 751 1621 794 sum
1664 736 1918 793 ostende-

262 834 390 896 ret;
415 825 685 897 quoniam
714 826 946 898 quidem
973 825 1073 882 ille
1097 831 1246 883 esset
1270 841 1438 884 verus
1461 827 1605 898 dies,
1635 826 1737 898 qui
1762 826 1917 882 duo-

259 918 449 974 decim
505 917 666 973 horis
713 915 959 994 lucebat,
1007 917 1309 974 duodecim
1366 917 1655 988 apostolos
1704 916 1918 989 eligere

258 1006 491 1063 censuit
520 1023 532 1061 :
562 1005 768 1062 deinde
797 1007 866 1063 ad
899 1005 1343 1064 similitudinem
1373 1007 1736 1079 septuaginta
1765 1006 1918 1062 dua-

259 1110 391 1152 rum
422 1097 772 1168 linguarum,
797 1097 1157 1168 septuaginta
1177 1098 1325 1154 duos
1343 1097 1666 1167 discipulos
1685 1109 1919 1152 assum—

261 1187 400 1256 psit,
448 1185 728 1256 binosque
769 1186 931 1241 misit
972 1186 1040 1241 ad
1089 1187 1534 1256 praedicandum.
1582 1189 1733 1242 Inter
1773 1198 1916 1256 quos

260 1275 554 1345 siquidem
577 1277 632 1330 B.
664 1274 934 1331 Matthias
958 1280 1166 1331 sancta:
1193 1277 1621 1346 praedicationis
1647 1276 1918 1332 ministe—

261 1365 417 1421 rium
443 1365 787 1436 suscipiens,
815 1365 895 1421 ita
917 1378 975 1421 se
995 1366 1214 1421 divinis
1237 1366 1538 1423 humiliter
1561 1369 1744 1422 totum
1773 1364 1919 1422 sub-

258 1454 416 1510 didit
461 1454 778 1524 praiceptis,
815 1458 878 1510 ut
907 1453 1154 1510 fideliter
1193 1456 1555 1525 praedicando
1594 1454 1662 1510 ad
1706 1459 1916 1510 sancta:

261 1541 469 1597 matris
497 1541 762 1598 Ecclesia:
791 1543 1092 1613 gremium,
1136 1543 1430 1600 ethnicum
1477 1542 1747 1613 populum
1782 1555 1917 1612 per-

256 1632 473 1688 ducere
501 1636 744 1688 curaret.
779 1631 937 1688 Unde
976 1633 1282 1689 admodum
1327 1632 1698 1703 acceptabilis
1725 1635 1782 1688 et
1809 1632 1918 1687 de-

2030 481 2267 540 gnaeque
2313 470 2665 526 excellentiae
2706 480 3119 528 sacramentum
3151 478 3256 542 est,
3289 479 3345 530 et
3373 489 3404 530 a
3434 477 3490 530 B.
3526 478 3673 533 Luca

2028 557 2376 629 evangelista
2427 563 2721 616 narratum
2754 579 2768 630 ς
2799 560 2868 615 ad
2925 559 3147 616 laudem
3209 562 3436 618 Domini
3491 567 3672 621 nostri

2026 645 2155 702 Jesu
2184 646 2400 704 Christi
2434 652 2604 720 atque
2636 650 2822 720 ipsius
2853 650 3035 705 sancti
3066 657 3123 705 et
3151 651 3387 721 gloriosi
3427 655 3671 723 apostoli

2028 734 2268 806 gloriam
2293 737 2590 794 decentius
2613 739 2881 796 condecet
2899 752 3180 795 enarrare.
3206 739 3304 795 Ait
3321 741 3475 797 enim
3499 755 3677 799 evan—

2027 824 2230 896 gelista
2253 844 2266 880 :

2095 912 2146 970 4.
2185 935 2211 968 ‹‹
2243 917 2568 989 Exsurgens
2605 921 2792 973 autem
2837 918 3037 974 Petrus
3079 918 3138 974 in
3182 918 3369 975 medio
3407 918 3670 988 fratrum,

2023 1003 2178 1060 dixit
2197 1003 2336 1076 (erat
2362 1011 2550 1063 autem
2583 1006 2752 1063 turba
2785 1007 3080 1064 hominum
3105 1007 3426 1065 simul.fere
3445 1014 3673 1066 centum

2024 1094 2294 1168 viginti):
2328 1095 2473 1167 Viri,
2515 1094 2742 1168 fratres,
2787 1101 3010 1166 oportet
3052 1097 3280 1168 impleri
3319 1099 3672 1169 Scripturam

2027 1197 2192 1254 quam
2220 1184 2488 1254 praedixit
2505 1184 2760 1255 Spiritus
2780 1191 3014 1241 sanctus
3031 1199 3129 1256 per
3149 1200 3212 1242 os
3228 1186 3425 1258 David,
3448 1188 3517 1244 de
3530 1189 3557 1242 J
3567 1188 3675 1245 uda

2027 1272 2127 1341 qui
2175 1271 2288 1327 fuit
2326 1273 2443 1328 dux
2481 1286 2670 1328 coram
2713 1273 2813 1344 qui
2866 1273 3419 1343 comprehenderunt
3459 1275 3670 1348 Jesum,

2025 1359 2124 1430 qui
2167 1366 2610 1417 connumeratus
2637 1359 2760 1417 erat
2803 1361 2861 1416 in
2894 1361 3080 1432 nobis,
3122 1367 3178 1418 et
3207 1363 3448 1419 sortitus
3471 1369 3558 1419 est
3585 1363 3676 1420 lo-

2025 1463 2155 1506 cum
2183 1450 2496 1506 ministerii
2522 1450 2726 1520 hujus:
2749 1455 2806 1506 et
2826 1451 2922 1506 hic
2943 1451 3174 1520 quidem
3198 1453 3453 1521 possedit
3471 1467 3672 1525 agrum

2023 1539 2093 1594 de
2116 1539 2368 1594 mercede
2391 1539 2746 1610 iniquitatis,
2771 1544 2826 1595 et
2848 1553 3161 1610 suspensus
3184 1541 3406 1597 medius
3424 1543 3670 1614 crepuit,

2023 1635 2078 1683 et
2106 1626 2316 1684 diffusa
2341 1635 2477 1684 sunt
2501 1629 2693 1684 omnia
2718 1627 2935 1684 viscera
2961 1630 3122 1701 ejus;
3147 1634 3203 1685 et
3233 1635 3430 1686 notum
3462 1629 3672 1687 factum

256 1721 600 1777 votissimus
626 1721 857 1778 Christo
906 1720 1110 1794 factus,
1161 1736 1291 1778 cum
1323 1723 1568 1778 traditor
1616 1721 1715 1777 ille
1740 1721 1916 1776 Judas
1943 1721 1992 1782 Β
2024 1723 2109 1772 est
2133 1717 2403 1773 omnibus
2435 1716 2832 1774 habitantibus
2858 1719 3168 1774 Jerusalem
3201 1718 3242 1774 ἀ.
3271 1719 3560 1790 Scriptum
3588 1726 3675 1777 est

256 1812 442 1866 Deum
475 1811 738 1880 proderet
762 1811 1078 1881 Christum,
1111 1812 1320 1882 suique
1351 1811 1641 1868 homicida
1681 1809 1914 1866 eﬁ‘ectus

255 1901 645 1970 apostolatum
679 1901 934 1971 perderet
961 1919 974 1972 ;
1008 1901 1115 1957 iste
1142 1903 1232 1956 vir
1257 1902 1484 1958 Domini
1515 1901 1721 1956 inloco
1751 1899 1914 1955 illius

257 1996 417 2047 sorte
433 1995 487 2046 et
503 1991 760 2046 oratione
781 1996 1106 2047 sanctorum
1129 1992 1514 2061 apostolorum
1538 1991 1914 2047 duodecimus

256 2079 560 2150 apostolus
585 2080 920 2137 ordinatur:
948 2081 1042 2137 cui
1069 2082 1240 2138 datur
1264 2082 1413 2137 sacri
1442 2080 1734 2152 Evangelii
1763 2093 1915 2150 prae—

254 2169 482 2225 dicatio
503 2170 563 2225 in
589 2170 799 2243 Judaea,
824 2171 1000 2227 sicuti
1031 2171 1246 2228 sanctis
1271 2171 1549 2243 apostolis
1576 2171 1636 2227 in
1662 2169 1914 2242 singulis

257 2259 620 2330 regionibus.

331 2347 387 2404 3.
444 2349 860 2420 Verumtamen,
921 2350 972 2406 si
1032 2350 1092 2406 in
1151 2349 1381 2422 regione
1431 2350 1912 2407 Christicolarum

257 2437 524 2493 omnium
551 2436 692 2494 festa
718 2445 1046 2496 sanctorum
1075 2439 1353 2495 celebrari
1384 2440 1672 2511 condecet,
1699 2442 1913 2510 quanto

259 2527 448 2599 magis
473 2527 765 2584 beatorum
790 2529 1179 2599 apostolorum
1202 2529 1230 2584 ‘I
1253 2530 1361 2599 Qui
1393 2529 1721 2600 specialiter
1739 2527 1916 2584 Chri—

257 2618 353 2669 sto
401 2614 782 2686 adhaeserunt,
832 2615 1188 2688 colloquium
1236 2631 1366 2674 cum
1417 2617 1520 2674 illo
1569 2617 1910 2687 habuerunt,

256 2703 632 2760 comederunt
649 2717 714 2760 ac
739 2704 1028 2777 biberunt,
1056 2719 1391 2778 omnemque
1419 2706 1583 2763 illius
1607 2705 1912 2762 eliicaciam

258 2791 565 2849 sitibundo
593 2799 816 2864 pectore
847 2794 1164 2851 hauserunt
1191 2814 1203 2850 :
1239 2795 1455 2866 quique
1479 2795 1650 2851 etiam
1681 2795 1752 2852 ab
1785 2795 1910 2865 ipso

257 2881 509 2938 Domino
547 2881 753 2940 fratres
779 2888 836 2940 et
863 2885 1036 2940 amici
1082 2885 1360 2955 appellari
1403 2889 1753 2954 meruerunt,
1784 2897 1915 2940 cum

259 2972 486 3028 diceret
515 2990 527 3027 :
555 2975 677 3028 Iam
709 2989 819 3029 non
848 2975 1026 3029 dicam
1062 2990 1156 3029 vos
1194 2989 1392 3038 servos,
1425 2975 1520 3029 sed
1548 2976 1747 3029 amicos
1775 2988 1915 3028 meos

2023 1807 2174 1861 enim
2218 1808 2277 1862 in
2322 1807 2473 1863 libro
2519 1808 2870 1864 Psalmorum
2913 1807 3084 1877 (Psal.
3136 1822 3336 1881 vam,
3380 1807 3515 1880 26):
3551 1810 3676 1867 Fiat

2027 1895 2304 1951 habitatio
2335 1909 2530 1952 eorum
2563 1897 2804 1966 deserta,
2837 1901 2893 1951 et
2918 1910 3029 1952 non
3056 1897 3135 1952 sit
3165 1899 3264 1968 qui
3302 1898 3586 1954 inhabitet
3612 1899 3672 1956 in

2023 1997 2106 2055 ea,
2139 1990 2194 2041 et
2223 1985 2615 2055 episcopatum
2646 1986 2771 2055 ejus
2800 1985 3050 2055 accipiat
3085 1986 3248 2042 alter.
3281 1986 3516 2056 Oportet
3539 2001 3672 2060 ergo

2023 2088 2091 2130 ex
2121 2075 2212 2130 his
2242 2075 2387 2130 viris
2417 2077 2518 2145 qui
2547 2075 2849 2131 nobiscum
2888 2075 3216 2146 congregati
3261 2081 3398 2132 sunt
3429 2077 3488 2132 in
3515 2077 3672 2133 omni

2024 2169 2294 2234 tempore,
2329 2178 2441 2235 quo
2483 2164 2720 2220 intravit
2757 2169 2813 2220 et
2849 2165 3030 2220 exivit
3069 2165 3220 2220 inter
3263 2179 3368 2222 nos
3395 2167 3674 2224 Dominus

2021 2255 2202 2323 Jesus,
2233 2253 2520 2323 incipiens
2539 2267 2571 2309 a
2601 2254 2945 2324 baptismate
2962 2255 3199 2310 Joannis
3230 2268 3409 2324 usque
3435 2255 3494 2310 in
3519 2255 3672 2311 diem

2024 2356 2138 2414 quo
2183 2348 2514 2412 assumptus
2560 2347 2647 2398 est
2683 2355 2716 2396 a
2755 2342 2942 2414 nobis,
2989 2347 3188 2399 testem
3233 2344 3676 2400 resurrectionis

2023 2431 2147 2500 ejus
2197 2431 2494 2487 nobiscum
2543 2431 2663 2487 fieri
2716 2445 2893 2488 unum
2935 2445 3003 2487 ex
3045 2432 3196 2487 istis.
3238 2433 3307 2487 Et
3349 2436 3674 2490 statuerunt

2022 2519 2187 2589 duos,
2213 2527 2236 2556 θ
2265 2520 2469 2590 Joseph
2503 2521 2602 2592 qui
2643 2520 2954 2577 vocabatur
2996 2521 3292 2592 Barsabas,
3323 2521 3424 2592 qui
3455 2535 3674 2594 cogno-

2025 2611 2278 2666 minatus
2293 2615 2379 2666 est
2397 2612 2418 2665 Ι
2425 2616 2610 2682 ustus,
2628 2615 2685 2667 et
2701 2610 3018 2667 Matthiam.
3035 2611 3106 2666 Et
3121 2615 3350 2667 orantes
3369 2611 3670 2667 dixerunt.

2026 2719 2052 2751 α
2093 2700 2194 2770 Τιι,
2241 2700 2497 2771 Domine,
2539 2700 2639 2771 qui
2681 2700 2830 2756 nosti
2871 2700 3042 2756 corda
3081 2699 3399 2772 hominum,
3441 2701 3675 2757 ostende

2027 2801 2190 2858 quem
2222 2788 2464 2861 elegeris
2490 2802 2558 2845 ex
2593 2789 2685 2845 his
2713 2788 2940 2846 duobus
2971 2802 3172 2860 unum,
3196 2789 3455 2857 accipere
3488 2789 3674 2846 locum

2027 2877 2337 2934 ministerii
2367 2879 2541 2948 hujus
2565 2883 2622 2934 et
2649 2878 3004 2950 apostolatus
3027 2878 3098 2934 de
3126 2892 3237 2949 quo
3270 2878 3674 2949 praevaricatus

2026 2971 2111 3022 est
2153 2967 2328 3025 Judas
2369 2972 2433 3023 ut
2474 2968 2660 3024 abiret
2710 2969 2770 3023 in
2820 2969 3006 3024 locum
3055 2982 3244 3024 suum.
3286 2969 3356 3023 Et
3395 2968 3676 3025 dederunt

259 3061 445 3132 (Joan.
481 3075 579 3133 xv,
615 3060 717 3135 45).
745 3064 814 3119 Et
838 3063 1018 3119 alibi:
1052 3064 1127 3118 Hi
1153 3069 1282 3119 sunt
1317 3067 1521 3132 fratres
1549 3066 1655 3118 mei
1693 3063 1909 3132 (Matth.
1942 3047 1990 3111 Ο
2027 3059 2228 3126 sortes,
2260 3063 2316 3112 et
2351 3056 2563 3112 cecidit
2596 3070 2719 3112 sors
2758 3070 2930 3126 super
2958 3056 3276 3126 Matthiam,
3311 3061 3367 3112 et
3390 3070 3678 3113 annume-

259 3165 373 3221 xu,
424 3148 535 3223 49).
585 3155 958 3224 Magnamque
1004 3153 1241 3225 insuper
1287 3153 1748 3211 vicissitudinem
1795 3153 1919 3209 illis

259 3239 598 3298 conferens:
633 3242 894 3315 Gaudete,
928 3243 1140 3315 inquit,
1164 3249 1214 3298 et
1241 3245 1502 3304 eccultate,
1536 3245 1668 3313 quia
1695 3246 1918 3298 nomina

257 3337 447 3387 vestra
489 3334 693 3402 scripta
736 3339 865 3388 sunt
903 3336 965 3388 in
1006 3335 1150 3389 cal-is
1190 3333 1344 3404 (Luc.
1390 3347 1445 3407 x,
1481 3333 1594 3406 20).
1631 3337 1746 3391 Hoc
1781 3335 1919 3406 quia

259 3421 398 3491 ipso
425 3427 709 3478 annuente
747 3422 828 3478 ita
868 3423 1156 3495 convenit,
1190 3429 1420 3494 propter
1445 3424 1591 3480 hanc
1629 3425 1920 3481 excellen-

261 3512 408 3567 tiam
432 3511 665 3567 illorum
686 3512 1077 3570 solemnitates
1115 3513 1223 3570 sub
1241 3529 1352 3570 una
1377 3512 1688 3572 festivitate
1711 3516 1916 3571 merito

256 3599 543 3658 celebrari
575 3614 890 3674 congruum
923 3601 1128 3674 fuerat,
1161 3603 1338 3660 sicuti
1359 3617 1716 3661 communem
1742 3605 1917 3661 vitam

255 3695 440 3761 atque
483 3691 836 3747 consortium
867 3705 996 3748 cum
1027 3693 1269 3749 Domino
1309 3694 1651 3750 habuerunt.
1696 3696 1836 3750 Nam
1862 3698 1919 3750 et

258 3779 324 3832 Β.
372 3777 749 3848 Hieronymus
788 3779 892 3835 hoc
936 3784 1200 3836 astruens
1230 3780 1291 3836 in
1331 3780 1738 3853 Martyrologio
1763 3781 1914 3852 quod

255 3866 597 3923 Chromatio
619 3872 678 3922 et
702 3867 1004 3925 Heliodoro
1033 3869 1322 3940 episcopis
1349 3871 1554 3942 edidit,
1581 3871 1920 3941 conjunctos

254 3969 363 4012 eos
406 3956 632 4012 censuit
674 3956 959 4028 ordinare,
993 3958 1400 4014 dicens:Sane
1438 3959 1495 4014 in
1537 3959 1720 4030 prima
1761 3966 1919 4030 parte

259 4043 457 4101 libelli
499 4045 608 4100 mei
638 4046 897 4102 omnium
939 4047 1326 4116 apostolorum
1367 4046 1508 4124 festa
1538 4049 1922 4118 opportunis-

257 4135 416 4192 sime
443 4135 784 4204 scripsimus
815 4134 882 4190 :b
915 4141 980 4191 ut
1015 4136 1222 4192 diebus
1260 4137 1438 4193 variis
1467 4150 1580 4193 non
1616 4137 1920 4194 videantur

257 4223 455 4280 dividi
479 4237 622 4294 quos
640 4238 752 4280 una
772 4225 1028 4296 dignitas
1047 4225 1400 4296 apostolatus
1419 4227 1476 4282 in
1496 4227 1712 4284 caelesti
1735 4227 1920 4299 gloria

259 4312 407 4369 fecit
453 4327 577 4369 esse
633 4314 927 4370 sublimes.
986 4317 1090 4372 Sed
1151 4317 1288 4387 quia
1338 4330 1466 4372 mox
1515 4317 1824 4373 obtinuitc
1859 4319 1919 4375 in

2028 3148 2188 3201 ratus
2208 3149 2293 3200 est
2317 3159 2447 3201 cum
2473 3145 2738 3202 undecim
2763 3144 3040 3215 apostolis
3065 3145 3211 3213 (Act.
3238 3159 3276 3214 ι,
3304 3142 3370 3200 45
3389 3149 3440 3199 et
3459 3160 3567 3216 seq.
3568 3147 3616 3217 ).
3645 3165 3670 3196 ››

2095 3233 2148 3288 5.
2183 3236 2244 3289 In
2274 3235 2378 3290 hac
2409 3235 2603 3305 itaque
2633 3234 2910 3290 electione
2942 3233 3116 3303 hujus
3145 3232 3498 3288 sanctissimi
3529 3247 3677 3303 apo—-

2029 3323 2163 3379 stoli
2194 3323 2608 3379 consideranda
2633 3328 2720 3379 est
2747 3327 2802 3378 et
2825 3322 3164 3378 admiranda
3192 3312 3547 3392 dispensatio
3576 3323 3678 3378 di—

2027 3416 2174 3473 vina:
2203 3413 2472 3484 potentia:
2495 3417 2668 3484 atque
2691 3413 2952 3468 humana:
2977 3411 3208 3483 gloriae:
3239 3411 3510 3482 quoniam
3539 3412 3668 3483 qui-

2025 3507 2174 3575 dem,
2199 3503 2352 3560 sicut
2375 3503 2573 3559 divina
2592 3503 2892 3572 Scriptura
2920 3501 3246 3572 denuntiat,
3272 3513 3384 3556 non
3409 3499 3565 3556 sicut
3581 3500 3680 3556 vi-

2024 3596 2120 3652 det
2159 3595 2346 3663 homo,
2390 3593 2472 3648 ita
2513 3591 2783 3663 praevidet
2823 3592 2973 3647 Deus
3015 3591 3132 3662 (Job
3171 3605 3229 3663 x,
3270 3586 3346 3661 4).
3385 3589 3488 3645 Ille
3524 3589 3678 3645 enim

2023 3686 2250 3757 Joseph,
2287 3684 2388 3755 qui
2424 3682 2732 3740 vocabatur
2769 3681 3062 3752 Barsabas,
3104 3681 3206 3752 qui
3241 3680 3680 3752 cognominatus

2027 3781 2112 3833 est
2138 3777 2353 3845 Justus,
2386 3773 2458 3829 ab
2498 3771 2832 3829 hominibus
2859 3776 2947 3827 est
2984 3770 3200 3826 electus
3229 3789 3241 3826 :
3269 3770 3538 3827 Matthias
3567 3783 3681 3825 au—

2028 3870 2137 3922 tem
2189 3865 2290 3936 qui
2341 3864 2752 3933 interpretatur
2786 3859 2809 3902 f
2836 3861 2936 3916 Dei
2979 3874 3206 3933 parvus,
3246 3860 3368 3916 sive
3407 3860 3674 3931 donatus,

2025 3954 2281 4025 Spiritus
2316 3953 2498 4008 sancti
2539 3951 2817 4007 electione
2857 3949 3042 4007 factus
3066 3955 3154 4006 est
3184 3963 3441 4022 magnus,
3475 3949 3521 4005 Ο
3550 3961 3679 4004 vere

2031 4056 2266 4114 parvum
2299 4041 2312 4095 l
2346 4056 2380 4098 o
2420 4054 2550 4096 vere
2599 4054 2888 4112 magnum,
2939 4039 3041 4110 qui
3093 4053 3203 4095 non
3253 4039 3383 4096 ideo
3440 4051 3680 4111 magnus

2030 4131 2382 4204 quiaelatus,
2398 4131 2493 4186 sed
2511 4130 2636 4186 ideo
2651 4143 2909 4201 magnus,
2925 4129 3196 4200 quoniam
3217 4128 3459 4184 humilis
3471 4127 3676 4200 factus,

2030 4221 2296 4277 sectanda
2339 4219 2627 4290 siquidem
2673 4218 2914 4289 vestigia
2962 4217 3191 4274 Domini
3239 4218 3331 4273 sui
3375 4213 3674 4274 dicentis:

2035 4329 2061 4362 α
2088 4312 2210 4366 Non
2226 4310 2382 4366 venit
2400 4308 2556 4364 filius
2573 4306 2826 4364 hominis
2844 4306 3188 4377 ministrari,
3211 4306 3305 4362 sed
3328 4306 3678 4376 ministrare,

259 4407 468 4459 sancta
531 4403 781 4458 Ecclesia
837 4411 902 4460 ut
957 4405 1417 4477 uniuscujusque
1472 4406 1719 4476 apostoli
1775 4405 2000 4487 festaD
2031 4405 2087 4458 et
2131 4399 2268 4455 dare
2313 4399 2565 4487 animam
2617 4409 2780 4487 suam
2835 4395 3282 4487 redemptionem
3329 4407 3430 4487 pro
3481 4393 3681 4487 multis

259 4492 603 4563 specialiter
631 4507 744 4563 quo
781 4493 877 4549 die
909 4493 1050 4550 caelo
1091 4495 1168 4549 sit
1199 4499 1367 4550 natus
1399 4499 1456 4550 et
1499 4499 1827 4567 coronatus,
1860 4496 1920 4552 in

259 4581 374 4638 illo
404 4581 803 4654 celebrentur;
830 4596 933 4639 nos
964 4583 1239 4639 hodierna
1267 4583 1364 4639 die
1394 4585 1450 4638 Β.
1486 4585 1739 4640 Μεηιῒιίω
1766 4585 1924 4642 duo—

257 4671 481 4727 decimi
516 4671 761 4740 apostoli
790 4673 1032 4728 natalem
1076 4677 1233 4729 tanta
1266 4673 1629 4730 veneratione
1665 4675 1922 4731 excolere

258 4760 564 4831 debemus,
597 4767 830 4832 quanta,
865 4767 927 4818 ut
958 4763 1292 4833 praedictum
1317 4769 1422 4835 est,
1456 4764 1607 4820 inter
1634 4764 1924 4834 apostolos

262 4847 623 4905 mirabiliter
651 4851 890 4908 electum
922 4865 1046 4908 esse
1070 4853 1473 4923 comperimus.
1502 4853 1607 4908 Sed
1642 4853 1925 4923 quemad-

261 4935 506 4991 modum
533 4938 589 4991 B.
623 4939 774 4994 Petri
800 4940 1045 5010 apostoli
1072 4941 1280 5012 elogio,
1312 4941 1424 4997 imo
1454 4940 1709 5012 Spiritus
1739 4940 1922 4997 sancti

305 5074 364 5144 ,³
404 5061 535 5144 Haec
579 5066 787 5123 desunt
836 5067 1191 5124 Montbritio.
1246 5068 1390 5124 Sunt
1437 5067 1496 5124 in
1542 5083 1644 5124 ms.
1691 5071 1747 5123 et
1784 5067 1926 5122 Bre—

259 5146 499 5190 warns.

339 5204 373 5278 ιζ
400 5207 634 5262 Editum
669 5209 880 5278 passim
908 5229 919 5264 :
958 5213 1023 5266 Ut
1054 5212 1169 5266 dies
1196 5215 1341 5267 varii
1369 5227 1477 5266 non
1504 5212 1798 5267 uideantur
1826 5211 1926 5265 di-

257 5276 482 5402 videre.
531 5276 904 5337 Montbritius
937 5301 949 5337 :
986 5285 1053 5338 Ut
1097 5283 1286 5339 diebus
1322 5286 1493 5339 uari-is
1532 5300 1639 5339 non
1681 5284 1924 5338 dividere

257 5365 294 5402 υ
369 5364 578 5404 eamur.

345 5431 373 5460 ο
397 5422 587 5478 Monb.
622 5425 777 5478 Intus
807 5430 998 5481 sancta
1027 5427 1265 5482 secunda
1292 5427 1549 5481 Ecclesia.

342 5497 369 5536 ἀ
397 5495 652 5568 Additur
679 5497 830 5566 apud
877 5499 1082 5555 Lucam
1118 5517 1131 5554 :
1158 5501 1245 5554 Ita
1277 5503 1339 5552 ut
1375 5497 1757 5568 appelbaretur
1795 5513 1926 5566 ager

261 5565 366 5620 ille
393 5567 587 5636 lingua
612 5565 797 5623 eorum
817 5570 1172 5635 Hacelddma,
1203 5571 1298 5626 hoc
1321 5565 1425 5634 est;
1440 5565 1579 5638 ager
1601 5565 1920 5639 Sanguinis.

2031 4490 2249 4561 (Matth.
2277 4501 2377 4558 xx,
2407 4485 2520 4558 28).
2555 4504 2580 4537 ιο
2614 4487 2682 4541 Et
2707 4483 2854 4541 illud
2899 4484 3049 4555 quod
3098 4483 3158 4538 in
3197 4482 3317 4538 alio
3348 4481 3472 4537 loco
3509 4481 3677 4553 dicit,

2031 4592 2160 4634 cum
2186 4590 2218 4632 ε
2243 4575 2490 4632 Zebedzei
2540 4574 2695 4630 filios
2726 4573 2796 4629 ad
2835 4576 3088 4628 sanctam
3125 4575 3352 4643 cogeret
3391 4569 3684 4627 humilita-

2032 4673 2144 4723 tem
2176 4683 2189 4719 :
2223 4685 2249 4716 α
2276 4664 2387 4733 Qui
2419 4677 2479 4719 se
2501 4664 2712 4720 exaltat
2743 4660 3172 4732 humiliabitur,
3199 4664 3256 4716 et
3284 4660 3385 4731 qui
3411 4673 3472 4716 se
3498 4659 3682 4716 humi-

2033 4755 2138 4811 liat
2163 4753 2514 4810 exaltabitur
2539 4752 2676 4822 (Luc
2704 4765 2822 4822 xiv,
2855 4748 2913 4805 ll
2944 4763 3107 4820 ;vui,
3141 4745 3247 4820 44).
3277 4767 3303 4800 ››
3335 4751 3406 4805 Et
3427 4751 3683 4806 Donatus

2035 4843 2184 4899 idem
2228 4839 2500 4896 Matthias
2525 4839 2784 4895 dicitur:
2815 4851 2848 4894 a
2884 4851 3018 4910 quo,
3065 4836 3151 4893 vel
3184 4851 3361 4908 quare
3389 4837 3418 4891 ‘I
3443 4837 3528 4893 Ab
3557 4837 3683 4908 ipso

2035 4932 2236 5003 utique
2253 4929 2498 4986 Domino
2526 4930 2658 4984 Jesu
2681 4926 2946 4983 Christo:
2976 4926 3076 4998 qui
3107 4940 3236 4981 cum
3269 4927 3680 4999 praecognitum

2102 5069 2124 5097 ο
2152 5058 2469 5128 Inscriptus
2492 5059 2578 5112 est
2607 5054 2702 5111 hic
2734 5052 2930 5123 Joseph
2958 5052 3365 5126 Martyrologio
3403 5047 3680 5126 lichano,

2032 5131 2102 5191 20
2129 5131 2290 5187 Julii.

2108 5205 2130 5246 f
2159 5206 2240 5258 Ita
2277 5203 2482 5256 Arator
2513 5197 2682 5268 infra,
2717 5197 2861 5253 Beda
2897 5196 2958 5252 in
2999 5195 3139 5252 Acta
3163 5200 3218 5252 et
3241 5196 3348 5253 alii
3391 5197 3682 5268 interpre‘

2033 5281 2230 5334 tantur
2269 5275 2367 5327 Dei
2388 5287 2624 5342 parvum
2647 5289 2662 5324 :
2687 5271 2756 5326 de
2780 5271 2949 5339 cujus
2985 5269 3212 5342 etymol.
3259 5269 3531 5325 Hebraice
3567 5269 3680 5324 dis-

2035 5353 2199 5421 putat
2223 5344 2525 5402 Cornelius
2552 5358 2585 5399 a
2616 5343 2822 5421 Lapide
2854 5342 2914 5396 in
2944 5341 3322 5421 eadem_Acta_.

2105 5432 2138 5474 8
2167 5423 2282 5492 Imo
2309 5423 2430 5472 tum
2470 5411 2873 5492 praecedentem
2913 5412 3253 5492 sententiam
3286 5411 3439 5492 dixit
3470 5411 3676 5492 demo-

2035 5491 2308 5562 nasterio,
2337 5495 2397 5546 at
2426 5482 2754 5560 sequentem
2794 5486 3006 5557 saepius
3035 5485 3152 5540 alia
3180 5482 3477 5539 occasione
3504 5482 3670 5536 dixit.
