4076 6154
434 233 572 295 4027

1025 231 1313 290 APPEND.
1358 229 1454 287 AD
1490 228 1633 286 ΒΕΘ
1667 227 1766 286 ΙΧ.
1806 255 1880 269 -
1913 225 2241 284 SUPPLEM.
2280 225 2375 284 AD
2410 225 2606 285 AUCT.
2648 225 3007 302 QBRTIORIS
3043 228 3231 286 ANNI.

3707 227 3844 286 «σω

434 363 638 420 habuit
665 366 795 418 ante
825 358 1024 416 mundi
1055 357 1551 426 constitutionem,
1591 360 1720 411 ante
1749 365 1912 410 suam
1942 363 2086 408 san-
2110 349 2166 409 A
2195 352 2585 420 apostolorum
2636 367 2767 411 vero
2809 353 3067 412 oratione
3110 358 3168 411 et
3219 367 3424 411 manus
3477 353 3844 424 impositione

431 460 579 510 ctam
633 449 1106 518 incarnationem,
1170 451 1454 518 quatenus
1500 459 1628 502 cum
1686 443 1906 499 veniret
1946 440 2087 497 olim

433 541 731 614 plenitudo
770 540 1066 610 temporis,
1103 550 1232 593 cum
1275 549 1342 592 ex
1372 549 1533 591 sacra
1563 538 1814 591 sumeret
1853 529 2089 601 Virgine

432 645 679 702 carnem,
729 644 858 686 cum
903 632 1251 697 nasceretur,
1286 639 1414 680 cum
1446 639 1478 679 a
1507 638 1611 680 suo
1644 626 1771 694 post
1798 616 2088 689 discipulo

435 720 774 778 traderetur.
813 719 1070 775 Donatus
1098 716 1168 772 ab
1207 715 1333 785 ipso
1370 713 1611 769 Domino
1645 713 1703 768 in
1737 706 2090 768 duodenario

434 823 670 867 numero
707 808 1055 865 exaltaretur
1093 812 1264 874 atque
1297 803 1738 875 gloriﬁcaretur,
1770 806 1827 856 et
1867 797 2093 855 duode—

435 899 636 956 narius
666 910 932 955 numeros
974 893 1260 966 perfectus
1301 891 1676 948 inveniretur.
1708 892 1819 945 Nec
1852 887 2086 954 mirum,

434 1001 536 1044 nec
567 985 908 1043 incredibile
940 1003 952 1040 :
989 983 1139 1039 nihil
1169 982 1322 1038 enim
1354 981 1452 1036 Dei
1481 979 1778 1050 sapientia
1811 973 2091 1046 impossi-

433 1077 569 1147 bile,
594 1075 859 1146 nihilque
881 1072 1237 1144 incognitum
1259 1082 1381 1126 esse
1401 1069 1680 1125 creditur.
1707 1065 1913 1123 Omnia
1933 1063 2086 1120 enim

435 1177 789 1237 quacunque
823 1161 1008 1218 voluit
1037 1159 1170 1215 fecit
1204 1159 1262 1214 in
1292 1159 1436 1215 calo
1460 1163 1516 1213 et
1558 1157 1616 1211 in
1647 1165 1817 1224 terra,
1851 1153 1912 1208 in
1942 1151 2084 1207 mari

433 1259 491 1310 et
516 1254 576 1309 in
605 1251 874 1308 omnibus
912 1248 1154 1320 abyssis.
1187 1246 1233 1302 Ο
1263 1251 1542 1318 quantum
1582 1244 1802 1301 distant
1841 1242 2088 1298 humana

434 1343 638 1398 merita
657 1355 690 1396 a
711 1339 980 1409 supernis
1000 1337 1245 1408 judiciis
1269 1343 1440 1407 atque
1459 1335 1680 1392 divinis
1704 1334 1716 1388 ι
1741 1334 1786 1390 Ο
1808 1336 2086 1403 quantum

435 1432 682 1488 humana
728 1429 1012 1500 sapientia
1053 1427 1124 1483 ab
1173 1427 1273 1482 illa
1319 1425 1622 1495 sapientia,
1667 1423 1737 1479 de
1784 1433 1898 1492 qua
1942 1418 2088 1476 dicit

430 1518 774 1591 Apostolus:
799 1517 844 1573 Ο
864 1516 1112 1573 altitudo
1137 1515 1474 1572 divitiarum
1497 1511 1794 1582 sapientia
1814 1513 1871 1565 et
1892 1508 2088 1564 scien—

433 1610 550 1680 tia,
596 1621 764 1680 quam
801 1603 1412 1676 incomprehensibilia
1457 1605 1591 1658 sunt
1625 1598 1847 1670 judicia
1877 1597 2002 1666 ejus
2031 1601 2088 1651 et

434 1679 864 1768 investigabiles
884 1695 988 1750 via
1013 1693 1172 1764 ejus!
1201 1695 1354 1748 lianc
1377 1691 1529 1747 enim
1557 1687 1898 1759 sapientiam
1925 1698 2086 1741 com—
2115 1679 2166 1740 Β

435 1787 641 1858 pletam
669 1783 994 1841 invenimus
1023 1784 1082 1838 in
1109 1783 1166 1837 B.
1195 1780 1447 1837 Matthiae
1467 1777 1762 1848 electione,
1792 1789 1959 1846 quem
1986 1774 2086 1830 Dei

433 1875 774 1946 sapientiam
793 1873 852 1928 in
873 1873 1141 1928 thesauro
1162 1884 1266 1926 suo
1288 1868 1644 1925 reconditum
1665 1864 1870 1920 habuit
1888 1863 2089 1918 humi—

434 1963 543 2022 lem
573 1969 629 2019 et
650 1976 924 2033 parvum:
953 1960 1047 2017 sed
1082 1966 1268 2016 tamen
1299 1957 1482 2015 voluit
1515 1957 1575 2011 in
1605 1953 1815 2011 saculo
1843 1952 2088 2023 pandere

436 2066 701 2124 magnum
725 2058 781 2108 et
809 2051 1148 2122 gloriosum,
1181 2047 1406 2104 scilicet
1430 2059 1560 2101 cum
1590 2045 1647 2100 in
1681 2043 1888 2098 throno
1920 2040 2086 2096 illum

432 2141 772 2199 duodecimo
796 2139 1090 2197 exaltaret.
1120 2137 1489 2207 Excipiamus
1508 2147 1642 2206 ergo
1663 2146 1791 2188 eum
1814 2135 2087 2201 tanquam

433 2245 466 2287 a
495 2233 608 2286 Deo
647 2231 942 2299 donatum,
993 2233 1264 2298 tanquam
1308 2224 1380 2280 ab
1423 2224 1547 2294 ipso
1594 2220 2083 2292 praordinatum:

433 2334 768 2378 veneremur
794 2319 960 2375 illum
981 2323 1038 2374 et
1057 2323 1326 2387 tanquam
1347 2313 1418 2370 ab
1443 2313 1568 2382 ipso
1593 2313 1742 2366 inter
1765 2307 2089 2377 discipulos

433 2410 594 2466 valde
639 2408 1042 2480 gloriﬁcatum.
1077 2407 1199 2461 Non
1228 2403 1381 2459 enim
1417 2401 1514 2457 ille
1546 2399 1854 2470 pradictus
1881 2397 2090 2451 Bursa-

433 2499 536 2554 bas
577 2496 952 2553 astimandus
993 2499 1081 2550 est
1124 2492 1223 2548 ille
1268 2489 1553 2546 Barnabas
1593 2501 1781 2544 comes
1823 2486 1882 2539 B.
1923 2482 2086 2539 Pauli

433 2586 677 2657 apostoli
695 2603 707 2638 :
725 2598 853 2639 nam
875 2583 973 2638 ille
989 2583 1148 2638 ﬁlius
1167 2577 1602 2647 consolationis,
1620 2576 1715 2632 hic
1727 2578 1916 2631 autem
1930 2572 2089 2629 ﬁlius

433 2674 648 2749 quietis
679 2673 1105 2743 interpretatur.

431 2837 558 2894 CAP.
607 2837 670 2891 II.
716 2863 791 2874 —
832 2833 1033 2887 Electio
1080 2830 1137 2885 S.
1183 2829 1427 2884 Matthiae
1471 2831 1611 2883 sorte
1657 2829 1825 2895 facta.
1875 2826 2088 2879 Donum

504 2910 820 2975 linguarum
849 2907 907 2958 in
937 2905 1250 2975 Pentecoste
1270 2901 1544 2956 collatum.
1582 2898 1937 2967 Privilegium
1967 2911 2087 2951 cum

504 2973 715 3036 Christo
744 2974 1047 3046 judicandi
1079 2973 1362 3029 mundum.

501 3136 554 3195 6.
583 3147 614 3179 ι
639 3137 708 3192 Bt
729 3133 1028 3204 dederunt,
1057 3131 1141 3188 ait
1167 3133 1346 3188 Lucas
1373 3130 1738 3204 evangelista,
1763 3129 1850 3185 eis
1879 3131 2080 3198 sortes,

429 3232 486 3286 et
521 3226 732 3284 cecidit
773 3239 898 3282 sors
941 3235 1112 3292 super
1157 3222 1471 3278 Matthiam.
1519 3223 1714 3292 Neque
1756 3219 1926 3275 etiam
1978 3217 2085 3273 hoc

430 3316 708 3386 exemplo,
739 3314 824 3370 vel
855 3312 994 3384 quia
1016 3311 1186 3366 Jonas
1213 3311 1484 3381 propheta
1515 3315 1668 3366 sorte
1694 3306 2084 3378 deprehensus

431 3407 530 3477 sit,
566 3403 958 3462 indiﬁ‘erenter
983 3399 1240 3457 sortibus
1264 3405 1350 3457 est
1375 3400 1718 3456 credendum
1747 3415 1760 3452 :
1791 3409 1921 3453 cum
1956 3393 2086 3465 pri-

430 3496 642 3568 vilegia
671 3490 1057 3565 singularium
1086 3485 1116 3530 b
1145 3503 1500 3547 communem
1533 3489 1710 3561 legem
1741 3485 1925 3542 facere
1953 3497 2086 3540 om—

431 3585 570 3642 nino
618 3597 732 3640 non
785 3579 1026 3652 possint.
1083 3579 1221 3634 Nam
1277 3578 1337 3634 in
1394 3583 1547 3634 sorte
1591 3578 1744 3633 Jona
1797 3572 2084 3644 propheta

429 3673 687 3732 Gentiles
715 3670 1050 3739 tempestate
1092 3667 1273 3723 coacti
1314 3672 1603 3724 auctorem
1643 3662 1891 3735 periculi
1930 3665 2084 3717 sorte

432 3762 806 3834 quarebant:
841 3762 898 3816 et
943 3753 1038 3808 hic
1080 3754 1138 3810 B.
1184 3755 1456 3813 Matthias
1495 3753 1745 3810 dilectus
1790 3751 1890 3807 Dei
1931 3754 2084 3807 sorte

429 3851 688 3922 eligitur,
735 3864 805 3906 ne
840 3852 966 3920 ejus
1007 3849 1206 3907 electio
1248 3859 1280 3902 a
1321 3844 1440 3916 lege
1480 3841 1702 3898 Veteris
1737 3841 2080 3897 Testamenti

429 3938 760 4008 discrepare
807 3939 1120 4010 videretur,
1177 3935 1274 3993 ubi
1324 3945 1585 3990 summus
1624 3929 1889 3987 sacerdos
1930 3935 2082 3986 sorte

432 4027 613 4098 quari
654 4027 1004 4098 jubebatur:
1040 4027 1192 4084 sicut
1228 4025 1300 4080 de
1339 4022 1610 4079 Zacharia
1649 4020 1890 4091 dicitur,
1925 4039 1952 4072 σι
1983 4033 2084 4076 se—

431 4117 684 4173 cundum
737 4117 1211 4174 consuetudinem
1263 4111 1569 4170 sacerdotii
1618 4115 1772 4166 sorte
1811 4108 1976 4178 exiit,
2017 4112 2083 4164 ut

434 4206 729 4262 incensum
776 4211 1009 4277 poneret
1046 4206 1196 4275 (Luc.
1235 4217 1275 4268 ι,
1307 4200 1384 4274 9).
1433 4220 1459 4252 ιν
1501 4199 1605 4256 Sed
1651 4199 1797 4255 hanc
1839 4197 2079 4268 ﬁguram

431 4295 602 4352 licuit
623 4296 875 4353 exerceri
899 4295 1078 4352 donec
1096 4295 1306 4351 veritas
1333 4306 1430 4363 per
1447 4292 1637 4347 Jesum
1658 4286 2040 4368 compleretur
2061 4303 2074 4341 :

2113 3003 2164 3067 C

2200 448 2334 497 sunt
2363 443 2637 499 ordinati.
2668 473 2742 484 —
2767 443 2877 513 Qui
2908 447 3097 500 autem
3129 443 3274 499 hanc
3306 442 3558 514 regulam
3590 443 3844 513 exemplo

2196 530 2584 600 apostolorum
2616 538 2805 588 tenere
2824 532 3131 602 voluerint,
3163 539 3398 588 caveant
3414 537 3472 588 et
3488 532 3724 588 videant
3749 533 3846 588 hoc

2197 618 2392 676 beatos
2418 621 2706 690 apostolos
2732 635 2842 678 non
2875 620 3097 692 fecisse,
3127 621 3242 677 nisi
3273 619 3514 678 fratrum
3544 625 3700 678 coetu
3727 621 3847 677 col-

2199 708 2364 779 lecto,
2397 715 2453 765 et
2485 711 2750 780 precibus
2777 710 2977 768 effusis
3003 711 3071 766 ad
3103 711 3428 768 Dominum.

2268 795 2322 854 7.
2348 799 2490 868 Quis
2508 801 2718 856 etenim
2742 801 2886 857 hanc
2910 801 3008 857 Dei
3039 801 3489 858 misericordiam
3519 799 3844 871 perfectam,

2199 888 2332 958 quis
2353 890 2480 958 ejus
2501 890 2953 962 dispensationis
2973 891 3214 962 gratiam
3243 890 3507 961 pravalet
3534 903 3804 946 enarrare
3822 891 3847 943 il

2197 979 2320 1048 Ipse
2352 979 2552 1051 utique
2581 981 2674 1036 sui
2705 980 2952 1050 apostoli
2997 981 3331 1037 electionem
3363 995 3462 1051 per
3493 980 3686 1051 ignem
3714 979 3849 1050 Spi—

2199 1067 2348 1123 ritus
2395 1069 2577 1125 sancti
2621 1069 2958 1126 conﬁrmare
2997 1070 3272 1141 dignatus
3308 1075 3412 1139 est,
3459 1069 3561 1140 qui
3602 1071 3843 1126 hostiam

2197 1156 2288 1213 sui
2311 1159 2590 1228 corporis,
2615 1172 2784 1230 quam
2808 1174 2909 1230 pro
2932 1159 3099 1215 nobis
3119 1158 3351 1230 obtulit,
3375 1159 3471 1214 die
3493 1160 3849 1215 Pentecostes

2199 1259 2296 1316 per
2329 1246 2515 1319 ignem
2545 1249 2799 1318 Spiritus
2828 1249 3011 1305 sancti
3052 1247 3398 1304 mirabiliter
3423 1247 3450 1286 ἀ
3477 1261 3712 1304 consum
3727 1261 3851 1303 ma—

2195 1335 2298 1392 vit.
2339 1337 2432 1392 Sic
2471 1337 2678 1393 etenim
2725 1337 2866 1395 ordo
2911 1352 3086 1394 sacra
3127 1337 3436 1408 Scriptura
3480 1351 3579 1407 per
3619 1337 3852 1392 beatum

2195 1425 2599 1498 evangelistam
2619 1427 2944 1498 denuntiat,
2967 1428 3194 1484 dicens:
3218 1428 3286 1482 Et
3301 1427 3434 1481 dum
3452 1427 3856 1497 complerentur

2195 1517 2310 1571 dies
2358 1517 2711 1579 Pentecostes,
2772 1521 2928 1572 erant
2983 1532 3163 1573 omnes
3223 1516 3484 1586 discipuli
3527 1518 3747 1586 pariter
3795 1518 3854 1570 in

2194 1605 2376 1660 eodem
2410 1605 2540 1669 loco,
2573 1609 2623 1660 et
2650 1608 2831 1673 factus
2864 1611 2943 1661 est
2979 1610 3196 1677 repente
3235 1606 3300 1660 de
3339 1606 3464 1660 calo
3493 1620 3684 1668 sonus,
3717 1608 3857 1659 tan-

2196 1710 2359 1766 quam
2387 1695 2726 1750 advenientis
2755 1697 2982 1766 spiritus
3002 1696 3345 1759 uehementis,
3369 1699 3418 1750 et
3435 1695 3664 1765 replevit
3684 1699 3855 1749 totum

2197 1783 2432 1848 domum,
2491 1783 2588 1838 ubi
2645 1789 2804 1840 erant
2875 1785 3140 1848 sedentes,
3197 1790 3249 1840 et
3301 1788 3684 1856 apparuerunt
3737 1785 3854 1837 illis

2197 1874 2496 1944 dispertita
2520 1875 2722 1942 linguae
2751 1879 3015 1944 tanquam
3047 1876 3214 1943 ignis,
3245 1874 3491 1944 seditque
3519 1889 3692 1943 supra
3724 1875 3858 1927 sin—

2195 1964 2348 2032 gulos
2399 1980 2582 2018 eorum
2624 1982 2641 2018 :
2680 1969 2731 2018 et
2766 1965 2958 2034 repleti
2997 1968 3127 2019 sunt
3162 1979 3342 2019 omnes
3388 1963 3602 2034 Spiritu
3639 1969 3852 2025 sancto,

2196 2058 2247 2108 et
2266 2059 2537 2123 caperunt
2561 2054 2710 2123 loqui
2728 2057 2901 2110 variis
2929 2055 3153 2123 linguis,
3174 2059 3341 2124 prout
3365 2055 3606 2124 Spiritus
3625 2059 3853 2108 sanctus

2197 2142 2364 2197 dabat
2402 2143 2581 2212 eloqui
2608 2144 2722 2198 illis
2750 2143 2896 2212 (Act.
2929 2157 2990 2214 ιι,
3027 2141 3049 2198 l
3087 2148 3137 2199 et
3177 2145 3334 2214 seq.).
3368 2142 3472 2198 Illa
3511 2156 3761 2212 namque
3788 2143 3849 2197 in

2199 2232 2320 2304 lege
2359 2232 2547 2288 hostia
2585 2233 2955 2304 acceptabilis
2984 2235 3095 2289 Deo
3125 2238 3268 2302 erat,
3302 2247 3426 2304 qua
3463 2232 3682 2288 caelesti
3720 2233 3852 2302 igne

2195 2322 2683 2392 consumebatur;
2715 2323 2890 2379 sicuti
2939 2322 3226 2378 divinitus
3269 2327 3456 2378 actum
3498 2322 3749 2393 legimus
3791 2321 3854 2375 in

2199 2411 2530 2468 holocausto
2542 2412 2687 2482 justi
2705 2411 2864 2483 Abel,
2884 2414 3086 2469 Manue
3105 2412 3285 2482 patris
3300 2411 3525 2468 scilicet
3541 2410 3853 2467 fortissimi

2195 2500 2429 2556 Samson
2456 2507 2628 2571 atque
2649 2501 2787 2558 Elia
2816 2507 2868 2557 et
2900 2506 3232 2558 caterorum
3261 2501 3687 2571 prophetarum,
3720 2513 3853 2554 nam

2199 2587 2298 2644 ubi
2345 2602 2448 2645 nos
2493 2589 2784 2662 legimus:
2831 2610 2857 2642 α
2911 2589 3179 2660 Respexit
3228 2592 3377 2646 Deus
3425 2603 3664 2645 munera
3712 2588 3854 2644 Abel

2195 2676 2351 2746 (Gen.
2381 2691 2459 2748 1v,
2487 2675 2561 2750 4),
2593 2696 2619 2728 »
2649 2678 2710 2734 ίη
2734 2679 2928 2735 Graco
2966 2679 3243 2749 scriptum
3282 2682 3387 2749 est,
3418 2679 3788 2746 inﬂammavit
3811 2685 3856 2731 ο.

2195 2767 2342 2838 Ergo
2389 2767 2445 2822 B.
2499 2767 2753 2824 Matthia
2793 2768 3037 2838 apostoli
3090 2768 3276 2824 hostia
3327 2767 3632 2824 electionis
3672 2780 3858 2823 sacra

2195 2855 2505 2926 Scriptura
2542 2858 2880 2916 documento
2917 2857 3084 2915 habet
3128 2858 3429 2914 maximam
3467 2857 3855 2923 sanctionem,

2195 2951 2251 3002 et
2275 2946 2696 3003 sanctissimam
2729 2948 2984 3017 possidet
3014 2947 3360 3003 ﬁrmitatem.
3395 2946 3553 3002 Unde
3580 2946 3773 3018 igitur
3802 2952 3860 3002 et

2193 3051 2262 3094 ex
2304 3050 2418 3108 quo
2445 3037 2474 3092 ‘l
2502 3037 2781 3107 Quoniam
2849 3037 3192 3094 conﬁrmans
3251 3036 3529 3108 approbat
3575 3037 3741 3092 illam
3787 3036 3859 3092 de

2192 3126 2336 3183 calo
2355 3125 2654 3197 Dominus,
2675 3126 2864 3182 dando
2887 3127 3074 3199 ignem
3094 3126 3348 3198 Spiritus
3365 3125 3552 3182 sancti
3574 3124 3858 3182 omnibus

2191 3216 2492 3288 apostolis,
2539 3216 2740 3287 utique
2787 3223 2843 3273 et
2888 3217 3000 3288 ipsi
3045 3218 3105 3271 B.
3155 3216 3427 3286 Matthia,
3476 3221 3541 3272 ut
3585 3215 3854 3272 omnium

2193 3305 2448 3376 gentium
2482 3303 2703 3376 linguis
2735 3311 3005 3374 perpetuo
3037 3304 3429 3376 loquerentur.

2261 3392 2314 3449 8.
2343 3393 2447 3450 Sed
2479 3392 2721 3451 forsitan
2750 3393 2898 3450 dicit
2916 3394 3134 3465 aliquis
3157 3412 3170 3449 :
3197 3394 3330 3450 Fuit
3360 3393 3561 3463 utique
3588 3393 3855 3463 Spiritus

2191 3489 2427 3541 sanctus
2453 3482 2733 3553 apostolis
2761 3489 2817 3540 et
2847 3485 2902 3539 Β.
2938 3484 3191 3541 Matthia
3233 3485 3404 3540 datus
3447 3483 3853 3539 tantummodo

2194 3573 2296 3630 illo
2328 3573 2387 3630 in
2427 3577 2678 3644 tempore
2704 3578 2762 3631 et
2791 3573 2852 3629 in
2882 3572 2987 3630 illo
3023 3573 3166 3643 loco,
3215 3577 3409 3643 pastea
3445 3585 3580 3628 vero
3617 3571 3855 3628 ablatus

2189 3668 2294 3734 est,
2327 3663 2482 3720 sicut
2500 3668 2556 3719 et
2578 3663 2650 3718 ab
2674 3662 2945 3720 omnibus
2970 3663 3266 3734 prOphetis
3283 3667 3341 3719 et
3359 3675 3391 3718 a
3417 3662 3476 3716 B.
3505 3661 3720 3730 Eliseo,
3747 3662 3849 3732 qui

2189 3753 2410 3810 dicitur
2436 3753 2507 3810 de
2545 3753 2786 3810 muliere
2817 3752 3017 3810 orbata
3055 3752 3211 3824 prole
3251 3753 3320 3808 ad
3359 3764 3600 3822 puerum
3631 3770 3643 3805 :
3683 3773 3711 3803 α
3741 3753 3853 3808 Di—

2191 3843 2354 3900 mitte
2379 3842 2538 3899 illam
2565 3843 2836 3914 quoniam
2857 3841 3050 3899 anima
3073 3843 3197 3912 ejus
3220 3843 3279 3897 in
3302 3841 3698 3898 amaritudine
3720 3847 3848 3897 est:

2187 3938 2246 3990 et
2271 3933 2551 3990 Dominus
2579 3931 2784 3990 celavit
2812 3945 2844 3987 a
2876 3945 2982 4003 me,
3015 3935 3072 3988 et
3100 3945 3211 3989 non
3243 3931 3524 3988 indicavit
3565 3930 3710 3986 mihi
3745 3930 3856 3998 (IV

2187 4024 2314 4090 Reg.
2345 4036 2424 4093 iv,
2454 4019 2566 4094 26).
2599 4040 2627 4073 ι
2657 4021 2842 4091 Absit,
2874 4021 3130 4092 inquam,
3162 4021 3287 4091 hoc,
3317 4021 3471 4077 absit
3493 4033 3528 4076 a
3557 4019 3849 4076 catholica

2188 4111 2444 4168 veritate.
2484 4111 2622 4166 Nam
2654 4110 2705 4166 si
2732 4110 2788 4165 B.
2832 4109 3022 4166 Eliseo
3058 4123 3124 4166 ac
3148 4111 3371 4166 cateris
3401 4108 3702 4180 prophetis
3731 4106 3850 4164 fuit

2188 4200 2328 4258 olim
2357 4200 2612 4270 Spiritus
2641 4204 2874 4256 sanctus
2900 4199 3072 4256 datus
3097 4203 3155 4254 et
3181 4198 3410 4255 ablatus
3439 4217 3455 4267 ;
3487 4198 3586 4255 sed
3620 4210 3852 4268 nequa—

2189 4304 2359 4362 quam
2380 4303 2412 4346 a
2433 4289 2652 4346 sanctis
2673 4289 2952 4360 apostolis
2975 4294 3031 4346 et
3053 4301 3086 4344 a
3108 4289 3164 4344 B.
3195 4288 3452 4344 Matthia.
3479 4287 3606 4344 Illis
3629 4289 3847 4344 etenim

430 4387 597 4456 cujus
651 4386 840 4444 hostia
893 4390 1143 4456 tempore
1200 4382 1427 4439 Pascha
1486 4378 1795 4447 immolata,
1845 4377 1941 4432 sed
1983 4377 2080 4434 die
2103 4371 2158 4433 D
2189 4381 2298 4438 etsi
2329 4380 2397 4437 ad
2428 4384 2650 4451 tempus
2675 4379 2790 4437 fuit
2816 4380 2986 4437 datus
3010 4384 3066 4436 et
3093 4378 3340 4444 ablatus,
3371 4379 3450 4434 ita
3479 4377 3844 4448 expediebat,

430 4475 805 4548 Pentecostes,
833 4475 1055 4546 Spiritu
1082 4476 1279 4530 sancto
1307 4471 1366 4526 in
1395 4471 1524 4542 igne
1543 4472 1866 4539 apparente,
1897 4478 1923 4508 ο
1954 4482 2080 4526 vere

427 4578 761 4622 consumma
813 4570 916 4622 est.
976 4564 1110 4620 lnde
1154 4567 1258 4628 est,
1311 4560 1460 4631 quod
1518 4559 1574 4614 B.
1628 4560 1901 4618 Matthias
1950 4567 2081 4618 ante

431 4657 811 4712 Pentecostem
853 4657 1006 4709 sorte
1052 4650 1398 4708 ordinatur:
1429 4653 1640 4719 septem
1675 4663 1806 4706 vero
1847 4650 2077 4707 diaconi

429 4742 602 4814 (inter
625 4757 770 4814 quos
798 4740 1167 4797 beatissimus
1199 4743 1412 4808 martyr
1437 4737 1658 4807 primus
1690 4738 1811 4809 ipse
1834 4739 2080 4809 Stepha-

431 4845 560 4904 nus,
594 4831 696 4903 qui
728 4827 1100 4902 gloriﬁcando
1126 4829 1314 4884 Jesum
1337 4826 1652 4899 Christum,
1675 4841 1708 4884 a
1733 4827 1954 4884 dextris
1977 4828 2076 4883 Dei

429 4926 674 4978 stantem
725 4919 891 4977 illum
938 4931 1169 4975 cernere
1217 4915 1446 4990 meruit)
1484 4923 1676 4988 postea
1719 4930 2077 4989 nequaquam

432 5012 609 5069 sortis
625 5009 957 5083 agitatione,
980 5008 1077 5066 sed
1097 5006 1518 5078 discipulorum
1534 5011 1757 5063 tantum
1777 5005 2076 5079 electione,-

500 5131 524 5160 ι
550 5121 676 5175 Haec
721 5132 901 5184 usque
925 5117 994 5173 ad
1042 5116 1205 5172 ﬁnem
1248 5114 1472 5171 numeri
1503 5127 1571 5168 ex
1609 5113 1750 5170 Beda
1787 5114 2075 5184 descripta

431 5196 566 5248 sunt
596 5185 894 5246 nonnullis
937 5189 1188 5256 omissis,
1221 5192 1278 5243 et
1312 5185 1576 5256 pauculis
1604 5186 1674 5241 de
1702 5187 1756 5240 S.
1789 5186 2074 5256 Stephano

428 5263 664 5320 additis.
696 5263 774 5318 De
803 5260 1105 5317 sortitione
1133 5255 1186 5315 S.
1224 5255 1474 5314 Matthia
1513 5257 1787 5313 nonnulla
1821 5255 1989 5312 habet
2015 5259 2070 5313 S.

427 5334 739 5406 Dionysius
767 5348 815 5390 c.
851 5349 882 5388 v
923 5331 1336 5406 Ecclesiastica
1377 5327 1726 5406 Hierarchia
1758 5327 1789 5400 §
1826 5325 1880 5383 5.
1921 5329 2077 5384 Con-

427 5408 553 5464 sule
578 5400 930 5477 interpretes
971 5405 1029 5461 in
1069 5402 1208 5458 Acta
1245 5400 1653 5472 apostolorum.

496 5487 527 5531 ι)
554 5487 870 5558 Interponit
911 5485 1056 5540 Beda
1093 5503 1105 5538 :
1131 5487 1194 5537 ut
1225 5484 1586 5551 Hieronymus
1618 5482 1717 5535 ait.

497 5582 523 5612 ο
549 5569 733 5625 Beda:
761 5581 884 5623 vere
916 5567 1233 5634 consumpta
1257 5566 1352 5618 est.
1395 5562 1604 5619 Veteris
1631 5561 1774 5618 enim
1796 5565 1913 5618 erat
1941 5577 2078 5618 con-

2190 4468 2270 4524 ita
2295 4481 2612 4540 congruum
2646 4465 2776 4537 fuit,
2819 4467 2973 4524 sicut
3008 4465 3484 4536 prophetantibus
3518 4465 3844 4522 veritatem.

2186 4558 2325 4614 Cum
2350 4562 2537 4614 autem
2567 4557 2834 4613 Christus
2863 4557 3075 4613 veritas
3103 4555 3280 4628 venit,
3315 4555 3534 4612 sanctis
3560 4553 3848 4625 apostolis

2185 4647 2441 4719 Spiritus
2464 4653 2700 4704 sanctus
2725 4647 3049 4718 perenniter
3069 4652 3156 4704 est
3175 4647 3345 4704 datus
3362 4651 3419 4702 et
3441 4646 3841 4713 conﬁrmatus,

2187 4737 2340 4795 sicut
2359 4745 2414 4796 et
2435 4737 2620 4811 gratia
2640 4738 2897 4795 omnium
2920 4737 3272 4810 linguarum.
3299 4737 3367 4793 Et
3393 4737 3615 4793 merito.
3641 4738 3843 4793 Nonne

2188 4840 2390 4900 magna
2407 4833 2495 4884 est
2517 4827 2843 4884 diﬁerentia
2866 4827 3017 4898 apud
3043 4828 3350 4884 Dominum
3380 4827 3530 4883 inter
3547 4827 3846 4898 apostolos

2185 4921 2242 4973 et
2273 4917 2577 4988 prophetas
2600 4917 2629 4972 ?
2654 4916 2742 4974 Illi
2774 4916 2926 4973 enim
2955 4924 3018 4973 ut
3042 4915 3244 4973 famuli
3271 4917 3575 4974 adventum
3606 4917 3840 4974 Domini

2186 5007 2658 5078 pradicaverunt,
2699 5011 2755 5063 et
2781 5006 3169 5076 crediderunt,
3202 5020 3303 5063 nec
3333 5011 3519 5063 tamen
3563 5008 3841 5064 incarna—

2182 5113 2488 5168 suetudinis
2526 5117 2770 5184 acceptas
2795 5116 2900 5170 Deo
2923 5115 3170 5170 victimas
3204 5115 3400 5170 caelesti
3426 5116 3550 5183 igne
3570 5117 3838 5170 consumi.

2253 5187 2278 5226 ἀ
2303 5188 2403 5241 Ms.
2442 5187 2800 5255 confirmauit.

2251 5259 2377 5313 °lta
2406 5257 2462 5312 S.
2500 5257 2992 5328 Hieronymusex
3033 5257 3422 5315 Theodotione
3449 5275 3464 5311 :
3496 5259 3568 5313 Et
3608 5260 3842 5326 inﬂam-

2181 5330 2351 5384 mavit
2378 5330 2639 5383 Dominus
2679 5327 2842 5398 super
2869 5327 3010 5382 Abel
3042 5334 3093 5383 et
3127 5346 3291 5400 super
3319 5332 3645 5400 sacriﬁcium
3671 5331 3792 5398 ejus
3819 5349 3838 5383 :

2183 5415 2346 5470 super
2375 5399 2511 5456 Cain
2536 5416 2659 5456 vero
2689 5404 2739 5456 et
2767 5415 2932 5470 super
2965 5399 3295 5472 sacriﬁcium
3322 5402 3440 5470 eius
3464 5399 3581 5456 non
3611 5404 3841 5470 inﬂam-

2182 5483 2368 5538 mavit.
2416 5483 2608 5538 Grace
2632 5481 2946 5556 Theodotio
2968 5496 3290 5556 ενεφυρισεν,
3319 5483 3686 5552 inflammavit
3724 5501 3741 5536 :
3777 5484 3845 5537 al

2178 5563 2331 5624 LXX
2362 5565 2726 5636 lnterpretes,
2757 5555 2960 5615 επεῖδιν
2987 5555 3244 5636 respexit.
