  <div class='ocr_page' id='page_1' title='image "/cluster/home/n/w/nwhite01/storage/ocr_20150623/129/hvd.32044054759907/520.png"; bbox 0 0 4068 6178; ppageno 0'>
   <div class='ocr_carea' id='block_1_1' title="bbox 279 286 423 344">
    <p class='ocr_par' dir='ltr' id='par_1_1' title="bbox 279 286 423 344">
     <span class='ocr_line' id='line_1_1' title="bbox 279 286 423 344; baseline 0.014 -2"><span class='ocrx_word' id='word_1_1' title='bbox 279 286 423 344; x_wconf 74' lang='grc'><strong>1029</strong></span> 
     </span>
    </p>
   </div>
   <div class='ocr_carea' id='block_1_2' title="bbox 273 494 1931 567">
    <p class='ocr_par' dir='ltr' id='par_1_2' title="bbox 273 494 1931 567">
     <span class='ocr_line' id='line_1_2' title="bbox 273 494 1931 567; baseline 0.001 -17"><span class='ocrx_word' id='word_1_2' title='bbox 273 495 406 564; x_wconf 86' lang='lat' dir='ltr'><strong>ejus</strong></span> <span class='ocrx_word' id='word_1_3' title='bbox 446 499 504 550; x_wconf 90' lang='lat' dir='ltr'><strong>et</strong></span> <span class='ocrx_word' id='word_1_4' title='bbox 547 494 816 552; x_wconf 89' lang='lat' dir='ltr'><strong>viderunt</strong></span> <span class='ocrx_word' id='word_1_5' title='bbox 857 501 914 552; x_wconf 93' lang='lat' dir='ltr'><strong>et</strong></span> <span class='ocrx_word' id='word_1_6' title='bbox 959 497 1347 567; x_wconf 91' lang='lat' dir='ltr'><strong>crediderunt,</strong></span> <span class='ocrx_word' id='word_1_7' title='bbox 1390 497 1761 553; x_wconf 82' lang='lat' dir='ltr'><strong>comederunt</strong></span> <span class='ocrx_word' id='word_1_8' title='bbox 1800 508 1931 551; x_wconf 90' lang='lat' dir='ltr'><strong>cum</strong></span> 
     </span>
    </p>
   </div>
   <div class='ocr_carea' id='block_1_3' title="bbox 275 583 1929 658">
    <p class='ocr_par' dir='ltr' id='par_1_3' title="bbox 275 583 1929 658">
     <span class='ocr_line' id='line_1_3' title="bbox 275 583 1929 658; baseline 0 -20"><span class='ocrx_word' id='word_1_9' title='bbox 275 583 384 639; x_wconf 91' lang='lat' dir='ltr'><strong>illo</strong></span> <span class='ocrx_word' id='word_1_10' title='bbox 422 591 477 640; x_wconf 88' lang='lat' dir='ltr'><strong>et</strong></span> <span class='ocrx_word' id='word_1_11' title='bbox 502 583 792 656; x_wconf 91' lang='lat' dir='ltr'><strong>biberunt,</strong></span> <span class='ocrx_word' id='word_1_12' title='bbox 825 590 900 654; x_wconf 90' lang='lat' dir='ltr'><strong>et,</strong></span> <span class='ocrx_word' id='word_1_13' title='bbox 954 591 1015 642; x_wconf 93' lang='lat' dir='ltr'><strong>ut</strong></span> <span class='ocrx_word' id='word_1_14' title='bbox 1062 587 1399 658; x_wconf 88' lang='lat' dir='ltr'><strong>pradictum</strong></span> <span class='ocrx_word' id='word_1_15' title='bbox 1431 591 1536 658; x_wconf 91' lang='lat' dir='ltr'><strong>est,</strong></span> <span class='ocrx_word' id='word_1_16' title='bbox 1563 584 1737 640; x_wconf 84' lang='lat' dir='ltr'><strong>amici</strong></span> <span class='ocrx_word' id='word_1_17' title='bbox 1768 583 1839 639; x_wconf 91' lang='lat' dir='ltr'><strong>ab</strong></span> <span class='ocrx_word' id='word_1_18' title='bbox 1863 596 1929 639; x_wconf 92' lang='lat' dir='ltr'><strong>eo</strong></span> 
     </span>
    </p>
   </div>
   <div class='ocr_carea' id='block_1_4' title="bbox 269 673 1928 748">
    <p class='ocr_par' dir='ltr' id='par_1_4' title="bbox 269 673 1928 748">
     <span class='ocr_line' id='line_1_4' title="bbox 269 673 1928 748; baseline -0.001 -20"><span class='ocrx_word' id='word_1_19' title='bbox 269 673 551 744; x_wconf 88' lang='lat' dir='ltr'><strong>appellari</strong></span> <span class='ocrx_word' id='word_1_20' title='bbox 585 680 940 731; x_wconf 89' lang='lat' dir='ltr'><strong>meruerunt:</strong></span> <span class='ocrx_word' id='word_1_21' title='bbox 978 676 1215 748; x_wconf 85' lang='lat' dir='ltr'><strong>insuper</strong></span> <span class='ocrx_word' id='word_1_22' title='bbox 1247 675 1420 732; x_wconf 91' lang='lat' dir='ltr'><strong>etiam</strong></span> <span class='ocrx_word' id='word_1_23' title='bbox 1453 689 1552 745; x_wconf 92' lang='lat' dir='ltr'><strong>pro</strong></span> <span class='ocrx_word' id='word_1_24' title='bbox 1581 675 1706 744; x_wconf 87' lang='lat' dir='ltr'><strong>ejus</strong></span> <span class='ocrx_word' id='word_1_25' title='bbox 1735 685 1928 728; x_wconf 89' lang='lat' dir='ltr'><strong>amore</strong></span> 
     </span>
    </p>
   </div>
   <div class='ocr_carea' id='block_1_5' title="bbox 271 762 1929 836">
    <p class='ocr_par' dir='ltr' id='par_1_5' title="bbox 271 762 1929 836">
     <span class='ocr_line' id='line_1_5' title="bbox 271 762 1929 836; baseline -0.001 -17"><span class='ocrx_word' id='word_1_26' title='bbox 271 763 617 834; x_wconf 88' lang='lat' dir='ltr'><strong>sanguinem</strong></span> <span class='ocrx_word' id='word_1_27' title='bbox 648 778 815 820; x_wconf 90' lang='lat' dir='ltr'><strong>suum</strong></span> <span class='ocrx_word' id='word_1_28' title='bbox 841 763 1134 821; x_wconf 85' lang='lat' dir='ltr'><strong>fuderunt.</strong></span> <span class='ocrx_word' id='word_1_29' title='bbox 1158 765 1448 836; x_wconf 90' lang='lat' dir='ltr'><strong>Approbat</strong></span> <span class='ocrx_word' id='word_1_30' title='bbox 1467 765 1572 819; x_wconf 94' lang='lat' dir='ltr'><strong>hoc</strong></span> <span class='ocrx_word' id='word_1_31' title='bbox 1603 763 1752 819; x_wconf 91' lang='lat' dir='ltr'><strong>idem</strong></span> <span class='ocrx_word' id='word_1_32' title='bbox 1768 762 1929 818; x_wconf 87' lang='lat' dir='ltr'><strong>Chri-</strong></span> 
     </span>
    </p>
   </div>
   <div class='ocr_carea' id='block_1_6' title="bbox 270 852 1928 925">
    <p class='ocr_par' dir='ltr' id='par_1_6' title="bbox 270 852 1928 925">
     <span class='ocr_line' id='line_1_6' title="bbox 270 852 1928 925; baseline -0.001 -17"><span class='ocrx_word' id='word_1_33' title='bbox 270 858 406 909; x_wconf 90' lang='lat' dir='ltr'><strong>stus</strong></span> <span class='ocrx_word' id='word_1_34' title='bbox 424 853 725 925; x_wconf 90' lang='lat' dir='ltr'><strong>Dominus,</strong></span> <span class='ocrx_word' id='word_1_35' title='bbox 747 869 876 911; x_wconf 92' lang='lat' dir='ltr'><strong>cum</strong></span> <span class='ocrx_word' id='word_1_36' title='bbox 906 856 1084 912; x_wconf 81' lang='lat' dir='ltr'><strong>dicit:</strong></span> <span class='ocrx_word' id='word_1_37' title='bbox 1124 876 1150 909; x_wconf 76' lang='grc' dir='ltr'><strong><em>α</em></strong></span> <span class='ocrx_word' id='word_1_38' title='bbox 1174 856 1339 912; x_wconf 89' lang='lat' dir='ltr'><strong>Multi</strong></span> <span class='ocrx_word' id='word_1_39' title='bbox 1375 868 1533 925; x_wconf 90' lang='lat' dir='ltr'><strong>reges</strong></span> <span class='ocrx_word' id='word_1_40' title='bbox 1553 859 1610 910; x_wconf 93' lang='lat' dir='ltr'><strong>et</strong></span> <span class='ocrx_word' id='word_1_41' title='bbox 1640 852 1928 923; x_wconf 79' lang='lat' dir='ltr'><strong>prapheta</strong></span> 
     </span>
    </p>
   </div>
   <div class='ocr_carea' id='block_1_7' title="bbox 269 941 1924 1017">
    <p class='ocr_par' dir='ltr' id='par_1_7' title="bbox 269 941 1924 1017">
     <span class='ocr_line' id='line_1_7' title="bbox 269 941 1924 1017; baseline 0.001 -21"><span class='ocrx_word' id='word_1_42' title='bbox 269 941 585 999; x_wconf 89' lang='lat' dir='ltr'><strong>voluerunt</strong></span> <span class='ocrx_word' id='word_1_43' title='bbox 618 945 812 1000; x_wconf 88' lang='lat' dir='ltr'><strong>videre</strong></span> <span class='ocrx_word' id='word_1_44' title='bbox 855 960 983 1017; x_wconf 87' lang='lat' dir='ltr'><strong>qua</strong></span> <span class='ocrx_word' id='word_1_45' title='bbox 1013 961 1112 1003; x_wconf 90' lang='lat' dir='ltr'><strong>vos</strong></span> <span class='ocrx_word' id='word_1_46' title='bbox 1137 945 1368 1015; x_wconf 82' lang='lat' dir='ltr'><strong>videtis,</strong></span> <span class='ocrx_word' id='word_1_47' title='bbox 1399 950 1456 1000; x_wconf 92' lang='lat' dir='ltr'><strong>et</strong></span> <span class='ocrx_word' id='word_1_48' title='bbox 1485 957 1596 1000; x_wconf 91' lang='lat' dir='ltr'><strong>non</strong></span> <span class='ocrx_word' id='word_1_49' title='bbox 1636 942 1924 1006; x_wconf 80' lang='lat' dir='ltr'><strong>viderunt,</strong></span> 
     </span>
    </p>
   </div>
   <div class='ocr_carea' id='block_1_8' title="bbox 267 1028 2014 1105">
    <p class='ocr_par' dir='ltr' id='par_1_8' title="bbox 267 1028 2014 1105">
     <span class='ocr_line' id='line_1_8' title="bbox 267 1028 2014 1105; baseline -0.002 -19"><span class='ocrx_word' id='word_1_50' title='bbox 267 1034 328 1086; x_wconf 92' lang='lat' dir='ltr'><strong>et</strong></span> <span class='ocrx_word' id='word_1_51' title='bbox 346 1031 942 1105; x_wconf 86' lang='lat' dir='ltr'><strong>audirequaauditis,</strong></span> <span class='ocrx_word' id='word_1_52' title='bbox 965 1041 1022 1092; x_wconf 92' lang='lat' dir='ltr'><strong>et</strong></span> <span class='ocrx_word' id='word_1_53' title='bbox 1039 1049 1150 1093; x_wconf 90' lang='lat' dir='ltr'><strong>non</strong></span> <span class='ocrx_word' id='word_1_54' title='bbox 1169 1034 1480 1092; x_wconf 90' lang='lat' dir='ltr'><strong>audierunt</strong></span> <span class='ocrx_word' id='word_1_55' title='bbox 1497 1031 1646 1103; x_wconf 87' lang='lat' dir='ltr'><strong>(Luc.</strong></span> <span class='ocrx_word' id='word_1_56' title='bbox 1677 1045 1736 1104; x_wconf 89' lang='lat' dir='ltr'><strong>x,</strong></span> <span class='ocrx_word' id='word_1_57' title='bbox 1767 1028 1874 1103; x_wconf 72' lang='grc'><strong>24).</strong></span> <span class='ocrx_word' id='word_1_58' title='bbox 1896 1048 1925 1082; x_wconf 78' lang='grc'>»</span> <span class='ocrx_word' id='word_1_59' title='bbox 2003 1075 2014 1080; x_wconf 92' lang='grc'><strong>-</strong></span> 
     </span>
    </p>
   </div>
   <div class='ocr_carea' id='block_1_9' title="bbox 267 1119 1927 1191">
    <p class='ocr_par' dir='ltr' id='par_1_9' title="bbox 267 1119 1927 1191">
     <span class='ocr_line' id='line_1_9' title="bbox 267 1119 1927 1191; baseline 0 -16"><span class='ocrx_word' id='word_1_60' title='bbox 267 1119 386 1188; x_wconf 92' lang='lat' dir='ltr'><strong>Qui</strong></span> <span class='ocrx_word' id='word_1_61' title='bbox 442 1127 630 1175; x_wconf 89' lang='lat' dir='ltr'><strong>autem</strong></span> <span class='ocrx_word' id='word_1_62' title='bbox 679 1120 785 1176; x_wconf 89' lang='lat' dir='ltr'><strong>hoc</strong></span> <span class='ocrx_word' id='word_1_63' title='bbox 826 1126 1082 1191; x_wconf 80' lang='lat' dir='ltr'><strong>proterve</strong></span> <span class='ocrx_word' id='word_1_64' title='bbox 1131 1120 1453 1191; x_wconf 81' lang='lat' dir='ltr'><strong>improbare</strong></span> <span class='ocrx_word' id='word_1_65' title='bbox 1501 1120 1811 1185; x_wconf 78' lang='lat' dir='ltr'><strong>voluerint,</strong></span> <span class='ocrx_word' id='word_1_66' title='bbox 1842 1133 1927 1175; x_wconf 88' lang='lat' dir='ltr'><strong>ca-</strong></span> 
     </span>
    </p>
   </div>
   <div class='ocr_carea' id='block_1_10' title="bbox 268 1209 1927 1280">
    <p class='ocr_par' dir='ltr' id='par_1_10' title="bbox 268 1209 1927 1280">
     <span class='ocr_line' id='line_1_10' title="bbox 268 1209 1927 1280; baseline 0 -17"><span class='ocrx_word' id='word_1_67' title='bbox 268 1214 448 1263; x_wconf 88' lang='lat' dir='ltr'><strong>veant</strong></span> <span class='ocrx_word' id='word_1_68' title='bbox 475 1209 710 1266; x_wconf 88' lang='lat' dir='ltr'><strong>omnino</strong></span> <span class='ocrx_word' id='word_1_69' title='bbox 759 1224 828 1265; x_wconf 92' lang='lat' dir='ltr'><strong>ne</strong></span> <span class='ocrx_word' id='word_1_70' title='bbox 852 1211 1081 1267; x_wconf 81' lang='lat' dir='ltr'><strong>veritati</strong></span> <span class='ocrx_word' id='word_1_71' title='bbox 1125 1211 1414 1280; x_wconf 81' lang='lat' dir='ltr'><strong>resistant,</strong></span> <span class='ocrx_word' id='word_1_72' title='bbox 1442 1215 1498 1265; x_wconf 93' lang='lat' dir='ltr'><strong>et</strong></span> <span class='ocrx_word' id='word_1_73' title='bbox 1528 1223 1598 1265; x_wconf 93' lang='lat' dir='ltr'><strong>ne</strong></span> <span class='ocrx_word' id='word_1_74' title='bbox 1626 1223 1657 1264; x_wconf 93' lang='lat' dir='ltr'><strong>a</strong></span> <span class='ocrx_word' id='word_1_75' title='bbox 1688 1209 1927 1264; x_wconf 89' lang='lat' dir='ltr'><strong>veritate</strong></span> 
     </span>
    </p>
   </div>
   <div class='ocr_carea' id='block_1_11' title="bbox 270 1298 1928 1370">
    <p class='ocr_par' dir='ltr' id='par_1_11' title="bbox 270 1298 1928 1370">
     <span class='ocr_line' id='line_1_11' title="bbox 270 1298 1928 1370; baseline 0 -18"><span class='ocrx_word' id='word_1_76' title='bbox 270 1298 564 1367; x_wconf 87' lang='lat' dir='ltr'><strong>recedant,</strong></span> <span class='ocrx_word' id='word_1_77' title='bbox 596 1313 722 1368; x_wconf 80' lang='lat' dir='ltr'><strong>qua</strong></span> <span class='ocrx_word' id='word_1_78' title='bbox 751 1303 837 1356; x_wconf 90' lang='lat' dir='ltr'><strong>est</strong></span> <span class='ocrx_word' id='word_1_79' title='bbox 862 1300 1148 1356; x_wconf 85' lang='lat' dir='ltr'><strong>Christus.</strong></span> <span class='ocrx_word' id='word_1_80' title='bbox 1178 1301 1303 1370; x_wconf 87' lang='lat' dir='ltr'><strong>Ipse</strong></span> <span class='ocrx_word' id='word_1_81' title='bbox 1331 1300 1485 1354; x_wconf 92' lang='lat' dir='ltr'><strong>enim</strong></span> <span class='ocrx_word' id='word_1_82' title='bbox 1519 1299 1664 1354; x_wconf 79' lang='lat' dir='ltr'><strong>hanc</strong></span> <span class='ocrx_word' id='word_1_83' title='bbox 1693 1303 1928 1354; x_wconf 90' lang='lat' dir='ltr'><strong>senten-</strong></span> 
     </span>
    </p>
   </div>
   <div class='ocr_carea' id='block_1_12' title="bbox 269 1386 1925 1461">
    <p class='ocr_par' dir='ltr' id='par_1_12' title="bbox 269 1386 1925 1461">
     <span class='ocr_line' id='line_1_12' title="bbox 269 1386 1925 1461; baseline 0.001 -21"><span class='ocrx_word' id='word_1_84' title='bbox 269 1386 419 1442; x_wconf 90' lang='lat' dir='ltr'><strong>tiam</strong></span> <span class='ocrx_word' id='word_1_85' title='bbox 461 1387 781 1459; x_wconf 83' lang='lat' dir='ltr'><strong>conﬁrmat,</strong></span> <span class='ocrx_word' id='word_1_86' title='bbox 831 1389 1103 1461; x_wconf 86' lang='lat' dir='ltr'><strong>inquiens</strong></span> <span class='ocrx_word' id='word_1_87' title='bbox 1146 1388 1465 1459; x_wconf 86' lang='lat' dir='ltr'><strong>apostolis:</strong></span> <span class='ocrx_word' id='word_1_88' title='bbox 1519 1408 1544 1439; x_wconf 85' lang='lat'><strong><em>«</em></strong></span> <span class='ocrx_word' id='word_1_89' title='bbox 1573 1388 1630 1443; x_wconf 90' lang='lat' dir='ltr'><strong>Si</strong></span> <span class='ocrx_word' id='word_1_90' title='bbox 1662 1386 1925 1458; x_wconf 91' lang='lat' dir='ltr'><strong>diligetis</strong></span> 
     </span>
    </p>
   </div>
   <div class='ocr_carea' id='block_1_13' title="bbox 270 1476 1922 1549">
    <p class='ocr_par' dir='ltr' id='par_1_13' title="bbox 270 1476 1922 1549">
     <span class='ocr_line' id='line_1_13' title="bbox 270 1476 1922 1549; baseline -0.001 -19"><span class='ocrx_word' id='word_1_91' title='bbox 270 1489 387 1546; x_wconf 90' lang='lat' dir='ltr'><strong>me,</strong></span> <span class='ocrx_word' id='word_1_92' title='bbox 423 1476 687 1532; x_wconf 87' lang='lat' dir='ltr'><strong>mandata</strong></span> <span class='ocrx_word' id='word_1_93' title='bbox 739 1491 860 1533; x_wconf 91' lang='lat' dir='ltr'><strong>mea</strong></span> <span class='ocrx_word' id='word_1_94' title='bbox 912 1485 1170 1534; x_wconf 88' lang='lat' dir='ltr'><strong>servate:</strong></span> <span class='ocrx_word' id='word_1_95' title='bbox 1199 1483 1255 1534; x_wconf 88' lang='lat' dir='ltr'><strong>et</strong></span> <span class='ocrx_word' id='word_1_96' title='bbox 1299 1491 1402 1548; x_wconf 89' lang='lat' dir='ltr'><strong>ego</strong></span> <span class='ocrx_word' id='word_1_97' title='bbox 1433 1476 1643 1549; x_wconf 80' lang='lat' dir='ltr'><strong>rogabo</strong></span> <span class='ocrx_word' id='word_1_98' title='bbox 1684 1477 1922 1545; x_wconf 88' lang='lat' dir='ltr'><strong>Patrem,</strong></span> 
     </span>
    </p>
   </div>
   <div class='ocr_carea' id='block_1_14' title="bbox 267 1564 1929 1638">
    <p class='ocr_par' dir='ltr' id='par_1_14' title="bbox 267 1564 1929 1638">
     <span class='ocr_line' id='line_1_14' title="bbox 267 1564 1929 1638; baseline 0 -19"><span class='ocrx_word' id='word_1_99' title='bbox 267 1568 330 1619; x_wconf 90' lang='lat' dir='ltr'><strong>et</strong></span> <span class='ocrx_word' id='word_1_100' title='bbox 369 1565 551 1621; x_wconf 92' lang='lat' dir='ltr'><strong>alium</strong></span> <span class='ocrx_word' id='word_1_101' title='bbox 580 1567 930 1624; x_wconf 88' lang='lat' dir='ltr'><strong>Paracletum</strong></span> <span class='ocrx_word' id='word_1_102' title='bbox 960 1569 1123 1624; x_wconf 90' lang='lat' dir='ltr'><strong>dabit</strong></span> <span class='ocrx_word' id='word_1_103' title='bbox 1164 1568 1344 1638; x_wconf 86' lang='lat' dir='ltr'><strong>vobis,</strong></span> <span class='ocrx_word' id='word_1_104' title='bbox 1382 1572 1445 1623; x_wconf 92' lang='lat' dir='ltr'><strong>ut</strong></span> <span class='ocrx_word' id='word_1_105' title='bbox 1476 1571 1698 1622; x_wconf 88' lang='lat' dir='ltr'><strong>maneat</strong></span> <span class='ocrx_word' id='word_1_106' title='bbox 1726 1564 1929 1621; x_wconf 88' lang='lat' dir='ltr'><strong>vobis-</strong></span> 
     </span>
    </p>
   </div>
   <div class='ocr_carea' id='block_1_15' title="bbox 265 1653 1925 1730">
    <p class='ocr_par' dir='ltr' id='par_1_15' title="bbox 265 1653 1925 1730">
     <span class='ocr_line' id='line_1_15' title="bbox 265 1653 1925 1730; baseline -0.001 -22"><span class='ocrx_word' id='word_1_107' title='bbox 265 1667 409 1708; x_wconf 90' lang='lat' dir='ltr'><strong>cum</strong></span> <span class='ocrx_word' id='word_1_108' title='bbox 444 1655 502 1709; x_wconf 92' lang='lat' dir='ltr'><strong>in</strong></span> <span class='ocrx_word' id='word_1_109' title='bbox 525 1660 797 1712; x_wconf 87' lang='lat' dir='ltr'><strong>aternum</strong></span> <span class='ocrx_word' id='word_1_110' title='bbox 815 1657 988 1728; x_wconf 86' lang='lat' dir='ltr'><strong>(Joan.</strong></span> <span class='ocrx_word' id='word_1_111' title='bbox 1015 1671 1136 1728; x_wconf 90' lang='lat' dir='ltr'><strong>xxv,</strong></span> <span class='ocrx_word' id='word_1_112' title='bbox 1160 1656 1262 1730; x_wconf 75' lang='lat'><strong>45).</strong></span> <span class='ocrx_word' id='word_1_113' title='bbox 1294 1676 1322 1707; x_wconf 80' lang='grc'><strong>››</strong></span> <span class='ocrx_word' id='word_1_114' title='bbox 1345 1653 1925 1711; x_wconf 81' lang='lat' dir='ltr'><strong>Animadvertendum</strong></span> 
     </span>
    </p>
   </div>
   <div class='ocr_carea' id='block_1_16' title="bbox 1230 280 2744 352">
    <p class='ocr_par' dir='ltr' id='par_1_16' title="bbox 1230 280 2744 352">
     <span class='ocr_line' id='line_1_16' title="bbox 1230 280 2744 352; baseline 0.003 -4"><span class='ocrx_word' id='word_1_115' title='bbox 1230 289 1613 348; x_wconf 80' lang='lat' dir='ltr'><strong>AUTHPERTI</strong></span> <span class='ocrx_word' id='word_1_116' title='bbox 1645 280 1910 347; x_wconf 67' lang='lat' dir='ltr'><strong>CASSIN.</strong></span> <span class='ocrx_word' id='word_1_117' title='bbox 1952 290 2158 349; x_wconf 79' lang='lat' dir='ltr'><strong>SBRM.</strong></span> <span class='ocrx_word' id='word_1_118' title='bbox 2199 294 2289 350; x_wconf 86' lang='lat' dir='ltr'><strong>DE</strong></span> <span class='ocrx_word' id='word_1_119' title='bbox 2325 292 2378 350; x_wconf 91' lang='lat' dir='ltr'><strong>S.</strong></span> <span class='ocrx_word' id='word_1_120' title='bbox 2420 295 2744 352; x_wconf 83' lang='lat' dir='ltr'><strong>MA’ITHIA.</strong></span> 
     </span>
    </p>
   </div>
   <div class='ocr_carea' id='block_1_17' title="bbox 275 402 2016 478">
    <p class='ocr_par' dir='ltr' id='par_1_17' title="bbox 275 402 2016 478">
     <span class='ocr_line' id='line_1_17' title="bbox 275 402 2016 478; baseline 0.002 -18"><span class='ocrx_word' id='word_1_121' title='bbox 275 409 402 461; x_wconf 89' lang='lat' dir='ltr'><strong>tum</strong></span> <span class='ocrx_word' id='word_1_122' title='bbox 427 405 733 476; x_wconf 88' lang='lat' dir='ltr'><strong>viderunt;</strong></span> <span class='ocrx_word' id='word_1_123' title='bbox 761 406 947 462; x_wconf 79' lang='lat' dir='ltr'><strong>saucii</strong></span> <span class='ocrx_word' id='word_1_124' title='bbox 979 411 1166 464; x_wconf 88' lang='lat' dir='ltr'><strong>autem</strong></span> <span class='ocrx_word' id='word_1_125' title='bbox 1199 407 1448 478; x_wconf 86' lang='lat' dir='ltr'><strong>apostoli</strong></span> <span class='ocrx_word' id='word_1_126' title='bbox 1476 402 1933 462; x_wconf 87' lang='lat' dir='ltr'><strong>lncarnationem</strong></span> <span class='ocrx_word' id='word_1_127' title='bbox 1957 403 2016 463; x_wconf 79' lang='grc' dir='ltr'><strong>Α</strong></span> 
     </span>
    </p>
   </div>
   <div class='ocr_carea' id='block_1_18' title="bbox 3549 295 3690 357">
    <p class='ocr_par' dir='ltr' id='par_1_18' title="bbox 3549 295 3690 357">
     <span class='ocr_line' id='line_1_18' title="bbox 3549 295 3690 357; baseline 0.014 -2"><span class='ocrx_word' id='word_1_128' title='bbox 3549 295 3690 357; x_wconf 75' lang='grc'><strong>4030</strong></span> 
     </span>
    </p>
   </div>
   <div class='ocr_carea' id='block_1_19' title="bbox 2169 407 3564 473">
    <p class='ocr_par' dir='ltr' id='par_1_19' title="bbox 2169 407 3564 473">
     <span class='ocr_line' id='line_1_19' title="bbox 2169 407 3564 473; baseline 0.001 -17"><span class='ocrx_word' id='word_1_129' title='bbox 2169 407 2306 473; x_wconf 60' lang='lat' dir='ltr'><strong>Inter</strong></span> <span class='ocrx_word' id='word_1_130' title='bbox 2328 412 2605 473; x_wconf 88' lang='lat' dir='ltr'><strong>utrumque</strong></span> <span class='ocrx_word' id='word_1_131' title='bbox 2626 410 2757 472; x_wconf 83' lang='lat' dir='ltr'><strong>perit</strong></span> <span class='ocrx_word' id='word_1_132' title='bbox 2791 423 2804 468; x_wconf 90' lang='lat'><strong>;</strong></span> <span class='ocrx_word' id='word_1_133' title='bbox 2834 409 2988 458; x_wconf 88' lang='lat' dir='ltr'><strong>nullis</strong></span> <span class='ocrx_word' id='word_1_134' title='bbox 3014 409 3285 473; x_wconf 79' lang='lat' dir='ltr'><strong>condenda</strong></span> <span class='ocrx_word' id='word_1_135' title='bbox 3311 411 3564 472; x_wconf 81' lang='lat' dir='ltr'><strong>sepulcris</strong></span> 
     </span>
    </p>
   </div>
   <div class='ocr_carea' id='block_1_20' title="bbox 2168 469 3640 536">
    <p class='ocr_par' dir='ltr' id='par_1_20' title="bbox 2168 469 3640 536">
     <span class='ocr_line' id='line_1_20' title="bbox 2168 469 3640 536; baseline 0.002 -18"><span class='ocrx_word' id='word_1_136' title='bbox 2168 469 2386 521; x_wconf 85' lang='lat' dir='ltr'><strong>Viscera</strong></span> <span class='ocrx_word' id='word_1_137' title='bbox 2416 469 2570 535; x_wconf 76' lang='lat' dir='ltr'><strong>rupta</strong></span> <span class='ocrx_word' id='word_1_138' title='bbox 2601 469 2794 521; x_wconf 73' lang='lat' dir='ltr'><strong>cadunt</strong></span> <span class='ocrx_word' id='word_1_139' title='bbox 2815 475 3096 534; x_wconf 85' lang='lat' dir='ltr'><strong>tenuesque</strong></span> <span class='ocrx_word' id='word_1_140' title='bbox 3127 471 3334 534; x_wconf 86' lang='lat' dir='ltr'><strong>elapsus</strong></span> <span class='ocrx_word' id='word_1_141' title='bbox 3358 469 3410 520; x_wconf 76' lang='lat' dir='ltr'><strong>in</strong></span> <span class='ocrx_word' id='word_1_142' title='bbox 3436 485 3582 521; x_wconf 84' lang='lat' dir='ltr'><strong>auras</strong></span> <span class='ocrx_word' id='word_1_143' title='bbox 3603 469 3640 536; x_wconf 65' lang='grc' dir='ltr'><strong>ἲ,</strong></span> 
     </span>
    </p>
   </div>
   <div class='ocr_carea' id='block_1_21' title="bbox 2164 595 3686 659">
    <p class='ocr_par' dir='ltr' id='par_1_21' title="bbox 2164 595 3686 659">
     <span class='ocr_line' id='line_1_21' title="bbox 2164 595 3686 659; baseline 0.001 -15"><span class='ocrx_word' id='word_1_144' title='bbox 2164 596 2314 644; x_wconf 88' lang='lat' dir='ltr'><strong>Nunc</strong></span> <span class='ocrx_word' id='word_1_145' title='bbox 2345 610 2476 658; x_wconf 89' lang='lat' dir='ltr'><strong>opus</strong></span> <span class='ocrx_word' id='word_1_146' title='bbox 2505 600 2582 646; x_wconf 88' lang='lat' dir='ltr'><strong>est</strong></span> <span class='ocrx_word' id='word_1_147' title='bbox 2606 599 2754 656; x_wconf 87' lang='lat' dir='ltr'><strong>votis,</strong></span> <span class='ocrx_word' id='word_1_148' title='bbox 2781 597 2920 659; x_wconf 87' lang='lat' dir='ltr'><strong>quod</strong></span> <span class='ocrx_word' id='word_1_149' title='bbox 2943 595 3097 644; x_wconf 82' lang='lat' dir='ltr'><strong>verba</strong></span> <span class='ocrx_word' id='word_1_150' title='bbox 3123 596 3424 658; x_wconf 84' lang='lat' dir='ltr'><strong>prophetica</strong></span> <span class='ocrx_word' id='word_1_151' title='bbox 3443 595 3686 646; x_wconf 88' lang='lat' dir='ltr'><strong>clamant.</strong></span> 
     </span>
    </p>
   </div>
   <div class='ocr_carea' id='block_1_22' title="bbox 2164 659 3689 723">
    <p class='ocr_par' dir='ltr' id='par_1_22' title="bbox 2164 659 3689 723">
     <span class='ocr_line' id='line_1_22' title="bbox 2164 659 3689 723; baseline 0 -17"><span class='ocrx_word' id='word_1_152' title='bbox 2164 659 2327 723; x_wconf 81' lang='lat' dir='ltr'><strong>Quem</strong></span> <span class='ocrx_word' id='word_1_153' title='bbox 2353 659 2504 708; x_wconf 85' lang='lat' dir='ltr'><strong>liceat</strong></span> <span class='ocrx_word' id='word_1_154' title='bbox 2535 661 2778 723; x_wconf 79' lang='lat' dir='ltr'><strong>supplere</strong></span> <span class='ocrx_word' id='word_1_155' title='bbox 2807 659 2963 723; x_wconf 81' lang='lat' dir='ltr'><strong>vices.</strong></span> <span class='ocrx_word' id='word_1_156' title='bbox 2988 659 3136 707; x_wconf 89' lang='lat' dir='ltr'><strong>Tunc</strong></span> <span class='ocrx_word' id='word_1_157' title='bbox 3167 673 3370 723; x_wconf 81' lang='lat' dir='ltr'><strong>summa</strong></span> <span class='ocrx_word' id='word_1_158' title='bbox 3403 662 3689 720; x_wconf 81' lang='lat' dir='ltr'><strong>precantes,</strong></span> 
     </span>
    </p>
   </div>
   <div class='ocr_carea' id='block_1_23' title="bbox 2162 719 3532 784">
    <p class='ocr_par' dir='ltr' id='par_1_23' title="bbox 2162 719 3532 784">
     <span class='ocr_line' id='line_1_23' title="bbox 2162 719 3532 784; baseline 0 -16"><span class='ocrx_word' id='word_1_159' title='bbox 2162 719 2484 784; x_wconf 63' lang='lat' dir='ltr'><strong>Constituere</strong></span> <span class='ocrx_word' id='word_1_160' title='bbox 2516 719 2666 782; x_wconf 75' lang='lat' dir='ltr'><strong>duos,</strong></span> <span class='ocrx_word' id='word_1_161' title='bbox 2711 722 2930 784; x_wconf 87' lang='lat' dir='ltr'><strong>Joseph,</strong></span> <span class='ocrx_word' id='word_1_162' title='bbox 2965 721 3278 780; x_wconf 85' lang='lat' dir='ltr'><strong>cognomine</strong></span> <span class='ocrx_word' id='word_1_163' title='bbox 3304 722 3532 780; x_wconf 85' lang='lat' dir='ltr'><strong>Justum,</strong></span> 
     </span>
    </p>
   </div>
   <div class='ocr_carea' id='block_1_24' title="bbox 2161 781 3602 847">
    <p class='ocr_par' dir='ltr' id='par_1_24' title="bbox 2161 781 3602 847">
     <span class='ocr_line' id='line_1_24' title="bbox 2161 781 3602 847; baseline 0.001 -17"><span class='ocrx_word' id='word_1_164' title='bbox 2161 781 2567 847; x_wconf 70' lang='lat' dir='ltr'><strong>Matthiamque:</strong></span> <span class='ocrx_word' id='word_1_165' title='bbox 2595 781 2689 834; x_wconf 89' lang='lat' dir='ltr'><strong>Dei</strong></span> <span class='ocrx_word' id='word_1_166' title='bbox 2717 781 2931 847; x_wconf 78' lang='lat' dir='ltr'><strong>parvum</strong></span> <span class='ocrx_word' id='word_1_167' title='bbox 2953 785 3090 847; x_wconf 87' lang='lat' dir='ltr'><strong>quod</strong></span> <span class='ocrx_word' id='word_1_168' title='bbox 3125 797 3331 842; x_wconf 90' lang='lat' dir='ltr'><strong>nomen,</strong></span> <span class='ocrx_word' id='word_1_169' title='bbox 3360 788 3414 832; x_wconf 88' lang='lat' dir='ltr'><strong>ut</strong></span> <span class='ocrx_word' id='word_1_170' title='bbox 3443 784 3602 843; x_wconf 86' lang='lat' dir='ltr'><strong>aiunt,</strong></span> 
     </span>
    </p>
   </div>
   <div class='ocr_carea' id='block_1_25' title="bbox 2160 845 3533 909">
    <p class='ocr_par' dir='ltr' id='par_1_25' title="bbox 2160 845 3533 909">
     <span class='ocr_line' id='line_1_25' title="bbox 2160 845 3533 909; baseline 0.001 -16"><span class='ocrx_word' id='word_1_171' title='bbox 2160 845 2381 909; x_wconf 66' lang='lat' dir='ltr'><strong>Ijebrao</strong></span> <span class='ocrx_word' id='word_1_172' title='bbox 2411 845 2649 896; x_wconf 82' lang='lat' dir='ltr'><strong>sermone</strong></span> <span class='ocrx_word' id='word_1_173' title='bbox 2675 845 2839 905; x_wconf 80' lang='lat' dir='ltr'><strong>sonat,</strong></span> <span class='ocrx_word' id='word_1_174' title='bbox 2896 845 3248 909; x_wconf 81' lang='lat' dir='ltr'><strong>humilemque</strong></span> <span class='ocrx_word' id='word_1_175' title='bbox 3283 848 3533 905; x_wconf 84' lang='lat' dir='ltr'><strong>vocando,</strong></span> 
     </span>
    </p>
   </div>
   <div class='ocr_carea' id='block_1_26' title="bbox 2160 905 3596 973">
    <p class='ocr_par' dir='ltr' id='par_1_26' title="bbox 2160 905 3596 973">
     <span class='ocr_line' id='line_1_26' title="bbox 2160 905 3596 973; baseline 0.001 -18"><span class='ocrx_word' id='word_1_176' title='bbox 2160 905 2492 973; x_wconf 59' lang='lat' dir='ltr'><strong>Comprobat.</strong></span> <span class='ocrx_word' id='word_1_177' title='bbox 2527 909 2568 958; x_wconf 93' lang='grc' dir='ltr'><strong>Ο</strong></span> <span class='ocrx_word' id='word_1_178' title='bbox 2597 913 2843 973; x_wconf 87' lang='lat' dir='ltr'><strong>quantum</strong></span> <span class='ocrx_word' id='word_1_179' title='bbox 2888 909 3076 956; x_wconf 77' lang='lat' dir='ltr'><strong>distant</strong></span> <span class='ocrx_word' id='word_1_180' title='bbox 3101 905 3328 973; x_wconf 76' lang='lat' dir='ltr'><strong>humana</strong></span> <span class='ocrx_word' id='word_1_181' title='bbox 3360 909 3596 972; x_wconf 87' lang='lat' dir='ltr'><strong>superuis</strong></span> 
     </span>
    </p>
   </div>
   <div class='ocr_carea' id='block_1_27' title="bbox 2158 969 3376 1033">
    <p class='ocr_par' dir='ltr' id='par_1_27' title="bbox 2158 969 3376 1033">
     <span class='ocr_line' id='line_1_27' title="bbox 2158 969 3376 1033; baseline 0 -15"><span class='ocrx_word' id='word_1_182' title='bbox 2158 969 2377 1033; x_wconf 69' lang='lat' dir='ltr'><strong>Judiciis</strong></span> <span class='ocrx_word' id='word_1_183' title='bbox 2403 974 2414 1018; x_wconf 76' lang='grc' dir='ltr'>ι</span> <span class='ocrx_word' id='word_1_184' title='bbox 2453 969 2826 1033; x_wconf 48' lang='lat' dir='ltr'><strong>parvi—merito</strong></span> <span class='ocrx_word' id='word_1_185' title='bbox 2858 971 3236 1020; x_wconf 86' lang='lat' dir='ltr'><strong>transcenditur</strong></span> <span class='ocrx_word' id='word_1_186' title='bbox 3269 970 3376 1032; x_wconf 90' lang='lat' dir='ltr'><strong>ille,</strong></span> 
     </span>
    </p>
   </div>
   <div class='ocr_carea' id='block_1_28' title="bbox 2159 1031 3692 1098">
    <p class='ocr_par' dir='ltr' id='par_1_28' title="bbox 2159 1031 3692 1098">
     <span class='ocr_line' id='line_1_28' title="bbox 2159 1031 3692 1098; baseline 0.001 -18"><span class='ocrx_word' id='word_1_187' title='bbox 2159 1031 2334 1098; x_wconf 41' lang='lat' dir='ltr'><strong>[gaude</strong></span> <span class='ocrx_word' id='word_1_188' title='bbox 2365 1031 2632 1098; x_wconf 79' lang='lat' dir='ltr'><strong>hominum</strong></span> <span class='ocrx_word' id='word_1_189' title='bbox 2681 1036 2768 1098; x_wconf 88' lang='lat' dir='ltr'><strong>qui</strong></span> <span class='ocrx_word' id='word_1_190' title='bbox 2785 1034 2960 1098; x_wconf 82' lang='lat' dir='ltr'><strong>justus</strong></span> <span class='ocrx_word' id='word_1_191' title='bbox 2982 1037 3121 1098; x_wconf 79' lang='lat' dir='ltr'><strong>erat:</strong></span> <span class='ocrx_word' id='word_1_192' title='bbox 3150 1035 3388 1098; x_wconf 80' lang='lat' dir='ltr'><strong>duodena</strong></span> <span class='ocrx_word' id='word_1_193' title='bbox 3435 1032 3692 1098; x_wconf 68' lang='lat' dir='ltr'><strong>refulgent</strong></span> 
     </span>
    </p>
   </div>
   <div class='ocr_carea' id='block_1_29' title="bbox 2162 1095 3532 1160">
    <p class='ocr_par' dir='ltr' id='par_1_29' title="bbox 2162 1095 3532 1160">
     <span class='ocr_line' id='line_1_29' title="bbox 2162 1095 3532 1160; baseline -0.001 -16"><span class='ocrx_word' id='word_1_194' title='bbox 2162 1095 2322 1155; x_wconf 87' lang='lat' dir='ltr'><strong>Signa</strong></span> <span class='ocrx_word' id='word_1_195' title='bbox 2365 1095 2530 1156; x_wconf 88' lang='lat' dir='ltr'><strong>chori,</strong></span> <span class='ocrx_word' id='word_1_196' title='bbox 2566 1095 2816 1160; x_wconf 73' lang='lat' dir='ltr'><strong>terrisque</strong></span> <span class='ocrx_word' id='word_1_197' title='bbox 2837 1096 2994 1159; x_wconf 87' lang='lat' dir='ltr'><strong>jubar</strong></span> <span class='ocrx_word' id='word_1_198' title='bbox 3026 1095 3282 1158; x_wconf 87' lang='lat' dir='ltr'><strong>jaculatur</strong></span> <span class='ocrx_word' id='word_1_199' title='bbox 3325 1095 3532 1158; x_wconf 81' lang='lat' dir='ltr'><strong>olympi.</strong></span> 
     </span>
    </p>
   </div>
   <div class='ocr_carea' id='block_1_30' title="bbox 2112 1188 3687 1265">
    <p class='ocr_par' dir='ltr' id='par_1_30' title="bbox 2112 1188 3687 1265">
     <span class='ocr_line' id='line_1_30' title="bbox 2112 1188 3687 1265; baseline 0.004 -20"><span class='ocrx_word' id='word_1_200' title='bbox 2112 1188 2196 1246; x_wconf 76' lang='grc'><strong>10.</strong></span> <span class='ocrx_word' id='word_1_201' title='bbox 2241 1192 2635 1250; x_wconf 84' lang='lat' dir='ltr'><strong>Verumtamen</strong></span> <span class='ocrx_word' id='word_1_202' title='bbox 2681 1195 2731 1250; x_wconf 92' lang='lat' dir='ltr'><strong>si</strong></span> <span class='ocrx_word' id='word_1_203' title='bbox 2764 1194 2948 1265; x_wconf 89' lang='lat' dir='ltr'><strong>aliqui</strong></span> <span class='ocrx_word' id='word_1_204' title='bbox 2985 1193 3239 1264; x_wconf 91' lang='lat' dir='ltr'><strong>imperiti</strong></span> <span class='ocrx_word' id='word_1_205' title='bbox 3279 1198 3334 1249; x_wconf 91' lang='lat' dir='ltr'><strong>et</strong></span> <span class='ocrx_word' id='word_1_206' title='bbox 3364 1200 3687 1251; x_wconf 89' lang='lat' dir='ltr'><strong>sanctarum</strong></span> 
     </span>
    </p>
   </div>
   <div class='ocr_carea' id='block_1_31' title="bbox 2035 1280 3691 1354">
    <p class='ocr_par' dir='ltr' id='par_1_31' title="bbox 2035 1280 3691 1354">
     <span class='ocr_line' id='line_1_31' title="bbox 2035 1280 3691 1354; baseline 0.004 -20"><span class='ocrx_word' id='word_1_207' title='bbox 2035 1280 2454 1351; x_wconf 89' lang='lat' dir='ltr'><strong>scripturarum</strong></span> <span class='ocrx_word' id='word_1_208' title='bbox 2491 1283 2683 1340; x_wconf 92' lang='lat' dir='ltr'><strong>minus</strong></span> <span class='ocrx_word' id='word_1_209' title='bbox 2724 1284 2914 1339; x_wconf 91' lang='lat' dir='ltr'><strong>idonei</strong></span> <span class='ocrx_word' id='word_1_210' title='bbox 2943 1284 3326 1350; x_wconf 83' lang='lat' dir='ltr'><strong>documentis,</strong></span> <span class='ocrx_word' id='word_1_211' title='bbox 3363 1283 3537 1354; x_wconf 89' lang='lat' dir='ltr'><strong>hujus</strong></span> <span class='ocrx_word' id='word_1_212' title='bbox 3566 1297 3691 1341; x_wconf 89' lang='lat' dir='ltr'><strong>san-</strong></span> 
     </span>
    </p>
   </div>
   <div class='ocr_carea' id='block_1_32' title="bbox 2035 1371 3694 1445">
    <p class='ocr_par' dir='ltr' id='par_1_32' title="bbox 2035 1371 3694 1445">
     <span class='ocr_line' id='line_1_32' title="bbox 2035 1371 3694 1445; baseline 0.003 -19"><span class='ocrx_word' id='word_1_213' title='bbox 2035 1371 2280 1427; x_wconf 89' lang='lat' dir='ltr'><strong>ctissimi</strong></span> <span class='ocrx_word' id='word_1_214' title='bbox 2333 1373 2574 1442; x_wconf 87' lang='lat' dir='ltr'><strong>apostoli</strong></span> <span class='ocrx_word' id='word_1_215' title='bbox 2603 1373 2879 1430; x_wconf 86' lang='lat' dir='ltr'><strong>electione</strong></span> <span class='ocrx_word' id='word_1_216' title='bbox 2921 1373 3201 1429; x_wconf 88' lang='lat' dir='ltr'><strong>obsistere</strong></span> <span class='ocrx_word' id='word_1_217' title='bbox 3247 1373 3555 1445; x_wconf 91' lang='lat' dir='ltr'><strong>voluerint,</strong></span> <span class='ocrx_word' id='word_1_218' title='bbox 3604 1375 3694 1431; x_wconf 90' lang='lat' dir='ltr'><strong>di-</strong></span> 
     </span>
    </p>
   </div>
   <div class='ocr_carea' id='block_1_33' title="bbox 2036 1461 3691 1533">
    <p class='ocr_par' dir='ltr' id='par_1_33' title="bbox 2036 1461 3691 1533">
     <span class='ocr_line' id='line_1_33' title="bbox 2036 1461 3691 1533; baseline 0.002 -18"><span class='ocrx_word' id='word_1_219' title='bbox 2036 1466 2254 1516; x_wconf 88' lang='lat' dir='ltr'><strong>centes:</strong></span> <span class='ocrx_word' id='word_1_220' title='bbox 2287 1461 2336 1516; x_wconf 90' lang='lat' dir='ltr'><strong>si</strong></span> <span class='ocrx_word' id='word_1_221' title='bbox 2370 1461 2427 1514; x_wconf 91' lang='lat' dir='ltr'><strong>B.</strong></span> <span class='ocrx_word' id='word_1_222' title='bbox 2466 1461 2735 1518; x_wconf 87' lang='lat' dir='ltr'><strong>Matthias</strong></span> <span class='ocrx_word' id='word_1_223' title='bbox 2760 1461 3105 1518; x_wconf 89' lang='lat' dir='ltr'><strong>duodenarii</strong></span> <span class='ocrx_word' id='word_1_224' title='bbox 3138 1463 3362 1518; x_wconf 91' lang='lat' dir='ltr'><strong>numeri</strong></span> <span class='ocrx_word' id='word_1_225' title='bbox 3393 1464 3691 1533; x_wconf 87' lang='lat' dir='ltr'><strong>apostola-</strong></span> 
     </span>
    </p>
   </div>
   <div class='ocr_carea' id='block_1_34' title="bbox 2037 1547 3688 1620">
    <p class='ocr_par' dir='ltr' id='par_1_34' title="bbox 2037 1547 3688 1620">
     <span class='ocr_line' id='line_1_34' title="bbox 2037 1547 3688 1620; baseline 0.002 -16"><span class='ocrx_word' id='word_1_226' title='bbox 2037 1547 2157 1604; x_wconf 42' lang='lat' dir='ltr'><strong>t’um</strong></span> <span class='ocrx_word' id='word_1_227' title='bbox 2191 1548 2461 1620; x_wconf 77' lang='lat' dir='ltr'><strong>explevit,</strong></span> <span class='ocrx_word' id='word_1_228' title='bbox 2517 1556 2572 1605; x_wconf 92' lang='lat' dir='ltr'><strong>et</strong></span> <span class='ocrx_word' id='word_1_229' title='bbox 2611 1550 2992 1606; x_wconf 90' lang='lat' dir='ltr'><strong>duodecimus</strong></span> <span class='ocrx_word' id='word_1_230' title='bbox 3023 1551 3244 1607; x_wconf 91' lang='lat' dir='ltr'><strong>sedebit</strong></span> <span class='ocrx_word' id='word_1_231' title='bbox 3268 1567 3395 1607; x_wconf 89' lang='lat' dir='ltr'><strong>cum</strong></span> <span class='ocrx_word' id='word_1_232' title='bbox 3441 1553 3688 1609; x_wconf 89' lang='lat' dir='ltr'><strong>Domino</strong></span> 
     </span>
    </p>
   </div>
   <div class='ocr_carea' id='block_1_35' title="bbox 2035 1637 3689 1712">
    <p class='ocr_par' dir='ltr' id='par_1_35' title="bbox 2035 1637 3689 1712">
     <span class='ocr_line' id='line_1_35' title="bbox 2035 1637 3689 1712; baseline 0.002 -18"><span class='ocrx_word' id='word_1_233' title='bbox 2035 1637 2104 1694; x_wconf 91' lang='lat' dir='ltr'><strong>ad</strong></span> <span class='ocrx_word' id='word_1_234' title='bbox 2150 1638 2567 1706; x_wconf 86' lang='lat' dir='ltr'><strong>judicandum:</strong></span> <span class='ocrx_word' id='word_1_235' title='bbox 2612 1652 2744 1710; x_wconf 89' lang='lat' dir='ltr'><strong>ergo</strong></span> <span class='ocrx_word' id='word_1_236' title='bbox 2773 1640 2830 1694; x_wconf 93' lang='lat' dir='ltr'><strong>B.</strong></span> <span class='ocrx_word' id='word_1_237' title='bbox 2881 1639 3093 1695; x_wconf 87' lang='lat' dir='ltr'><strong>Paulus</strong></span> <span class='ocrx_word' id='word_1_238' title='bbox 3123 1640 3420 1710; x_wconf 88' lang='lat' dir='ltr'><strong>apostolus</strong></span> <span class='ocrx_word' id='word_1_239' title='bbox 3457 1641 3528 1697; x_wconf 90' lang='lat' dir='ltr'><strong>ab</strong></span> <span class='ocrx_word' id='word_1_240' title='bbox 3565 1642 3689 1712; x_wconf 88' lang='lat' dir='ltr'><strong>ipsa</strong></span> 
     </span>
    </p>
   </div>
   <div class='ocr_carea' id='block_1_36' title="bbox 266 1727 3688 1815">
    <p class='ocr_par' dir='ltr' id='par_1_36' title="bbox 266 1727 3688 1815">
     <span class='ocr_line' id='line_1_36' title="bbox 266 1727 3688 1815; baseline 0.002 -35"><span class='ocrx_word' id='word_1_241' title='bbox 266 1748 364 1798; x_wconf 58' lang='lat' dir='ltr'><strong>es;</strong></span> <span class='ocrx_word' id='word_1_242' title='bbox 406 1743 609 1814; x_wconf 56' lang='lat' dir='ltr'><strong>utique</strong></span> <span class='ocrx_word' id='word_1_243' title='bbox 654 1745 791 1815; x_wconf 71' lang='lat' dir='ltr'><strong>quid</strong></span> <span class='ocrx_word' id='word_1_244' title='bbox 835 1747 914 1802; x_wconf 61' lang='lat' dir='ltr'><strong>sit</strong></span> <span class='ocrx_word' id='word_1_245' title='bbox 959 1748 1018 1802; x_wconf 71' lang='lat' dir='ltr'><strong>in</strong></span> <span class='ocrx_word' id='word_1_246' title='bbox 1062 1727 1340 1803; x_wconf 54' lang='lat' dir='ltr'><strong>mmmam</strong></span> <span class='ocrx_word' id='word_1_247' title='bbox 1374 1759 1616 1800; x_wconf 48' lang='lat' dir='ltr'><strong>manere.</strong></span> <span class='ocrx_word' id='word_1_248' title='bbox 1663 1742 1812 1812; x_wconf 71' lang='lat' dir='ltr'><strong>Quid</strong></span> <span class='ocrx_word' id='word_1_249' title='bbox 1841 1751 1928 1802; x_wconf 64' lang='lat' dir='ltr'><strong>est</strong></span> <span class='ocrx_word' id='word_1_250' title='bbox 1956 1727 2291 1795; x_wconf 87' lang='lat' dir='ltr'><strong>Bsessione</strong></span> <span class='ocrx_word' id='word_1_251' title='bbox 2333 1732 2725 1799; x_wconf 87' lang='lat' dir='ltr'><strong>sequestratxxs</strong></span> <span class='ocrx_word' id='word_1_252' title='bbox 2775 1729 2925 1801; x_wconf 83' lang='lat' dir='ltr'><strong>erit;</strong></span> <span class='ocrx_word' id='word_1_253' title='bbox 2978 1730 3240 1786; x_wconf 89' lang='lat' dir='ltr'><strong>noverint</strong></span> <span class='ocrx_word' id='word_1_254' title='bbox 3286 1731 3508 1802; x_wconf 89' lang='lat' dir='ltr'><strong>utique,</strong></span> <span class='ocrx_word' id='word_1_255' title='bbox 3553 1731 3688 1802; x_wconf 87' lang='lat' dir='ltr'><strong>quia</strong></span> 
     </span>
    </p>
   </div>
   <div class='ocr_carea' id='block_1_37' title="bbox 265 1833 1925 1906">
    <p class='ocr_par' dir='ltr' id='par_1_37' title="bbox 265 1833 1925 1906">
     <span class='ocr_line' id='line_1_37' title="bbox 265 1833 1925 1906; baseline 0.002 -18"><span class='ocrx_word' id='word_1_256' title='bbox 265 1833 432 1888; x_wconf 91' lang='lat' dir='ltr'><strong>enim</strong></span> <span class='ocrx_word' id='word_1_257' title='bbox 466 1833 524 1887; x_wconf 91' lang='lat' dir='ltr'><strong>in</strong></span> <span class='ocrx_word' id='word_1_258' title='bbox 553 1839 827 1890; x_wconf 87' lang='lat' dir='ltr'><strong>aternum</strong></span> <span class='ocrx_word' id='word_1_259' title='bbox 869 1837 1140 1892; x_wconf 81' lang='lat' dir='ltr'><strong>manere?</strong></span> <span class='ocrx_word' id='word_1_260' title='bbox 1178 1837 1291 1893; x_wconf 88' lang='lat' dir='ltr'><strong>Hoc</strong></span> <span class='ocrx_word' id='word_1_261' title='bbox 1321 1840 1406 1890; x_wconf 90' lang='lat' dir='ltr'><strong>est</strong></span> <span class='ocrx_word' id='word_1_262' title='bbox 1447 1835 1597 1905; x_wconf 88' lang='lat' dir='ltr'><strong>quod</strong></span> <span class='ocrx_word' id='word_1_263' title='bbox 1633 1849 1925 1906; x_wconf 89' lang='lat' dir='ltr'><strong>nunquam</strong></span> 
     </span>
    </p>
   </div>
   <div class='ocr_carea' id='block_1_38' title="bbox 268 1920 1927 1995">
    <p class='ocr_par' dir='ltr' id='par_1_38' title="bbox 268 1920 1927 1995">
     <span class='ocr_line' id='line_1_38' title="bbox 268 1920 1927 1995; baseline 0.003 -20"><span class='ocrx_word' id='word_1_264' title='bbox 268 1920 505 1989; x_wconf 84' lang='lat' dir='ltr'><strong>ﬁnitur,</strong></span> <span class='ocrx_word' id='word_1_265' title='bbox 547 1923 698 1992; x_wconf 89' lang='lat' dir='ltr'><strong>quod</strong></span> <span class='ocrx_word' id='word_1_266' title='bbox 745 1937 1038 1995; x_wconf 88' lang='lat' dir='ltr'><strong>nunquam</strong></span> <span class='ocrx_word' id='word_1_267' title='bbox 1079 1925 1313 1988; x_wconf 80' lang='lat' dir='ltr'><strong>recedit.</strong></span> <span class='ocrx_word' id='word_1_268' title='bbox 1362 1937 1474 1980; x_wconf 93' lang='lat' dir='ltr'><strong>non</strong></span> <span class='ocrx_word' id='word_1_269' title='bbox 1520 1923 1734 1979; x_wconf 89' lang='lat' dir='ltr'><strong>habens</strong></span> <span class='ocrx_word' id='word_1_270' title='bbox 1759 1924 1927 1980; x_wconf 86' lang='lat' dir='ltr'><strong>tinem</strong></span> 
     </span>
    </p>
   </div>
   <div class='ocr_carea' id='block_1_39' title="bbox 268 2012 1923 2083">
    <p class='ocr_par' dir='ltr' id='par_1_39' title="bbox 268 2012 1923 2083">
     <span class='ocr_line' id='line_1_39' title="bbox 268 2012 1923 2083; baseline 0.001 -17"><span class='ocrx_word' id='word_1_271' title='bbox 268 2024 467 2080; x_wconf 89' lang='lat' dir='ltr'><strong>neque</strong></span> <span class='ocrx_word' id='word_1_272' title='bbox 496 2024 779 2067; x_wconf 91' lang='lat' dir='ltr'><strong>occasum.</strong></span> <span class='ocrx_word' id='word_1_273' title='bbox 824 2015 894 2068; x_wconf 89' lang='lat' dir='ltr'><strong>Et</strong></span> <span class='ocrx_word' id='word_1_274' title='bbox 932 2027 1124 2070; x_wconf 89' lang='lat' dir='ltr'><strong>revera</strong></span> <span class='ocrx_word' id='word_1_275' title='bbox 1166 2027 1274 2070; x_wconf 92' lang='lat' dir='ltr'><strong>non</strong></span> <span class='ocrx_word' id='word_1_276' title='bbox 1307 2013 1410 2083; x_wconf 90' lang='lat' dir='ltr'><strong>ait,</strong></span> <span class='ocrx_word' id='word_1_277' title='bbox 1444 2013 1615 2068; x_wconf 87' lang='lat' dir='ltr'><strong>hodie</strong></span> <span class='ocrx_word' id='word_1_278' title='bbox 1664 2012 1748 2069; x_wconf 87' lang='lat' dir='ltr'><strong>vel</strong></span> <span class='ocrx_word' id='word_1_279' title='bbox 1776 2026 1923 2083; x_wconf 90' lang='lat' dir='ltr'><strong>cras,</strong></span> 
     </span>
    </p>
   </div>
   <div class='ocr_carea' id='block_1_40' title="bbox 265 2101 1926 2175">
    <p class='ocr_par' dir='ltr' id='par_1_40' title="bbox 265 2101 1926 2175">
     <span class='ocr_line' id='line_1_40' title="bbox 265 2101 1926 2175; baseline 0.001 -20"><span class='ocrx_word' id='word_1_280' title='bbox 265 2101 363 2156; x_wconf 91' lang='lat' dir='ltr'><strong>vel</strong></span> <span class='ocrx_word' id='word_1_281' title='bbox 396 2106 482 2156; x_wconf 90' lang='lat' dir='ltr'><strong>tot</strong></span> <span class='ocrx_word' id='word_1_282' title='bbox 510 2101 716 2158; x_wconf 91' lang='lat' dir='ltr'><strong>diebus</strong></span> <span class='ocrx_word' id='word_1_283' title='bbox 756 2103 841 2158; x_wconf 93' lang='lat' dir='ltr'><strong>vel</strong></span> <span class='ocrx_word' id='word_1_284' title='bbox 871 2104 1061 2175; x_wconf 91' lang='lat' dir='ltr'><strong>annis,</strong></span> <span class='ocrx_word' id='word_1_285' title='bbox 1095 2104 1189 2160; x_wconf 92' lang='lat' dir='ltr'><strong>sed</strong></span> <span class='ocrx_word' id='word_1_286' title='bbox 1224 2103 1282 2158; x_wconf 93' lang='lat' dir='ltr'><strong>in</strong></span> <span class='ocrx_word' id='word_1_287' title='bbox 1314 2107 1606 2160; x_wconf 85' lang='lat' dir='ltr'><strong>aternum.</strong></span> <span class='ocrx_word' id='word_1_288' title='bbox 1646 2104 1759 2158; x_wconf 87' lang='lat' dir='ltr'><strong>Hoc</strong></span> <span class='ocrx_word' id='word_1_289' title='bbox 1788 2116 1926 2158; x_wconf 91' lang='lat' dir='ltr'><strong>sen-</strong></span> 
     </span>
    </p>
   </div>
   <div class='ocr_carea' id='block_1_41' title="bbox 266 2189 1928 2263">
    <p class='ocr_par' dir='ltr' id='par_1_41' title="bbox 266 2189 1928 2263">
     <span class='ocr_line' id='line_1_41' title="bbox 266 2189 1928 2263; baseline 0.001 -19"><span class='ocrx_word' id='word_1_290' title='bbox 266 2189 431 2245; x_wconf 90' lang='lat' dir='ltr'><strong>tiens</strong></span> <span class='ocrx_word' id='word_1_291' title='bbox 461 2190 662 2246; x_wconf 88' lang='lat' dir='ltr'><strong>beatus</strong></span> <span class='ocrx_word' id='word_1_292' title='bbox 698 2191 1077 2263; x_wconf 86' lang='lat' dir='ltr'><strong>Hieronymus</strong></span> <span class='ocrx_word' id='word_1_293' title='bbox 1122 2191 1364 2248; x_wconf 80' lang='lat' dir='ltr'><strong>aﬁirmat</strong></span> <span class='ocrx_word' id='word_1_294' title='bbox 1408 2189 1553 2246; x_wconf 91' lang='lat' dir='ltr'><strong>illud</strong></span> <span class='ocrx_word' id='word_1_295' title='bbox 1595 2192 1652 2245; x_wconf 91' lang='lat' dir='ltr'><strong>in</strong></span> <span class='ocrx_word' id='word_1_296' title='bbox 1697 2191 1928 2246; x_wconf 91' lang='lat' dir='ltr'><strong>duobus</strong></span> 
     </span>
    </p>
   </div>
   <div class='ocr_carea' id='block_1_42' title="bbox 265 2280 1928 2352">
    <p class='ocr_par' dir='ltr' id='par_1_42' title="bbox 265 2280 1928 2352">
     <span class='ocr_line' id='line_1_42' title="bbox 265 2280 1928 2352; baseline -0.001 -17"><span class='ocrx_word' id='word_1_297' title='bbox 265 2280 700 2351; x_wconf 87' lang='lat' dir='ltr'><strong>quastionibus</strong></span> <span class='ocrx_word' id='word_1_298' title='bbox 727 2281 963 2337; x_wconf 88' lang='lat' dir='ltr'><strong>indubie</strong></span> <span class='ocrx_word' id='word_1_299' title='bbox 988 2282 1226 2338; x_wconf 89' lang='lat' dir='ltr'><strong>dicens:</strong></span> <span class='ocrx_word' id='word_1_300' title='bbox 1275 2282 1390 2352; x_wconf 90' lang='lat' dir='ltr'><strong>Ego</strong></span> <span class='ocrx_word' id='word_1_301' title='bbox 1423 2280 1626 2351; x_wconf 90' lang='lat' dir='ltr'><strong>utique</strong></span> <span class='ocrx_word' id='word_1_302' title='bbox 1655 2280 1928 2336; x_wconf 89' lang='lat' dir='ltr'><strong>audacter</strong></span> 
     </span>
    </p>
   </div>
   <div class='ocr_carea' id='block_1_43' title="bbox 263 2369 1948 2441">
    <p class='ocr_par' dir='ltr' id='par_1_43' title="bbox 263 2369 1948 2441">
     <span class='ocr_line' id='line_1_43' title="bbox 263 2369 1948 2441; baseline -0.001 -15"><span class='ocrx_word' id='word_1_303' title='bbox 263 2384 340 2426; x_wconf 88' lang='lat' dir='ltr'><strong>ac</strong></span> <span class='ocrx_word' id='word_1_304' title='bbox 365 2375 484 2424; x_wconf 89' lang='lat' dir='ltr'><strong>tota</strong></span> <span class='ocrx_word' id='word_1_305' title='bbox 524 2369 786 2426; x_wconf 91' lang='lat' dir='ltr'><strong>libertate</strong></span> <span class='ocrx_word' id='word_1_306' title='bbox 817 2371 1150 2441; x_wconf 91' lang='lat' dir='ltr'><strong>pronuntio,</strong></span> <span class='ocrx_word' id='word_1_307' title='bbox 1183 2385 1250 2426; x_wconf 89' lang='lat' dir='ltr'><strong>ex</strong></span> <span class='ocrx_word' id='word_1_308' title='bbox 1281 2385 1345 2427; x_wconf 92' lang='lat' dir='ltr'><strong>eo</strong></span> <span class='ocrx_word' id='word_1_309' title='bbox 1372 2374 1624 2440; x_wconf 90' lang='lat' dir='ltr'><strong>tempore</strong></span> <span class='ocrx_word' id='word_1_310' title='bbox 1659 2383 1772 2439; x_wconf 90' lang='lat' dir='ltr'><strong>quo</strong></span> <span class='ocrx_word' id='word_1_311' title='bbox 1795 2383 1948 2440; x_wconf 88' lang='lat' dir='ltr'><strong>apo--</strong></span> 
     </span>
    </p>
   </div>
   <div class='ocr_carea' id='block_1_44' title="bbox 265 2458 1926 2531">
    <p class='ocr_par' dir='ltr' id='par_1_44' title="bbox 265 2458 1926 2531">
     <span class='ocr_line' id='line_1_44' title="bbox 265 2458 1926 2531; baseline -0.003 -14"><span class='ocrx_word' id='word_1_312' title='bbox 265 2459 413 2517; x_wconf 90' lang='lat' dir='ltr'><strong>stoli</strong></span> <span class='ocrx_word' id='word_1_313' title='bbox 444 2458 504 2512; x_wconf 91' lang='lat' dir='ltr'><strong>in</strong></span> <span class='ocrx_word' id='word_1_314' title='bbox 557 2459 798 2516; x_wconf 91' lang='lat' dir='ltr'><strong>Domino</strong></span> <span class='ocrx_word' id='word_1_315' title='bbox 838 2459 1227 2531; x_wconf 90' lang='lat' dir='ltr'><strong>crediderunt,</strong></span> <span class='ocrx_word' id='word_1_316' title='bbox 1262 2473 1484 2528; x_wconf 87' lang='lat' dir='ltr'><strong>semper</strong></span> <span class='ocrx_word' id='word_1_317' title='bbox 1511 2472 1608 2514; x_wconf 91' lang='lat' dir='ltr'><strong>eos</strong></span> <span class='ocrx_word' id='word_1_318' title='bbox 1654 2458 1926 2514; x_wconf 86' lang='lat' dir='ltr'><strong>habuisse</strong></span> 
     </span>
    </p>
   </div>
   <div class='ocr_carea' id='block_1_45' title="bbox 262 2546 1926 2623">
    <p class='ocr_par' dir='ltr' id='par_1_45' title="bbox 262 2546 1926 2623">
     <span class='ocr_line' id='line_1_45' title="bbox 262 2546 1926 2623; baseline -0.003 -13"><span class='ocrx_word' id='word_1_319' title='bbox 262 2552 560 2623; x_wconf 88' lang='lat' dir='ltr'><strong>Spiritum</strong></span> <span class='ocrx_word' id='word_1_320' title='bbox 592 2557 873 2619; x_wconf 87' lang='lat' dir='ltr'><strong>sanctum,</strong></span> <span class='ocrx_word' id='word_1_321' title='bbox 900 2565 1002 2606; x_wconf 89' lang='lat' dir='ltr'><strong>nec</strong></span> <span class='ocrx_word' id='word_1_322' title='bbox 1025 2550 1281 2620; x_wconf 90' lang='lat' dir='ltr'><strong>potuisse</strong></span> <span class='ocrx_word' id='word_1_323' title='bbox 1312 2551 1474 2622; x_wconf 86' lang='lat' dir='ltr'><strong>signa</strong></span> <span class='ocrx_word' id='word_1_324' title='bbox 1501 2546 1683 2605; x_wconf 84' lang='lat' dir='ltr'><strong>facere</strong></span> <span class='ocrx_word' id='word_1_325' title='bbox 1711 2549 1926 2619; x_wconf 90' lang='lat' dir='ltr'><strong>absque</strong></span> 
     </span>
    </p>
   </div>
   <div class='ocr_carea' id='block_1_46' title="bbox 262 2637 1928 2713">
    <p class='ocr_par' dir='ltr' id='par_1_46' title="bbox 262 2637 1928 2713">
     <span class='ocr_line' id='line_1_46' title="bbox 262 2637 1928 2713; baseline -0.004 -15"><span class='ocrx_word' id='word_1_326' title='bbox 262 2643 534 2712; x_wconf 88' lang='lat' dir='ltr'><strong>Spiritus</strong></span> <span class='ocrx_word' id='word_1_327' title='bbox 574 2641 674 2697; x_wconf 91' lang='lat' dir='ltr'><strong>Dei</strong></span> <span class='ocrx_word' id='word_1_328' title='bbox 721 2641 925 2713; x_wconf 88' lang='lat' dir='ltr'><strong>gratia.</strong></span> <span class='ocrx_word' id='word_1_329' title='bbox 958 2641 1027 2695; x_wconf 89' lang='lat' dir='ltr'><strong>Et</strong></span> <span class='ocrx_word' id='word_1_330' title='bbox 1054 2639 1204 2695; x_wconf 87' lang='lat' dir='ltr'><strong>infra</strong></span> <span class='ocrx_word' id='word_1_331' title='bbox 1228 2640 1300 2696; x_wconf 91' lang='lat' dir='ltr'><strong>de</strong></span> <span class='ocrx_word' id='word_1_332' title='bbox 1330 2639 1514 2711; x_wconf 88' lang='lat' dir='ltr'><strong>gratia</strong></span> <span class='ocrx_word' id='word_1_333' title='bbox 1540 2639 1796 2695; x_wconf 91' lang='lat' dir='ltr'><strong>omnium</strong></span> <span class='ocrx_word' id='word_1_334' title='bbox 1821 2637 1928 2693; x_wconf 89' lang='lat' dir='ltr'><strong>lin-</strong></span> 
     </span>
    </p>
   </div>
   <div class='ocr_carea' id='block_1_47' title="bbox 267 2725 1926 2802">
    <p class='ocr_par' dir='ltr' id='par_1_47' title="bbox 267 2725 1926 2802">
     <span class='ocr_line' id='line_1_47' title="bbox 267 2725 1926 2802; baseline -0.003 -15"><span class='ocrx_word' id='word_1_335' title='bbox 267 2743 523 2802; x_wconf 85' lang='lat' dir='ltr'><strong>gnarum</strong></span> <span class='ocrx_word' id='word_1_336' title='bbox 550 2748 563 2784; x_wconf 92' lang='lat'><strong>:</strong></span> <span class='ocrx_word' id='word_1_337' title='bbox 597 2730 798 2801; x_wconf 84' lang='lat' dir='ltr'><strong>Magis,</strong></span> <span class='ocrx_word' id='word_1_338' title='bbox 844 2728 1058 2800; x_wconf 91' lang='lat' dir='ltr'><strong>inquit,</strong></span> <span class='ocrx_word' id='word_1_339' title='bbox 1089 2727 1369 2798; x_wconf 86' lang='lat' dir='ltr'><strong>apostolis</strong></span> <span class='ocrx_word' id='word_1_340' title='bbox 1398 2728 1782 2783; x_wconf 88' lang='lat' dir='ltr'><strong>necessarium</strong></span> <span class='ocrx_word' id='word_1_341' title='bbox 1812 2725 1926 2783; x_wconf 84' lang='lat' dir='ltr'><strong>fuit</strong></span> 
     </span>
    </p>
   </div>
   <div class='ocr_carea' id='block_1_48' title="bbox 265 2816 1922 2891">
    <p class='ocr_par' dir='ltr' id='par_1_48' title="bbox 265 2816 1922 2891">
     <span class='ocr_line' id='line_1_48' title="bbox 265 2816 1922 2891; baseline -0.003 -15"><span class='ocrx_word' id='word_1_342' title='bbox 265 2821 609 2876; x_wconf 89' lang='lat' dir='ltr'><strong>varietatem</strong></span> <span class='ocrx_word' id='word_1_343' title='bbox 643 2819 973 2891; x_wconf 85' lang='lat' dir='ltr'><strong>linguarum</strong></span> <span class='ocrx_word' id='word_1_344' title='bbox 1009 2818 1410 2874; x_wconf 90' lang='lat' dir='ltr'><strong>universarum</strong></span> <span class='ocrx_word' id='word_1_345' title='bbox 1450 2817 1706 2889; x_wconf 91' lang='lat' dir='ltr'><strong>gentium</strong></span> <span class='ocrx_word' id='word_1_346' title='bbox 1739 2816 1922 2887; x_wconf 91' lang='lat' dir='ltr'><strong>loqui,</strong></span> 
     </span>
    </p>
   </div>
   <div class='ocr_carea' id='block_1_49' title="bbox 267 2906 1923 2979">
    <p class='ocr_par' dir='ltr' id='par_1_49' title="bbox 267 2906 1923 2979">
     <span class='ocr_line' id='line_1_49' title="bbox 267 2906 1923 2979; baseline -0.004 -13"><span class='ocrx_word' id='word_1_347' title='bbox 267 2915 339 2967; x_wconf 93' lang='lat' dir='ltr'><strong>ut</strong></span> <span class='ocrx_word' id='word_1_348' title='bbox 369 2909 775 2966; x_wconf 88' lang='lat' dir='ltr'><strong>annuntiaturi</strong></span> <span class='ocrx_word' id='word_1_349' title='bbox 813 2908 1106 2964; x_wconf 88' lang='lat' dir='ltr'><strong>Christum</strong></span> <span class='ocrx_word' id='word_1_350' title='bbox 1149 2907 1311 2963; x_wconf 91' lang='lat' dir='ltr'><strong>nullo</strong></span> <span class='ocrx_word' id='word_1_351' title='bbox 1334 2912 1564 2979; x_wconf 82' lang='lat' dir='ltr'><strong>egerent</strong></span> <span class='ocrx_word' id='word_1_352' title='bbox 1595 2906 1923 2976; x_wconf 88' lang='lat' dir='ltr'><strong>interprete.</strong></span> 
     </span>
    </p>
   </div>
   <div class='ocr_carea' id='block_1_50' title="bbox 266 2995 1929 3070">
    <p class='ocr_par' dir='ltr' id='par_1_50' title="bbox 266 2995 1929 3070">
     <span class='ocr_line' id='line_1_50' title="bbox 266 2995 1929 3070; baseline -0.002 -14"><span class='ocrx_word' id='word_1_353' title='bbox 266 3000 436 3057; x_wconf 85' lang='lat' dir='ltr'><strong>Unde</strong></span> <span class='ocrx_word' id='word_1_354' title='bbox 476 3000 536 3055; x_wconf 92' lang='lat' dir='ltr'><strong>in</strong></span> <span class='ocrx_word' id='word_1_355' title='bbox 563 2998 841 3070; x_wconf 88' lang='lat' dir='ltr'><strong>Lycaonia</strong></span> <span class='ocrx_word' id='word_1_356' title='bbox 887 3012 1017 3054; x_wconf 89' lang='lat' dir='ltr'><strong>cum</strong></span> <span class='ocrx_word' id='word_1_357' title='bbox 1046 2997 1347 3053; x_wconf 89' lang='lat' dir='ltr'><strong>audissent</strong></span> <span class='ocrx_word' id='word_1_358' title='bbox 1371 2995 1577 3052; x_wconf 90' lang='lat' dir='ltr'><strong>accola</strong></span> <span class='ocrx_word' id='word_1_359' title='bbox 1606 2995 1845 3052; x_wconf 88' lang='lat' dir='ltr'><strong>Paulum</strong></span> <span class='ocrx_word' id='word_1_360' title='bbox 1872 3001 1929 3052; x_wconf 91' lang='lat' dir='ltr'><strong>et</strong></span> 
     </span>
    </p>
   </div>
   <div class='ocr_carea' id='block_1_51' title="bbox 2037 1815 3689 1876">
    <p class='ocr_par' dir='ltr' id='par_1_51' title="bbox 2037 1815 3689 1876">
     <span class='ocr_line' id='line_1_51' title="bbox 2037 1815 3689 1876; baseline 0.002 -6"><span class='ocrx_word' id='word_1_361' title='bbox 2037 1815 2427 1872; x_wconf 90' lang='lat' dir='ltr'><strong>duodenarius</strong></span> <span class='ocrx_word' id='word_1_362' title='bbox 2477 1831 2749 1873; x_wconf 90' lang='lat' dir='ltr'><strong>numerus</strong></span> <span class='ocrx_word' id='word_1_363' title='bbox 2794 1817 2853 1872; x_wconf 91' lang='lat' dir='ltr'><strong>in</strong></span> <span class='ocrx_word' id='word_1_364' title='bbox 2904 1817 3012 1873; x_wconf 91' lang='lat' dir='ltr'><strong>hac</strong></span> <span class='ocrx_word' id='word_1_365' title='bbox 3043 1832 3101 1874; x_wconf 91' lang='lat' dir='ltr'><strong>re</strong></span> <span class='ocrx_word' id='word_1_366' title='bbox 3130 1819 3215 1874; x_wconf 88' lang='lat' dir='ltr'><strong>vel</strong></span> <span class='ocrx_word' id='word_1_367' title='bbox 3248 1820 3472 1876; x_wconf 89' lang='lat' dir='ltr'><strong>cateris</strong></span> <span class='ocrx_word' id='word_1_368' title='bbox 3515 1833 3689 1875; x_wconf 88' lang='lat' dir='ltr'><strong>sacra</strong></span> 
     </span>
    </p>
   </div>
   <div class='ocr_carea' id='block_1_52' title="bbox 2039 1905 3688 1978">
    <p class='ocr_par' dir='ltr' id='par_1_52' title="bbox 2039 1905 3688 1978">
     <span class='ocr_line' id='line_1_52' title="bbox 2039 1905 3688 1978; baseline 0.003 -19"><span class='ocrx_word' id='word_1_369' title='bbox 2039 1905 2341 1974; x_wconf 83' lang='lat' dir='ltr'><strong>scriptura</strong></span> <span class='ocrx_word' id='word_1_370' title='bbox 2391 1905 2618 1976; x_wconf 85' lang='lat' dir='ltr'><strong>elogiis,</strong></span> <span class='ocrx_word' id='word_1_371' title='bbox 2671 1906 2984 1962; x_wconf 90' lang='lat' dir='ltr'><strong>secundum</strong></span> <span class='ocrx_word' id='word_1_372' title='bbox 3036 1911 3263 1976; x_wconf 88' lang='lat' dir='ltr'><strong>tropum</strong></span> <span class='ocrx_word' id='word_1_373' title='bbox 3320 1908 3420 1978; x_wconf 90' lang='lat' dir='ltr'><strong>qui</strong></span> <span class='ocrx_word' id='word_1_374' title='bbox 3467 1908 3688 1966; x_wconf 90' lang='lat' dir='ltr'><strong>dicitur</strong></span> 
     </span>
    </p>
   </div>
   <div class='ocr_carea' id='block_1_53' title="bbox 2039 1993 3689 2066">
    <p class='ocr_par' dir='ltr' id='par_1_53' title="bbox 2039 1993 3689 2066">
     <span class='ocr_line' id='line_1_53' title="bbox 2039 1993 3689 2066; baseline 0.004 -18"><span class='ocrx_word' id='word_1_375' title='bbox 2039 1993 2408 2064; x_wconf 89' lang='lat' dir='ltr'><strong>synecdoche,</strong></span> <span class='ocrx_word' id='word_1_376' title='bbox 2457 2008 2588 2064; x_wconf 91' lang='lat' dir='ltr'><strong>pars</strong></span> <span class='ocrx_word' id='word_1_377' title='bbox 2626 2008 2729 2064; x_wconf 91' lang='lat' dir='ltr'><strong>pro</strong></span> <span class='ocrx_word' id='word_1_378' title='bbox 2778 1999 2897 2050; x_wconf 90' lang='lat' dir='ltr'><strong>toto</strong></span> <span class='ocrx_word' id='word_1_379' title='bbox 2939 1995 3254 2064; x_wconf 90' lang='lat' dir='ltr'><strong>accipitur:</strong></span> <span class='ocrx_word' id='word_1_380' title='bbox 3311 2010 3424 2066; x_wconf 91' lang='lat' dir='ltr'><strong>qua</strong></span> <span class='ocrx_word' id='word_1_381' title='bbox 3469 1999 3689 2054; x_wconf 91' lang='lat' dir='ltr'><strong>ratione</strong></span> 
     </span>
    </p>
   </div>
   <div class='ocr_carea' id='block_1_54' title="bbox 2039 2083 3688 2154">
    <p class='ocr_par' dir='ltr' id='par_1_54' title="bbox 2039 2083 3688 2154">
     <span class='ocr_line' id='line_1_54' title="bbox 2039 2083 3688 2154; baseline 0.001 -15"><span class='ocrx_word' id='word_1_382' title='bbox 2039 2083 2236 2154; x_wconf 88' lang='lat' dir='ltr'><strong>procul</strong></span> <span class='ocrx_word' id='word_1_383' title='bbox 2268 2083 2446 2139; x_wconf 90' lang='lat' dir='ltr'><strong>dubio</strong></span> <span class='ocrx_word' id='word_1_384' title='bbox 2474 2089 2530 2139; x_wconf 91' lang='lat' dir='ltr'><strong>et</strong></span> <span class='ocrx_word' id='word_1_385' title='bbox 2565 2085 2622 2138; x_wconf 92' lang='lat' dir='ltr'><strong>B.</strong></span> <span class='ocrx_word' id='word_1_386' title='bbox 2657 2083 2870 2139; x_wconf 91' lang='lat' dir='ltr'><strong>Paulus</strong></span> <span class='ocrx_word' id='word_1_387' title='bbox 2907 2083 3221 2153; x_wconf 91' lang='lat' dir='ltr'><strong>apostolus,</strong></span> <span class='ocrx_word' id='word_1_388' title='bbox 3249 2089 3306 2140; x_wconf 92' lang='lat' dir='ltr'><strong>et</strong></span> <span class='ocrx_word' id='word_1_389' title='bbox 3329 2086 3519 2141; x_wconf 87' lang='lat' dir='ltr'><strong>cateri</strong></span> <span class='ocrx_word' id='word_1_390' title='bbox 3547 2100 3688 2141; x_wconf 91' lang='lat' dir='ltr'><strong>san-</strong></span> 
     </span>
    </p>
   </div>
   <div class='ocr_carea' id='block_1_55' title="bbox 2035 2172 3688 2242">
    <p class='ocr_par' dir='ltr' id='par_1_55' title="bbox 2035 2172 3688 2242">
     <span class='ocr_line' id='line_1_55' title="bbox 2035 2172 3688 2242; baseline 0.001 -13"><span class='ocrx_word' id='word_1_391' title='bbox 2035 2173 2114 2230; x_wconf 90' lang='lat' dir='ltr'><strong>cti</strong></span> <span class='ocrx_word' id='word_1_392' title='bbox 2189 2172 2467 2229; x_wconf 91' lang='lat' dir='ltr'><strong>sedebunt</strong></span> <span class='ocrx_word' id='word_1_393' title='bbox 2513 2186 2642 2229; x_wconf 92' lang='lat' dir='ltr'><strong>cum</strong></span> <span class='ocrx_word' id='word_1_394' title='bbox 2708 2173 2951 2228; x_wconf 90' lang='lat' dir='ltr'><strong>Domino</strong></span> <span class='ocrx_word' id='word_1_395' title='bbox 2995 2173 3062 2228; x_wconf 92' lang='lat' dir='ltr'><strong>ad</strong></span> <span class='ocrx_word' id='word_1_396' title='bbox 3122 2173 3522 2242; x_wconf 91' lang='lat' dir='ltr'><strong>judicandum.</strong></span> <span class='ocrx_word' id='word_1_397' title='bbox 3575 2176 3688 2231; x_wconf 85' lang='lat' dir='ltr'><strong>Hoc</strong></span> 
     </span>
    </p>
   </div>
   <div class='ocr_carea' id='block_1_56' title="bbox 2036 2260 3690 2333">
    <p class='ocr_par' dir='ltr' id='par_1_56' title="bbox 2036 2260 3690 2333">
     <span class='ocr_line' id='line_1_56' title="bbox 2036 2260 3690 2333; baseline 0 -15"><span class='ocrx_word' id='word_1_398' title='bbox 2036 2275 2280 2332; x_wconf 90' lang='lat' dir='ltr'><strong>namque</strong></span> <span class='ocrx_word' id='word_1_399' title='bbox 2300 2260 2597 2317; x_wconf 81' lang='lat' dir='ltr'><strong>verissime</strong></span> <span class='ocrx_word' id='word_1_400' title='bbox 2613 2260 2890 2331; x_wconf 89' lang='lat' dir='ltr'><strong>approbat</strong></span> <span class='ocrx_word' id='word_1_401' title='bbox 2919 2261 2977 2316; x_wconf 90' lang='lat' dir='ltr'><strong>B.</strong></span> <span class='ocrx_word' id='word_1_402' title='bbox 3007 2260 3368 2333; x_wconf 85' lang='lat' dir='ltr'><strong>Augustinus</strong></span> <span class='ocrx_word' id='word_1_403' title='bbox 3396 2263 3454 2318; x_wconf 92' lang='lat' dir='ltr'><strong>in</strong></span> <span class='ocrx_word' id='word_1_404' title='bbox 3485 2263 3690 2333; x_wconf 86' lang='lat' dir='ltr'><strong>expla—</strong></span> 
     </span>
    </p>
   </div>
   <div class='ocr_carea' id='block_1_57' title="bbox 2037 2349 3681 2424">
    <p class='ocr_par' dir='ltr' id='par_1_57' title="bbox 2037 2349 3681 2424">
     <span class='ocr_line' id='line_1_57' title="bbox 2037 2349 3681 2424; baseline 0.001 -17"><span class='ocrx_word' id='word_1_405' title='bbox 2037 2352 2268 2408; x_wconf 89' lang='lat' dir='ltr'><strong>natione</strong></span> <span class='ocrx_word' id='word_1_406' title='bbox 2315 2350 2604 2422; x_wconf 87' lang='lat' dir='ltr'><strong>Evangelii</strong></span> <span class='ocrx_word' id='word_1_407' title='bbox 2650 2351 2720 2406; x_wconf 93' lang='lat' dir='ltr'><strong>de</strong></span> <span class='ocrx_word' id='word_1_408' title='bbox 2747 2349 2947 2406; x_wconf 91' lang='lat' dir='ltr'><strong>villico</strong></span> <span class='ocrx_word' id='word_1_409' title='bbox 2991 2349 3138 2422; x_wconf 89' lang='lat' dir='ltr'><strong>(Luc.</strong></span> <span class='ocrx_word' id='word_1_410' title='bbox 3191 2351 3326 2424; x_wconf 90' lang='lat' dir='ltr'><strong>xxv),</strong></span> <span class='ocrx_word' id='word_1_411' title='bbox 3372 2352 3681 2423; x_wconf 91' lang='lat' dir='ltr'><strong>inquiens:</strong></span> 
     </span>
    </p>
   </div>
   <div class='ocr_carea' id='block_1_58' title="bbox 2035 2439 3688 2510">
    <p class='ocr_par' dir='ltr' id='par_1_58' title="bbox 2035 2439 3688 2510">
     <span class='ocr_line' id='line_1_58' title="bbox 2035 2439 3688 2510; baseline 0 -14"><span class='ocrx_word' id='word_1_412' title='bbox 2035 2441 2304 2496; x_wconf 90' lang='lat' dir='ltr'><strong>Fidemus</strong></span> <span class='ocrx_word' id='word_1_413' title='bbox 2345 2439 2667 2510; x_wconf 88' lang='lat' dir='ltr'><strong>apostolum</strong></span> <span class='ocrx_word' id='word_1_414' title='bbox 2709 2440 2938 2495; x_wconf 91' lang='lat' dir='ltr'><strong>Domini</strong></span> <span class='ocrx_word' id='word_1_415' title='bbox 2985 2441 3222 2497; x_wconf 90' lang='lat' dir='ltr'><strong>Paulum</strong></span> <span class='ocrx_word' id='word_1_416' title='bbox 3255 2442 3380 2498; x_wconf 90' lang='lat' dir='ltr'><strong>sine</strong></span> <span class='ocrx_word' id='word_1_417' title='bbox 3416 2441 3532 2498; x_wconf 91' lang='lat' dir='ltr'><strong>ulla</strong></span> <span class='ocrx_word' id='word_1_418' title='bbox 3559 2457 3688 2497; x_wconf 92' lang='lat' dir='ltr'><strong>am-</strong></span> 
     </span>
    </p>
   </div>
   <div class='ocr_carea' id='block_1_59' title="bbox 2035 2529 3686 2602">
    <p class='ocr_par' dir='ltr' id='par_1_59' title="bbox 2035 2529 3686 2602">
     <span class='ocr_line' id='line_1_59' title="bbox 2035 2529 3686 2602; baseline 0.001 -18"><span class='ocrx_word' id='word_1_419' title='bbox 2035 2529 2317 2602; x_wconf 88' lang='lat' dir='ltr'><strong>biguitate</strong></span> <span class='ocrx_word' id='word_1_420' title='bbox 2349 2529 2600 2585; x_wconf 83' lang='lat' dir='ltr'><strong>dixisse:</strong></span> <span class='ocrx_word' id='word_1_421' title='bbox 2634 2530 2865 2585; x_wconf 78' lang='lat' dir='ltr'><strong>Nescitis</strong></span> <span class='ocrx_word' id='word_1_422' title='bbox 2905 2533 3037 2599; x_wconf 86' lang='lat' dir='ltr'><strong>quia</strong></span> <span class='ocrx_word' id='word_1_423' title='bbox 3075 2532 3294 2598; x_wconf 82' lang='lat' dir='ltr'><strong>angelos</strong></span> <span class='ocrx_word' id='word_1_424' title='bbox 3309 2530 3686 2600; x_wconf 84' lang='lat' dir='ltr'><strong>judicabimus</strong></span> 
     </span>
    </p>
   </div>
   <div class='ocr_carea' id='block_1_60' title="bbox 2035 2616 3683 2692">
    <p class='ocr_par' dir='ltr' id='par_1_60' title="bbox 2035 2616 3683 2692">
     <span class='ocr_line' id='line_1_60' title="bbox 2035 2616 3683 2692; baseline 0.002 -18"><span class='ocrx_word' id='word_1_425' title='bbox 2035 2619 2087 2690; x_wconf 84' lang='lat'><strong>(1</strong></span> <span class='ocrx_word' id='word_1_426' title='bbox 2123 2619 2241 2674; x_wconf 81' lang='lat' dir='ltr'><strong>Cor.</strong></span> <span class='ocrx_word' id='word_1_427' title='bbox 2295 2633 2372 2688; x_wconf 88' lang='lat' dir='ltr'><strong>vx,</strong></span> <span class='ocrx_word' id='word_1_428' title='bbox 2422 2616 2517 2690; x_wconf 79' lang='lat'><strong>3)?</strong></span> <span class='ocrx_word' id='word_1_429' title='bbox 2571 2619 2725 2688; x_wconf 87' lang='lat' dir='ltr'><strong>Quos</strong></span> <span class='ocrx_word' id='word_1_430' title='bbox 2773 2618 2976 2689; x_wconf 88' lang='lat' dir='ltr'><strong>utique</strong></span> <span class='ocrx_word' id='word_1_431' title='bbox 3019 2619 3271 2690; x_wconf 87' lang='lat' dir='ltr'><strong>angelos,</strong></span> <span class='ocrx_word' id='word_1_432' title='bbox 3317 2620 3432 2676; x_wconf 83' lang='lat' dir='ltr'><strong>nisi</strong></span> <span class='ocrx_word' id='word_1_433' title='bbox 3480 2621 3683 2692; x_wconf 89' lang='lat' dir='ltr'><strong>malos,</strong></span> 
     </span>
    </p>
   </div>
   <div class='ocr_carea' id='block_1_61' title="bbox 2034 2706 3687 2782">
    <p class='ocr_par' dir='ltr' id='par_1_61' title="bbox 2034 2706 3687 2782">
     <span class='ocr_line' id='line_1_61' title="bbox 2034 2706 3687 2782; baseline 0 -18"><span class='ocrx_word' id='word_1_434' title='bbox 2034 2713 2092 2764; x_wconf 92' lang='lat' dir='ltr'><strong>et</strong></span> <span class='ocrx_word' id='word_1_435' title='bbox 2118 2708 2306 2778; x_wconf 89' lang='lat' dir='ltr'><strong>ipsum</strong></span> <span class='ocrx_word' id='word_1_436' title='bbox 2327 2722 2523 2764; x_wconf 92' lang='lat' dir='ltr'><strong>eorum</strong></span> <span class='ocrx_word' id='word_1_437' title='bbox 2558 2707 2874 2777; x_wconf 89' lang='lat' dir='ltr'><strong>principem</strong></span> <span class='ocrx_word' id='word_1_438' title='bbox 2919 2707 3148 2777; x_wconf 79' lang='lat' dir='ltr'><strong>posuit?</strong></span> <span class='ocrx_word' id='word_1_439' title='bbox 3173 2706 3388 2779; x_wconf 84' lang='lat' dir='ltr'><strong>(Matth.</strong></span> <span class='ocrx_word' id='word_1_440' title='bbox 3418 2723 3538 2779; x_wconf 90' lang='lat' dir='ltr'><strong>xxx,</strong></span> <span class='ocrx_word' id='word_1_441' title='bbox 3570 2707 3687 2782; x_wconf 75' lang='lat'><strong>28.)</strong></span> 
     </span>
    </p>
   </div>
   <div class='ocr_carea' id='block_1_62' title="bbox 2036 2795 3689 2875">
    <p class='ocr_par' dir='ltr' id='par_1_62' title="bbox 2036 2795 3689 2875">
     <span class='ocr_line' id='line_1_62' title="bbox 2036 2795 3689 2875; baseline 0.001 -22"><span class='ocrx_word' id='word_1_442' title='bbox 2036 2799 2182 2869; x_wconf 88' lang='lat' dir='ltr'><strong>Ergo</strong></span> <span class='ocrx_word' id='word_1_443' title='bbox 2234 2797 2455 2853; x_wconf 91' lang='lat' dir='ltr'><strong>sedebit</strong></span> <span class='ocrx_word' id='word_1_444' title='bbox 2500 2797 2621 2866; x_wconf 89' lang='lat' dir='ltr'><strong>ipse</strong></span> <span class='ocrx_word' id='word_1_445' title='bbox 2671 2795 2969 2865; x_wconf 91' lang='lat' dir='ltr'><strong>apostolus</strong></span> <span class='ocrx_word' id='word_1_446' title='bbox 3007 2797 3067 2851; x_wconf 90' lang='lat' dir='ltr'><strong>in</strong></span> <span class='ocrx_word' id='word_1_447' title='bbox 3097 2797 3400 2875; x_wconf 84' lang='lat' dir='ltr'><strong>duodecim</strong></span> <span class='ocrx_word' id='word_1_448' title='bbox 3452 2799 3689 2856; x_wconf 87' lang='lat' dir='ltr'><strong>sedibus</strong></span> 
     </span>
    </p>
   </div>
   <div class='ocr_carea' id='block_1_63' title="bbox 2036 2885 3690 2957">
    <p class='ocr_par' dir='ltr' id='par_1_63' title="bbox 2036 2885 3690 2957">
     <span class='ocr_line' id='line_1_63' title="bbox 2036 2885 3690 2957; baseline 0 -13"><span class='ocrx_word' id='word_1_449' title='bbox 2036 2887 2106 2944; x_wconf 90' lang='lat' dir='ltr'><strong>de</strong></span> <span class='ocrx_word' id='word_1_450' title='bbox 2137 2885 2350 2957; x_wconf 88' lang='lat' dir='ltr'><strong>quibus</strong></span> <span class='ocrx_word' id='word_1_451' title='bbox 2375 2887 2653 2942; x_wconf 90' lang='lat' dir='ltr'><strong>Dominus</strong></span> <span class='ocrx_word' id='word_1_452' title='bbox 2681 2887 2795 2942; x_wconf 90' lang='lat' dir='ltr'><strong>ait:</strong></span> <span class='ocrx_word' id='word_1_453' title='bbox 2830 2885 3114 2942; x_wconf 89' lang='lat' dir='ltr'><strong>Sedebitis</strong></span> <span class='ocrx_word' id='word_1_454' title='bbox 3138 2900 3316 2957; x_wconf 90' lang='lat' dir='ltr'><strong>super</strong></span> <span class='ocrx_word' id='word_1_455' title='bbox 3346 2886 3508 2943; x_wconf 91' lang='lat' dir='ltr'><strong>sedes</strong></span> <span class='ocrx_word' id='word_1_456' title='bbox 3533 2888 3690 2944; x_wconf 88' lang='lat' dir='ltr'><strong>duo—</strong></span> 
     </span>
    </p>
   </div>
   <div class='ocr_carea' id='block_1_64' title="bbox 2037 2975 3690 3048">
    <p class='ocr_par' dir='ltr' id='par_1_64' title="bbox 2037 2975 3690 3048">
     <span class='ocr_line' id='line_1_64' title="bbox 2037 2975 3690 3048; baseline 0.001 -17"><span class='ocrx_word' id='word_1_457' title='bbox 2037 2975 2242 3046; x_wconf 90' lang='lat' dir='ltr'><strong>decim,</strong></span> <span class='ocrx_word' id='word_1_458' title='bbox 2280 2975 2609 3044; x_wconf 89' lang='lat' dir='ltr'><strong>judicantes</strong></span> <span class='ocrx_word' id='word_1_459' title='bbox 2632 2977 2936 3033; x_wconf 90' lang='lat' dir='ltr'><strong>duodecim</strong></span> <span class='ocrx_word' id='word_1_460' title='bbox 2967 2975 3158 3031; x_wconf 89' lang='lat' dir='ltr'><strong>tribus</strong></span> <span class='ocrx_word' id='word_1_461' title='bbox 3186 2976 3380 3032; x_wconf 89' lang='lat' dir='ltr'><strong>Israel.</strong></span> <span class='ocrx_word' id='word_1_462' title='bbox 3433 2977 3538 3033; x_wconf 89' lang='lat' dir='ltr'><strong>Sed</strong></span> <span class='ocrx_word' id='word_1_463' title='bbox 3567 2976 3690 3048; x_wconf 86' lang='lat' dir='ltr'><strong>ipse</strong></span> 
     </span>
    </p>
   </div>
   <div class='ocr_carea' id='block_1_65' title="bbox 267 3063 1924 3159">
    <p class='ocr_par' dir='ltr' id='par_1_65' title="bbox 267 3063 1924 3159">
     <span class='ocr_line' id='line_1_65' title="bbox 267 3063 1924 3159; baseline -0.002 -14"><span class='ocrx_word' id='word_1_464' title='bbox 267 3087 589 3145; x_wconf 89' lang='lat' dir='ltr'><strong>Barnabam</strong></span> <span class='ocrx_word' id='word_1_465' title='bbox 604 3063 771 3158; x_wconf 71' lang='lat' dir='ltr'><strong>ioqui</strong></span> <span class='ocrx_word' id='word_1_466' title='bbox 801 3087 1021 3159; x_wconf 90' lang='lat' dir='ltr'><strong>linguis</strong></span> <span class='ocrx_word' id='word_1_467' title='bbox 1043 3086 1188 3157; x_wconf 89' lang='lat' dir='ltr'><strong>suis,</strong></span> <span class='ocrx_word' id='word_1_468' title='bbox 1212 3086 1350 3142; x_wconf 92' lang='lat' dir='ltr'><strong>deos</strong></span> <span class='ocrx_word' id='word_1_469' title='bbox 1369 3085 1540 3141; x_wconf 90' lang='lat' dir='ltr'><strong>etiam</strong></span> <span class='ocrx_word' id='word_1_470' title='bbox 1574 3084 1634 3140; x_wconf 91' lang='lat' dir='ltr'><strong>in</strong></span> <span class='ocrx_word' id='word_1_471' title='bbox 1667 3085 1924 3141; x_wconf 89' lang='lat' dir='ltr'><strong>homines</strong></span> 
     </span>
    </p>
   </div>
   <div class='ocr_carea' id='block_1_66' title="bbox 2045 3063 3688 3159">
    <p class='ocr_par' dir='ltr' id='par_1_66' title="bbox 2045 3063 3688 3136">
     <span class='ocr_line' id='line_1_66' title="bbox 2045 3063 3688 3136; baseline 0.001 -16"><span class='ocrx_word' id='word_1_472' title='bbox 2045 3077 2150 3120; x_wconf 89' lang='lat' dir='ltr'><strong>non</strong></span> <span class='ocrx_word' id='word_1_473' title='bbox 2177 3069 2299 3118; x_wconf 88' lang='lat' dir='ltr'><strong>erat</strong></span> <span class='ocrx_word' id='word_1_474' title='bbox 2326 3064 2475 3119; x_wconf 89' lang='lat' dir='ltr'><strong>inter</strong></span> <span class='ocrx_word' id='word_1_475' title='bbox 2502 3064 2805 3120; x_wconf 88' lang='lat' dir='ltr'><strong>duodecim</strong></span> <span class='ocrx_word' id='word_1_476' title='bbox 2838 3063 3144 3134; x_wconf 91' lang='lat' dir='ltr'><strong>apostolos.</strong></span> <span class='ocrx_word' id='word_1_477' title='bbox 3169 3064 3300 3120; x_wconf 93' lang='lat' dir='ltr'><strong>Ideo</strong></span> <span class='ocrx_word' id='word_1_478' title='bbox 3327 3080 3590 3136; x_wconf 90' lang='lat' dir='ltr'><strong>suggero,</strong></span> <span class='ocrx_word' id='word_1_479' title='bbox 3627 3071 3688 3122; x_wconf 91' lang='lat' dir='ltr'><strong>ut</strong></span> 
     </span>
    </p>
   </div>
   <div class='ocr_carea' id='block_1_67' title="bbox 269 3172 1926 3242">
    <p class='ocr_par' dir='ltr' id='par_1_67' title="bbox 269 3172 1926 3242">
     <span class='ocr_line' id='line_1_67' title="bbox 269 3172 1926 3242; baseline -0.002 -9"><span class='ocrx_word' id='word_1_480' title='bbox 269 3189 582 3234; x_wconf 84' lang='lat' dir='ltr'><strong>conversos</strong></span> <span class='ocrx_word' id='word_1_481' title='bbox 607 3189 706 3232; x_wconf 90' lang='lat' dir='ltr'><strong>eos</strong></span> <span class='ocrx_word' id='word_1_482' title='bbox 757 3175 1182 3231; x_wconf 80' lang='lat' dir='ltr'><strong>existimabant.</strong></span> <span class='ocrx_word' id='word_1_483' title='bbox 1212 3173 1480 3242; x_wconf 90' lang='lat' dir='ltr'><strong>Idemque</strong></span> <span class='ocrx_word' id='word_1_484' title='bbox 1507 3172 1816 3242; x_wconf 81' lang='lat' dir='ltr'><strong>Apostolus</strong></span> <span class='ocrx_word' id='word_1_485' title='bbox 1867 3173 1926 3229; x_wconf 92' lang='lat' dir='ltr'><strong>in</strong></span> 
     </span>
    </p>
   </div>
   <div class='ocr_carea' id='block_1_68' title="bbox 269 3261 1924 3337">
    <p class='ocr_par' dir='ltr' id='par_1_68' title="bbox 269 3261 1924 3337">
     <span class='ocr_line' id='line_1_68' title="bbox 269 3261 1924 3337; baseline -0.003 -14"><span class='ocrx_word' id='word_1_486' title='bbox 269 3265 533 3337; x_wconf 79' lang='lat' dir='ltr'><strong>Epistula</strong></span> <span class='ocrx_word' id='word_1_487' title='bbox 559 3278 662 3322; x_wconf 91' lang='lat' dir='ltr'><strong>sua</strong></span> <span class='ocrx_word' id='word_1_488' title='bbox 696 3265 803 3321; x_wconf 91' lang='lat' dir='ltr'><strong>hoc</strong></span> <span class='ocrx_word' id='word_1_489' title='bbox 829 3263 1154 3334; x_wconf 89' lang='lat' dir='ltr'><strong>approbans</strong></span> <span class='ocrx_word' id='word_1_490' title='bbox 1183 3263 1303 3318; x_wconf 89' lang='lat' dir='ltr'><strong>ait:</strong></span> <span class='ocrx_word' id='word_1_491' title='bbox 1351 3282 1376 3314; x_wconf 88' lang='grc'><strong>‹‹</strong></span> <span class='ocrx_word' id='word_1_492' title='bbox 1408 3261 1640 3318; x_wconf 88' lang='lat' dir='ltr'><strong>Gratias</strong></span> <span class='ocrx_word' id='word_1_493' title='bbox 1660 3275 1764 3333; x_wconf 87' lang='lat' dir='ltr'><strong>ago</strong></span> <span class='ocrx_word' id='word_1_494' title='bbox 1791 3264 1924 3332; x_wconf 90' lang='lat' dir='ltr'><strong>Deo,</strong></span> 
     </span>
    </p>
   </div>
   <div class='ocr_carea' id='block_1_69' title="bbox 266 3349 1924 3428">
    <p class='ocr_par' dir='ltr' id='par_1_69' title="bbox 266 3349 1924 3428">
     <span class='ocr_line' id='line_1_69' title="bbox 266 3349 1924 3428; baseline -0.005 -15"><span class='ocrx_word' id='word_1_495' title='bbox 266 3357 428 3428; x_wconf 88' lang='lat' dir='ltr'><strong>quod</strong></span> <span class='ocrx_word' id='word_1_496' title='bbox 479 3356 736 3412; x_wconf 91' lang='lat' dir='ltr'><strong>omnium</strong></span> <span class='ocrx_word' id='word_1_497' title='bbox 776 3354 1028 3427; x_wconf 89' lang='lat' dir='ltr'><strong>gentium</strong></span> <span class='ocrx_word' id='word_1_498' title='bbox 1062 3352 1283 3425; x_wconf 88' lang='lat' dir='ltr'><strong>linguis</strong></span> <span class='ocrx_word' id='word_1_499' title='bbox 1326 3351 1530 3422; x_wconf 90' lang='lat' dir='ltr'><strong>loquor</strong></span> <span class='ocrx_word' id='word_1_500' title='bbox 1577 3349 1627 3421; x_wconf 93' lang='grc' dir='ltr'><strong>(Ι</strong></span> <span class='ocrx_word' id='word_1_501' title='bbox 1672 3351 1773 3406; x_wconf 85' lang='lat' dir='ltr'><strong>Cor</strong></span> <span class='ocrx_word' id='word_1_502' title='bbox 1808 3365 1924 3421; x_wconf 86' lang='lat' dir='ltr'><strong>xxv,</strong></span> 
     </span>
    </p>
   </div>
   <div class='ocr_carea' id='block_1_70' title="bbox 267 3440 1929 3520">
    <p class='ocr_par' dir='ltr' id='par_1_70' title="bbox 267 3440 1929 3520">
     <span class='ocr_line' id='line_1_70' title="bbox 267 3440 1929 3520; baseline -0.004 -18"><span class='ocrx_word' id='word_1_503' title='bbox 267 3445 382 3520; x_wconf 78' lang='grc'><strong>48).</strong></span> <span class='ocrx_word' id='word_1_504' title='bbox 404 3465 430 3498; x_wconf 76' lang='lat' dir='ltr'><strong>n</strong></span> <span class='ocrx_word' id='word_1_505' title='bbox 445 3448 556 3502; x_wconf 89' lang='lat' dir='ltr'><strong>Hoc</strong></span> <span class='ocrx_word' id='word_1_506' title='bbox 571 3445 697 3502; x_wconf 91' lang='lat' dir='ltr'><strong>ideo</strong></span> <span class='ocrx_word' id='word_1_507' title='bbox 719 3443 1067 3500; x_wconf 91' lang='lat' dir='ltr'><strong>insinuando</strong></span> <span class='ocrx_word' id='word_1_508' title='bbox 1081 3442 1429 3514; x_wconf 89' lang='lat' dir='ltr'><strong>protulimus</strong></span> <span class='ocrx_word' id='word_1_509' title='bbox 1450 3446 1514 3497; x_wconf 90' lang='lat' dir='ltr'><strong>ut</strong></span> <span class='ocrx_word' id='word_1_510' title='bbox 1535 3440 1929 3513; x_wconf 90' lang='lat' dir='ltr'><strong>intelligamus</strong></span> 
     </span>
    </p>
   </div>
   <div class='ocr_carea' id='block_1_71' title="bbox 265 3529 1928 3606">
    <p class='ocr_par' dir='ltr' id='par_1_71' title="bbox 265 3529 1928 3606">
     <span class='ocr_line' id='line_1_71' title="bbox 265 3529 1928 3606; baseline -0.004 -13"><span class='ocrx_word' id='word_1_511' title='bbox 265 3537 343 3593; x_wconf 91' lang='lat' dir='ltr'><strong>ad</strong></span> <span class='ocrx_word' id='word_1_512' title='bbox 397 3540 666 3606; x_wconf 89' lang='lat' dir='ltr'><strong>quantam</strong></span> <span class='ocrx_word' id='word_1_513' title='bbox 720 3531 1088 3604; x_wconf 87' lang='lat' dir='ltr'><strong>perfectionis</strong></span> <span class='ocrx_word' id='word_1_514' title='bbox 1137 3531 1378 3604; x_wconf 84' lang='lat' dir='ltr'><strong>gratiam</strong></span> <span class='ocrx_word' id='word_1_515' title='bbox 1421 3531 1480 3585; x_wconf 91' lang='lat' dir='ltr'><strong>B.</strong></span> <span class='ocrx_word' id='word_1_516' title='bbox 1533 3529 1802 3586; x_wconf 89' lang='lat' dir='ltr'><strong>Matthias</strong></span> <span class='ocrx_word' id='word_1_517' title='bbox 1841 3535 1928 3586; x_wconf 90' lang='lat' dir='ltr'><strong>est</strong></span> 
     </span>
    </p>
   </div>
   <div class='ocr_carea' id='block_1_72' title="bbox 263 3619 1922 3694">
    <p class='ocr_par' dir='ltr' id='par_1_72' title="bbox 263 3619 1922 3694">
     <span class='ocr_line' id='line_1_72' title="bbox 263 3619 1922 3694; baseline -0.005 -12"><span class='ocrx_word' id='word_1_518' title='bbox 263 3625 490 3682; x_wconf 90' lang='lat' dir='ltr'><strong>electus</strong></span> <span class='ocrx_word' id='word_1_519' title='bbox 546 3624 646 3694; x_wconf 89' lang='lat' dir='ltr'><strong>qui</strong></span> <span class='ocrx_word' id='word_1_520' title='bbox 705 3623 858 3679; x_wconf 88' lang='lat' dir='ltr'><strong>inter</strong></span> <span class='ocrx_word' id='word_1_521' title='bbox 901 3621 1205 3678; x_wconf 87' lang='lat' dir='ltr'><strong>duodecim</strong></span> <span class='ocrx_word' id='word_1_522' title='bbox 1259 3620 1550 3691; x_wconf 89' lang='lat' dir='ltr'><strong>apostolos</strong></span> <span class='ocrx_word' id='word_1_523' title='bbox 1593 3619 1922 3676; x_wconf 90' lang='lat' dir='ltr'><strong>duodecimi</strong></span> 
     </span>
    </p>
   </div>
   <div class='ocr_carea' id='block_1_73' title="bbox 259 3707 1924 3786">
    <p class='ocr_par' dir='ltr' id='par_1_73' title="bbox 259 3707 1924 3786">
     <span class='ocr_line' id='line_1_73' title="bbox 259 3707 1924 3786; baseline -0.004 -15"><span class='ocrx_word' id='word_1_524' title='bbox 259 3713 626 3786; x_wconf 89' lang='lat' dir='ltr'><strong>apostolatus</strong></span> <span class='ocrx_word' id='word_1_525' title='bbox 681 3712 907 3769; x_wconf 90' lang='lat' dir='ltr'><strong>culmen</strong></span> <span class='ocrx_word' id='word_1_526' title='bbox 948 3711 1218 3767; x_wconf 87' lang='lat' dir='ltr'><strong>scandere</strong></span> <span class='ocrx_word' id='word_1_527' title='bbox 1273 3710 1520 3766; x_wconf 92' lang='lat' dir='ltr'><strong>meruit:</strong></span> <span class='ocrx_word' id='word_1_528' title='bbox 1571 3721 1638 3764; x_wconf 90' lang='lat' dir='ltr'><strong>ac</strong></span> <span class='ocrx_word' id='word_1_529' title='bbox 1684 3707 1924 3780; x_wconf 88' lang='lat' dir='ltr'><strong>proinde</strong></span> 
     </span>
    </p>
   </div>
   <div class='ocr_carea' id='block_1_74' title="bbox 262 3797 1920 3870">
    <p class='ocr_par' dir='ltr' id='par_1_74' title="bbox 262 3797 1920 3870">
     <span class='ocr_line' id='line_1_74' title="bbox 262 3797 1920 3870; baseline -0.005 -9"><span class='ocrx_word' id='word_1_530' title='bbox 262 3817 402 3861; x_wconf 86' lang='lat' dir='ltr'><strong>cum</strong></span> <span class='ocrx_word' id='word_1_531' title='bbox 445 3804 726 3858; x_wconf 78' lang='lat' dir='ltr'><strong>Dominus</strong></span> <span class='ocrx_word' id='word_1_532' title='bbox 762 3801 830 3856; x_wconf 92' lang='lat' dir='ltr'><strong>ad</strong></span> <span class='ocrx_word' id='word_1_533' title='bbox 879 3800 1172 3870; x_wconf 87' lang='lat' dir='ltr'><strong>judicium</strong></span> <span class='ocrx_word' id='word_1_534' title='bbox 1205 3799 1442 3870; x_wconf 89' lang='lat' dir='ltr'><strong>venerit,</strong></span> <span class='ocrx_word' id='word_1_535' title='bbox 1473 3797 1763 3870; x_wconf 90' lang='lat' dir='ltr'><strong>gloriosus</strong></span> <span class='ocrx_word' id='word_1_536' title='bbox 1791 3810 1920 3853; x_wconf 92' lang='lat' dir='ltr'><strong>cum</strong></span> 
     </span>
    </p>
   </div>
   <div class='ocr_carea' id='block_1_75' title="bbox 264 3885 1920 3962">
    <p class='ocr_par' dir='ltr' id='par_1_75' title="bbox 264 3885 1920 3962">
     <span class='ocr_line' id='line_1_75' title="bbox 264 3885 1920 3962; baseline -0.007 -12"><span class='ocrx_word' id='word_1_537' title='bbox 264 3895 379 3950; x_wconf 90' lang='lat' dir='ltr'><strong>illo</strong></span> <span class='ocrx_word' id='word_1_538' title='bbox 409 3891 668 3948; x_wconf 90' lang='lat' dir='ltr'><strong>residens</strong></span> <span class='ocrx_word' id='word_1_539' title='bbox 691 3900 713 3927; x_wconf 76' lang='grc' dir='ltr'>ι</span> <span class='ocrx_word' id='word_1_540' title='bbox 759 3889 1075 3962; x_wconf 89' lang='lat' dir='ltr'><strong>apparebit.</strong></span> <span class='ocrx_word' id='word_1_541' title='bbox 1103 3891 1181 3944; x_wconf 89' lang='lat' dir='ltr'><strong>De</strong></span> <span class='ocrx_word' id='word_1_542' title='bbox 1206 3888 1380 3958; x_wconf 88' lang='lat' dir='ltr'><strong>hujus</strong></span> <span class='ocrx_word' id='word_1_543' title='bbox 1411 3900 1639 3958; x_wconf 88' lang='lat' dir='ltr'><strong>quoque</strong></span> <span class='ocrx_word' id='word_1_544' title='bbox 1677 3885 1920 3957; x_wconf 88' lang='lat' dir='ltr'><strong>apostoli</strong></span> 
     </span>
    </p>
   </div>
   <div class='ocr_carea' id='block_1_76' title="bbox 261 3976 1923 4045">
    <p class='ocr_par' dir='ltr' id='par_1_76' title="bbox 261 3976 1923 4045">
     <span class='ocr_line' id='line_1_76' title="bbox 261 3976 1923 4045; baseline -0.005 -6"><span class='ocrx_word' id='word_1_545' title='bbox 261 3982 524 4040; x_wconf 84' lang='lat' dir='ltr'><strong>Matthia</strong></span> <span class='ocrx_word' id='word_1_546' title='bbox 555 3979 808 4036; x_wconf 87' lang='lat' dir='ltr'><strong>mirabili</strong></span> <span class='ocrx_word' id='word_1_547' title='bbox 853 3979 1130 4034; x_wconf 90' lang='lat' dir='ltr'><strong>electione</strong></span> <span class='ocrx_word' id='word_1_548' title='bbox 1156 3991 1222 4033; x_wconf 90' lang='lat' dir='ltr'><strong>ac</strong></span> <span class='ocrx_word' id='word_1_549' title='bbox 1247 3977 1406 4033; x_wconf 84' lang='lat' dir='ltr'><strong>Juda</strong></span> <span class='ocrx_word' id='word_1_550' title='bbox 1437 3976 1736 4032; x_wconf 89' lang='lat' dir='ltr'><strong>traditoris</strong></span> <span class='ocrx_word' id='word_1_551' title='bbox 1761 3976 1923 4045; x_wconf 88' lang='lat' dir='ltr'><strong>deje-</strong></span> 
     </span>
    </p>
   </div>
   <div class='ocr_carea' id='block_1_77' title="bbox 260 4065 1922 4138">
    <p class='ocr_par' dir='ltr' id='par_1_77' title="bbox 260 4065 1922 4138">
     <span class='ocr_line' id='line_1_77' title="bbox 260 4065 1922 4138; baseline -0.006 -8"><span class='ocrx_word' id='word_1_552' title='bbox 260 4073 462 4130; x_wconf 90' lang='lat' dir='ltr'><strong>ctione</strong></span> <span class='ocrx_word' id='word_1_553' title='bbox 478 4075 690 4126; x_wconf 89' lang='lat' dir='ltr'><strong>textum</strong></span> <span class='ocrx_word' id='word_1_554' title='bbox 710 4070 767 4123; x_wconf 93' lang='lat' dir='ltr'><strong>B.</strong></span> <span class='ocrx_word' id='word_1_555' title='bbox 797 4071 958 4124; x_wconf 88' lang='lat' dir='ltr'><strong>Luca</strong></span> <span class='ocrx_word' id='word_1_556' title='bbox 973 4065 1332 4138; x_wconf 88' lang='lat' dir='ltr'><strong>evangelista</strong></span> <span class='ocrx_word' id='word_1_557' title='bbox 1353 4077 1698 4135; x_wconf 87' lang='lat' dir='ltr'><strong>prosequens</strong></span> <span class='ocrx_word' id='word_1_558' title='bbox 1718 4066 1922 4121; x_wconf 85' lang='lat' dir='ltr'><strong>Arator</strong></span> 
     </span>
    </p>
   </div>
   <div class='ocr_carea' id='block_1_78' title="bbox 260 4153 1924 4224">
    <p class='ocr_par' dir='ltr' id='par_1_78' title="bbox 260 4153 1924 4224">
     <span class='ocr_line' id='line_1_78' title="bbox 260 4153 1924 4224; baseline -0.006 -6"><span class='ocrx_word' id='word_1_559' title='bbox 260 4166 481 4219; x_wconf 88' lang='lat' dir='ltr'><strong>sancta</strong></span> <span class='ocrx_word' id='word_1_560' title='bbox 513 4160 773 4215; x_wconf 83' lang='lat' dir='ltr'><strong>Romana</strong></span> <span class='ocrx_word' id='word_1_561' title='bbox 803 4156 1068 4212; x_wconf 89' lang='lat' dir='ltr'><strong>Ecclesia</strong></span> <span class='ocrx_word' id='word_1_562' title='bbox 1093 4155 1504 4224; x_wconf 85' lang='lat' dir='ltr'><strong>subdiaconus,</strong></span> <span class='ocrx_word' id='word_1_563' title='bbox 1536 4153 1688 4224; x_wconf 91' lang='lat' dir='ltr'><strong>quod</strong></span> <span class='ocrx_word' id='word_1_564' title='bbox 1720 4154 1778 4208; x_wconf 92' lang='lat' dir='ltr'><strong>B.</strong></span> <span class='ocrx_word' id='word_1_565' title='bbox 1816 4155 1924 4208; x_wconf 79' lang='lat' dir='ltr'><strong>Pe—</strong></span> 
     </span>
    </p>
   </div>
   <div class='ocr_carea' id='block_1_79' title="bbox 264 4242 1922 4320">
    <p class='ocr_par' dir='ltr' id='par_1_79' title="bbox 264 4242 1922 4320">
     <span class='ocr_line' id='line_1_79' title="bbox 264 4242 1922 4320; baseline -0.006 -12"><span class='ocrx_word' id='word_1_566' title='bbox 264 4258 398 4310; x_wconf 91' lang='lat' dir='ltr'><strong>trus</strong></span> <span class='ocrx_word' id='word_1_567' title='bbox 425 4248 720 4320; x_wconf 90' lang='lat' dir='ltr'><strong>apostolus</strong></span> <span class='ocrx_word' id='word_1_568' title='bbox 743 4245 771 4287; x_wconf 68' lang='grc' dir='ltr'>δ</span> <span class='ocrx_word' id='word_1_569' title='bbox 798 4260 964 4317; x_wconf 90' lang='lat' dir='ltr'><strong>prosa</strong></span> <span class='ocrx_word' id='word_1_570' title='bbox 985 4247 1245 4302; x_wconf 91' lang='lat' dir='ltr'><strong>oratione</strong></span> <span class='ocrx_word' id='word_1_571' title='bbox 1273 4243 1591 4314; x_wconf 91' lang='lat' dir='ltr'><strong>perdocuit,</strong></span> <span class='ocrx_word' id='word_1_572' title='bbox 1628 4242 1728 4298; x_wconf 90' lang='lat' dir='ltr'><strong>ille</strong></span> <span class='ocrx_word' id='word_1_573' title='bbox 1752 4253 1777 4283; x_wconf 81' lang='grc' dir='ltr'>ο</span> <span class='ocrx_word' id='word_1_574' title='bbox 1805 4257 1922 4299; x_wconf 88' lang='lat' dir='ltr'><strong>ver-</strong></span> 
     </span>
    </p>
   </div>
   <div class='ocr_carea' id='block_1_80' title="bbox 260 4335 1345 4406">
    <p class='ocr_par' dir='ltr' id='par_1_80' title="bbox 260 4335 1345 4406">
     <span class='ocr_line' id='line_1_80' title="bbox 260 4335 1345 4406; baseline -0.009 -7"><span class='ocrx_word' id='word_1_575' title='bbox 260 4341 437 4399; x_wconf 91' lang='lat' dir='ltr'><strong>sibus</strong></span> <span class='ocrx_word' id='word_1_576' title='bbox 459 4337 708 4394; x_wconf 85' lang='lat' dir='ltr'><strong>heroicis</strong></span> <span class='ocrx_word' id='word_1_577' title='bbox 731 4336 1088 4406; x_wconf 91' lang='lat' dir='ltr'><strong>deprompsit</strong></span> <span class='ocrx_word' id='word_1_578' title='bbox 1111 4335 1345 4390; x_wconf 90' lang='lat' dir='ltr'><strong>dicens:</strong></span> 
     </span>
    </p>
   </div>
   <div class='ocr_carea' id='block_1_81' title="bbox 328 4442 1724 4506">
    <p class='ocr_par' dir='ltr' id='par_1_81' title="bbox 328 4442 1724 4506">
     <span class='ocr_line' id='line_1_81' title="bbox 328 4442 1724 4506; baseline -0.007 -9"><span class='ocrx_word' id='word_1_579' title='bbox 328 4450 384 4498; x_wconf 88' lang='lat'><strong>9.</strong></span> <span class='ocrx_word' id='word_1_580' title='bbox 426 4446 634 4495; x_wconf 90' lang='lat' dir='ltr'><strong>Primus</strong></span> <span class='ocrx_word' id='word_1_581' title='bbox 668 4444 977 4506; x_wconf 82' lang='lat' dir='ltr'><strong>apostolico,</strong></span> <span class='ocrx_word' id='word_1_582' title='bbox 1008 4455 1164 4505; x_wconf 85' lang='lat' dir='ltr'><strong>parva</strong></span> <span class='ocrx_word' id='word_1_583' title='bbox 1187 4443 1250 4506; x_wconf 88' lang='lat' dir='ltr'><strong>de</strong></span> <span class='ocrx_word' id='word_1_584' title='bbox 1282 4453 1457 4503; x_wconf 90' lang='lat' dir='ltr'><strong>puppe</strong></span> <span class='ocrx_word' id='word_1_585' title='bbox 1492 4442 1724 4506; x_wconf 78' lang='lat' dir='ltr'><strong>vocatus,</strong></span> 
     </span>
    </p>
   </div>
   <div class='ocr_carea' id='block_1_82' title="bbox 391 4501 1672 4570">
    <p class='ocr_par' dir='ltr' id='par_1_82' title="bbox 391 4501 1672 4570">
     <span class='ocr_line' id='line_1_82' title="bbox 391 4501 1672 4570; baseline -0.005 -12"><span class='ocrx_word' id='word_1_586' title='bbox 391 4509 614 4570; x_wconf 79' lang='lat' dir='ltr'><strong>Agmine</strong></span> <span class='ocrx_word' id='word_1_587' title='bbox 649 4501 832 4570; x_wconf 71' lang='lat' dir='ltr'><strong>Petrus</strong></span> <span class='ocrx_word' id='word_1_588' title='bbox 872 4501 1026 4570; x_wconf 63' lang='lat' dir='ltr'><strong>erat:</strong></span> <span class='ocrx_word' id='word_1_589' title='bbox 1054 4518 1156 4570; x_wconf 85' lang='lat' dir='ltr'><strong>quo</strong></span> <span class='ocrx_word' id='word_1_590' title='bbox 1187 4501 1437 4570; x_wconf 66' lang='lat' dir='ltr'><strong>piscatore</strong></span> <span class='ocrx_word' id='word_1_591' title='bbox 1473 4501 1672 4570; x_wconf 72' lang='lat' dir='ltr'><strong>solebat</strong></span> 
     </span>
    </p>
   </div>
   <div class='ocr_carea' id='block_1_83' title="bbox 391 4563 1673 4634">
    <p class='ocr_par' dir='ltr' id='par_1_83' title="bbox 391 4563 1673 4634">
     <span class='ocr_line' id='line_1_83' title="bbox 391 4563 1673 4634; baseline -0.011 -13"><span class='ocrx_word' id='word_1_592' title='bbox 391 4563 652 4634; x_wconf 72' lang='lat' dir='ltr'><strong>squamea</strong></span> <span class='ocrx_word' id='word_1_593' title='bbox 676 4569 825 4618; x_wconf 87' lang='lat' dir='ltr'><strong>turba</strong></span> <span class='ocrx_word' id='word_1_594' title='bbox 840 4569 970 4631; x_wconf 88' lang='lat' dir='ltr'><strong>capi,</strong></span> <span class='ocrx_word' id='word_1_595' title='bbox 997 4563 1166 4616; x_wconf 79' lang='lat' dir='ltr'><strong>subito</strong></span> <span class='ocrx_word' id='word_1_596' title='bbox 1188 4563 1254 4616; x_wconf 77' lang='lat' dir='ltr'><strong>de</strong></span> <span class='ocrx_word' id='word_1_597' title='bbox 1277 4566 1446 4616; x_wconf 87' lang='lat' dir='ltr'><strong>littore</strong></span> <span class='ocrx_word' id='word_1_598' title='bbox 1469 4566 1611 4614; x_wconf 88' lang='lat' dir='ltr'><strong>visus</strong></span> <span class='ocrx_word' id='word_1_599' title='bbox 1645 4563 1673 4607; x_wconf 91' lang='lat' dir='ltr'><strong>d</strong></span> 
     </span>
    </p>
   </div>
   <div class='ocr_carea' id='block_1_84' title="bbox 391 4692 1627 4765">
    <p class='ocr_par' dir='ltr' id='par_1_84' title="bbox 391 4692 1627 4765">
     <span class='ocr_line' id='line_1_84' title="bbox 391 4692 1627 4765; baseline -0.004 -22"><span class='ocrx_word' id='word_1_600' title='bbox 391 4697 586 4765; x_wconf 78' lang='lat' dir='ltr'><strong>§urgit,</strong></span> <span class='ocrx_word' id='word_1_601' title='bbox 609 4699 661 4743; x_wconf 91' lang='lat' dir='ltr'><strong>et</strong></span> <span class='ocrx_word' id='word_1_602' title='bbox 701 4695 970 4765; x_wconf 64' lang='lat' dir='ltr'><strong>insinuans</strong></span> <span class='ocrx_word' id='word_1_603' title='bbox 987 4693 1170 4765; x_wconf 53' lang='lat' dir='ltr'><strong>divina</strong></span> <span class='ocrx_word' id='word_1_604' title='bbox 1203 4692 1428 4765; x_wconf 80' lang='lat' dir='ltr'><strong>negotia,</strong></span> <span class='ocrx_word' id='word_1_605' title='bbox 1453 4705 1627 4765; x_wconf 62' lang='lat' dir='ltr'><strong>eorum</strong></span> 
     </span>
    </p>
   </div>
   <div class='ocr_carea' id='block_1_85' title="bbox 393 4753 1796 4817">
    <p class='ocr_par' dir='ltr' id='par_1_85' title="bbox 393 4753 1796 4817">
     <span class='ocr_line' id='line_1_85' title="bbox 393 4753 1796 4817; baseline -0.004 -10"><span class='ocrx_word' id='word_1_606' title='bbox 393 4758 482 4808; x_wconf 88' lang='lat' dir='ltr'><strong>Sic</strong></span> <span class='ocrx_word' id='word_1_607' title='bbox 502 4753 831 4807; x_wconf 56' lang='lat' dir='ltr'><strong>&#39;venerandus</strong></span> <span class='ocrx_word' id='word_1_608' title='bbox 853 4756 920 4804; x_wconf 86' lang='lat' dir='ltr'><strong>ait</strong></span> <span class='ocrx_word' id='word_1_609' title='bbox 944 4772 955 4804; x_wconf 91' lang='lat'><strong>:</strong></span> <span class='ocrx_word' id='word_1_610' title='bbox 987 4755 1180 4812; x_wconf 78' lang='lat' dir='ltr'><strong>Nostis,</strong></span> <span class='ocrx_word' id='word_1_611' title='bbox 1203 4753 1325 4817; x_wconf 85' lang='lat' dir='ltr'><strong>quia</strong></span> <span class='ocrx_word' id='word_1_612' title='bbox 1357 4753 1589 4817; x_wconf 85' lang='lat' dir='ltr'><strong>proditor</strong></span> <span class='ocrx_word' id='word_1_613' title='bbox 1616 4767 1796 4802; x_wconf 89' lang='lat' dir='ltr'><strong>amens</strong></span> 
     </span>
    </p>
   </div>
   <div class='ocr_carea' id='block_1_86' title="bbox 389 4816 1676 4875">
    <p class='ocr_par' dir='ltr' id='par_1_86' title="bbox 389 4816 1676 4875">
     <span class='ocr_line' id='line_1_86' title="bbox 389 4816 1676 4875; baseline -0.005 -6"><span class='ocrx_word' id='word_1_614' title='bbox 389 4821 687 4870; x_wconf 87' lang='lat' dir='ltr'><strong>Mercedem</strong></span> <span class='ocrx_word' id='word_1_615' title='bbox 725 4818 934 4868; x_wconf 83' lang='lat' dir='ltr'><strong>sceleris</strong></span> <span class='ocrx_word' id='word_1_616' title='bbox 975 4817 1128 4865; x_wconf 88' lang='lat' dir='ltr'><strong>solvit</strong></span> <span class='ocrx_word' id='word_1_617' title='bbox 1155 4816 1269 4875; x_wconf 85' lang='lat' dir='ltr'><strong>sibi,</strong></span> <span class='ocrx_word' id='word_1_618' title='bbox 1305 4816 1445 4863; x_wconf 85' lang='lat' dir='ltr'><strong>todia</strong></span> <span class='ocrx_word' id='word_1_619' title='bbox 1481 4829 1626 4864; x_wconf 80' lang='lat' dir='ltr'><strong>noxa</strong></span> <span class='ocrx_word' id='word_1_620' title='bbox 1654 4825 1676 4850; x_wconf 76' lang='grc' dir='ltr'><strong>ο</strong></span> 
     </span>
    </p>
   </div>
   <div class='ocr_carea' id='block_1_87' title="bbox 391 4879 1758 4944">
    <p class='ocr_par' dir='ltr' id='par_1_87' title="bbox 391 4879 1758 4944">
     <span class='ocr_line' id='line_1_87' title="bbox 391 4879 1758 4944; baseline -0.004 -12"><span class='ocrx_word' id='word_1_621' title='bbox 391 4884 616 4942; x_wconf 87' lang='lat' dir='ltr'><strong>Horruit,</strong></span> <span class='ocrx_word' id='word_1_622' title='bbox 647 4883 759 4944; x_wconf 88' lang='lat' dir='ltr'><strong>ipse</strong></span> <span class='ocrx_word' id='word_1_623' title='bbox 784 4894 934 4930; x_wconf 86' lang='lat' dir='ltr'><strong>suam</strong></span> <span class='ocrx_word' id='word_1_624' title='bbox 965 4880 1223 4940; x_wconf 80' lang='lat' dir='ltr'><strong>stringens</strong></span> <span class='ocrx_word' id='word_1_625' title='bbox 1243 4879 1296 4927; x_wconf 91' lang='lat' dir='ltr'><strong>in</strong></span> <span class='ocrx_word' id='word_1_626' title='bbox 1317 4880 1526 4938; x_wconf 83' lang='lat' dir='ltr'><strong>gutture</strong></span> <span class='ocrx_word' id='word_1_627' title='bbox 1556 4891 1758 4928; x_wconf 89' lang='lat' dir='ltr'><strong>vocem.</strong></span> 
     </span>
    </p>
   </div>
   <div class='ocr_carea' id='block_1_88' title="bbox 387 5001 1514 5066">
    <p class='ocr_par' dir='ltr' id='par_1_88' title="bbox 387 5001 1514 5066">
     <span class='ocr_line' id='line_1_88' title="bbox 387 5001 1514 5066; baseline -0.007 -9"><span class='ocrx_word' id='word_1_628' title='bbox 387 5008 540 5057; x_wconf 82' lang='lat' dir='ltr'><strong>Aeris</strong></span> <span class='ocrx_word' id='word_1_629' title='bbox 558 5008 611 5055; x_wconf 90' lang='lat' dir='ltr'><strong>in</strong></span> <span class='ocrx_word' id='word_1_630' title='bbox 640 5007 810 5055; x_wconf 89' lang='lat' dir='ltr'><strong>medio</strong></span> <span class='ocrx_word' id='word_1_631' title='bbox 840 5005 1105 5053; x_wconf 89' lang='lat' dir='ltr'><strong>communi</strong></span> <span class='ocrx_word' id='word_1_632' title='bbox 1127 5005 1339 5066; x_wconf 88' lang='lat' dir='ltr'><strong>poneret</strong></span> <span class='ocrx_word' id='word_1_633' title='bbox 1359 5001 1514 5050; x_wconf 88' lang='lat' dir='ltr'><strong>hosti.</strong></span> 
     </span>
    </p>
   </div>
   <div class='ocr_carea' id='block_1_89' title="bbox 383 5067 1726 5133">
    <p class='ocr_par' dir='ltr' id='par_1_89' title="bbox 383 5067 1726 5133">
     <span class='ocr_line' id='line_1_89' title="bbox 383 5067 1726 5133; baseline -0.004 -13"><span class='ocrx_word' id='word_1_634' title='bbox 383 5070 570 5120; x_wconf 87' lang='lat' dir='ltr'><strong>Debita</strong></span> <span class='ocrx_word' id='word_1_635' title='bbox 598 5083 751 5133; x_wconf 71' lang='lat' dir='ltr'><strong>pana</strong></span> <span class='ocrx_word' id='word_1_636' title='bbox 783 5069 1000 5119; x_wconf 87' lang='lat' dir='ltr'><strong>locum:</strong></span> <span class='ocrx_word' id='word_1_637' title='bbox 1037 5067 1171 5117; x_wconf 75' lang='lat' dir='ltr'><strong>calo</strong></span> <span class='ocrx_word' id='word_1_638' title='bbox 1201 5068 1454 5129; x_wconf 83' lang='lat' dir='ltr'><strong>terraque</strong></span> <span class='ocrx_word' id='word_1_639' title='bbox 1487 5079 1726 5128; x_wconf 84' lang='lat' dir='ltr'><strong>perosus.</strong></span> 
     </span>
    </p>
   </div>
   <div class='ocr_carea' id='block_1_90' title="bbox 326 5186 771 5242">
    <p class='ocr_par' dir='ltr' id='par_1_90' title="bbox 326 5186 771 5242">
     <span class='ocr_line' id='line_1_90' title="bbox 326 5186 771 5242; baseline -0.004 0"><span class='ocrx_word' id='word_1_640' title='bbox 326 5207 348 5234; x_wconf 75' lang='grc' dir='ltr'>ι</span> <span class='ocrx_word' id='word_1_641' title='bbox 377 5189 482 5242; x_wconf 84' lang='lat' dir='ltr'><strong>Ms.</strong></span> <span class='ocrx_word' id='word_1_642' title='bbox 518 5186 771 5240; x_wconf 80' lang='lat' dir='ltr'><strong>Clarebit.</strong></span> 
     </span>
    </p>
   </div>
   <div class='ocr_carea' id='block_1_91' title="bbox 329 5257 739 5314">
    <p class='ocr_par' dir='ltr' id='par_1_91' title="bbox 329 5257 739 5314">
     <span class='ocr_line' id='line_1_91' title="bbox 329 5257 739 5314; baseline -0.012 1"><span class='ocrx_word' id='word_1_643' title='bbox 329 5262 357 5305; x_wconf 83' lang='lat' dir='ltr'><strong>b</strong></span> <span class='ocrx_word' id='word_1_644' title='bbox 381 5257 587 5314; x_wconf 79' lang='lat' dir='ltr'><strong>Momb.</strong></span> <span class='ocrx_word' id='word_1_645' title='bbox 622 5273 739 5311; x_wconf 88' lang='lat' dir='ltr'><strong>sua.</strong></span> 
     </span>
    </p>
   </div>
   <div class='ocr_carea' id='block_1_92' title="bbox 342 5324 1912 5454">
    <p class='ocr_par' dir='ltr' id='par_1_92' title="bbox 342 5324 1912 5454">
     <span class='ocr_line' id='line_1_92' title="bbox 342 5324 1912 5454; baseline -0.004 -69"><span class='ocrx_word' id='word_1_646' title='bbox 342 5345 369 5374; x_wconf 87' lang='lat' dir='ltr'><strong>c</strong></span> <span class='ocrx_word' id='word_1_647' title='bbox 403 5332 517 5385; x_wconf 83' lang='lat' dir='ltr'><strong>llos</strong></span> <span class='ocrx_word' id='word_1_648' title='bbox 546 5329 814 5413; x_wconf 78' lang='lat' dir='ltr'><strong>adjuncta</strong></span> <span class='ocrx_word' id='word_1_649' title='bbox 839 5327 1023 5398; x_wconf 86' lang='lat' dir='ltr'><strong>elegia</strong></span> <span class='ocrx_word' id='word_1_650' title='bbox 1055 5325 1354 5454; x_wconf 48' lang='lat' dir='ltr'><strong>inscxgispsit</strong></span> <span class='ocrx_word' id='word_1_651' title='bbox 1381 5325 1600 5396; x_wconf 84' lang='lat' dir='ltr'><strong>Vigilio</strong></span> <span class='ocrx_word' id='word_1_652' title='bbox 1632 5324 1912 5396; x_wconf 75' lang='lat' dir='ltr'><strong>pontifici,</strong></span> 
     </span>
     <span class='ocr_line' id='line_1_93' title="bbox 342 5396 1911 5454; baseline -0.001 0"><span class='ocrx_word' id='word_1_653' title='bbox 342 5407 446 5454; x_wconf 59' lang='lat' dir='ltr'><strong>rato</strong></span> <span class='ocrx_word' id='word_1_654' title='bbox 476 5413 568 5454; x_wconf 88' lang='lat' dir='ltr'><strong>an.</strong></span> <span class='ocrx_word' id='word_1_655' title='bbox 602 5397 726 5454; x_wconf 69' lang='grc'><strong>040.</strong></span> <span class='ocrx_word' id='word_1_656' title='bbox 761 5403 986 5454; x_wconf 90' lang='lat' dir='ltr'><strong>mortuo</strong></span> <span class='ocrx_word' id='word_1_657' title='bbox 1016 5411 1107 5452; x_wconf 92' lang='lat' dir='ltr'><strong>an.</strong></span> <span class='ocrx_word' id='word_1_658' title='bbox 1150 5396 1196 5454; x_wconf 65' lang='grc' dir='ltr'><strong>ὅς</strong></span> <span class='ocrx_word' id='word_1_659' title='bbox 1263 5440 1275 5454; x_wconf 90' lang='grc'><strong>.</strong></span> <span class='ocrx_word' id='word_1_660' title='bbox 1327 5397 1434 5452; x_wconf 91' lang='lat' dir='ltr'><strong>sub</strong></span> <span class='ocrx_word' id='word_1_661' title='bbox 1465 5411 1579 5454; x_wconf 84' lang='lat' dir='ltr'><strong>auo</strong></span> <span class='ocrx_word' id='word_1_662' title='bbox 1621 5399 1911 5452; x_wconf 85' lang='lat' dir='ltr'><strong>Aratorem</strong></span> 
     </span>
    </p>
   </div>
   <div class='ocr_carea' id='block_1_93' title="bbox 250 5396 1911 5470">
    <p class='ocr_par' dir='ltr' id='par_1_93' title="bbox 250 5396 1911 5470">
     <span class='ocr_line' id='line_1_94' title="bbox 250 5396 1911 5470; baseline -0.005 -10"><span class='ocrx_word' id='word_1_663' title='bbox 250 5407 446 5460; x_wconf 89' lang='lat' dir='ltr'><strong>creato</strong></span> <span class='ocrx_word' id='word_1_664' title='bbox 476 5413 568 5456; x_wconf 90' lang='lat' dir='ltr'><strong>an.</strong></span> <span class='ocrx_word' id='word_1_665' title='bbox 602 5396 726 5470; x_wconf 76' lang='grc'><strong>540,</strong></span> <span class='ocrx_word' id='word_1_666' title='bbox 761 5396 986 5454; x_wconf 80' lang='lat' dir='ltr'><strong>mortuo</strong></span> <span class='ocrx_word' id='word_1_667' title='bbox 1016 5411 1107 5452; x_wconf 91' lang='lat' dir='ltr'><strong>an.</strong></span> <span class='ocrx_word' id='word_1_668' title='bbox 1137 5396 1299 5470; x_wconf 13' lang='lat'><strong>555,,</strong></span> <span class='ocrx_word' id='word_1_669' title='bbox 1327 5397 1434 5470; x_wconf 86' lang='lat' dir='ltr'><strong>sub</strong></span> <span class='ocrx_word' id='word_1_670' title='bbox 1465 5411 1579 5470; x_wconf 85' lang='lat' dir='ltr'><strong>quo</strong></span> <span class='ocrx_word' id='word_1_671' title='bbox 1611 5399 1911 5470; x_wconf 76' lang='lat' dir='ltr'><strong>Aratorem</strong></span> 
     </span>
    </p>
   </div>
   <div class='ocr_carea' id='block_1_94' title="bbox 250 5467 1918 5542">
    <p class='ocr_par' dir='ltr' id='par_1_94' title="bbox 250 5467 1918 5542">
     <span class='ocr_line' id='line_1_95' title="bbox 250 5467 1918 5542; baseline -0.006 -10"><span class='ocrx_word' id='word_1_672' title='bbox 250 5472 604 5531; x_wconf 88' lang='lat' dir='ltr'><strong>cardinalem</strong></span> <span class='ocrx_word' id='word_1_673' title='bbox 639 5467 764 5542; x_wconf 74' lang='lat' dir='ltr'><strong>poSt</strong></span> <span class='ocrx_word' id='word_1_674' title='bbox 792 5471 939 5527; x_wconf 90' lang='lat' dir='ltr'><strong>alios</strong></span> <span class='ocrx_word' id='word_1_675' title='bbox 970 5469 1176 5526; x_wconf 88' lang='lat' dir='ltr'><strong>statuit</strong></span> <span class='ocrx_word' id='word_1_676' title='bbox 1200 5468 1476 5540; x_wconf 89' lang='lat' dir='ltr'><strong>Ughellus</strong></span> <span class='ocrx_word' id='word_1_677' title='bbox 1502 5467 1561 5523; x_wconf 94' lang='lat' dir='ltr'><strong>in</strong></span> <span class='ocrx_word' id='word_1_678' title='bbox 1593 5468 1918 5524; x_wconf 87' lang='lat' dir='ltr'><strong>Additioni-</strong></span> 
     </span>
    </p>
   </div>
   <div class='ocr_carea' id='block_1_95' title="bbox 252 5544 848 5603">
    <p class='ocr_par' dir='ltr' id='par_1_95' title="bbox 252 5544 848 5603">
     <span class='ocr_line' id='line_1_96' title="bbox 252 5544 848 5603; baseline -0.012 0"><span class='ocrx_word' id='word_1_679' title='bbox 252 5546 363 5603; x_wconf 89' lang='lat' dir='ltr'><strong>bus</strong></span> <span class='ocrx_word' id='word_1_680' title='bbox 387 5547 457 5601; x_wconf 94' lang='lat' dir='ltr'><strong>ad</strong></span> <span class='ocrx_word' id='word_1_681' title='bbox 489 5544 848 5600; x_wconf 90' lang='lat' dir='ltr'><strong>Ciaconium.</strong></span> 
     </span>
    </p>
   </div>
   <div class='ocr_carea' id='block_1_96' title="bbox 322 5610 1913 5686">
    <p class='ocr_par' dir='ltr' id='par_1_96' title="bbox 322 5610 1913 5686">
     <span class='ocr_line' id='line_1_97' title="bbox 322 5610 1913 5686; baseline -0.004 -13"><span class='ocrx_word' id='word_1_682' title='bbox 322 5620 348 5656; x_wconf 72' lang='grc' dir='ltr'>ἀ</span> <span class='ocrx_word' id='word_1_683' title='bbox 386 5616 756 5673; x_wconf 88' lang='lat' dir='ltr'><strong>Omittuntur</strong></span> <span class='ocrx_word' id='word_1_684' title='bbox 803 5614 994 5670; x_wconf 89' lang='lat' dir='ltr'><strong>decem</strong></span> <span class='ocrx_word' id='word_1_685' title='bbox 1046 5612 1198 5686; x_wconf 91' lang='lat' dir='ltr'><strong>apud</strong></span> <span class='ocrx_word' id='word_1_686' title='bbox 1245 5611 1538 5668; x_wconf 85' lang='lat' dir='ltr'><strong>Aratorem</strong></span> <span class='ocrx_word' id='word_1_687' title='bbox 1584 5610 1913 5682; x_wconf 89' lang='lat' dir='ltr'><strong>interpositi</strong></span> 
     </span>
    </p>
   </div>
   <div class='ocr_carea' id='block_1_97' title="bbox 2040 3151 3686 3224">
    <p class='ocr_par' dir='ltr' id='par_1_97' title="bbox 2040 3151 3686 3224">
     <span class='ocr_line' id='line_1_98' title="bbox 2040 3151 3686 3224; baseline 0.001 -16"><span class='ocrx_word' id='word_1_688' title='bbox 2040 3152 2316 3210; x_wconf 89' lang='lat' dir='ltr'><strong>noveritis</strong></span> <span class='ocrx_word' id='word_1_689' title='bbox 2344 3151 2666 3224; x_wconf 86' lang='lat' dir='ltr'><strong>intelligere</strong></span> <span class='ocrx_word' id='word_1_690' title='bbox 2693 3152 2997 3208; x_wconf 90' lang='lat' dir='ltr'><strong>duodecim</strong></span> <span class='ocrx_word' id='word_1_691' title='bbox 3020 3151 3199 3207; x_wconf 89' lang='lat' dir='ltr'><strong>sedes.</strong></span> <span class='ocrx_word' id='word_1_692' title='bbox 3231 3151 3508 3208; x_wconf 90' lang='lat' dir='ltr'><strong>Novimus</strong></span> <span class='ocrx_word' id='word_1_693' title='bbox 3533 3154 3686 3208; x_wconf 92' lang='lat' dir='ltr'><strong>enim</strong></span> 
     </span>
    </p>
   </div>
   <div class='ocr_carea' id='block_1_98' title="bbox 2039 3239 3692 3312">
    <p class='ocr_par' dir='ltr' id='par_1_98' title="bbox 2039 3239 3692 3312">
     <span class='ocr_line' id='line_1_99' title="bbox 2039 3239 3692 3312; baseline 0 -16"><span class='ocrx_word' id='word_1_694' title='bbox 2039 3241 2174 3312; x_wconf 90' lang='lat' dir='ltr'><strong>quia</strong></span> <span class='ocrx_word' id='word_1_695' title='bbox 2208 3241 2478 3310; x_wconf 90' lang='lat' dir='ltr'><strong>primitus</strong></span> <span class='ocrx_word' id='word_1_696' title='bbox 2520 3254 2553 3296; x_wconf 92' lang='lat' dir='ltr'><strong>a</strong></span> <span class='ocrx_word' id='word_1_697' title='bbox 2582 3241 2824 3297; x_wconf 90' lang='lat' dir='ltr'><strong>Domino</strong></span> <span class='ocrx_word' id='word_1_698' title='bbox 2870 3240 3069 3296; x_wconf 91' lang='lat' dir='ltr'><strong>electis</strong></span> <span class='ocrx_word' id='word_1_699' title='bbox 3116 3239 3419 3295; x_wconf 91' lang='lat' dir='ltr'><strong>duodecim</strong></span> <span class='ocrx_word' id='word_1_700' title='bbox 3474 3241 3692 3296; x_wconf 89' lang='lat' dir='ltr'><strong>excidit</strong></span> 
     </span>
    </p>
   </div>
   <div class='ocr_carea' id='block_1_99' title="bbox 2038 3328 3686 3400">
    <p class='ocr_par' dir='ltr' id='par_1_99' title="bbox 2038 3328 3686 3400">
     <span class='ocr_line' id='line_1_100' title="bbox 2038 3328 3686 3400; baseline -0.002 -14"><span class='ocrx_word' id='word_1_701' title='bbox 2038 3329 2283 3386; x_wconf 88' lang='lat' dir='ltr'><strong>traditor</strong></span> <span class='ocrx_word' id='word_1_702' title='bbox 2295 3330 2322 3384; x_wconf 89' lang='lat' dir='ltr'><strong>J</strong></span> <span class='ocrx_word' id='word_1_703' title='bbox 2329 3329 2490 3400; x_wconf 90' lang='lat' dir='ltr'><strong>udas,</strong></span> <span class='ocrx_word' id='word_1_704' title='bbox 2517 3329 2576 3384; x_wconf 91' lang='lat' dir='ltr'><strong>in</strong></span> <span class='ocrx_word' id='word_1_705' title='bbox 2605 3329 2729 3385; x_wconf 91' lang='lat' dir='ltr'><strong>loco</strong></span> <span class='ocrx_word' id='word_1_706' title='bbox 2759 3330 2884 3399; x_wconf 88' lang='lat' dir='ltr'><strong>ejus</strong></span> <span class='ocrx_word' id='word_1_707' title='bbox 2909 3329 3254 3400; x_wconf 89' lang='lat' dir='ltr'><strong>subrogatus</strong></span> <span class='ocrx_word' id='word_1_708' title='bbox 3275 3329 3332 3381; x_wconf 87' lang='grc' dir='ltr'><strong>Β.</strong></span> <span class='ocrx_word' id='word_1_709' title='bbox 3353 3328 3626 3384; x_wconf 87' lang='lat' dir='ltr'><strong>Matthias</strong></span> <span class='ocrx_word' id='word_1_710' title='bbox 3641 3343 3686 3382; x_wconf 73' lang='grc' dir='ltr'><strong>ε.</strong></span> 
     </span>
    </p>
   </div>
   <div class='ocr_carea' id='block_1_100' title="bbox 2037 3417 3688 3490">
    <p class='ocr_par' dir='ltr' id='par_1_100' title="bbox 2037 3417 3688 3490">
     <span class='ocr_line' id='line_1_101' title="bbox 2037 3417 3688 3490; baseline -0.002 -14"><span class='ocrx_word' id='word_1_711' title='bbox 2037 3419 2096 3476; x_wconf 91' lang='lat' dir='ltr'><strong>Si</strong></span> <span class='ocrx_word' id='word_1_712' title='bbox 2139 3419 2291 3476; x_wconf 92' lang='lat' dir='ltr'><strong>enim</strong></span> <span class='ocrx_word' id='word_1_713' title='bbox 2324 3417 2541 3490; x_wconf 91' lang='lat' dir='ltr'><strong>singuli</strong></span> <span class='ocrx_word' id='word_1_714' title='bbox 2577 3419 2635 3474; x_wconf 92' lang='lat' dir='ltr'><strong>in</strong></span> <span class='ocrx_word' id='word_1_715' title='bbox 2667 3417 2918 3488; x_wconf 88' lang='lat' dir='ltr'><strong>singulis</strong></span> <span class='ocrx_word' id='word_1_716' title='bbox 2949 3417 3184 3474; x_wconf 91' lang='lat' dir='ltr'><strong>sedibus</strong></span> <span class='ocrx_word' id='word_1_717' title='bbox 3235 3417 3532 3488; x_wconf 92' lang='lat' dir='ltr'><strong>sedebunt,</strong></span> <span class='ocrx_word' id='word_1_718' title='bbox 3572 3418 3688 3487; x_wconf 88' lang='lat' dir='ltr'><strong>jam</strong></span> 
     </span>
    </p>
   </div>
   <div class='ocr_carea' id='block_1_101' title="bbox 2040 3506 3691 3580">
    <p class='ocr_par' dir='ltr' id='par_1_101' title="bbox 2040 3506 3691 3580">
     <span class='ocr_line' id='line_1_102' title="bbox 2040 3506 3691 3580; baseline -0.002 -14"><span class='ocrx_word' id='word_1_719' title='bbox 2040 3509 2311 3580; x_wconf 90' lang='lat' dir='ltr'><strong>impletus</strong></span> <span class='ocrx_word' id='word_1_720' title='bbox 2335 3513 2422 3564; x_wconf 91' lang='lat' dir='ltr'><strong>est</strong></span> <span class='ocrx_word' id='word_1_721' title='bbox 2466 3522 2771 3564; x_wconf 90' lang='lat' dir='ltr'><strong>numerus:</strong></span> <span class='ocrx_word' id='word_1_722' title='bbox 2811 3507 2906 3563; x_wconf 91' lang='lat' dir='ltr'><strong>ubi</strong></span> <span class='ocrx_word' id='word_1_723' title='bbox 2956 3520 3090 3579; x_wconf 89' lang='lat' dir='ltr'><strong>ergo</strong></span> <span class='ocrx_word' id='word_1_724' title='bbox 3123 3506 3343 3563; x_wconf 91' lang='lat' dir='ltr'><strong>sedebit</strong></span> <span class='ocrx_word' id='word_1_725' title='bbox 3393 3506 3691 3576; x_wconf 90' lang='lat' dir='ltr'><strong>apostolus</strong></span> 
     </span>
    </p>
   </div>
   <div class='ocr_carea' id='block_1_102' title="bbox 2035 3595 3687 3666">
    <p class='ocr_par' dir='ltr' id='par_1_102' title="bbox 2035 3595 3687 3666">
     <span class='ocr_line' id='line_1_103' title="bbox 2035 3595 3687 3666; baseline -0.001 -12"><span class='ocrx_word' id='word_1_726' title='bbox 2035 3599 2290 3656; x_wconf 81' lang='lat' dir='ltr'><strong>Paulus?</strong></span> <span class='ocrx_word' id='word_1_727' title='bbox 2314 3597 2398 3653; x_wconf 91' lang='lat' dir='ltr'><strong>An</strong></span> <span class='ocrx_word' id='word_1_728' title='bbox 2432 3596 2577 3654; x_wconf 83' lang='lat' dir='ltr'><strong>forte</strong></span> <span class='ocrx_word' id='word_1_729' title='bbox 2627 3597 2940 3654; x_wconf 91' lang='lat' dir='ltr'><strong>indebitam</strong></span> <span class='ocrx_word' id='word_1_730' title='bbox 2983 3595 3096 3652; x_wconf 92' lang='lat' dir='ltr'><strong>sibi</strong></span> <span class='ocrx_word' id='word_1_731' title='bbox 3144 3595 3332 3652; x_wconf 90' lang='lat' dir='ltr'><strong>sedem</strong></span> <span class='ocrx_word' id='word_1_732' title='bbox 3365 3595 3687 3666; x_wconf 89' lang='lat' dir='ltr'><strong>usurpavit,</strong></span> 
     </span>
    </p>
   </div>
   <div class='ocr_carea' id='block_1_103' title="bbox 2036 3683 3689 3761">
    <p class='ocr_par' dir='ltr' id='par_1_103' title="bbox 2036 3683 3689 3761">
     <span class='ocr_line' id='line_1_104' title="bbox 2036 3683 3689 3761; baseline -0.004 -16"><span class='ocrx_word' id='word_1_733' title='bbox 2036 3688 2265 3761; x_wconf 88' lang='lat' dir='ltr'><strong>quando</strong></span> <span class='ocrx_word' id='word_1_734' title='bbox 2303 3687 2486 3744; x_wconf 88' lang='lat' dir='ltr'><strong>dixit:</strong></span> <span class='ocrx_word' id='word_1_735' title='bbox 2522 3686 2771 3743; x_wconf 87' lang='lat' dir='ltr'><strong>Nescitis</strong></span> <span class='ocrx_word' id='word_1_736' title='bbox 2818 3686 2956 3758; x_wconf 91' lang='lat' dir='ltr'><strong>quia</strong></span> <span class='ocrx_word' id='word_1_737' title='bbox 2991 3683 3226 3757; x_wconf 90' lang='lat' dir='ltr'><strong>angelos</strong></span> <span class='ocrx_word' id='word_1_738' title='bbox 3247 3683 3689 3755; x_wconf 81' lang='lat' dir='ltr'><strong>judicabimus?</strong></span> 
     </span>
    </p>
   </div>
   <div class='ocr_carea' id='block_1_104' title="bbox 2031 3775 3689 3848">
    <p class='ocr_par' dir='ltr' id='par_1_104' title="bbox 2031 3775 3689 3848">
     <span class='ocr_line' id='line_1_105' title="bbox 2031 3775 3689 3848; baseline 0 -17"><span class='ocrx_word' id='word_1_739' title='bbox 2031 3775 2344 3834; x_wconf 90' lang='lat' dir='ltr'><strong>Duodecim</strong></span> <span class='ocrx_word' id='word_1_740' title='bbox 2390 3790 2524 3848; x_wconf 90' lang='lat' dir='ltr'><strong>ergo</strong></span> <span class='ocrx_word' id='word_1_741' title='bbox 2576 3775 2739 3832; x_wconf 88' lang='lat' dir='ltr'><strong>sedes</strong></span> <span class='ocrx_word' id='word_1_742' title='bbox 2770 3775 3050 3832; x_wconf 84' lang='lat' dir='ltr'><strong>universa</strong></span> <span class='ocrx_word' id='word_1_743' title='bbox 3080 3782 3217 3830; x_wconf 92' lang='lat' dir='ltr'><strong>sunt</strong></span> <span class='ocrx_word' id='word_1_744' title='bbox 3247 3775 3408 3831; x_wconf 90' lang='lat' dir='ltr'><strong>sedes</strong></span> <span class='ocrx_word' id='word_1_745' title='bbox 3440 3775 3500 3830; x_wconf 91' lang='lat' dir='ltr'><strong>in</strong></span> <span class='ocrx_word' id='word_1_746' title='bbox 3547 3775 3689 3846; x_wconf 90' lang='lat' dir='ltr'><strong>qui—</strong></span> 
     </span>
    </p>
   </div>
   <div class='ocr_carea' id='block_1_105' title="bbox 2031 3864 3688 3937">
    <p class='ocr_par' dir='ltr' id='par_1_105' title="bbox 2031 3864 3688 3937">
     <span class='ocr_line' id='line_1_106' title="bbox 2031 3864 3688 3937; baseline -0.002 -13"><span class='ocrx_word' id='word_1_747' title='bbox 2031 3865 2139 3924; x_wconf 90' lang='lat' dir='ltr'><strong>bus</strong></span> <span class='ocrx_word' id='word_1_748' title='bbox 2188 3872 2245 3923; x_wconf 92' lang='lat' dir='ltr'><strong>et</strong></span> <span class='ocrx_word' id='word_1_749' title='bbox 2271 3865 2517 3937; x_wconf 90' lang='lat' dir='ltr'><strong>apostoli</strong></span> <span class='ocrx_word' id='word_1_750' title='bbox 2564 3871 2620 3922; x_wconf 91' lang='lat' dir='ltr'><strong>et</strong></span> <span class='ocrx_word' id='word_1_751' title='bbox 2644 3866 2834 3923; x_wconf 87' lang='lat' dir='ltr'><strong>cateri</strong></span> <span class='ocrx_word' id='word_1_752' title='bbox 2861 3866 3046 3923; x_wconf 89' lang='lat' dir='ltr'><strong>sancti</strong></span> <span class='ocrx_word' id='word_1_753' title='bbox 3096 3864 3376 3922; x_wconf 90' lang='lat' dir='ltr'><strong>sedebunt</strong></span> <span class='ocrx_word' id='word_1_754' title='bbox 3403 3878 3534 3922; x_wconf 91' lang='lat' dir='ltr'><strong>cum</strong></span> <span class='ocrx_word' id='word_1_755' title='bbox 3565 3865 3688 3921; x_wconf 83' lang='lat' dir='ltr'><strong>Do-</strong></span> 
     </span>
    </p>
   </div>
   <div class='ocr_carea' id='block_1_106' title="bbox 2033 3956 2706 4027">
    <p class='ocr_par' dir='ltr' id='par_1_106' title="bbox 2033 3956 2706 4027">
     <span class='ocr_line' id='line_1_107' title="bbox 2033 3956 2706 4027; baseline -0.006 -13"><span class='ocrx_word' id='word_1_756' title='bbox 2033 3959 2188 4015; x_wconf 91' lang='lat' dir='ltr'><strong>mino</strong></span> <span class='ocrx_word' id='word_1_757' title='bbox 2211 3957 2280 4013; x_wconf 90' lang='lat' dir='ltr'><strong>ad</strong></span> <span class='ocrx_word' id='word_1_758' title='bbox 2308 3956 2706 4027; x_wconf 89' lang='lat' dir='ltr'><strong>judicandum.</strong></span> 
     </span>
    </p>
   </div>
   <div class='ocr_carea' id='block_1_107' title="bbox 2100 4062 3502 4133">
    <p class='ocr_par' dir='ltr' id='par_1_107' title="bbox 2100 4062 3502 4133">
     <span class='ocr_line' id='line_1_108' title="bbox 2100 4062 3502 4133; baseline -0.004 -11"><span class='ocrx_word' id='word_1_759' title='bbox 2100 4067 2227 4122; x_wconf 80' lang='lat' dir='ltr'><strong>CAP.</strong></span> <span class='ocrx_word' id='word_1_760' title='bbox 2262 4064 2354 4119; x_wconf 92' lang='lat' dir='ltr'><strong>lll.</strong></span> <span class='ocrx_word' id='word_1_761' title='bbox 2380 4095 2454 4104; x_wconf 99' lang='lat'>—</span> <span class='ocrx_word' id='word_1_762' title='bbox 2480 4064 2537 4119; x_wconf 93' lang='lat' dir='ltr'><strong>S.</strong></span> <span class='ocrx_word' id='word_1_763' title='bbox 2572 4064 2818 4118; x_wconf 73' lang='lat' dir='ltr'><strong>Matthiae</strong></span> <span class='ocrx_word' id='word_1_764' title='bbox 2843 4069 2994 4132; x_wconf 87' lang='lat' dir='ltr'><strong>gesta</strong></span> <span class='ocrx_word' id='word_1_765' title='bbox 3023 4064 3259 4133; x_wconf 80' lang='lat' dir='ltr'><strong>reliqua.</strong></span> <span class='ocrx_word' id='word_1_766' title='bbox 3291 4062 3502 4119; x_wconf 78' lang='lat' dir='ltr'><strong>Obitus.</strong></span> 
     </span>
    </p>
   </div>
   <div class='ocr_carea' id='block_1_108' title="bbox 2104 4152 3682 4221">
    <p class='ocr_par' dir='ltr' id='par_1_108' title="bbox 2104 4152 3682 4221">
     <span class='ocr_line' id='line_1_109' title="bbox 2104 4152 3682 4221; baseline -0.002 -11"><span class='ocrx_word' id='word_1_767' title='bbox 2104 4153 2190 4210; x_wconf 82' lang='grc' dir='ltr'><strong>Μ.</strong></span> <span class='ocrx_word' id='word_1_768' title='bbox 2238 4154 2337 4210; x_wconf 83' lang='lat' dir='ltr'><strong>llis</strong></span> <span class='ocrx_word' id='word_1_769' title='bbox 2369 4153 2449 4210; x_wconf 91' lang='lat' dir='ltr'><strong>ita</strong></span> <span class='ocrx_word' id='word_1_770' title='bbox 2490 4153 2768 4221; x_wconf 82' lang='lat' dir='ltr'><strong>deﬁnitis,</strong></span> <span class='ocrx_word' id='word_1_771' title='bbox 2803 4153 3052 4209; x_wconf 90' lang='lat' dir='ltr'><strong>breviter</strong></span> <span class='ocrx_word' id='word_1_772' title='bbox 3079 4153 3149 4208; x_wconf 90' lang='lat' dir='ltr'><strong>ad</strong></span> <span class='ocrx_word' id='word_1_773' title='bbox 3192 4153 3416 4208; x_wconf 89' lang='lat' dir='ltr'><strong>laudem</strong></span> <span class='ocrx_word' id='word_1_774' title='bbox 3445 4153 3502 4207; x_wconf 91' lang='lat' dir='ltr'><strong>B.</strong></span> <span class='ocrx_word' id='word_1_775' title='bbox 3538 4152 3682 4207; x_wconf 83' lang='lat' dir='ltr'><strong>Mat-</strong></span> 
     </span>
    </p>
   </div>
   <div class='ocr_carea' id='block_1_109' title="bbox 2032 4241 3691 4313">
    <p class='ocr_par' dir='ltr' id='par_1_109' title="bbox 2032 4241 3691 4313">
     <span class='ocr_line' id='line_1_110' title="bbox 2032 4241 3691 4313; baseline -0.003 -13"><span class='ocrx_word' id='word_1_776' title='bbox 2032 4243 2170 4300; x_wconf 87' lang='lat' dir='ltr'><strong>thia</strong></span> <span class='ocrx_word' id='word_1_777' title='bbox 2192 4243 2436 4313; x_wconf 89' lang='lat' dir='ltr'><strong>apostoli</strong></span> <span class='ocrx_word' id='word_1_778' title='bbox 2467 4241 2838 4298; x_wconf 90' lang='lat' dir='ltr'><strong>devotissime</strong></span> <span class='ocrx_word' id='word_1_779' title='bbox 2870 4248 3240 4298; x_wconf 88' lang='lat' dir='ltr'><strong>revertamur.</strong></span> <span class='ocrx_word' id='word_1_780' title='bbox 3287 4241 3691 4298; x_wconf 80' lang='lat' dir='ltr'><strong>Gloriﬁcemus</strong></span> 
     </span>
    </p>
   </div>
   <div class='ocr_carea' id='block_1_110' title="bbox 2035 4328 3692 4403">
    <p class='ocr_par' dir='ltr' id='par_1_110' title="bbox 2035 4328 3692 4403">
     <span class='ocr_line' id='line_1_111' title="bbox 2035 4328 3692 4403; baseline -0.003 -15"><span class='ocrx_word' id='word_1_781' title='bbox 2035 4333 2223 4403; x_wconf 91' lang='lat' dir='ltr'><strong>illum,</strong></span> <span class='ocrx_word' id='word_1_782' title='bbox 2257 4336 2313 4387; x_wconf 91' lang='lat' dir='ltr'><strong>et</strong></span> <span class='ocrx_word' id='word_1_783' title='bbox 2346 4343 2698 4400; x_wconf 89' lang='lat' dir='ltr'><strong>veneremur,</strong></span> <span class='ocrx_word' id='word_1_784' title='bbox 2735 4343 2800 4385; x_wconf 86' lang='lat' dir='ltr'><strong>ac</strong></span> <span class='ocrx_word' id='word_1_785' title='bbox 2831 4329 3172 4399; x_wconf 90' lang='lat' dir='ltr'><strong>triumphali</strong></span> <span class='ocrx_word' id='word_1_786' title='bbox 3198 4329 3370 4385; x_wconf 91' lang='lat' dir='ltr'><strong>laude</strong></span> <span class='ocrx_word' id='word_1_787' title='bbox 3400 4328 3692 4400; x_wconf 85' lang='lat' dir='ltr'><strong>perpetuis</strong></span> 
     </span>
    </p>
   </div>
   <div class='ocr_carea' id='block_1_111' title="bbox 1945 4405 3689 4493">
    <p class='ocr_par' dir='ltr' id='par_1_111' title="bbox 1945 4405 3689 4493">
     <span class='ocr_line' id='line_1_112' title="bbox 1945 4405 3689 4493; baseline -0.005 -15"><span class='ocrx_word' id='word_1_788' title='bbox 1945 4405 2002 4468; x_wconf 83' lang='lat' dir='ltr'><strong>D</strong></span> <span class='ocrx_word' id='word_1_789' title='bbox 2036 4422 2338 4493; x_wconf 83' lang='lat' dir='ltr'><strong>praconiis</strong></span> <span class='ocrx_word' id='word_1_790' title='bbox 2393 4420 2774 4476; x_wconf 91' lang='lat' dir='ltr'><strong>declaremus.</strong></span> <span class='ocrx_word' id='word_1_791' title='bbox 2825 4418 3118 4474; x_wconf 90' lang='lat' dir='ltr'><strong>Imitantes</strong></span> <span class='ocrx_word' id='word_1_792' title='bbox 3162 4418 3393 4474; x_wconf 91' lang='lat' dir='ltr'><strong>interim</strong></span> <span class='ocrx_word' id='word_1_793' title='bbox 3438 4423 3689 4472; x_wconf 86' lang='lat' dir='ltr'><strong>sanctam</strong></span> 
     </span>
    </p>
   </div>
   <div class='ocr_carea' id='block_1_112' title="bbox 2034 4506 3689 4580">
    <p class='ocr_par' dir='ltr' id='par_1_112' title="bbox 2034 4506 3689 4580">
     <span class='ocr_line' id='line_1_113' title="bbox 2034 4506 3689 4580; baseline -0.004 -14"><span class='ocrx_word' id='word_1_794' title='bbox 2034 4511 2200 4567; x_wconf 92' lang='lat' dir='ltr'><strong>illius</strong></span> <span class='ocrx_word' id='word_1_795' title='bbox 2227 4510 2632 4580; x_wconf 91' lang='lat' dir='ltr'><strong>humilitatem,</strong></span> <span class='ocrx_word' id='word_1_796' title='bbox 2674 4522 2801 4580; x_wconf 85' lang='lat' dir='ltr'><strong>qua</strong></span> <span class='ocrx_word' id='word_1_797' title='bbox 2851 4513 2938 4564; x_wconf 90' lang='lat' dir='ltr'><strong>est</strong></span> <span class='ocrx_word' id='word_1_798' title='bbox 2976 4511 3155 4563; x_wconf 88' lang='lat' dir='ltr'><strong>mater</strong></span> <span class='ocrx_word' id='word_1_799' title='bbox 3185 4506 3442 4562; x_wconf 90' lang='lat' dir='ltr'><strong>omnium</strong></span> <span class='ocrx_word' id='word_1_800' title='bbox 3469 4509 3689 4560; x_wconf 88' lang='lat' dir='ltr'><strong>sancta-</strong></span> 
     </span>
    </p>
   </div>
   <div class='ocr_carea' id='block_1_113' title="bbox 2033 4593 3690 4668">
    <p class='ocr_par' dir='ltr' id='par_1_113' title="bbox 2033 4593 3690 4668">
     <span class='ocr_line' id='line_1_114' title="bbox 2033 4593 3690 4668; baseline -0.004 -12"><span class='ocrx_word' id='word_1_801' title='bbox 2033 4615 2156 4658; x_wconf 92' lang='lat' dir='ltr'><strong>rum</strong></span> <span class='ocrx_word' id='word_1_802' title='bbox 2188 4601 2501 4656; x_wconf 89' lang='lat' dir='ltr'><strong>virtutum:</strong></span> <span class='ocrx_word' id='word_1_803' title='bbox 2541 4612 2841 4655; x_wconf 81' lang='lat' dir='ltr'><strong>caveamus</strong></span> <span class='ocrx_word' id='word_1_804' title='bbox 2870 4596 3220 4668; x_wconf 89' lang='lat' dir='ltr'><strong>superbiam,</strong></span> <span class='ocrx_word' id='word_1_805' title='bbox 3254 4609 3380 4667; x_wconf 80' lang='lat' dir='ltr'><strong>qua</strong></span> <span class='ocrx_word' id='word_1_806' title='bbox 3408 4599 3496 4650; x_wconf 91' lang='lat' dir='ltr'><strong>est</strong></span> <span class='ocrx_word' id='word_1_807' title='bbox 3522 4593 3690 4650; x_wconf 85' lang='lat' dir='ltr'><strong>radix</strong></span> 
     </span>
    </p>
   </div>
   <div class='ocr_carea' id='block_1_114' title="bbox 2029 4683 3690 4758">
    <p class='ocr_par' dir='ltr' id='par_1_114' title="bbox 2029 4683 3690 4758">
     <span class='ocr_line' id='line_1_115' title="bbox 2029 4683 3690 4758; baseline -0.004 -13"><span class='ocrx_word' id='word_1_808' title='bbox 2029 4689 2286 4745; x_wconf 88' lang='lat' dir='ltr'><strong>omnium</strong></span> <span class='ocrx_word' id='word_1_809' title='bbox 2316 4689 2592 4745; x_wconf 90' lang='lat' dir='ltr'><strong>malorum</strong></span> <span class='ocrx_word' id='word_1_810' title='bbox 2619 4707 2633 4744; x_wconf 92' lang='lat'><strong>:</strong></span> <span class='ocrx_word' id='word_1_811' title='bbox 2677 4701 2849 4758; x_wconf 91' lang='lat' dir='ltr'><strong>quam</strong></span> <span class='ocrx_word' id='word_1_812' title='bbox 2875 4685 3164 4758; x_wconf 89' lang='lat' dir='ltr'><strong>sequendo</strong></span> <span class='ocrx_word' id='word_1_813' title='bbox 3195 4685 3296 4742; x_wconf 89' lang='lat' dir='ltr'><strong>ille</strong></span> <span class='ocrx_word' id='word_1_814' title='bbox 3328 4684 3430 4756; x_wconf 91' lang='lat' dir='ltr'><strong>qui</strong></span> <span class='ocrx_word' id='word_1_815' title='bbox 3461 4683 3690 4756; x_wconf 89' lang='lat' dir='ltr'><strong>primus</strong></span> 
     </span>
    </p>
   </div>
   <div class='ocr_carea' id='block_1_115' title="bbox 2026 4773 3690 4851">
    <p class='ocr_par' dir='ltr' id='par_1_115' title="bbox 2026 4773 3690 4851">
     <span class='ocr_line' id='line_1_116' title="bbox 2026 4773 3690 4851; baseline -0.004 -16"><span class='ocrx_word' id='word_1_816' title='bbox 2026 4781 2242 4851; x_wconf 91' lang='lat' dir='ltr'><strong>ejectus</strong></span> <span class='ocrx_word' id='word_1_817' title='bbox 2279 4784 2364 4834; x_wconf 91' lang='lat' dir='ltr'><strong>est</strong></span> <span class='ocrx_word' id='word_1_818' title='bbox 2411 4783 2467 4834; x_wconf 91' lang='lat' dir='ltr'><strong>et</strong></span> <span class='ocrx_word' id='word_1_819' title='bbox 2516 4777 2782 4847; x_wconf 87' lang='lat' dir='ltr'><strong>princeps</strong></span> <span class='ocrx_word' id='word_1_820' title='bbox 2829 4776 3054 4832; x_wconf 89' lang='lat' dir='ltr'><strong>exstitit</strong></span> <span class='ocrx_word' id='word_1_821' title='bbox 3098 4775 3357 4832; x_wconf 90' lang='lat' dir='ltr'><strong>omnium</strong></span> <span class='ocrx_word' id='word_1_822' title='bbox 3404 4773 3690 4830; x_wconf 91' lang='lat' dir='ltr'><strong>malorum</strong></span> 
     </span>
    </p>
   </div>
   <div class='ocr_carea' id='block_1_116' title="bbox 2028 4863 3690 4937">
    <p class='ocr_par' dir='ltr' id='par_1_116' title="bbox 2028 4863 3690 4937">
     <span class='ocr_line' id='line_1_117' title="bbox 2028 4863 3690 4937; baseline -0.002 -13"><span class='ocrx_word' id='word_1_823' title='bbox 2028 4869 2088 4925; x_wconf 91' lang='lat' dir='ltr'><strong>in</strong></span> <span class='ocrx_word' id='word_1_824' title='bbox 2130 4875 2398 4924; x_wconf 90' lang='lat' dir='ltr'><strong>aternam</strong></span> <span class='ocrx_word' id='word_1_825' title='bbox 2453 4865 2847 4937; x_wconf 71' lang='lat' dir='ltr'><strong>praecipitatus</strong></span> <span class='ocrx_word' id='word_1_826' title='bbox 2896 4871 2984 4921; x_wconf 90' lang='lat' dir='ltr'><strong>est</strong></span> <span class='ocrx_word' id='word_1_827' title='bbox 3032 4865 3480 4922; x_wconf 90' lang='lat' dir='ltr'><strong>damnationem.</strong></span> <span class='ocrx_word' id='word_1_828' title='bbox 3529 4863 3690 4920; x_wconf 91' lang='lat' dir='ltr'><strong>Unde</strong></span> 
     </span>
    </p>
   </div>
   <div class='ocr_carea' id='block_1_117' title="bbox 2009 4953 3686 5024">
    <p class='ocr_par' dir='ltr' id='par_1_117' title="bbox 2009 4953 3686 5024">
     <span class='ocr_line' id='line_1_118' title="bbox 2009 4953 3686 5024; baseline -0.003 -9"><span class='ocrx_word' id='word_1_829' title='bbox 2009 4961 2175 5016; x_wconf 83' lang='lat' dir='ltr'><strong>Deus</strong></span> <span class='ocrx_word' id='word_1_830' title='bbox 2229 4961 2421 5014; x_wconf 89' lang='lat' dir='ltr'><strong>noster</strong></span> <span class='ocrx_word' id='word_1_831' title='bbox 2466 4955 2714 5012; x_wconf 83' lang='lat' dir='ltr'><strong>clemens</strong></span> <span class='ocrx_word' id='word_1_832' title='bbox 2761 4958 2819 5010; x_wconf 90' lang='lat' dir='ltr'><strong>et</strong></span> <span class='ocrx_word' id='word_1_833' title='bbox 2858 4953 3240 5024; x_wconf 84' lang='lat' dir='ltr'><strong>omnipotens,</strong></span> <span class='ocrx_word' id='word_1_834' title='bbox 3299 4967 3410 5010; x_wconf 93' lang='lat' dir='ltr'><strong>non</strong></span> <span class='ocrx_word' id='word_1_835' title='bbox 3461 4957 3686 5010; x_wconf 89' lang='lat' dir='ltr'><strong>tantum</strong></span> 
     </span>
    </p>
   </div>
   <div class='ocr_carea' id='block_1_118' title="bbox 2026 5040 3688 5122">
    <p class='ocr_par' dir='ltr' id='par_1_118' title="bbox 2026 5040 3688 5122">
     <span class='ocr_line' id='line_1_119' title="bbox 2026 5040 3688 5122; baseline -0.004 -15"><span class='ocrx_word' id='word_1_836' title='bbox 2026 5063 2230 5122; x_wconf 90' lang='lat' dir='ltr'><strong>passus</strong></span> <span class='ocrx_word' id='word_1_837' title='bbox 2262 5049 2322 5104; x_wconf 93' lang='lat' dir='ltr'><strong>in</strong></span> <span class='ocrx_word' id='word_1_838' title='bbox 2352 5046 2565 5104; x_wconf 82' lang='lat' dir='ltr'><strong>calesti</strong></span> <span class='ocrx_word' id='word_1_839' title='bbox 2595 5045 2778 5118; x_wconf 88' lang='lat' dir='ltr'><strong>patria</strong></span> <span class='ocrx_word' id='word_1_840' title='bbox 2811 5057 3142 5117; x_wconf 89' lang='lat' dir='ltr'><strong>permanere</strong></span> <span class='ocrx_word' id='word_1_841' title='bbox 3169 5040 3194 5079; x_wconf 75' lang='grc' dir='ltr'><strong>ιι</strong></span> <span class='ocrx_word' id='word_1_842' title='bbox 3225 5043 3478 5117; x_wconf 87' lang='lat' dir='ltr'><strong>ruinam,</strong></span> <span class='ocrx_word' id='word_1_843' title='bbox 3512 5057 3688 5102; x_wconf 89' lang='lat' dir='ltr'><strong>novos</strong></span> 
     </span>
    </p>
   </div>
   <div class='ocr_carea' id='block_1_119' title="bbox 2022 5209 3254 5334">
    <p class='ocr_par' dir='ltr' id='par_1_119' title="bbox 2022 5209 3254 5334">
     <span class='ocr_line' id='line_1_120' title="bbox 2022 5209 3254 5334; baseline -0.006 -11"><span class='ocrx_word' id='word_1_844' title='bbox 2022 5209 2351 5322; x_wconf 50' lang='lat' dir='ltr'><strong>vegslltgrum</strong></span> <span class='ocrx_word' id='word_1_845' title='bbox 2389 5266 2637 5334; x_wconf 91' lang='lat' dir='ltr'><strong>quatuor</strong></span> <span class='ocrx_word' id='word_1_846' title='bbox 2655 5275 2855 5318; x_wconf 86' lang='lat' dir='ltr'><strong>versus</strong></span> <span class='ocrx_word' id='word_1_847' title='bbox 2883 5260 3254 5318; x_wconf 89' lang='lat' dir='ltr'><strong>omittuntur.</strong></span> 
     </span>
    </p>
   </div>
   <div class='ocr_carea' id='block_1_120' title="bbox 2094 5334 3111 5394">
    <p class='ocr_par' dir='ltr' id='par_1_120' title="bbox 2094 5334 3111 5394">
     <span class='ocr_line' id='line_1_121' title="bbox 2094 5334 3111 5394; baseline -0.006 0"><span class='ocrx_word' id='word_1_848' title='bbox 2094 5338 2112 5376; x_wconf 72' lang='grc' dir='ltr'>τ</span> <span class='ocrx_word' id='word_1_849' title='bbox 2139 5337 2254 5394; x_wconf 90' lang='lat' dir='ltr'><strong>Alii</strong></span> <span class='ocrx_word' id='word_1_850' title='bbox 2286 5337 2477 5392; x_wconf 91' lang='lat' dir='ltr'><strong>decem</strong></span> <span class='ocrx_word' id='word_1_851' title='bbox 2514 5349 2713 5391; x_wconf 91' lang='lat' dir='ltr'><strong>versus</strong></span> <span class='ocrx_word' id='word_1_852' title='bbox 2742 5334 3111 5390; x_wconf 90' lang='lat' dir='ltr'><strong>omittuntur.</strong></span> 
     </span>
    </p>
   </div>
   <div class='ocr_carea' id='block_1_121' title="bbox 2093 5398 3680 5480">
    <p class='ocr_par' dir='ltr' id='par_1_121' title="bbox 2093 5398 3680 5480">
     <span class='ocr_line' id='line_1_122' title="bbox 2093 5398 3680 5480; baseline -0.007 -18"><span class='ocrx_word' id='word_1_853' title='bbox 2093 5423 2120 5462; x_wconf 73' lang='grc' dir='ltr'><strong>ς</strong></span> <span class='ocrx_word' id='word_1_854' title='bbox 2147 5407 2407 5480; x_wconf 86' lang='lat' dir='ltr'><strong>Mombr.,</strong></span> <span class='ocrx_word' id='word_1_855' title='bbox 2463 5412 2512 5462; x_wconf 82' lang='lat' dir='ltr'><strong>et</strong></span> <span class='ocrx_word' id='word_1_856' title='bbox 2542 5409 2666 5476; x_wconf 84' lang='lat' dir='ltr'><strong>quis</strong></span> <span class='ocrx_word' id='word_1_857' title='bbox 2702 5422 2846 5461; x_wconf 89' lang='lat' dir='ltr'><strong>unus</strong></span> <span class='ocrx_word' id='word_1_858' title='bbox 2872 5405 3327 5480; x_wconf 41' lang='lat' dir='ltr'><strong>indefeciderit,</strong></span> <span class='ocrx_word' id='word_1_859' title='bbox 3359 5404 3410 5456; x_wconf 80' lang='lat' dir='ltr'><strong>et</strong></span> <span class='ocrx_word' id='word_1_860' title='bbox 3461 5399 3584 5469; x_wconf 86' lang='lat' dir='ltr'><strong>quis</strong></span> <span class='ocrx_word' id='word_1_861' title='bbox 3620 5398 3680 5452; x_wconf 81' lang='lat' dir='ltr'><strong>in</strong></span> 
     </span>
    </p>
   </div>
   <div class='ocr_carea' id='block_1_122' title="bbox 2023 5473 3372 5550">
    <p class='ocr_par' dir='ltr' id='par_1_122' title="bbox 2023 5473 3372 5550">
     <span class='ocr_line' id='line_1_123' title="bbox 2023 5473 3372 5550; baseline -0.009 -13"><span class='ocrx_word' id='word_1_862' title='bbox 2023 5483 2132 5537; x_wconf 87' lang='lat' dir='ltr'><strong>loco</strong></span> <span class='ocrx_word' id='word_1_863' title='bbox 2162 5482 2278 5550; x_wconf 83' lang='lat' dir='ltr'><strong>ejus</strong></span> <span class='ocrx_word' id='word_1_864' title='bbox 2304 5473 2479 5548; x_wconf 73' lang='lat' dir='ltr'><strong>fuerit</strong></span> <span class='ocrx_word' id='word_1_865' title='bbox 2521 5473 2868 5548; x_wconf 72' lang='lat' dir='ltr'><strong>subrogatus,</strong></span> <span class='ocrx_word' id='word_1_866' title='bbox 2898 5481 2976 5531; x_wconf 83' lang='lat' dir='ltr'><strong>est</strong></span> <span class='ocrx_word' id='word_1_867' title='bbox 3003 5477 3065 5531; x_wconf 89' lang='lat' dir='ltr'><strong>B.</strong></span> <span class='ocrx_word' id='word_1_868' title='bbox 3092 5473 3372 5530; x_wconf 83' lang='lat' dir='ltr'><strong>Matthias.</strong></span> 
     </span>
    </p>
   </div>
   <div class='ocr_carea' id='block_1_123' title="bbox 2089 5550 2963 5609">
    <p class='ocr_par' dir='ltr' id='par_1_123' title="bbox 2089 5550 2963 5609">
     <span class='ocr_line' id='line_1_124' title="bbox 2089 5550 2963 5609; baseline -0.007 -1"><span class='ocrx_word' id='word_1_869' title='bbox 2089 5554 2115 5593; x_wconf 76' lang='grc' dir='ltr'>ιι</span> <span class='ocrx_word' id='word_1_870' title='bbox 2139 5550 2503 5609; x_wconf 84' lang='lat' dir='ltr'><strong>Mombritius</strong></span> <span class='ocrx_word' id='word_1_871' title='bbox 2543 5551 2963 5607; x_wconf 83' lang='lat' dir='ltr'><strong>damnationem.</strong></span> 
     </span>
    </p>
   </div>
  </div>
