4068 6178
505 261 636 322 4034
1091 259 1380 320 APPEND.
1422 259 1516 316 AD
1554 257 1716 316 SIEC.
1760 259 1860 334 IX,
1897 288 1971 302 —
2005 257 2332 316 SUPPLEM.
2376 258 2469 316 AD
2505 259 2701 319 AUCT.
2741 261 3103 322 CERTIORIS
3138 263 3320 323 ANNI.
3710 279 3814 341 1032

503 389 736 462 angelos
777 400 1057 457 recreans,
1106 398 1422 456 novamquc
1461 389 1778 442 creaturam
1820 385 1890 442 ad
1941 383 2238 456 imagi-A
2267 383 2413 441 viris
2461 391 2729 457 operatus
2759 388 2852 446 sit.
2908 391 3048 446 Nam
3108 390 3305 462 utique
3340 390 3466 450 illos
3486 404 3608 468 erat,
3652 404 3813 472 quibus

507 496 632 538 nem
681 485 736 536 et
805 476 1252 534 similitudinem
1313 488 1472 533 suam
1538 475 1826 567 hominem
1878 474 2158 567 plasmare
2265 473 2531 567 Christus
2561 477 2770 567 tribuit
2797 481 3126 567 potestatem
3148 479 3374 537 dicens:
3408 484 3603 556 «Signa
3625 503 3814 567 qumego

503 573 776 644 dignatus
843 575 965 625 est:
1032 581 1102 624 ex
1165 567 1332 637 cujus
1402 565 1688 637 progenie,
1761 567 1949 620 tantos
2015 564 2159 620 illuc
2268 562 2437 636 facio,
2466 571 2638 623 etvos
2663 565 2887 623 facietis
2911 565 3085 640 (Ioan.
3111 582 3229 638 xxv,
3254 567 3484 641 42);»et
3508 575 3559 630 in
3585 576 3682 634 alio
3703 562 3810 651 loco:

504 661 808 718 ascendere
846 657 1052 715 statuit
1080 671 1208 713 cum
1265 655 1388 726 ipsa
1435 653 1704 709 videlicet
1741 653 2160 710 instauratione

504 749 981 819 decimiordinis,
1007 751 1250 818 quantos
1277 744 1401 800 illic
1429 748 1656 800 sanctos
1683 743 1916 815 angelos
1948 757 2162 799 reman-

505 842 652 899 sisse
702 839 977 908 creditur,
1031 837 1268 893 docente
1323 838 1518 890 sancto
1589 833 1895 904 propheta:
1956 832 2163 889 statuit

504 930 783 989 terminos
823 925 1080 999 gentium
1136 923 1450 980 secundum
1499 935 1799 978 numerum
1829 920 2160 992 angelorum

502 1021 626 1080 Dei.
658 1018 743 1074 Ab
771 1018 880 1072 ista
911 1027 1154 1084 namque
1191 1012 1360 1068 ruina
1389 1010 1672 1082 superbiae
1700 1011 1980 1067 Dominus
2001 1008 2166 1064 Chri.

505 1117 631 1168 stus
655 1104 978 1176 discipulos
1013 1116 1149 1159 suos
1178 1113 1378 1157 eruere
1410 1112 1748 1170 praecavens,
1793 1113 1920 1155 cum
1965 1098 2159 1154 dixis—

505 1204 631 1256 sent
673 1198 762 1253 ei:
803 1217 828 1246 (ι
885 1193 1143 1261 Domine,
1199 1191 1372 1246 etiam
1425 1189 1705 1245 daemonia
1762 1187 2159 1259 subjiciuntur

507 1289 694 1358 nobis,
725 1287 809 1342 ait
841 1284 964 1339 illis
994 1301 1006 1337 :
1055 1280 1322 1338 Videbam
1352 1280 1519 1335 Satan
1552 1279 1705 1335 sicut
1735 1275 1932 1350 fulgur
1959 1279 2161 1334 caden-

506 1385 613 1434 tem
663 1377 733 1431 de
774 1373 916 1430 coelo
963 1371 1092 1443 (Luc
1133 1384 1188 1442 x,
1252 1366 1315 1425 47
1351 1375 1401 1424 ct
1434 1367 1537 1440 48).
1594 1385 1618 1418 ››
1664 1368 1741 1423 Ac
1789 1367 1839 1423 si
1889 1367 2148 1423 diceret:

501 1467 734 1524 Studete
767 1465 826 1520 in
852 1461 1120 1519 omnibus
1151 1458 1451 1516 humiliter
1478 1458 1685 1530 vivere,
1717 1461 1774 1513 et
1795 1455 1865 1512 de
1897 1456 2158 1511 miracu—

505 1557 580 1612 lis
603 1555 780 1613 nolite
805 1551 1064 1626 gloriari,
1101 1563 1170 1605 ne
1191 1548 1410 1605 cadatis
1443 1547 1716 1603 similiter
1739 1546 1891 1602 sicut
1921 1545 2020 1600 ille
2051 1545 2151 1616 qui

504 1645 644 1702 talia
686 1642 908 1700 dilexit.
956 1640 1198 1696 Proinde
1243 1639 1347 1694 hoc
1379 1641 1720 1708 praeceptum
1755 1635 1982 1691 Domini
2015 1634 2153 1690 bea-

2272 675 2300 703 «
2329 655 2388 711 Si
2415 655 2687 712 dixeritis
2714 659 2890 714 monti
2921 659 3084 716 huic:
3120 660 3317 716 Transi
3350 660 3492 732 hinc,
3521 671 3817 727 commovebit

2269 743 2339 800 de
2365 743 2488 801 loco
2523 760 2629 803 suo
2649 748 2861 817 (Matth.
2895 762 3036 818 xvn,
3069 745 3171 822 49),
3209 767 3234 799 »
3271 771 3296 803 α
3325 751 3636 810 Identidem:
3665 758 3817 818 Habete

2272 837 2602 904 potestatem
2633 835 2891 893 calcandi
2915 851 3086 907 super
3099 837 3312 895 bestias
3324 844 3378 896 et
3399 843 3687 912 scorpiones
3709 849 3814 918 (Luc.

2272 936 2330 993 x,
2367 921 2470 996 49).
2516 941 2542 974 ››
2573 925 2631 981 Si
2672 927 2825 982 enim
2862 927 3092 984 Christo
3127 933 3440 1000 attestante,
3481 933 3568 1002 qui
3609 938 3818 995 veraciter

2270 1013 2484 1070 veritas
2524 1018 2629 1085 est,
2665 1015 2736 1071 de
2766 1015 3173 1074 miraculorum
3206 1018 3508 1076 virtutibus
3538 1023 3816 1084 retinendum

2267 1106 2372 1172 est,
2415 1103 2564 1174 quod
2601 1105 2710 1160 iste
2758 1106 2850 1161 vir
2896 1107 3122 1163 Domini
3177 1107 3324 1164 inter
3363 1115 3574 1167 caeteros
3602 1115 3817 1182 apostolos

2265 1197 2532 1263 operatus
2580 1194 2685 1250 sit:
2747 1200 2990 1266 quantas
3034 1197 3198 1253 illum
3263 1199 3533 1256 credimus
3571 1206 3818 1260 exercuisse

2263 1283 2507 1338 virtutes
2538 1284 2944 1340 miraculorum
2971 1304 2986 1356 ς
3020 1285 3080 1341 ἱη
3115 1287 3404 1356 provincia
3434 1289 3816 1366 scilicetludaa,

2265 1371 2491 1442 quazilli
2522 1371 2579 1427 in
2605 1379 2757 1430 sorte
2788 1375 3216 1444 praedicationis
3248 1377 3508 1433 advenit?
3535 1381 3695 1451 Neque
3709 1384 3819 1439 enim

2266 1460 2623 1517 incredulum
2655 1463 2929 1532 populum
2955 1465 3024 1520 ad
3055 1464 3220 1520 tidem
3245 1465 3453 1522 Christi
3471 1474 3742 1526 convertere
3759 1485 3822 1527 ve

2264 1550 2468 1607 luisset
2489 1549 2614 1605 sine
2641 1551 3048 1609 miraculorum
3074 1555 3408 1623 patratione,
3430 1556 3569 1614 sicut
3584 1559 3642 1613 de
3663 1563 3821 1618 sanctis

2264 1636 2543 1709 apostolis
2573 1637 2837 1710 legimus.
2875 1661 2901 1693 «
2934 1643 3037 1697 Per
3075 1655 3281 1700 manus
3310 1650 3487 1701 autem
3515 1647 3818 1716 apostolorum

505 1736 767 1793 tissimus
814 1732 914 1788 Dei
973 1729 1268 1802 apostolus
1326 1727 1595 1783 Matthias
1659 1725 2050 1796 amplectendo
2097 1717 2236 1782 etB
2269 1728 2476 1784 ﬂebant
2505 1728 2670 1801 signa
2710 1733 2766 1785 et
2802 1731 3067 1802 prodigia
3093 1731 3240 1804 (Act.
3276 1747 3330 1801 v,
3362 1731 3477 1805 42);
3506 1754 3528 1784 ››
3559 1736 3683 1792 etde
3702 1737 3821 1794 beato

506 1824 824 1892 retinendo,
870 1823 928 1876 in
976 1817 1280 1876 charitatis
1327 1814 1697 1872 fundamento
1744 1815 2046 1885 solidatus.
2091 1813 2153 1869 in

506 1914 835 1970 humilitate
858 1915 1080 1966 nectare
1104 1908 1207 1979 [F.,
1231 1906 1404 1977 arcte]
1420 1919 1732 1974 connexus,
1757 1904 1841 1960 sic
1856 1903 2156 1959 humiliter

503 2003 691 2060 vivere
715 2000 964 2070 studuit,
996 2003 1052 2053 et
1089 1998 1238 2052 inter
1266 1995 1628 2067 septuaginta
1658 1993 1804 2050 duos
1829 1993 2152 2064 discipulos

501 2093 697 2151 divina
741 2091 925 2163 gratia
955 2088 1175 2144 electus
1222 2086 1291 2142 ad
1339 2085 1694 2156 apostolatus
1741 2083 1982 2156 gloriam
2007 2097 2152 2140 con—

503 2183 769 2242 scendere
797 2179 1088 2236 meruerit.

578 2272 661 2330 42.
697 2271 872 2327 Habet
897 2282 1030 2341 ergo
1061 2265 1356 2338 apostolus
1382 2264 1610 2322 Domini
1643 2263 1950 2336 gloriosus,
1985 2264 2155 2321 habet

504 2361 756 2436 profecto
783 2359 1219 2432 praerogativam
1259 2355 1652 2412 excellentiam
1683 2353 2011 2425 apostolicae
2053 2354 2156 2409 di—

504 2453 764 2527 gnitatis,
811 2465 923 2507 non
963 2462 1137 2520 supra
1161 2461 1373 2518 omnes,
1404 2445 1500 2502 sed
1533 2458 1661 2500 cum
1688 2443 1993 2500 omnibus:
2043 2456 2154 2500 non

501 2555 524 2582 ·
553 2541 924 2598 excellentior
945 2538 1192 2608 cunctis,
1212 2537 1307 2592 sed
1331 2534 1600 2592 omnibus
1619 2532 1945 2603 coaequalis.
1971 2532 2157 2602 Quare

511 2633 618 2688 hoc
638 2631 665 2685 ‘l
697 2632 800 2686 Pro
845 2643 910 2686 eo
962 2628 1184 2697 utique,
1221 2626 1370 2698 quod
1402 2623 1682 2680 Dominus
1709 2623 1996 2693 Christus,
2023 2637 2154 2680 cum

505 2723 836 2791 potestatem
915 2717 1197 2773 tribueret
1275 2716 1333 2770 B.
1400 2715 1564 2770 Petro
1615 2711 1872 2782 apostolo
1936 2711 2155 2783 ligandi

502 2815 675 2880 atque
704 2807 958 2865 solvendi
1006 2807 1065 2862 in
1097 2803 1260 2862 caelis
1283 2808 1340 2859 et
1380 2803 1438 2858 in
1472 2807 1643 2872 terra,
1674 2815 1784 2857 non
1819 2801 1906 2856 illi
1934 2801 2160 2858 solum-

505 2900 670 2956 modo
702 2897 814 2953 tale
847 2894 1223 2968 privilegium
1249 2891 1515 2962 contulit,
1554 2891 1648 2947 sed
1681 2889 1949 2946 omnibus
1969 2890 2156 2946 nimi—

503 3003 630 3046 rum
660 2985 958 3058 apostolis,
1002 2983 1385 3053 omnibusque
1420 2981 1479 3036 in
1506 2979 1844 3036 sacerdotali
1871 2980 2156 3052 dignitate

2261 1817 2543 1888 Stephano
2578 1819 2856 1889 scriptum
2905 1827 3028 1876 est:
3083 1841 3109 1873 α
3148 1822 3464 1892 Stephanus
3488 1828 3650 1880 autem
3676 1825 3822 1895 plenus

2262 1908 2447 1980 gratia
2467 1912 2522 1963 et
2543 1905 2886 1965 fortitudine
2903 1907 3147 1964 faciebat
3171 1912 3431 1984 prodigia
3453 1919 3505 1968 et
3519 1913 3657 1984 signa
3677 1927 3822 1984 magna

2265 1997 2324 2052 in
2359 1996 2570 2067 populo
2620 1994 2761 2068 (Act.
2809 2011 2888 2068 vi,
2915 1996 2989 2072 8).
3024 2017 3050 2049 »
3081 2000 3186 2056 Sed
3247 2002 3380 2071 quia
3425 2001 3635 2058 minime
3666 2003 3822 2071 scripta

2262 2090 2397 2141 sunt
2417 2085 2691 2141 miracula
2707 2087 2762 2142 S.
2797 2087 3069 2160 Matthiae,
3095 2101 3207 2144 non
3222 2095 3358 2145 sunt
3384 2089 3724 2146 incredulitati
3743 2091 3825 2146 dis.

2264 2175 2534 2247 putanda,
2567 2175 2663 2232 sed
2699 2176 2949 2248 veritati,
2988 2192 3118 2235 cum
3146 2178 3222 2235 de
3276 2179 3398 2250 ipso
3446 2180 3657 2236 Domino
3679 2179 3824 2236 Salva-

2266 2271 2385 2320 tore
2401 2270 2686 2335 screptum
2715 2265 2828 2322 sit:
2863 2286 2890 2317 α
2922 2266 3098 2323 Multa
3117 2266 3356 2338 quidam
3377 2271 3430 2324 et
3448 2267 3552 2323 alia
3577 2269 3712 2340 signa
3729 2267 3823 2323 fecit

2211 2377 2214 2380 -
2261 2354 2424 2410 Jesus
2457 2353 2518 2409 in
2564 2358 2870 2425 conspectu
2899 2355 3328 2427 discipulorum
3379 2371 3593 2414 suorum
3622 2371 3722 2427 qua
3745 2368 3822 2410 non

2264 2447 2400 2498 sunt
2420 2443 2636 2512 scripta
2667 2443 2728 2499 in
2758 2442 2908 2499 libro
2939 2443 3046 2500 hoc
3071 2442 3253 2515 (Joan.
3287 2459 3383 2517 xx,
3417 2444 3516 2519 30).
3547 2465 3570 2495 n
3605 2447 3660 2501 Et
3682 2449 3826 2513 utpo-

2264 2531 2414 2588 tiora
2446 2531 2778 2604 inferamus,
2812 2532 3110 2590 sciendum
3136 2539 3227 2591 est
3250 2535 3462 2607 utique,
3482 2533 3614 2607 quod
3637 2538 3706 2589 tot
3724 2545 3827 2588 mor-

2267 2625 2397 2676 tuos
2417 2621 2784 2678 suscitaverit
2803 2625 2944 2692 quot
2963 2621 3034 2677 ab
3057 2626 3289 2680 aeterna
3307 2623 3660 2682 damnationis
3678 2627 3824 2678 morte:

2267 2708 2567 2766 salutifera
2599 2710 3023 2782 praedicatione,
3056 2711 3376 2783 eripuerit:
3410 2713 3548 2786 quod
3584 2725 3667 2783 per
3685 2707 3825 2767 omnia

2266 2797 2640 2856 excellentius
2673 2804 2844 2872 atque
2875 2799 3191 2872 gloriosius
3220 2817 3346 2860 esse
3371 2803 3665 2860 decernitur
3683 2813 3709 2855 a
3729 2811 3828 2869 pec-

2269 2887 2381 2944 cati
2438 2893 2618 2945 morte
2653 2889 2903 2946 animam
2953 2888 3288 2949 defunctam
3334 2892 3549 2950 Christo
3596 2889 3826 2947 restituere

2269 2991 2439 3049 quam
2493 2979 2774 3037 morituro
2820 2982 3047 3052 corpori
3097 2982 3279 3040 vitam
3321 2984 3538 3041 donare.
3567 2980 3689 3051 Quid
3715 2976 3825 3034 enim

504 3050 727 3136 locatis.
775 3050 1116 3132 Unde'sicut
1164 3073 1230 3128 ad
1269 3050 1712 3142 increpationem
1742 3071 1799 3124 B.
1835 3050 1984 3126 Petri
2012 3084 2160 3140 apo—
2189 3050 2238 3114 C
2270 3068 2582 3140 gloriosius
2610 3073 2781 3141 atque
2812 3050 3181 3142 praestantius
3209 3087 3379 3144 quam
3412 3050 3712 3130 aeternaliter
3727 3078 3823 3123 cum

501 3167 637 3224 stoli
663 3166 914 3222 Ananias
943 3170 1000 3220 et
1025 3163 1286 3234 Saphira,
1311 3166 1452 3218 teste
1478 3161 1534 3215 Β.
1566 3159 1850 3216 Benedicti
1879 3159 2104 3216 abbatis
2129 3159 2160 3204 b

503 3257 719 3330 regula,
776 3267 1013 3326 corpore
1062 3253 1282 3323 utique,
1340 3265 1453 3307 non
1493 3250 1684 3305 anima
1766 3250 1976 3306 mortui
2025 3255 2162 3309 sunt

500 3349 641 3422 (Act.
699 3361 756 3418 v,
803 3344 888 3418 6);
927 3345 1008 3400 ita
1056 3347 1112 3398 et
1162 3341 1553 3412 increpatione
1601 3341 1657 3394 Β.
1706 3339 1869 3396 Pauli
1911 3343 2157 3411 apostoli

502 3440 764 3509 Barjesus
816 3435 1051 3508 quidam
1104 3433 1329 3504 Elymas
1377 3445 1576 3502 magus
1634 3429 1850 3485 lumine
1899 3431 2158 3500 privatus

499 3535 586 3589 est
656 3526 797 3600 (Act.
858 3523 1018 3596 x111):
1071 3522 1334 3593 idemque
1397 3518 1705 3590 Apostolus
1775 3525 2155 3590 stupratorem

502 3632 752 3677 novercae
770 3629 886 3672 sua:
907 3613 1028 3671 sola
1050 3611 1324 3667 missione
1349 3609 1617 3679 Epistola:
1639 3609 1881 3664 dazmoni
1915 3608 2157 3667 tradidit

498 3710 548 3783 (Ι
577 3709 695 3764 Cor.
730 3720 785 3777 v,
839 3701 907 3777 4),
958 3706 1015 3757 et
1067 3713 1319 3769 rursum,
1374 3711 1504 3754 cum
1551 3697 1755 3768 voluit,
1811 3700 2156 3756 restauravit

499 3801 733 3856 dicens:
794 3817 819 3848 α
865 3792 1205 3850 Conﬁrmate
1259 3788 1425 3844 illum
1478 3787 1835 3858 charitatem,
1893 3802 1962 3844 ne
2009 3787 2154 3846 forte

499 3883 908 3944 abundantiori
934 3880 1178 3937 tristitia
1205 3875 1599 3947 absorbeatur,
1629 3876 1728 3947 qui
1757 3876 2038 3946 ejusmodi
2070 3881 2156 3932 est

497 3976 574 4049 (II
601 3976 720 4031 Cor.
756 3989 820 4046 ιι,
851 3971 926 4046 7).
957 3989 983 4021 ››
1011 3967 1294 4026 Similiter
1321 3969 1510 4022 autem
1536 3965 1821 4023 Simonem
1847 3966 2011 4023 illum
2046 3970 2156 4024 Ma-

499 4081 653 4138 gum,
705 4065 776 4121 de
832 4060 1069 4120 sublimi
1119 4071 1247 4114 aere
1276 4071 1404 4114 cum
1458 4057 1784 4128 coapostolo
1836 4072 1941 4114 suo
1990 4059 2154 4117 Petro

499 4155 849 4212 mirabiliter
875 4149 1276 4224 praecipitavit.
1318 4147 1534 4203 Dehinc
1564 4161 1691 4204 cum
1727 4147 1860 4204 illos
1887 4147 2154 4206 Christus

499 4245 830 4314 instrueret,
854 4243 1078 4298 dicens:
1109 4260 1134 4292 ‹‹
1158 4237 1266 4309 Qui
1290 4237 1474 4294 credit
1501 4237 1559 4292 in
1583 4251 1687 4307 me,
1717 4250 1884 4306 Opera
1909 4252 2034 4308 quae
2050 4251 2154 4310 ego

499 4335 648 4392 facio
680 4335 803 4405 ipse
829 4331 1018 4402 faciet,
1046 4334 1104 4386 et
1129 4330 1340 4399 majora
1369 4329 1572 4384 horum
1605 4325 1774 4382 faciet
1802 4325 1980 4397 (Joan.
2027 4341 2147 4400 xiv,

499 4424 603 4500 42),
649 4444 676 4476 ι)
713 4421 885 4498 [quod
926 4421 997 4478 de
1043 4417 1425 4475 semicinctiis
1471 4421 1527 4471 et
1566 4415 1767 4471 umbra
1831 4421 2021 4484 postea
2056 4417 2150 4474 fa—

495 4521 653 4572 ctum
702 4513 966 4586 legimus,
1015 4512 1162 4565 Luca
1212 4505 1493 4562 referente
1539 4503 1599 4559 in
1643 4503 1882 4560 Actibus
1912 4511 2150 4576 aposto-

498 4604 683 4660 lorum
739 4601 880 4672 (Act.
949 4613 1072 4670 xxx,
1127 4595 1227 4667 42;
1278 4609 1334 4666 v,
1389 4591 1492 4666 45),
1543 4607 1655 4649 non
1720 4595 1975 4665 praetulit
2029 4596 2150 4652 ali-

497 4707 686 4765 quem,
765 4691 861 4747 sed
933 4687 1202 4745 omnibus
1251 4682 1550 4756 aequaliter
1611 4682 1770 4741 illam
1827 4685 2149 4745 contribuit

498 4784 848 4854 potestatem.

570 4869 654 4926 43.
680 4869 740 4925 Si
774 4871 962 4924 autem
994 4865 1308 4938 quaeritur:
1345 4868 1681 4921 utrumnam
1727 4864 2143 4922 miraculorum

494 4958 831 5026 virtutibus,
846 4961 1041 5012 tantus
1052 4953 1578 5026 apostolusDomini
1596 4953 1922 5023 specialiter
1933 4955 2150 5012 clarue-

497 5049 594 5118 rit,
627 5047 921 5104 sciendum
947 5049 1033 5101 est
1069 5058 1164 5115 per
1188 5043 1400 5108 omnia,
1429 5043 1568 5114 quia
1599 5041 1812 5099 multas
1836 5049 1892 5098 et
1917 5051 2148 5114 stupen-

2267 3157 2495 3216 Christo
2516 3160 2722 3232 vivere,
2741 3175 2869 3218 cum
2889 3160 3119 3219 Christo
3138 3164 3406 3235 gaudere,
3431 3162 3632 3219 caeleste
3649 3169 3824 3232 regnum

2269 3261 2397 3303 cum
2415 3249 2654 3322 angelis,
2670 3265 2799 3307 cum
2817 3252 3032 3308 sanctis
3051 3251 3326 3309 omnibus
3346 3254 3611 3323 possidere
3627 3250 3824 3320 iQnanto

2267 3338 2420 3394 enim
2453 3340 2660 3398 melius
2688 3347 2860 3413 atque
2883 3343 3182 3401 decentius
3203 3344 3580 3403 beatissimum
3601 3338 3786 3397 Paulum
3803 3346 3826 3387 ι

2271 3433 2449 3484 morte
2478 3431 2684 3486 animm
2715 3435 3137 3508 resuscitatum,
3173 3450 3348 3507 quam
3375 3441 3619 3495 Lazarum
3641 3443 3668 3485 a
3697 3429 3825 3483 morie

2264 3519 2522 3587 corporis
2556 3520 2833 3578 videmus.

2339 3603 2422 3662 44.
2475 3610 2695 3666 Interea
2739 3625 2920 3684 neque
2961 3613 3066 3671 hoc
3106 3615 3178 3672 de
3231 3617 3405 3688 hujus
3439 3610 3656 3684 apostoli
3692 3603 3823 3680 gloria

2265 3699 2835 3774 praetermittendum,
2861 3705 3132 3774 quoniam
3157 3707 3411 3778 quidem,
3435 3713 3732 3776 quamquam
3748 3707 3827 3752 om-

2265 3803 2365 3846 nes
2392 3793 2637 3861 apostoli
2665 3800 2794 3850 ante
2819 3794 3026 3851 saacula
3056 3795 3224 3852 electi
3266 3811 3298 3853 a
3327 3795 3555 3852 Domino
3591 3803 3694 3847 esse
3729 3798 3820 3842 cre—

2263 3879 2492 3952 dantur,
2519 3882 2756 3939 docente
2785 3883 3041 3955 Apostoli
3069 3885 3137 3941 ad
3165 3887 3394 3943 dicente
3423 3905 3435 3940 :
3460 3884 3560 3955 Qui
3589 3879 3729 3952 elegit
3753 3888 3824 3932 nos

2263 3978 2392 4026 ante
2415 3972 2613 4028 mundi
2636 3974 3104 4031 constitutionem
3125 3981 3191 4032 ut
3211 3990 3461 4033 essemus
3497 3971 3656 4030 sancti
3679 3972 3722 4024 et
3745 3967 3826 4020 im-

2265 4061 2534 4117 maculati
2569 4063 2627 4117 in
2667 4067 2972 4134 conspectu
3013 4065 3137 4135 ejus
3175 4064 3392 4137 (Ephes.
3419 4081 3436 4121 ι
3464 4061 3544 4137 4);
3589 4059 3670 4117 sed
3693 4065 3823 4113 tamen

2263 4161 2377 4204 non
2406 4148 2476 4205 de
2503 4149 2780 4223 quolibet,
2805 4152 3039 4208 sicutde
3073 4153 3178 4208 hoc
3205 4160 3402 4213 sancto
3425 4149 3672 4222 apostolo,
3692 4139 3825 4198 Domi-

2264 4252 2372 4294 nus
2403 4238 2670 4296 Christus
2721 4241 2971 4297 contulit
3021 4243 3383 4308 mentionem.
3417 4255 3538 4298 cum
3578 4238 3752 4295 diceret
3784 4229 3824 4284 in

2259 4327 2594 4400 Evangelia:
2650 4349 2676 4381 «
2704 4331 2900 4387 Nonne
2937 4330 3239 4388 duodecim
3295 4333 3444 4388 hora:
3493 4333 3614 4386 sunt
3655 4319 3822 4380 diei?»

2179 4400 2232 4462 D
2257 4414 2433 4488 (Joan.
2467 4431 2549 4487 χι,
2581 4415 2657 4490 9.)
2686 4418 2921 4476 Sanctos
2955 4419 3225 4477 videlicet
3249 4419 3532 4493 apostolos
3562 4411 3823 4486 signiﬁcans

2257 4511 2312 4562 et
2335 4507 2536 4563 Judam
2582 4507 2732 4564 inter
2763 4508 2914 4564 illos.
2963 4509 3021 4564 Si
3049 4509 3204 4565 enim
3241 4510 3393 4566 horze
3422 4512 3589 4575 erant,
3614 4505 3660 4558 S.
3688 4500 3824 4566 Aut-TW

2257 4596 2410 4652 stino
2439 4597 2693 4667 docente,
2730 4597 3027 4654 lucebant:
3066 4599 3118 4654 si
3151 4599 3440 4669 lucebant,
3471 4591 3717 4668 quomodo
3748 4585 3824 4639 Ju-

2257 4686 2360 4742 das
2391 4686 2542 4742 diem
2589 4686 2879 4743 Christum
2919 4688 2988 4743 ad
3021 4692 3259 4744 mortem
3293 4683 3580 4744 tradebat?
3603 4684 3723 4750 Ergo
3745 4684 3822 4730 non

2254 4775 2455 4832 Judam
2497 4777 2651 4832 dixit
2699 4777 2756 4832 in
2791 4777 2896 4833 hoc
2946 4777 3070 4834 loco
3117 4778 3472 4847 traditorem,
3521 4773 3608 4829 sed
3647 4771 3691 4824 Β.
3718 4764 3825 4820 llat—

2257 4864 2435 4921 thiam
2466 4880 2847 4924 successorem
2869 4868 2994 4937 ejus
3017 4872 3074 4924 et
3104 4868 3542 4938 praedicatorem.
3575 4863 3708 4917 Hunc
3729 4863 3824 4922 ergo

2256 4954 2539 5025 praevidit,
2562 4955 2712 5012 hunc
2729 4955 3067 5026 insinuavit,
3084 4969 3250 5027 quem
3266 4956 3326 5011 in
3349 4955 3468 5011 loco
3487 4941 3825 5008 illiusalterius

2256 5051 2450 5114 postea
2495 5043 2844 5100 mirabiliter
2883 5046 3191 5101 ordinavit.
3240 5047 3366 5116 Ipse
3401 5043 3595 5099 etenim
3636 5038 3686 5093 in
3721 5027 3824 5086 οωιο

493 5117 598 5198 das
625 5138 873 5194 virtutes
915 5148 1043 5190 cum
1091 5133 1314 5189 caeteris
1339 5131 1685 5204 coapostolis
1710 5137 1767 5188 et
1808 5134 2145 5204 apostolicis
2249 5137 2366 5207 jam
2388 5147 2650 5209 regnans,
2671 5134 2994 5206 apostolum
3017 5134 3496 5193 illumconstituit
3515 5131 3605 5204 qui
3628 5128 3677 5182 in
3699 5117 3824 5179 terris

565 5300 587 5328 ι
616 5285 762 5342 Idem
774 5326 788 5352 ,
833 5280 1109 5337 excelsior.

564 5356 676 5414 bS.
734 5347 1071 5411 Benedictus
1124 5365 1172 5406 c.
1239 5347 1337 5424 5³7.Δ
1391 5371 1418 5403 α
1469 5351 1870 5419 Memorentur,
1925 5351 2136 5424 inquit,

494 5429 728 5487 Ananiae
757 5432 813 5484 et
839 5424 1171 5496 Sapphiraa,
1205 5436 1273 5478 ne
1313 5420 1456 5496 forte
1491 5427 1726 5496 mortem
1757 5436 1934 5496 quam
1952 5420 2046 5496 illi
2082 5420 2140 5482 in

493 5515 730 5572 corpore
752 5493 1305 5572 pertulerunt,'hanc
1327 5493 1426 5572 is_t_i
1448 5493 1534 5572 vel
1551 5493 1864 5572 omnesqui
1886 5495 2140 5572 aliquam

494 5563 850 5632 fraudem'de
877 5569 1048 5627 rebus
1091 5563 1422 5625 monasterii
1454 5563 1712 5639 fecerint,
1746 5563 1807 5622 in
1831 5563 2024 5624 anima
2054 5581 2146 5638 pa-

2252 5283 2491 5338 tiantur.
2520 5299 2545 5332 ι›
2577 5281 2851 5338 Caeterum
2875 5283 3014 5352 quid
3046 5284 3236 5338 Patres
3262 5278 3539 5352 senserint
3558 5274 3622 5352 de
3652 5270 3824 5352 (ξαρρψ

2253 5354 2407 5410 tione
2438 5353 2662 5425 horum,
2695 5342 2995 5424 disputant
3019 5353 3308 5410 Haftenus.
3341 5354 3379 5407 l.
3423 5363 3481 5405 ix
3509 5342 3825 5425 Disquisitigj

2253 5408 2398 5482 num,
2434 5408 3214 5497 menast'icarum,"tractdii,
3233 5408 3488 5497 disquis.
3517 5418 3562 5497 4.
3589 5408 3824 5471 Cornelius

2251 5510 2286 5553 a
2315 5496 2523 5568 Lapide
2546 5501 2603 5553 et
2625 5498 2728 5555 alii
2763 5493 3102 5569 interpretes
3143 5493 3210 5556 in'
3234 5493 3423 5568 capiv
3450 5493 3688 5548 Actuum.
