4076 6154
247 271 392 330 4033

1198 273 1585 332 AUTHPERTI
1621 273 1878 332 CASSIN.
1919 273 2123 330 SERM.
2167 275 2258 330 DE
2293 277 2348 333 S.
2391 277 2716 334 ΜΑΊἼἨΙΑ.

3523 277 3662 337 4034

249 399 477 470 positus
513 401 747 454 caeteros
783 397 958 469 elegit
1008 397 1328 468 apostolos:
1383 413 1510 456 nam
1562 403 1618 455 et
1649 399 1708 455 in
1739 399 1902 456 caelis
1932 402 1991 462 Α
2094 399 2178 457 46.
2225 403 2392 474 Ergo,
2427 402 2586 458 beate
2631 402 2808 458 nimis
2853 402 3107 474 apostole
3152 403 3368 461 Christi
3402 405 3661 476 Matthia,

247 494 389 544 tunc
421 501 550 543 cum
595 488 753 542 Patre
785 486 1073 558 regnabat,
1120 493 1174 542 et
1213 487 1271 542 in
1305 487 1477 544 terris
1520 502 1616 544 eos
1651 493 1715 544 ut
1755 487 1906 545 ﬁlios

245 576 621 646 gubernabat,
656 576 810 632 sicut
854 575 1131 646 pollicens
1173 577 1394 648 inquit:
1425 580 1558 633 Ecce
1598 593 1692 646 ego
1735 578 1909 632 vobis-

244 683 369 721 cum
417 682 536 720 sum
565 667 815 719 omnibus
850 665 1040 720 diebus
1069 681 1240 736 usque
1285 667 1361 721 ad
1398 669 1908 721 consummationem

242 757 432 811 saeculi
451 756 668 825 (Matth.
698 768 904 824 xxvui,
932 752 1044 826 20).
1075 755 1146 810 At
1173 769 1272 826 per
1299 756 1403 812 hoc
1427 757 1600 812 datur
1630 755 1902 827 intelligi,

245 851 312 903 ut
337 846 512 903 sicuti
539 845 824 902 decimum
843 845 1100 900 ordinem
1120 845 1177 900 in
1203 845 1419 901 ccelesti
1444 845 1627 917 gloria
1646 844 1906 900 restituit

241 937 315 992 de
372 936 617 991 humana
657 934 1042 1006 generatione,
1098 935 1180 990 ita
1221 934 1640 992 duodenarium
1697 947 1905 990 nume-

240 1039 373 1082 rum
398 1024 469 1080 de
487 1026 544 1079 Β.
573 1023 826 1080 Matthiae
855 1024 1033 1095 digna
1062 1023 1360 1080 electione.
1631 1066 1643 1075 .

317 1112 400 1170 15.
423 1112 617 1170 Passio
646 1126 890 1184 namque
921 1113 1086 1169 illius
1107 1113 1156 1169 si
1176 1113 1460 1184 quaeritur
1477 1111 1697 1183 haberi,
1721 1111 1898 1167 sicuti

237 1211 574 1260 caeterorum
595 1202 1004 1274 apostolorum,
1021 1201 1491 1259 manifestissime
1505 1208 1730 1259 constat
1746 1201 1896 1273 quod

240 1294 368 1364 ipse
393 1293 507 1349 sibi
553 1292 826 1349 intulerit
861 1293 1220 1363 passionem:
1250 1297 1308 1348 et
1348 1305 1574 1348 crucem
1614 1305 1776 1348 suam
1809 1290 1899 1345 fe—

240 1383 722 1439 rendoChristum
739 1381 1226 1452 fueritsecutus,fd
1238 1382 1437 1438 icendo
1448 1395 1576 1438 cum
1590 1380 1888 1452 Apostolo:

236 1475 379 1528 Mihi
407 1478 584 1527 autem
604 1474 749 1528 absit
774 1474 1025 1541 gloriari,
1059 1474 1169 1526 nisi
1197 1475 1257 1526 in
1285 1488 1442 1526 cruce
1479 1473 1694 1526 Domini
1722 1469 1897 1523 nostri

234 1565 365 1617 Jesu
387 1562 590 1617 Christi
606 1579 708 1632 per
751 1579 908 1632 quem
946 1563 1080 1616 mihi
1119 1563 1359 1617 mundus
1393 1563 1684 1630 crucifixus
1713 1565 1811 1622 est,
1843 1563 1894 1614 et

235 1669 334 1721 ego
359 1652 560 1707 mundo
586 1652 788 1720 (Galat.
825 1666 902 1721 v1,
931 1649 1037 1722 44).
1067 1653 1206 1708 Cum
1233 1651 1386 1708 enim
1420 1649 1786 1706 manifestum
1814 1649 1893 1704 sit

2017 491 2242 547 exsulta
2281 498 2338 547 et
2367 493 2615 564 gloriare
2648 492 2706 547 in
2734 493 2961 548 Domini
2987 495 3120 550 Jesu
3168 494 3430 550 Christo:
3482 496 3664 566 gaude

2012 581 2129 650 jam
2173 581 2337 637 laztus
2367 581 2577 653 gaudio
2618 581 2998 651 sempiterno:
3047 588 3102 638 et
3133 582 3356 653 merito,
3391 584 3662 653 quoniam

2018 683 2270 739 praesago
2325 671 2554 726 nomine
2596 671 2900 742 vocitatus,
2945 675 3001 726 et
3039 684 3069 726 a
3117 671 3345 727 Christo
3383 670 3661 741 donatus;

2013 759 2130 827 jam
2162 772 2274 814 non
2316 772 2544 829 parvus,
2578 760 2673 815 sed
2710 773 2968 831 magnus,
3026 773 3138 816 non
3190 759 3423 814 inﬁmus
3464 759 3520 813 in
3554 774 3667 815 sae-

2016 846 2167 918 culo,
2201 849 2296 904 sed
2330 848 2622 920 gloriosus
2668 849 2850 919 polles
2891 849 2948 904 in
2997 849 3158 904 caelo.
3206 848 3275 903 Et
3315 863 3490 919 quare
3516 849 3666 905 hoc?

2016 950 2129 1007 quo
2179 938 2381 1007 pacto?
2432 952 2543 1009 qua
2575 939 2809 1010 gratia?
2855 939 2961 994 Pro
2990 951 3056 995 eo
3108 938 3350 1005 scilicet,
3394 939 3663 1008 quoniam

2014 1039 2144 1082 cum
2165 1040 2319 1083 esses
2345 1027 2588 1084 humilis
2612 1029 2670 1084 in
2693 1029 2862 1085 corde
2885 1033 3004 1098 tuo,
3031 1041 3130 1084 nec
3149 1027 3347 1084 laudes
3369 1027 3666 1084 hominum

2010 1120 2267 1186 cuperes,
2315 1129 2416 1171 nec
2461 1130 2744 1186 pavorem,
2797 1131 2908 1173 non
2955 1104 3183 1189 aurum,
3226 1131 3337 1172 non
3385 1130 3653 1188 gemmas,

2009 1215 2122 1259 non
2153 1204 2304 1260 ﬂuxa
2336 1205 2532 1260 saeculi
2561 1218 2770 1276 regna;
2805 1219 2905 1275 pro
2927 1211 3150 1261 terreno
3175 1219 3346 1276 regno
3367 1205 3650 1261 ccelestem

2007 1294 2286 1365 patriam;
2327 1308 2428 1364 pro
2465 1295 2744 1365 perituris
2769 1295 2999 1367 gaudiis
3028 1296 3269 1364 adeptus
3305 1308 3366 1350 es
3399 1295 3649 1364 paradisi

2004 1383 2410 1438 amaznitatem.
2437 1384 2574 1437 Nam
2606 1388 2659 1438 te
2684 1383 3032 1439 mirabiliter
3063 1388 3126 1440 ut
3151 1383 3472 1452 apostolum
3498 1384 3651 1437 Pau-

2006 1472 2124 1528 lum
2181 1471 2403 1542 placide
2444 1470 2664 1527 vocavit
2705 1472 2928 1542 ecmlo;
2985 1472 3152 1528 illum
3201 1486 3443 1541 namque
3489 1473 3652 1542 prius

2005 1561 2273 1632 praeclare
2299 1561 2518 1617 lumine
2544 1561 2796 1631 privans,
2824 1562 2893 1616 ad
2927 1561 3209 1632 gremium
3241 1566 3450 1616 sancta:
3468 1561 3653 1616 Eccle-

2004 1652 2105 1708 siae
2143 1651 2374 1708 coalitus
2399 1650 2750 1721 destinavit;
2793 1656 2847 1706 te
2877 1663 3104 1721 quoque
3136 1664 3234 1720 per
3259 1656 3467 1706 coetum
3510 1663 3650 1705 san—

236 1743 391 1814 quod
423 1742 541 1797 duo
568 1747 704 1797 sunt
734 1754 938 1813 genera
964 1741 1317 1813 passionum,
1338 1754 1516 1796 unum
1550 1739 1610 1795 in
1641 1738 1886 1808 occulto,
1921 1723 1976 1786 Β
2005 1746 2180 1813 ctum,
2199 1739 3649 1812 persanctiSpiritusactumcelsumetapostolicum

234 1839 293 1886 et
317 1831 561 1887 alterum
615 1830 672 1885 in
708 1830 1050 1902 manifesto;
1104 1835 1258 1901 patet
1307 1830 1584 1886 nimirum
1616 1828 1889 1900 quoniam

236 1920 471 1991 quidem
497 1919 585 1975 illi
615 1919 864 1976 mundus
883 1925 1006 1976 erat
1029 1919 1364 1990 cruciﬁxus,
1395 1919 1532 1990 quia
1561 1918 1696 1975 odio
1724 1916 1890 1973 illum

237 2009 504 2079 habebat,
531 2015 586 2064 et
626 2013 895 2080 tanquam
928 2015 1214 2065 mortuum
1245 2008 1584 2064 :estimabat.
1609 2007 1892 2064 Similiter

233 2105 290 2152 et
319 2097 420 2152 ille
445 2097 686 2154 mundo:
709 2097 846 2169 quia
876 2097 1041 2154 illum
1063 2099 1130 2154 ad
1152 2112 1255 2154 sua
1286 2098 1496 2170 gaudia
1522 2097 1745 2153 trahere
1777 2111 1888 2154 non

233 2185 476 2242 valebat.
493 2186 854 2255 Quisetenim
869 2187 1099 2258 sapiens
1115 2186 1590 2259 ignoratduriora
1607 2200 1730 2242 esse
1742 2200 1890 2255 sup—

231 2277 435 2346 plicia,
460 2277 720 2348 quotidie
739 2278 1127 2347 spiritualiter
1148 2278 1207 2333 in
1233 2278 1356 2333 acie
1387 2283 1557 2348 stare,
1587 2276 1889 2332 diabolicae

233 2365 431 2421 fraudi
466 2366 749 2437 resistere,
778 2381 946 2438 quam
991 2381 1105 2424 uno
1137 2373 1420 2423 momento
1448 2365 1747 2436 tyrannico
1777 2364 1891 2436 gla-

230 2455 336 2510 dio
377 2455 552 2510 vitam
581 2455 764 2511 ﬁnire.
800 2458 913 2512 Hoc
943 2457 1198 2512 sentiens
1219 2456 1420 2512 beatus
1445 2454 1741 2526 apostolus
1779 2456 1888 2513 Pe—

234 2551 384 2613 trus,
410 2558 766 2600 commonere
786 2545 1024 2602 curabat
1042 2546 1268 2601 dicens:
1306 2545 1678 2600 Adversarius
1696 2548 1890 2598 noster

230 2634 488 2692 diabolus
517 2639 781 2704 tanquam
826 2637 904 2689 leo
954 2637 1176 2703 rugiens
1215 2635 1408 2688 circuit
1447 2648 1694 2703 quaerens
1731 2646 1889 2701 quem

232 2729 475 2797 devoret,
509 2731 596 2783 cui
641 2729 875 2782 resistite
915 2727 1090 2793 forIes
1124 2725 1184 2778 in
1221 2723 1327 2793 ﬁde
1365 2723 1417 2792 (Ι
1442 2725 1585 2777 Petr.
1632 2736 1685 2784 v,
1705 2719 1783 2791 8).
1819 2721 1888 2775 Et

227 2820 437 2876 beatus
467 2819 680 2874 Paulus
705 2815 979 2873 similiter
1005 2833 1020 2868 :
1045 2813 1215 2876 State,
1241 2812 1454 2883 inquit,
1478 2812 1737 2866 succincti
1757 2811 1890 2863 ium-

230 2910 326 2963 bos
355 2915 559 2962 vestros
588 2909 648 2961 in
683 2908 928 2972 veritate,
970 2907 1031 2957 ut
1057 2903 1278 2973 possitis
1307 2903 1487 2956 omnia
1527 2900 1633 2954 tela
1660 2901 1891 2968 nequis—

224 3001 360 3053 simi
390 3001 548 3066 ignea
576 2999 953 3064 exstinguere:
982 2998 1032 3048 et
1075 2993 1286 3062 galeam
1314 2991 1513 3045 salutis
1539 2991 1815 3050 assumite,
1839 2993 1889 3041 ct

223 3088 482 3156 gladium
528 3087 787 3157 Spiritus,
829 3084 975 3154 quod
1013 3088 1090 3138 est
1141 3083 1374 3138 Verbum
1411 3081 1512 3135 Dei
1555 3079 1769 3150 (Ephcs.
1807 3091 1883 3140 v1,

229 3174 324 3241 ﬁ,
360 3174 446 3239 16,
501 3172 606 3246 Π).
642 3177 837 3232 Nonne
867 3185 1108 3244 magnus
1155 3169 1398 3225 Jacobus
1425 3167 1618 3240 gladio
1648 3165 1890 3221 Herodis

226 3265 598 3320 trucidatus:
635 3263 730 3319 sed
771 3261 1022 3317 dilectus
1050 3259 1355 3315 admodum
1386 3255 1619 3310 Christo
1647 3254 1890 3309 Joannes

223 3353 583 3425 evangelista
606 3365 911 3424 germanus
933 3350 1060 3419 ejus
1095 3349 1153 3404 in
1197 3359 1331 3418 pace
1370 3350 1578 3402 sancta:
1620 3342 1887 3399 Ecclesia:

223 3462 260 3504 a
289 3445 522 3501 Christo
553 3447 785 3500 vocatus
809 3447 864 3498 et
893 3444 1202 3497 coronatus
1227 3435 1355 3494 est?

299 3586 322 3613 ι
349 3574 520 3628 Deest
550 3571 657 3627 hoc
687 3569 916 3626 verbum
963 3571 1020 3622 et
1058 3563 1388 3622 Mombritio
1431 3566 1487 3619 et
1527 3575 1655 3631 ms.,
1697 3559 1792 3616 sed
1821 3573 1889 3615 ex

224 3646 478 3715 antiquo
499 3641 790 3699 Breviario
821 3637 1134 3696 Morinensi
1167 3635 1431 3708 apposui.

2003 1830 2139 1886 fecit
2165 1830 2540 1886 conscendere
2563 1830 2854 1885 thronum.
2880 1828 2980 1883 llle
3011 1834 3064 1887 te
3091 1829 3368 1884 nimirum
3393 1828 3651 1900 elegitde

2000 1933 2167 1992 grege
2195 1919 2642 1989 discipulorum,
2679 1919 2778 1990 qui
2815 1920 3043 1974 Petrum
3075 1923 3130 1973 et
3167 1918 3470 1987 Andream,
3498 1919 3652 1972 Jaco-

2001 2009 2136 2065 bum
2158 2015 2213 2064 et
2236 2010 2502 2064 Joannem
2530 2007 2599 2063 de
2631 2007 2824 2062 littore
2853 2006 3242 2062 ethnicorum.
3281 2005 3493 2061 Plaude
3513 2019 3647 2076 ergo

2000 2099 2197 2168 nimis,
2243 2097 2448 2168 plaude
2480 2112 2578 2167 per
2611 2101 2817 2152 cuncta
2847 2095 3085 2151 beatus:
3118 2096 3235 2164 jam
3267 2094 3514 2150 coetibus
3538 2109 3650 2149 an—

1999 2189 2202 2261 gelicis
2228 2188 2499 2256 sociatus,
2524 2189 2639 2256 jam
2670 2185 2887 2242 Christi
2919 2191 3143 2240 nectare
3180 2185 3456 2240 satiatus:
3501 2185 3652 2239 inter

1997 2278 2344 2349 apostolicas
2364 2277 2525 2333 sedes
2548 2277 2606 2332 in
2630 2276 2856 2346 judicio
2889 2274 2990 2330 illo
3023 2288 3244 2346 magno,
3269 2287 3398 2330 cum
3425 2274 3655 2342 judica-

1998 2368 2086 2424 bit
2120 2368 2312 2425 orbem
2345 2372 2510 2423 terrae.
2550 2367 2608 2422 in
2635 2365 2926 2436 aequitate,
2969 2378 3100 2421 cum
3143 2364 3375 2419 Christo
3405 2364 3647 2419 Domino

1997 2459 2300 2516 exaltatus.
2349 2457 2453 2512 Sed
2492 2456 2628 2526 quia
2657 2455 2762 2510 hoc
2811 2460 2994 2511 totum
3044 2454 3280 2510 donavit
3319 2453 3426 2509 tibi
3462 2453 3647 2524 gratia

1996 2546 2234 2617 Christi,
2259 2545 2604 2616 suppliciter
2635 2543 2902 2614 petimus,
2937 2541 3240 2598 humiliter
3268 2541 3646 2611 postulamus,

1999 2652 2112 2712 quo
2156 2652 2283 2694 eum
2318 2649 2418 2706 pro
2464 2634 2630 2690 nobis
2677 2647 2909 2689 exorare
2952 2632 3212 2703 digneris
3255 2637 3361 2686 :ut
3394 2643 3497 2685 nos
3525 2629 3642 2684 cle-

1999 2734 2216 2784 menter
2251 2725 2522 2782 exaudiat
2563 2723 2938 2793 postulantes,
2976 2727 3031 2777 et
3067 2720 3288 2791 placide
3326 2723 3650 2774 remuneret

1995 2819 2369 2874 decertantes.
2424 2815 2730 2883 Postquam
2773 2821 2946 2866 veron
2974 2810 3216 2880 reliquit
3250 2809 3499 2864 Judzeam
3543 2821 3650 2878 pa-

1998 2909 2168 2962 triam
2202 2903 2562 2976 praedicando
2581 2915 2749 2973 quam
2776 2901 2833 2956 in
2857 2904 3008 2956 sorte
3041 2898 3468 2970 praedicationis
3499 2911 3652 2952 acce-

2000 3002 2176 3067 perat,
2231 3001 2287 3050 et
2319 2993 2598 3064 plurimos
2654 2991 2916 3046 ethnicos
2967 2989 3035 3044 ad
3084 2989 3247 3044 ﬁdem
3304 2987 3647 3043 catholicam

1997 3084 2280 3143 convertit
2323 3083 2524 3137 beatus
2579 3079 2856 3134 Matthias
2903 3077 3200 3147 apostolus
3261 3077 3531 3148 migravit
3577 3076 3644 3131 ad

1997 3175 2303 3231 Dominum
2328 3175 2585 3227 nostrum
2601 3169 2790 3224 Jesum
2811 3166 3105 3221 Christum
3125 3164 3154 3205 ι)
3187 3170 3344 3221 sexto
3367 3165 3648 3219 Kalendas

1997 3265 2253 3332 Martias,
2287 3261 2387 3332 qui
2429 3272 2558 3314 cum
2614 3259 2774 3312 Patre
2813 3261 2868 3312 et
2896 3253 3119 3324 Spiritu
3174 3257 3371 3309 sancto
3422 3252 3564 3308 vivit
3593 3257 3650 3306 et

1998 3357 2196 3425 regnat
2224 3352 2374 3406 Deus
2416 3361 2515 3418 per
2557 3344 2785 3401 inﬁnita
2815 3343 3020 3400 saacula
3071 3341 3431 3398 saeculorum.

2069 3551 2098 3594 ι)
2127 3552 2309 3629 βαθεῖ..
2335 3543 2663 3603 Mombritio
2706 3541 2861 3612 dies;
2899 3539 3113 3612 legitur
3155 3539 3214 3595 in
3245 3552 3348 3595 ms.
3409 3542 3467 3594 et
3490 3538 3649 3592 Brev.

2000 3623 2334 3681 Morinensi.

2489 3785 3628 3818 _______________________..

227 3810 2484 3847 ______________________________

1541 3963 1720 4008 ANNO
1759 3959 1996 4005 DOMINI
2043 3955 2248 4000 DCCCX
2258 3954 2386 3997 LIX.

905 4074 912 4084 ’
1012 4111 1960 4262 HALDOINI
2055 4119 2869 4248 ABBATIS

736 4360 1139 4436 VERSUS
1267 4356 1398 4428 AD
1507 4346 2036 4423 TUMULUM
2148 4340 2525 4416 SANCTI

2638 4330 3120 4408 REMIGII.

1406 4514 1425 4578 (
1450 4512 1605 4576 Apud
1640 4508 1860 4568 Mabill.,
1888 4506 2146 4566 Analect.,
2177 4518 2297 4568 pag.
2335 4501 2476 4564 423.)

1733 4654 2140 4673 ﬂ

305 4805 652 4874 Haldoinus,
695 4802 979 4874 quondam
1021 4797 1195 4854 abbas
1227 4793 1557 4854 monasterii
1598 4788 1898 4846 Altivilla—
1924 4788 1978 4849 D
2009 4783 2220 4874 tionem
2255 4787 2627 4874 paganorum,
2657 4773 2881 4830 occulto
2897 4770 2996 4874 Dei
3014 4766 3240 4874 judicio
3441 4761 3655 4874 scinde

229 4897 432 4952 rensis
473 4905 517 4963 ι,
545 4894 651 4950 hoc
694 4891 1022 4948 memoriale
1063 4886 1335 4959 disgessit
1363 4898 1442 4939 xu
1471 4880 1736 4939 videlicet
1764 4890 1899 4932 ver-

229 4999 437 5055 suum,
467 4984 515 5039 si
550 4983 854 5054 episcopus
878 4981 1220 5036 Hincmarus
1244 4973 1540 5038 voluisset,
1565 4970 1622 5026 in
1646 4965 1900 5023 circuitu

228 5073 476 5143 scrinii,
513 5072 613 5130 ubi
655 5081 890 5127 sanctus
927 5067 1224 5139 Remigius
1259 5059 1717 5132 transponendus
1754 5059 1898 5121 erat,

227 5165 306 5219 de
339 5161 742 5218 transferendo
767 5173 1004 5230 corpore
1034 5156 1286 5228 pretioso
1316 5151 1568 5223 ejusdem
1601 5143 1844 5216 Remigii
1869 5156 1901 5198 a

226 5252 444 5309 Carolo
486 5264 615 5322 rege
663 5249 990 5321 pariterque
1032 5244 1265 5317 praefato
1312 5242 1615 5297 l-lincmaro
1661 5233 1902 5306 prmsule

227 5358 304 5400 eo
329 5343 458 5399 loco
485 5354 599 5412 quo
630 5339 876 5412 exstitit,
908 5349 1208 5410 quousque
1238 5347 1386 5390 anno
1406 5326 1531 5400 881,
1571 5327 1642 5384 ob
1673 5323 1902 5381 infesta-

311 5481 339 5510 a
366 5465 781 5523 Monasterium
831 5463 1258 5519 Altivillarense
1306 5459 1376 5533 in
1409 5467 1580 5533 agro“
1596 5448 1898 5533 Rhemensi

229 5542 299 5596 in
365 5520 973 5610 primisvcelebratum
1027 5540 1113 5610 est
1144 5520 1494 5610 _retrus_ion'.e
1540 5520 1904 5610 Gothes_cal':_i‘

223 5601 534 5682 monachi,
572 5609 671 5681 qui
696 5608 975 5664 Haldoino
995 5607 1121 5676 ejus
1144 5605 1255 5662 loci
1286 5601 1502 5671 abbati,
1536 5601 1901 5666 superiorum

688 5711 920 5765 PATROL.
963 5703 1216 5762 CXXIX.

2009 4870 2207 4940 levari,
2237 4873 2293 4924 et
2324 4866 2474 4923 ultra
2508 4866 2822 4920 Matronam
2863 4861 2933 4917 ad
2968 4872 3148 4929 usque
3179 4854 3417 4912 Orbacis
3451 4864 3654 4940 mona—

2009 4939 2248 5023 sterium
2281 4953 2628 5026 nequiquam
2649 4948 2942 5020 deportari
2976 4945 3235 5018 pertulit,
3271 4939 3652 5014 hymnizando

2009 5063 2249 5107 exorsus
2279 5049 2365 5102 est
2397 5061 2412 5099 :

2009 5197 2216 5251 Doctor
2258 5192 2602 5246 Francorum
2636 5185 2858 5256 primus
2906 5186 3212 5254 pastorque
3238 5179 3584 5235 Rhemorum

2080 5285 2195 5340 Hoc
2226 5279 2460 5337 recubat
2495 5290 2655 5334 sacro
2693 5274 2991 5347 Remigius
3022 5271 3264 5329 tumulo.

2010 5456 2278 5502 versuum
2330 5439 2640 5510 conditori,
2692 5438 3036 5506 commissus
3087 5433 3156 5490 ab
3203 5432 3504 5510 ilincmaro
3550 5428 3653 5510 est.

2013 5497 2132 5572 llos
2149 5497 2359 5570 versus
2401 5497 2743 5567 llincmarus
2792 5509 3015 5566 tumulo
3047 5504 3227 5561 sancti
3262 5497 3508 5569 Remigii
3547 5507 3657 5551 non

2013 5585 2301 5660 apposuit,
2325 5585 2421 5640 sed
2453 5583 2602 5639 alios
2626 5597 2658 5638 a
2690 5596 2748 5637 se
2769 5579 3138 5650 compositos.

3379 5665 3451 5723 33
