4076 6154
453 244 591 304 4035

448 359 674 414 Limina
705 370 871 430 quem
901 357 1098 428 templi
1125 358 1409 428 quondam
1448 363 1680 414 tenuere
1708 355 2018 428 sepultum,

513 448 841 503 Servantem
864 446 1090 503 Domini
1120 450 1294 516 saepta
1322 459 1662 519 gregemque
1692 447 1806 514 sui,

445 535 739 607 Extemplo
770 539 833 592 ut
875 535 1123 606 populus
1149 535 1324 604 hujus
1343 536 1460 605 jam
1491 536 1755 607 dogmate
1787 533 1989 604 plenus

516 624 835 696 Concrevit,
875 624 1091 694 pariter
1120 624 1300 678 crevit
1335 631 1391 679 et
1432 623 1543 679 ista
1566 624 1807 679 domus:

444 713 769 770 Transtulit
802 718 859 768 et
888 717 1148 770 sanctum
1181 711 1420 768 sublimi
1452 713 1584 769 sede
1617 712 1846 780 locavit,

518 805 785 860 Cerneret
813 807 876 858 ut
903 801 1142 872 plebem,
1176 801 1334 871 plebs
1350 815 1578 872 quoque
1604 801 1711 856 fide
1749 803 1987 856 Patrem.

451 894 566 950 Rex
597 906 792 949 verum
835 891 1074 946 Carolus
1098 890 1371 946 Ludovici
1399 891 1642 946 Caesaris
1665 891 1853 946 almus

1056 244 1347 300 APPEND.
1389 243 1483 299 AD
1519 242 1679 300 SIEC.
1723 238 2255 299 lX.—SUPPLEM.
2298 235 2390 291 AD
2427 232 2624 290 AUCT.
2661 227 3022 287 CERTIORIS
3055 225 3244 283 ANNI.

2125 354 2177 410 A
2278 349 2482 418 Filius,
2511 362 2577 404 ac
2607 347 2813 419 praesul
2849 347 3119 402 iiincmar
3148 347 3351 414 utique
3376 355 3535 398 sacra

3720 216 3857 277 4036

2204 442 2368 496 Tecta
2388 437 2991 510 augentdecorantque
3013 433 3210 504 simul,
3232 431 3515 501 bustoque
3545 427 3862 485 recondunt

2277 531 2618 585 Francorum
2662 539 2925 598 magnum
2973 521 3298 595 pontificale
3343 521 3538 577 decus.

2276 709 2439 764 Anno
2471 720 2504 762 a
2540 704 2850 762 Nativitate
2877 701 3105 759 Domini
3149 697 3276 767 852,
3305 713 3359 756 1v
3397 697 3520 754 Kal.
3551 697 3741 768 Junii,
3771 710 3866 753 re—

2209 798 2306 870 gni
2336 810 2468 853 vero
2492 794 2681 851 Caroli
2705 807 2814 860 xu,
2847 790 3212 848 ordinatione
3239 801 3464 860 quoque
3495 787 3865 858 episcOpatus

2209 886 2501 943 Hincmari
2538 899 2664 956 xm,
2701 882 3017 939 indictione
3053 893 3149 934 xv.

459 1037 3854 1069 ______________________—____________________

1766 1185 1941 1228 ANNJ
1982 1183 2216 1227 DOMINI
2265 1183 2305 1225 D
2327 1183 2442 1226 CCC
2465 1182 2569 1225 LV.

1651 1332 2687 1454 HEBERNUS

1271 1556 2202 1630 ARCHIEPISCOPUS
2318 1551 3038 1628 TURONENSIS.

1476 1851 2102 1973 MIRACULA
2179 1855 2285 1971 B.
2353 1851 2872 1973 MARTINI

465 2033 632 2097 Post
668 2035 822 2116 ejus
858 2036 1476 2132 regersioeeyzsioe
1510 2039 1813 2132 corporis
1841 2039 2068 2132 ipsius
2116 2037 2594 2132 dispositionem
2629 2035 2866 2132 factg;
2904 2036 3091 2128 edita
3134 2033 3618 2132 ᾳῡηΗξςβΕιιΝο,
3679 2031 3885 2113 prius

890 2116 1120 2181 abbate
1174 2118 1470 2199 Majoris
1507 2115 1938 2198 Μοὸιιιιςιθνῐὶ,
1997 2122 2149 2201 post
2187 2115 2702 2200 'arc/tiepiscopo
2755 2115 3056 2180 Turonis
3105 2115 3438 2179 civitatis.

1393 2253 1591 2315 (Apud
1627 2253 1828 2316 Belum,
1851 2252 2186 2304 Miscenanea
2213 2265 2375 2313 sacra,
2407 2254 2532 2301 tom.
2563 2251 2626 2311 II,
2661 2265 2786 2314 pag.
2819 2249 2962 2313 300.)

540 2484 752 2542 Absida
783 2486 1092 2559 siquidem,
1127 2486 1227 2544 ubi
1259 2500 1468 2558 corpus
1504 2486 1654 2544 beati
1679 2486 1910 2545 Martini
1941 2487 2120 2546 conti-
2149 2487 2198 2547 Β
2229 2485 2454 2543 fuerant
2478 2487 2717 2558 evocati,
2744 2486 2987 2542 maxime
3011 2499 3142 2542 vero
3163 2484 3404 2540 barones
3423 2481 3702 2539 Turonici
3728 2479 3884 2551 pagi,

471 2572 732 2642 nebatur,
788 2589 956 2645 quam
1004 2576 1177 2632 etiam
1219 2577 1544 2632 detulerant
1588 2575 1659 2632 ab
1693 2577 2114 2646 Antissiodoro,

470 2658 668 2716 fusilis
684 2668 806 2717 erat
829 2676 896 2718 ex
922 2677 1064 2720 auro
1083 2671 1139 2720 et
1158 2672 1392 2736 argento
1416 2665 1563 2736 quod
1582 2665 1803 2721 dicitur
1818 2665 2113 2733 electrum,

469 2747 851 2819 spissitudine
870 2750 1114 2808 duorum
1138 2752 1476 2824 digitorum,
1498 2759 1901 2824 auctoremque
1926 2753 2118 2824 operis

470 2837 696 2893 beatum
738 2839 1076 2910 Perpetuum
1125 2841 1543 2912 insculptarnm
1581 2855 1762 2898 ac.....
1807 2841 2118 2914 designans

471 2925 745 2998 suffragio
791 2927 1115 2986 litterarum
1161 2935 1216 2986 et
1279 2944 1567 3000 versuum,
1622 2945 1724 2986 nec
1771 2935 1893 2986 erat
1946 2930 2112 3000 rima,

470 3011 742 3084 foramen,
779 3015 1021 3074 fenestra
1052 3022 1109 3074 et
1137 3019 1350 3076 ostium
1376 3018 1434 3075 in
1474 3033 1558 3075 ea.
1586 3021 1739 3076 Hanc
1763 3025 1952 3076 autem
1981 3018 2118 3076 fece-

468 3108 556 3160 rat
589 3104 789 3162 beatus
832 3108 1164 3180 Perpetuus,
1198 3109 1427 3180 quando
1461 3108 1704 3165 elevavit
1750 3123 1962 3180 corpus
1990 3109 2118 3179 ejus

466 3205 499 3248 a
532 3199 700 3266 terra,
736 3195 1058 3254 involutum
1089 3198 1253 3268 prius
1286 3197 1344 3253 in
1378 3213 1631 3269 purpura
1665 3198 1858 3270 rubea,
1883 3204 1940 3255 et
1966 3198 2118 3254 dili-

470 3289 666 3354 genter
708 3292 1032 3357 consutum,
1087 3287 1286 3359 sicque
1319 3288 1377 3344 in
1409 3287 1553 3344 hanc
1597 3287 1855 3344 absidam
1897 3289 2109 3358 posuit.

466 3373 620 3429 Fecit
634 3375 803 3430 etiam
823 3375 1002 3432 altare
1024 3378 1365 3448 quadratum
1379 3381 1434 3432 et
1453 3390 1720 3433 coronam
1733 3390 1801 3432 ex
1822 3377 2116 3448 lapidibus

467 3460 762 3535 tabulatis,
789 3463 938 3536 quod
970 3479 1169 3536 magna
1191 3464 1384 3520 tabula
1411 3465 1728 3535 cooperuit,
1753 3469 1809 3520 et
1828 3479 1956 3521 cum
1978 3466 2116 3522 aliis

466 3552 837 3608 caementavit.
888 3553 1048 3608 Eecit
1091 3553 1264 3607 etiam
1316 3553 1476 3607 intus
1521 3553 1694 3608 aliam
1741 3552 2000 3608 absidam
2047 3568 2116 3610 ex

465 3639 819 3710 aurichalco,
837 3654 1014 3710 cupro
1035 3645 1090 3695 et
1114 3645 1337 3709 stanno,
1355 3639 1608 3710 fusilem,
1635 3640 1847 3696 habens
1866 3641 2114 3711 palmum

469 3728 527 3783 in
560 3729 944 3797 spissitudine
969 3743 1098 3786 cum
1129 3729 1280 3785 ostio
1307 3727 1506 3796 fusili;
1531 3729 1846 3800 gumphiis,
1880 3731 2119 3787 etvirte-

2229 2575 2580 2633 fcedaverunt
2609 2577 2935 2632 societatem
2963 2582 3018 2632 et
3038 2573 3374 2631 beneficium
3397 2571 3654 2628 ecclesia:
3683 2569 3884 2640 largiti

2227 2671 2381 2720 sunt.
2399 2666 2655 2737 Contigit
2677 2670 2866 2721 autem
2889 2664 3082 2720 eodem
3112 2676 3320 2732 mense,
3343 2662 3478 2717 dum
3506 2666 3656 2715 esset
3677 2656 3887 2714 consul

2228 2754 2578 2827 lngelgerius
2624 2755 2890 2823 Turonis,
2943 2752 3304 2809 Adalaudum
3355 2747 3679 2806 confectum
3723 2747 3891 2802 senio

2226 2844 2373 2898 viam
2404 2846 2684 2899 universa),
2708 2843 2901 2898 carnis
2929 2842 3161 2897 intrare.
3197 2839 3548 2912 Ingelgerius
3574 2851 3709 2891 vero
3741 2849 3890 2891 con-

2226 2933 2338 3001 sul,
2371 2931 2696 2987 auxiliante
2736 2932 2850 2987 Deo
2879 2935 2936 2986 et
2978 2929 3362 2986 intercedente
3403 2926 3568 2982 beato
3609 2925 3891 2992 Martino,

2225 3019 2650 3091 opitulantibns
2670 3020 2840 3075 etiam
2865 3018 3115 3089 clericis,
3143 3030 3357 3074 necnon
3380 3013 3894 3072 consentientibus

2224 3109 2451 3165 civibus
2473 3109 2772 3165 Turonicae
2801 3108 3079 3178 civitatis,
3124 3103 3537 3162 inthronizavit
3564 3108 3623 3158 et
3656 3101 3720 3157 in
3753 3101 3892 3157 sede

2223 3198 2537 3269 episcopali
2573 3197 2910 3254 sublimavit
2939 3196 3279 3264 liebernum,
3311 3207 3522 3260 senem,
3556 3192 3712 3247 beati
3747 3191 3893 3246 Mar-

2226 3289 2334 3344 tini
2362 3289 2596 3359 majoris
2615 3287 2946 3344 monasterii
2964 3286 3222 3342 abbatem
3244 3289 3299 3341 et
3317 3284 3673 3340 ministrum.
3701 3281 3891 3336 Deni—

2226 3392 2336 3448 que
2362 3382 2488 3448 post
2516 3377 2668 3434 beati
2694 3377 2923 3433 Martini
2952 3376 3024 3432 ab
3053 3375 3452 3431 Antissiodoro
3475 3371 3886 3434 reversionem,

2225 3468 2344 3523 sive
2369 3473 2497 3538 post
2520 3467 2780 3538 corporis
2804 3469 2930 3537 ejus
2953 3465 3392 3536 depositionem,
3439 3463 3511 3518 ob
3541 3463 3737 3532 ipsius
3764 3475 3890 3516 me-

2229 3557 2338 3612 rita
2367 3556 2531 3628 longe
2554 3556 2777 3628 lateque
2805 3555 3172 3627 propalanda,
3197 3553 3574 3610 creberrimas
3600 3552 3886 3606 Dominus

2224 3646 2292 3701 ad
2316 3646 2440 3715 ejus
2465 3645 2790 3714 sepulcrum
2812 3643 3160 3701 venerabiles
3179 3643 3420 3698 virtutes
3442 3640 3667 3711 operari
3685 3640 3891 3710 digna-

2229 3739 2339 3789 tur.
2373 3735 2450 3788 De
2495 3733 2710 3804 quibus
2741 3734 2969 3804 quidem
3003 3731 3320 3789 virtutibus
3348 3730 3525 3786 multa
3552 3727 3889 3798 frequenter

467 3816 667 3872 vellis:
694 3823 750 3873 et
770 3823 1018 3887 quatuor
1038 3817 1296 3873 clavibus
1319 3817 1670 3873 firmabatur.
1695 3819 1849 3874 Fecit
1868 3819 2117 3891 denique
2143 3823 2194 3896 Ο
2227 3823 2576 3879 audivimus.
2605 3823 2708 3878 Sed
2735 3824 2804 3879 de
2827 3822 3101 3892 plurimis
3130 3820 3408 3877 nonnulla
3449 3817 3730 3874 miracula
3761 3830 3889 3887 qua

468 3905 684 3961 fredam
709 3907 954 3977 desuper
984 3921 1124 3963 auro
1164 3907 1380 3977 optimo
1411 3913 1467 3962 et
1507 3907 1801 3976 lapidibus
1849 3911 2120 3979 pretiosis

471 4000 629 4050 tanto
678 3997 969 4052 sacerdote
1020 3996 1384 4067 condignam.
1417 3997 1673 4067 Denique
1727 3999 1938 4055 meruit
1969 4000 2118 4056 idem

470 4084 669 4140 consul
696 4098 826 4140 cum
864 4084 1289 4141 venerabilibus
1318 4084 1608 4157 episcopis
1631 4086 1924 4144 Adalaudo
1949 4090 2122 4145 Turo-

472 4174 657 4244 nensi,
690 4180 746 4229 et
796 4175 850 4230 S.
896 4177 1050 4244 Lupo
1081 4175 1490 4247 Andegavensi,
1531 4179 1587 4230 et
1616 4175 1906 4232 Mainoldo
1934 4177 2123 4233 Ceno—

471 4263 793 4334 mannensi,
811 4268 866 4319 et
891 4263 1164 4320 Raimone
1177 4264 1603 4335 Aurelianensi,
1633 4278 1842 4334 corpus
1864 4280 2010 4336 saepe
2028 4280 2124 4322 no-

472 4353 727 4410 minandi
748 4351 1094 4410 confessoris
1110 4353 1341 4410 Martini
1368 4351 1809 4409 infraambitum
1831 4353 2034 4411 altaris
2062 4355 2120 4411 in

472 4442 652 4499 altera
694 4442 896 4498 absida
951 4455 1307 4513 componere,
1365 4441 1670 4512 ipsumque
1730 4443 1943 4499 ostium
1984 4457 2121 4500 cum

471 4533 672 4588 absida
723 4531 1146 4604 sigillaverunt,
1205 4531 1283 4585 ita
1333 4535 1395 4586 ut
1445 4543 1546 4585 nec
1587 4536 1802 4600 pateret
1843 4531 2039 4588 aditus
2068 4537 2124 4588 et

475 4622 770 4678 introitus.
803 4623 943 4677 Cum
975 4621 1129 4676 omni
1158 4625 1344 4676 autem
1371 4621 1618 4676 consilio
1641 4621 1924 4678 dederunt
1950 4621 2127 4694 lngel-

473 4711 633 4780 gerio
657 4711 854 4766 comiti
881 4709 1234 4779 praebendam
1267 4707 1416 4766 beati
1449 4710 1677 4765 Martini
1713 4710 1824 4780 ipsi
1852 4716 1908 4765 et
1938 4711 2127 4766 haere-

475 4797 650 4854 dibus
697 4799 823 4868 ejus
868 4797 926 4852 in
978 4804 1311 4868 perpetuum
1345 4799 1762 4869 possidendam.
1800 4800 1944 4869 Quia
1993 4814 2123 4856 vero

478 4888 717 4946 ecclesia
757 4888 1009 4958 ejusdem
1050 4888 1231 4943 sancti
1265 4894 1401 4944 tunc
1433 4889 1706 4959 temporis
1734 4889 1962 4944 carebat
1991 4889 2126 4946 the-

479 4978 1053 5045 saurarioetazdituo,
1070 4978 1361 5034 consulem
1376 4979 1756 5051 Ingelgerium
1777 4979 2127 5036 inthroniza-

478 5076 700 5141 verunt,
731 5075 787 5125 et
808 5069 1229 5124 thesaurarium
1250 5069 1676 5125 constituerunt
1699 5076 1754 5125 et
1774 5069 2124 5126 defensorem

2226 3913 2480 3969 divimus
2533 3912 2825 3969 declarare
2858 3912 3235 3967 decrevimus.

2300 4003 2341 4056 Ι.
2376 4001 2693 4072 Episcopus
2739 4000 2989 4069 Leodici,
3034 3999 3329 4054 Hildricus
3358 3997 3603 4067 nomine,
3633 3996 3724 4051 vir
3759 4009 3892 4051 mo—

2231 4105 2354 4146 rum
2381 4090 2673 4146 honestate
2691 4089 3024 4159 laudabilis,
3048 4087 3274 4144 occulto
3291 4087 3387 4140 Dei
3407 4085 3633 4155 judicio
3657 4084 3887 4152 morbo,

2231 4178 2954 4250 quivulgolupnsdicitur,
2974 4175 3384 4233 miserabiliter
3402 4175 3516 4230 imo
3535 4173 3893 4229 mirabiliter

2232 4267 2543 4324 laborabat.
2577 4267 2906 4323 Patiebatur
2935 4271 3125 4322 autem
3160 4267 3217 4320 in
3253 4264 3502 4320 natibus.
3534 4265 3665 4318 Erat
3693 4263 3893 4332 igitur

2230 4355 2422 4411 videre
2456 4356 2707 4412 miseria.
2738 4356 2871 4411 Tam
2916 4355 3166 4427 graviter
3209 4353 3362 4409 enim
3395 4353 3482 4408 vis
3530 4351 3892 4406 valetudinis

2231 4444 2597 4517 grassabatur
2629 4451 2690 4502 ut
2740 4445 2949 4501 mirum
2985 4445 3042 4500 in
3087 4443 3314 4500 modum
3359 4455 3556 4498 carnes
3580 4441 3689 4496 viri
3727 4455 3893 4498 more

2234 4534 2432 4606 lupino
2480 4539 2858 4602 consumeret,
2905 4535 3250 4604 corroderet,
3295 4533 3613 4601 devoraret,
3653 4529 3893 4586 solum-

2233 4636 2341 4692 que
2363 4622 2655 4691 solatium,
2689 4636 2797 4677 non
2831 4623 3061 4693 quidem
3094 4634 3224 4690 spes
3268 4619 3564 4674 evadendas
3589 4618 3893 4690 aegritudi-

2235 4712 2344 4781 nis,
2373 4711 2467 4766 sed
2510 4713 2708 4767 saltem
2749 4710 2955 4766 dilatio
2998 4710 3220 4778 mortis,
3253 4714 3375 4764 erat
3417 4707 3566 4778 quod
3619 4708 3891 4779 quotidie

2232 4800 2346 4856 duo
2373 4800 2520 4871 pulli
2553 4800 2898 4871 gallinarum
2930 4798 3224 4869 explumes
3262 4803 3315 4852 et
3365 4796 3661 4852 eviscerati
3696 4809 3888 4862 mane,

2231 4891 2460 4962 duoque
2512 4903 2762 4963 vespere,
2818 4889 2941 4945 vice
2991 4888 3252 4944 carnium
3322 4887 3434 4942 viri
3505 4886 3889 4942 consumendi

2237 4979 2450 5050 morbo,
2499 4991 2564 5034 ac
2594 4979 2642 5034 si
2686 4978 2901 5048 lupina:
2946 4976 3147 5048 rabiei,
3195 4975 3608 5047 opponebatur.
3649 4976 3762 5029 Nec
3804 4975 3890 5029 sic

2235 5067 2734 5124 cessabatconsum
2745 5067 2863 5138 ptio
2876 5067 3136 5122 carnium
3160 5067 3304 5135 ejus.
3331 5065 3714 5120 lnvisceratus
3730 5065 3892 5119 enim

477 5159 728 5217 ecclesiae
754 5158 1028 5230 fecerunt,
1050 5165 1106 5214 et
1134 5163 1378 5215 tutorem
1410 5159 1664 5214 omnium
1700 5159 2123 5228 possessionum
2157 5157 2210 5218 D
2240 5158 2489 5228 morbus,
2513 5163 2569 5214 et
2595 5157 2644 5212 si
2676 5157 2986 5228 aliquando
3011 5155 3370 5210 extrinsecus
3403 5153 3759 5224 pascebatur,
3795 5155 3897 5210 in-

479 5251 624 5322 ejus,
673 5248 1000 5320 ubicunque
1050 5254 1257 5320 essent,
1317 5247 1738 5318 delegaverunt.
1783 5249 1893 5317 Qui
1937 5249 2125 5304 sedem

482 5339 830 5398 thesaurarii
861 5344 916 5394 et
957 5338 1156 5394 domos
1184 5352 1313 5394 cum
1347 5337 1691 5408 redditibus,
1723 5337 1983 5408 quandiu
2017 5338 2128 5394 ad—

481 5432 648 5499 vixit,
678 5429 950 5487 obtinuit.
977 5428 1185 5484 Omnes
1207 5434 1394 5482 autem
1419 5428 1670 5498 quicum
1698 5427 1934 5484 consule
1953 5427 2130 5500 Ingel-

484 5521 638 5594 gerio
661 5525 843 5591 erant,
877 5525 934 5575 et
961 5517 1030 5574 ad
1061 5531 1270 5588 corpus
1301 5515 1450 5572 beati
1484 5517 1715 5572 Martini
1744 5517 2124 5574 reducendum

2237 5248 2541 5304 trinsecam
2575 5252 2760 5302 tamen
2789 5245 3082 5300 materiam
3115 5243 3466 5299 familiarius
3494 5243 3892 5299 consumebat.

2235 5338 2381 5408 Quid
2436 5337 2649 5408 plura?
2692 5334 3140 5406 Desperantibus
3172 5333 3434 5404 medicis,
3465 5346 3606 5388 cura
3630 5333 3893 5389 omnium

2240 5427 2532 5483 inutiliter
2556 5424 2885 5496 frustraque
2904 5429 3263 5494 consumpta,
3284 5423 3612 5493 episcopus,
3629 5421 3750 5478 acsi
3784 5436 3899 5477 mo-

2240 5517 2481 5587 riturus,
2513 5515 2584 5571 ab
2616 5514 2863 5572 humana
2892 5512 3079 5570 salute
3104 5513 3334 5584 penitus
3353 5510 3720 5568 destituitur.
3760 5510 3897 5582 Sed,
