4068 6178
238 229 390 293 4037

1221 246 1517 308 HEBERNI
1552 246 1806 309 TURON.
1851 250 1941 310 DE
1979 253 2212 312 MIRAC.
2256 257 2312 312 B.
2358 257 2668 317 MARTINI.

3516 270 3656 333 4038

240 365 310 416 ut
331 361 416 418 ait
439 363 739 439 Dominus,
774 385 897 438 quae
918 371 1276 443 impossibilia
1302 384 1430 433 sunt
1453 381 1606 450 apud
1631 381 1891 445 homines,
1917 380 1977 443 A
2003 396 2117 453 quo
2150 385 2395 455 populus
2426 390 2730 448 universus
2759 393 2858 464 qui
2892 400 3044 452 tuam
3079 404 3311 456 noverat
3352 401 3656 458 insanabi—

229 453 528 520 poss-ibilia
566 461 696 510 sunt
723 459 877 527 apud
904 461 1072 516 Deum
1105 463 1241 531 (Luc
1270 479 1436 540 xvm,
1471 466 1584 536 27).

309 541 571 599 Audiens
608 549 797 600 autem
837 546 984 604 idem
1029 552 1334 624 episcopus
1372 558 1543 628 quod,
1585 563 1712 629 post
1740 559 1890 616 beati

232 628 474 685 Martini
500 631 572 687 ab
596 632 995 694 Antissiodoro
1021 643 1420 705 reversionem.
1455 647 1572 703 sive
1587 628 1730 718 ipost
1758 663 1895 705 cor-

234 719 402 788 poris
419 720 546 788 ejus
564 721 1001 794 depositionem,
1027 729 1098 784 ob
1125 731 1313 801 ipsius
1335 735 1536 792 merita
1561 736 1724 809 longe
1746 737 1890 793 late—

231 821 347 876 que
392 810 740 880 propalanda
788 814 1164 876 creberrimas
1208 823 1487 880 Dominus
1525 825 1592 880 ad
1639 827 1891 895 ejusdem

228 897 564 953 venerabile
601 900 927 970 sepulcrum
971 905 1214 964 virtutes
1255 912 1478 981 operari
1523 913 1890 985 dignabatur,

227 985 388 1053 quod
417 987 632 1055 spiritu
659 989 772 1045 sibi
802 991 1106 1050 intimante
1129 999 1446 1057 sentiscens
1475 1002 1798 1073 episcopus,
1822 1003 1892 1060 de

226 1073 469 1128 Martini
493 1075 769 1149 suffragio
789 1094 943 1150 spem
965 1083 1118 1140 velut
1138 1092 1335 1144 contra
1357 1103 1512 1159 spem
1535 1092 1885 1163 concipiens,

224 1161 295 1216 ad
335 1162 528 1233 ipsum
560 1171 736 1237 totus,
769 1176 824 1224 et
855 1184 919 1226 ex
953 1176 1070 1229 toto
1107 1176 1276 1232 corde
1315 1180 1690 1250 convertitur,
1711 1161 1715 1162 ν
1736 1161 1889 1252 βψω-ἓ

223 1265 467 1308 sumens
503 1268 601 1324 per
629 1269 757 1312 eum
791 1273 955 1327 posse
1001 1262 1120 1318 fieri
1164 1267 1313 1335 quod
1359 1282 1455 1323 ars
1493 1269 1740 1326 humana
1772 1285 1883 1327 non

224 1346 470 1410 poterat.
517 1345 654 1400 Voto
691 1346 884 1418 itaque
926 1364 985 1406 se
1023 1352 1240 1426 obligat
1280 1358 1510 1412 Martini
1553 1359 1882 1429 sepulcrum

220 1443 288 1484 se
318 1431 714 1506 visitaturum,
760 1436 831 1492 ab
861 1452 926 1495 eo
966 1440 1212 1499 ﬁdeliter
1249 1459 1309 1500 se
1349 1447 1669 1516 periturum
1711 1462 1878 1519 quam

220 1524 358 1588 post.
385 1522 562 1577 Deum
593 1523 664 1579 ab
697 1525 821 1595 ipso
852 1527 966 1584 sibi
1010 1531 1135 1586 dari
1176 1534 1477 1591 sanitatem
1523 1537 1881 1595 solummodo

219 1611 624 1679 praesumebat.
650 1616 761 1670 Nec
785 1630 971 1674 mora:
996 1621 1153 1690 pium
1175 1628 1366 1679 votum
1391 1625 1484 1695 pia
1504 1625 1770 1684 voluntas
1790 1642 1880 1684 ex-

2003 469 2111 527 lem
2143 475 2565 549 aegritudinem,
2595 480 2718 536 viso
2748 487 2802 537 te
2832 485 3048 553 sospite
3081 487 3138 542 in
3176 489 3362 544 missae
3402 490 3652 546 celebra-

2003 559 2177 634 tione,
2206 569 2261 618 et
2285 566 2458 622 Deum
2487 569 2786 642 gloriﬁcet,
2829 578 2885 628 et
2914 573 2984 629 de
3010 581 3203 632 nostra
3245 578 3655 635 intercessione

2004 647 2075 705 [id
2087 651 2336 709 ucialius
2367 665 2688 725 pratsumat.

2074 739 2176 795 His
2201 742 2378 798 dictis
2415 747 2596 802 morbi
2630 749 2815 806 locum
2851 750 3041 808 baculi
3077 753 3384 822 pastoralis
3414 755 3655 826 cuspide

2003 825 2164 884 visus
2197 836 2280 886 est
2318 833 2596 905 tetigisse.
2624 839 2706 894 Ad
2739 841 2906 909 cujus
2940 847 3153 897 tactum
3181 849 3236 898 et
3268 843 3420 899 visio
3448 825 3654 914 dispa-

2003 917 2143 982 ruit,
2179 924 2234 973 et
2264 933 2498 978 somnus
2530 927 2785 981 recessit.
2821 929 3118 986 Excitatus
3147 930 3452 1000 episcopus
3480 945 3659 1001 expe-

2001 1005 2226 1062 rientiae
2256 1023 2427 1066 causa
2457 1011 2579 1068 loco
2606 1015 2862 1072 vulneris
2895 1031 3121 1074 manum
3152 1020 3409 1088 apponit.
3442 1021 3513 1075 At
3541 1021 3647 1075 mi-

2000 1094 2170 1150 nistri
2212 1098 2356 1168 ejus,
2405 1101 2503 1171 qui
2550 1116 2722 1173 prope
2759 1104 3136 1168 excubabant,
3183 1109 3449 1164 timentes
3495 1113 3652 1164 tactu

1998 1185 2352 1256 pruriginem
2387 1189 2636 1262 irritare,
2671 1194 3050 1263 prohibebant
3078 1209 3225 1252 eum.
3261 1197 3484 1266 Quibus
3507 1198 3644 1253 ille:

1993 1273 2202 1342 Nolite,
2249 1275 2460 1348 inquit,
2499 1280 2720 1338 timere.
2761 1283 3014 1339 Domnus
3048 1285 3198 1339 enim
3243 1286 3526 1340 Martinus
3559 1300 3646 1342 me

1993 1362 2228 1418 sanitati
2275 1367 2551 1424 restituit.
2595 1369 2819 1439 Quibus
2855 1372 3245 1429 excitantibus
3271 1387 3339 1428 ne
3371 1373 3514 1430 forte
3545 1390 3645 1445 per

1992 1452 2278 1509 somnium
2324 1454 2674 1526 loqueretur.
2721 1459 3050 1530 Accendite,
3094 1461 3304 1532 inquit,
3353 1462 3636 1535 lucernas,

1987 1540 2176 1596 venite
2205 1547 2262 1598 et
2290 1544 2477 1601 videte
2508 1545 2696 1603 locum
2730 1548 2828 1604 ubi
2862 1547 3047 1605 fuerat
3079 1550 3330 1606 morbus.
3366 1551 3456 1606 [lli
3481 1552 3638 1609 dicto

1988 1627 2168 1685 citius
2191 1629 2339 1702 (nam
2365 1647 2532 1691 mora:
2557 1637 2861 1707 impatiens
2884 1637 3237 1695 desiderium
3258 1640 3363 1711 est)
3382 1641 3639 1696 accensis

214 1700 512 1770 sequitur.
533 1702 837 1772 Adjunctis
854 1707 967 1763 sibi
990 1709 1170 1781 igitur
1192 1712 1619 1772 honestissimis
1637 1718 1874 1773 comiti-
1907 1703 1958 1764 Β
1989 1700 2378 1778 luminaribus
2417 1700 2760 1794 praeeuntem
2802 1732 3142 1798 sequuntur,
3178 1700 3359 1799 inque,
3380 1728 3638 1798 capitulo

215 1786 353 1859 bus,
376 1792 710 1860 praeparatis
727 1793 951 1852 abunde
969 1813 1094 1868 qua:
1110 1807 1272 1856 erant
1290 1805 1630 1875 necessaria,
1649 1805 1759 1862 iter
1770 1819 1877 1878 ag-

213 1877 505 1949 greditur,
533 1894 890 1952 summOpere
917 1900 1228 1956 procurans
1251 1897 1315 1946 ut
1338 1893 1406 1947 ad
1433 1891 1638 1949 festum
1661 1877 1872 1952 summi

212 1966 540 2038 Pontiﬁcis,
567 1971 714 2040 quod
741 1971 1094 2048 imminebat,
1122 1985 1460 2036 occurreret.
1490 1981 1648 2052 Quod
1672 1989 1727 2040 et
1748 1982 1875 2041 fac—

211 2061 341 2110 tum
356 2063 462 2111 est.
478 2059 589 2113 Nec
603 2057 780 2116 latere
793 2064 982 2131 potuit
994 2066 1078 2121 vel
1092 2070 1423 2139 aegrotantis
1442 2071 1772 2129 sublimitas
1782 2073 1869 2129 vel

209 2149 392 2200 tanta:
412 2145 795 2204 sublimitatis
817 2150 1143 2210 inﬁrmitas.
1172 2157 1393 2226 Quanto
1414 2159 1564 2214 enim
1588 2162 1720 2232 quis
1735 2162 1871 2217 emi-

211 2233 468 2300 nentior,
507 2239 664 2290 tanto
712 2238 837 2306 ejus
886 2240 1204 2300 infortunia
1255 2245 1431 2302 latius
1471 2248 1862 2321 divulgantur.

205 2321 439 2391 Quippe
471 2321 616 2379 fama
645 2323 887 2383 fortunae
916 2331 1123 2404 comes,
1152 2347 1318 2404 quem
1349 2335 1448 2391 illa
1471 2337 1721 2411 subruit,
1749 2340 1867 2397 haec

206 2409 494 2467 diffamat.
560 2415 834 2472 Intererat
884 2419 1068 2491 igitur
1128 2425 1510 2482 moribundus
1560 2409 1867 2500 episcopus

203 2502 470 2573 episcopi
506 2505 736 2560 Martini
769 2506 916 2564 vivis
957 2509 1228 2568 laudibus
1257 2520 1312 2570 et
1345 2514 1568 2573 festivis
1598 2536 1611 2573 :
1648 2519 1765 2590 sed,
1802 2524 1867 2576 ut

201 2591 454 2660 dicitur,
495 2592 547 2646 ei
590 2593 776 2662 posito
809 2597 866 2678 i_n
910 2597 1070 2655 luctu
1111 2603 1329 2659 musica
1367 2610 1488 2661 erat
1533 2607 1864 2678 importuna

205 2681 491 2736 narratio.
558 2670 837 2740 Vincebat
885 2691 1068 2744 tamen
1137 2691 1436 2750 devotione
1507 2670 1861 2770 maestitiam,

204 2782 315 2824 nec
363 2783 611 2840 unquam
655 2777 954 2832 nocturnis
1001 2778 1224 2850 vigiliis
1271 2782 1467 2840 abesse
1516 2787 1859 2856 patiebatur.

201 2857 388 2914 Multa
420 2860 825 2919 canonicorum
864 2865 1016 2922 circa
1047 2882 1175 2925 eum
1207 2875 1546 2944 compassio,
1583 2877 1726 2932 mira
1758 2877 1864 2934 be—

204 2946 536 3004 nevolentia
569 2956 708 3006 erat.
749 2955 874 3024 Ipse
907 2962 1095 3013 autem
1134 2966 1394 3017 sanctum
1435 2965 1721 3021 tumulum
1765 2967 1864 3022 in—

201 3037 431 3092 somnis
462 3053 788 3114 pronusque
810 3047 1196 3117 pernoctabat,
1220 3051 1356 3121 quia
1384 3055 1616 3110 nonnisi
1647 3070 1860 3127 pronus
1888 3025 1935 3085 θ

201 3131 450 3196 urgente
477 3127 857 3202 incommodo,
888 3135 1109 3192 valebat
1134 3139 1466 3198 subsistere.
1492 3142 1860 3201 Continuatis

201 3213 406 3284 itaque
426 3221 637 3286 septem
658 3219 864 3277 diebus
883 3223 1366 3294 solemnitatibus,
1389 3230 1578 3288 clerus
1597 3238 1653 3288 et
1673 3248 1861 3304 p0pu-

201 3301 301 3358 lus
337 3317 492 3361 more
527 3306 722 3364 debito
763 3310 1119 3370 laetabantur.
1157 3319 1280 3387 Ipse
1319 3332 1449 3376 vero
1484 3335 1594 3378 non
1628 3301 1853 3396 diebus,

199 3405 320 3447 non
386 3396 672 3468 noctibus,
730 3413 763 3455 a
816 3400 1086 3473 lacrymis
1145 3410 1200 3461 et
1257 3408 1516 3465 oratione
1576 3412 1849 3467 cessabat.

195 3480 454 3550 Septima
483 3484 712 3542 demum
747 3494 929 3562 nocte,
961 3493 1222 3551 oratione
1247 3499 1521 3554 continua
1552 3504 1608 3554 et
1636 3501 1859 3558 doloris

199 3567 483 3642 fatigatus
517 3575 853 3646 acerbitate,
880 3586 944 3636 ut
977 3587 1100 3639 erat
1138 3589 1269 3640 ante
1301 3594 1725 3644 sacrosanctum
1754 3595 1856 3646 tu-

198 3659 426 3716 mulum
461 3670 800 3738 prostratus,
845 3670 1142 3740 paululum
1175 3674 1542 3746 obdormivit,
1577 3692 1706 3734 cum
1728 3692 1855 3735 ecce

196 3748 562 3820 signipotens
582 3755 884 3829 Martinus,
913 3761 1227 3828 pontiﬁcali
1250 3765 1554 3823 decoratus
1576 3767 1780 3832 infula,
1800 3769 1852 3824 ei

195 3837 365 3894 visus
399 3847 485 3897 est
512 3843 787 3901 astitisse.
819 3848 996 3917 Quem
1024 3855 1088 3906 ut
1117 3859 1330 3921 patrem
1366 3855 1542 3927 ﬁlius,
1577 3864 1641 3912 ut
1667 3857 1846 3913 disci-

197 3927 378 3998 pulus
407 3938 803 4003 praeceptorem
840 3943 1073 3995 sanctus
1107 3941 1366 3999 Briccius
1409 3944 1771 4017 sequebatur,
1800 3953 1857 4003 et

199 4017 327 4086 ipse
375 4023 561 4076 tamen
608 4024 1014 4095 episcopaliter
1059 4029 1383 4088 redimitus.
1434 4032 1517 4088 Ad
1563 4048 1728 4104 quem
1775 4035 1854 4090 ita

196 4106 522 4164 Martinus:
551 4110 721 4183 Quid,
764 4111 940 4170 frater
982 4117 1164 4173 Bricci
1191 4119 1540 4177 ‘iJustumne
1566 4122 1672 4178 tibi
1706 4123 1854 4179 vide-

197 4198 298 4249 tur
324 4201 388 4251 ut
412 4211 558 4269 aeger
591 4201 685 4256 hic
713 4207 963 4272 optatam
996 4207 1240 4277 recipiat
1264 4211 1587 4283 sanitatem,
1612 4211 1711 4282 qui
1738 4218 1850 4268 tam

191 4282 439 4341 devotus
457 4300 524 4342 ex
546 4293 657 4344 tam
680 4290 1017 4365 longinquis
1039 4297 1301 4366 partibus
1321 4299 1388 4354 ad
1414 4305 1671 4356 nostrum
1693 4303 1850 4360 venit

1983 1807 2237 1865 ecclesiae
2280 1812 2684 1870 substiterunt.
2731 1817 2887 1872 Tunc
2927 1830 3058 1872 vero
3096 1816 3390 1873 resolvunt
3427 1816 3636 1874 fascias

1985 1896 2217 1969 quibus,
2257 1905 2323 1956 ut
2357 1915 2478 1958 mos
2507 1908 2612 1969 est,
2647 1904 2953 1975 ligabatur,
3001 1905 3304 1976 pullosque
3335 1919 3479 1976 quos
3504 1920 3632 1962 sero

1984 1987 2179 2044 morbo
2221 1989 2376 2045 velut
2416 1991 2734 2048 insatiabili
2777 1992 2980 2048 bellum
3018 1991 3340 2062 objecerant
3387 1994 3632 2050 intactos

1982 2077 2295 2146 reperiunt,
2337 2093 2562 2136 carnem
2603 2081 2959 2138 subcrevisse
2993 2081 3215 2152 reliqua
3250 2081 3308 2137 in
3337 2082 3497 2138 nullo
3530 2081 3631 2138 hu-

1981 2165 2265 2222 miliorem
2303 2169 2626 2241 inveniunt,
2665 2185 2765 2226 nec
2791 2170 2861 2225 ab
2888 2185 2951 2226 ea
2978 2168 3209 2225 differre
3238 2175 3439 2239 praeter
3468 2171 3618 2240 quod

1979 2255 2190 2312 lineola
2243 2259 2498 2328 quaedam
2555 2259 2874 2316 rubicunda
2929 2260 3066 2315 hinc
3117 2259 3412 2314 cicatricis
3461 2260 3628 2315 alter-

1977 2350 2160 2400 utram
2203 2347 2514 2404 dividebat.
2564 2349 2712 2419 Quid
2756 2349 3242 2406 moror'?Clamor
3286 2350 3623 2406 mirantium

1976 2433 2149 2491 simul
2180 2441 2236 2492 et
2262 2439 2632 2509 gaudentium
2664 2439 2731 2494 ad
2761 2445 2914 2495 astra
2937 2439 3289 2498 sustollitur.
3323 2439 3620 2508 Canonici,

1975 2525 2074 2596 qui
2116 2527 2432 2583 matutinos
2470 2529 2708 2599 hymnos
2749 2543 2846 2599 pro
2891 2530 3132 2586 solemni
3180 2545 3332 2586 more
3365 2530 3627 2584 decanta-

1973 2614 2128 2685 bant,
2157 2616 2331 2671 exciti
2355 2617 2592 2672 vocibus
2611 2625 2942 2687 accurrunt,
2972 2633 3203 2688 remque
3222 2619 3453 2690 dignam
3481 2616 3624 2672 satis

1974 2704 2253 2760 miraculo
2282 2704 2470 2761 oculis
2494 2706 2947 2776 comprobantes,
2983 2707 3264 2763 neminem
3291 2709 3619 2762 sanctorum

1972 2792 2268 2864 signorum
2309 2793 2556 2850 efficacia
2594 2794 3035 2866 comparabilem
3071 2795 3317 2851 Martino
3348 2798 3624 2865 protesta-

1972 2881 2200 2937 bantur.
2237 2883 2550 2939 Pulsantur
2591 2884 2774 2955 igitur
2805 2885 2989 2957 signa,
3027 2887 3098 2940 Te
3128 2889 3294 2940 Deum
3327 2883 3618 2938 laudamus

1969 2971 2238 3026 alacriter
2275 2973 2630 3027 decantatur.
2668 2976 2828 3028 Mane
2861 2975 2993 3030 dato
3028 2980 3341 3030 conventus
3373 2972 3621 3029 canoni—

1969 3074 2165 3117 corum
2204 3061 2263 3116 in
2294 3061 2612 3131 capitulum
2652 3069 2997 3118 convocatur
3027 3081 3040 3117 :
3075 3063 3341 3119 Jussione
3378 3061 3611 3117 Martini

1968 3154 2215 3220 accepta,
2265 3149 2598 3220 episcopum
2646 3155 2904 3206 sanatum
2952 3152 3292 3206 canonicum
3343 3148 3610 3210 faciunt:

1968 3240 2066 3310 qui
2091 3245 2146 3295 et
2169 3239 2364 3295 eodem
2397 3240 2512 3308 die,
2542 3246 2604 3295 ut
2635 3239 2747 3294 sibi
2781 3245 3014 3296 sanctus
3039 3241 3310 3310 jusserat,
3338 3237 3613 3294 Domini-

1965 3343 2084 3384 cam
2119 3329 2350 3384 missam
2378 3329 2529 3384 clero
2565 3329 2907 3399 populisque
2935 3329 3260 3385 astantibus
3281 3326 3609 3383 celebravit.

1963 3417 2186 3488 Quibus
2223 3417 2332 3472 rite
2376 3417 2658 3488 perfectis,
2703 3417 2865 3473 laetus
2898 3423 2955 3473 et
2997 3416 3306 3513 incolumis
3336 3415 3614 3513 remeavit

1963 3507 2030 3562 ad
2064 3507 2310 3577 propria.
2357 3507 2461 3562 Sed
2505 3520 2615 3562 non
2661 3506 2942 3578 ingratus.
2982 3505 3067 3562 vel
3108 3505 3291 3560 sancti
3336 3502 3612 3559 beneﬁcio

1962 3596 2047 3652 vel
2071 3596 2475 3652 canonicorum
2499 3609 2734 3652 suorum
2757 3594 3053 3666 obsequio,
3081 3594 3191 3664 ipsi
3215 3599 3411 3650 sancto
3430 3597 3614 3647 vestes

1963 3684 2177 3741 sericas
2209 3685 2488 3755 pretiosas
2524 3697 2770 3755 vasaque
2799 3697 2969 3740 aurea
2995 3689 3050 3739 et
3081 3686 3367 3754 argentea,
3395 3679 3611 3751 quibus

1967 3773 2250 3844 hodieque
2274 3774 2515 3830 Domino
2536 3780 2591 3829 et
2616 3777 2812 3829 sancto
2835 3773 2984 3828 inibi
3015 3772 3399 3840 ministratur,
3429 3777 3611 3824 trans-

1965 3863 2126 3918 misit
2141 3863 2507 3935 singulisque
2528 3863 2824 3918 canonicis
2844 3862 3073 3933 singula
3088 3860 3326 3917 donaria
3347 3858 3610 3914 destina-

1963 3952 2062 4007 vit.
2097 3958 2290 4022 Neque
2323 3953 2428 4008 hoc
2470 3952 2657 4007 visum
2688 3957 2774 4008 est
2809 3952 2862 4006 ei
2900 3952 3062 4008 satis.
3106 3952 3378 4005 Processu
3414 3948 3608 4017 itaque

1964 4042 2235 4111 temporis
2273 4040 2332 4095 in
2370 4041 2603 4097 dioecesi
2650 4054 2754 4097 sua
2797 4041 3091 4096 ecclesiam
3129 4039 3186 4094 in
3217 4039 3429 4094 honore
3453 4037 3605 4092 beati

1961 4130 2192 4186 Martini
2225 4130 2567 4197 construxit,
2594 4143 2760 4200 quam
2791 4129 2970 4185 tantis
2988 4129 3312 4185 redditibus
3337 4125 3608 4182 cumula-

1959 4219 2045 4275 vit
2065 4225 2128 4275 ut
2149 4219 2571 4291 quinquaginta
2592 4217 2853 4273 canonici
2883 4218 2941 4273 in
2963 4232 3025 4273 ea
3046 4220 3159 4273 Deo
3179 4224 3235 4272 et
3251 4222 3446 4272 sancto
3468 4218 3607 4270 Mar-

1959 4308 2082 4365 tino
2101 4309 2486 4365 deservientes
2504 4307 3024 4364 abundantissimis
3040 4306 3370 4376 sumptibus
3385 4310 3608 4361 susten-

192 4374 510 4447 tumulum,
556 4383 670 4434 tam
709 4381 1068 4455 suppliciter,
1116 4389 1230 4442 tam
1274 4395 1698 4458 perseveranter
1736 4407 1847 4450 no-
1874 4377 1928 4438 D
1957 4402 2165 4456 tentur.

192 4464 376 4517 stram
407 4476 568 4534 opem
598 4470 889 4538 expetiit?
916 4473 984 4528 Et
1013 4473 1307 4532 Briccius:
1337 4478 1596 4552 Domine,
1629 4481 1844 4552 inquit,

191 4551 244 4605 si
277 4552 462 4621 placet
491 4564 688 4613 vestra:
714 4560 936 4631 pietati,
964 4563 1175 4621 bonum
1207 4572 1292 4623 est
1319 4572 1381 4624 ut
1412 4569 1519 4625 iste
1542 4551 1846 4641 pristinam

191 4641 501 4700 sanitatem
533 4647 795 4721 recipiat,
830 4654 1144 4720 praesertim
1177 4655 1344 4713 homo
1380 4660 1562 4716 nostri
1599 4661 1846 4733 ordinis,

190 4734 250 4785 et
289 4733 462 4802 cujus
505 4735 624 4792 vita
664 4739 924 4797 ordinem
974 4756 1086 4799 non
1131 4745 1415 4816 deturpat.
1469 4750 1627 4805 Tunc
1667 4751 1851 4822 igitur

189 4820 483 4878 Martinus
511 4838 821 4885 conversus
851 4831 920 4886 ad
949 4845 1185 4905 aegrum,
1222 4843 1278 4891 et
1303 4833 1589 4894 familiare
1615 4820 1728 4894 sibi
1757 4854 1855 4899 no-

190 4923 326 4966 men
373 4914 566 4970 crucis
613 4931 710 4973 ore
753 4934 915 4977 sacro
956 4923 1312 4997 depromens,
1369 4927 1666 4999 ipsamque
1709 4945 1854 4987 cru-

188 5013 312 5055 cem
345 5015 521 5072 super
556 5019 683 5061 eum
721 5008 1037 5083 depingens
1063 5030 1075 5066 :
1102 5015 1382 5088 Heldrice,
1426 5017 1639 5091 inquit,
1689 5026 1852 5078 sanat

188 5094 245 5145 te
274 5092 559 5150 Dominus
585 5096 750 5154 Jesus
784 5100 1068 5158 Christus.
1103 5104 1282 5178 Surge
1319 5121 1515 5181 sanus,
1547 5114 1602 5166 et
1629 5112 1848 5168 vocatis

186 5179 427 5237 clericis
480 5185 643 5256 meis,
695 5187 985 5246 innotesce
1035 5193 1157 5249 illis
1211 5197 1346 5266 quia
1397 5179 1663 5268 precibus
1703 5203 1846 5258 meis

186 5269 435 5340 adeptus
477 5286 539 5330 es
570 5277 870 5336 sanitatem
896 5300 908 5336 :
933 5282 1100 5339 Dices
1127 5285 1300 5342 etiam
1336 5287 1422 5344 eis
1449 5303 1519 5344 ex
1565 5295 1844 5362 praecepto

188 5373 316 5416 meo
341 5366 628 5432 quatenus
657 5370 712 5422 te
741 5365 916 5438 hujus
939 5371 1194 5430 ecclesiae
1227 5389 1361 5431 mea:
1385 5378 1720 5435 canonicum
1752 5379 1846 5438 fa-

183 5449 365 5505 ciant.
402 5452 462 5508 In
509 5457 905 5514 testimonium
947 5467 1135 5519 autem
1167 5464 1365 5537 gloriae
1393 5466 1610 5524 Christi
1643 5475 1697 5524 et
1733 5475 1845 5525 tuae

183 5538 463 5598 sanitatis
494 5544 768 5615 praecipio
793 5551 859 5603 ut
879 5549 1112 5609 missam
1136 5556 1404 5626 majorem
1427 5556 1598 5614 hodie
1625 5564 1840 5631 cantes,

2027 4490 2092 4543 II.
2142 4487 2489 4544 Marchisius
2527 4487 2597 4543 de
2640 4484 3060 4556 Monteferrato,
3113 4482 3444 4541 Bonifacius
3489 4495 3601 4538 no—

1959 4577 2131 4647 mine,
2180 4577 2340 4633 bona‘.
2393 4577 2716 4633 devotionis
2767 4575 3237 4632 consuetudinem
3281 4571 3492 4628 fecerat
3537 4576 3602 4626 ut

1957 4665 2386 4738 annissingulis
2399 4667 2467 4722 ad
2481 4666 2631 4721 diem
2647 4665 2854 4721 festum
2873 4664 3022 4721 beati
3041 4662 3295 4733 Martini,
3311 4662 3597 4720 tumulum

1958 4756 2084 4825 ejus
2105 4761 2527 4811 sacrosanctum
2555 4758 2856 4824 expeteret.
2885 4756 3008 4809 Non
3033 4754 3185 4809 enim
3219 4753 3448 4808 itineris
3470 4752 3604 4809 lon—

1963 4845 2162 4917 gitudo
2183 4849 2239 4900 et
2256 4844 2554 4915 asperitas,
2590 4857 2700 4899 non
2730 4843 3190 4912 interjacentium
3223 4843 3473 4899 hostium
3505 4843 3605 4898 in—

1962 4933 2146 4997 sidiaa,
2182 4947 2292 4989 non
2314 4933 2594 4989 bellorum
2623 4930 2890 5001 frequens
2917 4932 3194 5001 incursio,
3220 4945 3330 4987 non
3353 4932 3602 5003 denique

1962 5025 2078 5080 ulla
2112 5028 2370 5094 poterant
2400 5022 2677 5091 impedire
2704 5021 2932 5093 negotia
2967 5021 3106 5092 quin
3147 5021 3214 5076 ad
3255 5022 3438 5078 sancti
3471 5021 3603 5078 suf—

1959 5112 2141 5186 fragia
2214 5110 2581 5183 promerenda
2652 5115 2962 5167 ocurreret.
3031 5111 3184 5167 Adeo
3255 5111 3409 5167 ﬁdeli
3475 5111 3600 5165 viro

1957 5203 2311 5276 propositum
2335 5205 2456 5257 erat
2477 5200 2488 5254 !
2511 5201 2614 5256 Pro
2638 5213 2790 5256 more
2814 5200 2995 5271 igitur
3014 5199 3326 5271 aliquando
3352 5204 3597 5266 venerat,

1953 5308 2082 5350 cum
2105 5293 2297 5349 subito
2321 5291 2507 5361 posito
2532 5290 2590 5345 in
2613 5289 2870 5345 oratione
2896 5289 3186 5360 negotium
3212 5287 3594 5358 periculosum

1953 5382 2096 5439 satis
2123 5381 2366 5453 perculit
2385 5381 2510 5450 ejus
2531 5379 2881 5435 memoriam.
2906 5381 3102 5435 Mutuo
3124 5377 3406 5447 siquidem
3429 5387 3600 5430 sexa-

1955 5471 2113 5545 ginta
2143 5471 2461 5527 solidorum
2491 5469 2671 5526 millia
2701 5469 2758 5524 in
2788 5469 2972 5539 patria
2993 5480 3095 5522 sua
3120 5480 3151 5520 a
3172 5463 3594 5562 quodamliur—

1951 5575 2118 5636 gense
2146 5566 2455 5631 acceperat,
2489 5560 2594 5616 sub
2625 5558 2753 5614 ﬁdei
2791 5571 2908 5612 sua:
2948 5558 3302 5609 sacramento
3336 5550 3582 5620 scilicet,
