4068 6178
431 194 456 252 4
465 193 570 253 039

1021 198 1309 255 ΑΡΡΕΝῙ).
1351 198 1444 256 AD
1481 199 1643 258 SE6.
1685 198 1777 257 IN.
1810 227 1879 240 —-
1905 193 2235 254 SUPPLEM.
2277 193 2370 250 AD
2408 193 2610 250 AUCT.
2652 193 3012 251 CERTIORIS
3047 192 3234 250 ANNI.

3708 189 3846 247 10w

427 319 789 389 interpositis
806 320 978 376 simul
1000 321 1463 391 ﬁdeijussoribus
1480 323 1919 394 multis,ettunc
1935 321 2083 389 ejus-
2103 319 2162 378 A
2191 317 2414 373 laudem
2442 317 2625 373 sancti
2653 317 2883 374 Martini
2915 317 3080 373 ﬁoret
3100 315 3327 388 religio,
3352 313 3692 384 Christique
3717 327 3846 368 ser—

423 408 549 463 dem
577 409 872 464 reddenda
895 411 1148 480 pecunia
1168 412 1293 467 dies
1313 413 1617 469 condictus
1640 411 1906 468 instabat.
1927 408 2076 477 Quid

425 495 635 552 faceret
655 497 681 550 ‘?
700 498 758 553 Si
781 499 932 554 enim
962 513 1116 555 more
1139 501 1330 556 avium
1365 501 1698 572 pernicibus
1721 501 1834 556 alis
1855 498 2079 555 evolare

425 593 635 656 posset,
671 601 771 642 nec
802 589 887 642 sic
918 589 1149 658 quidem
1181 591 1249 645 ad
1284 590 1576 660 praﬁxum
1621 594 1841 660 poterat
1869 601 2081 644 occur-

425 689 547 730 rere
576 676 746 732 diem.
776 675 933 745 Quod
966 679 1147 749 igitur
1175 679 1360 735 solum
1391 680 1504 735 sibi
1529 680 1797 750 restabat,
1822 679 1890 734 ad
1924 679 2080 732 Mar-

425 764 533 818 tini
557 764 827 836 suffragia
853 769 1130 835 poscenda
1148 774 1304 824 totus
1325 770 1697 826 convertitur.
1726 768 1891 823 illum
1909 765 2076 833 votis,

428 851 592 908 illum
625 858 820 909 exorat
859 855 1169 925 gemitibus
1201 862 1266 912 ut
1301 857 1360 912 in
1390 863 1545 913 tanta
1577 857 1913 914 necessitate
1937 867 2083 910 con-

426 943 631 998 stituto
663 943 964 999 subveniat
993 963 1007 1014 ;
1045 959 1112 1000 ne
1141 946 1385 1013 scilicet,
1415 948 1515 1016 qui
1550 960 1672 1003 sese
1692 951 1748 1002 et
1768 958 1872 1001 sua
1905 957 2085 1014 nego-

428 1031 511 1085 tia
532 1031 603 1086 ob
627 1031 751 1100 ejus
770 1032 1124 1088 devotionem
1151 1033 1369 1090 oblitus
1394 1033 1600 1104 fuerat,
1625 1035 1696 1090 ab
1722 1035 1846 1104 ipso
1867 1031 2089 1089 oblivi-

436 1124 646 1189 scatur,
683 1133 750 1175 ne
791 1120 1190 1190 ﬁdejussorum
1224 1129 1280 1178 et
1310 1137 1472 1178 suam
1506 1123 1695 1193 ipsius
1727 1122 1892 1178 ﬁdem
1927 1121 2092 1192 peri—

441 1207 634 1263 clitari
679 1207 830 1263 sinat
863 1227 878 1278 ;
911 1210 1005 1264 sed
1066 1223 1220 1266 more
1267 1225 1372 1268 suo
1421 1212 1708 1269 divinitus
1755 1211 1929 1266 faciat
1969 1223 2093 1266 esse

443 1316 470 1348 «
513 1296 790 1365 possibile
817 1299 968 1369 quod
999 1300 1147 1370 apud
1183 1314 1378 1358 omnes
1409 1301 1770 1372 impossibile
1802 1305 1888 1357 est
1919 1299 2094 1370 (Marc

443 1398 502 1454 x,
533 1381 642 1458 27).
677 1404 704 1436 ››

511 1476 572 1530 In
606 1475 711 1531 hac
736 1477 1178 1547 supplicatione,
1215 1493 1383 1550 quam
1415 1479 1562 1536 dura
1597 1479 1911 1536 necessitas
1942 1494 2095 1550 pra-

440 1564 725 1636 tendebat,
771 1567 876 1623 diu
920 1566 1216 1640 fatigatus,
1264 1570 1490 1625 tandem
1533 1569 1883 1626 obdormivit
1915 1587 1929 1639 ς
1961 1582 2092 1625 cum

2190 407 2346 463 vitus
2378 407 2637 463 liberalis
2665 409 2723 464 in
2753 408 2880 464 dies
2909 407 3244 464 exsolvitur.
3279 406 3667 474 Crediturque
3699 403 3842 474 quod

2192 496 2442 553 illustris
2466 498 2785 567 Marchisii,
2815 498 2922 554 etsi
2951 497 3256 568 sanguinis
3286 493 3670 568 generositate
3698 491 3847 547 infe-

2193 586 2332 655 rior,
2367 600 2587 642 morum
2621 592 2806 643 tamen
2840 587 3162 655 nobilitate,
3200 585 3483 655 pracipue
3513 583 3672 638 circa
3699 585 3850 637 Mar-

2193 675 2303 730 tini
2337 675 2628 746 honorem,
2672 690 2732 732 se
2779 676 3039 745 probavit
3089 676 3422 746 ingenuum.
3474 675 3610 728 Nam
3644 677 3704 726 et
3734 671 3850 740 ipse

2193 764 2444 834 propriis
2484 765 2814 834 sumptibus
2849 765 2906 819 in
2948 763 3181 819 Martini
3230 763 3499 818 honorem
3550 760 3845 816 ecclesiam

2193 855 2540 923 construxit,
2574 855 2670 910 cui
2704 859 2922 910 tantum
2954 853 3285 909 reddituum
3311 850 3631 922 acquisivit
3661 862 3849 919 quan-

2195 948 2312 999 tum
2362 943 2666 998 conventui
2715 943 3121 999 monachorum
3171 941 3384 996 ibidem
3428 941 3542 995 Deo
3586 944 3644 994 et
3694 938 3851 994 beato

2195 1033 2440 1088 Martino
2480 1033 2852 1088 servientium
2896 1031 3266 1102 plenissimos
3295 1036 3564 1099 sumptus
3593 1027 3853 1084 suﬁicero

2200 1122 2501 1193 potuisset.
2551 1122 2782 1177 Florent
2810 1127 2998 1176 autem
3047 1121 3332 1190 hodieque
3369 1117 3550 1174 amba
3578 1117 3850 1184 ecclesia,

2201 1224 2327 1280 qua
2357 1209 2820 1281 ingredientibus
2864 1209 3032 1265 nobis
3071 1209 3292 1265 Italiam
3335 1207 3543 1278 pervia
3587 1211 3750 1274 sunt,
3782 1204 3854 1258 vi-

2201 1299 2347 1355 cina
2377 1299 2601 1354 scilicet
2638 1299 2871 1355 Susensi
2906 1312 3066 1370 pago.

2277 1390 2364 1444 III.
2396 1391 2455 1443 In
2485 1387 2691 1444 diebus
2722 1387 2845 1443 illis
2874 1388 2942 1443 ad
2974 1387 3124 1442 beati
3155 1385 3267 1442 viri
3301 1391 3734 1441 sacrosanctum
3763 1389 3860 1439 tu-

2204 1477 2423 1533 mulum
2456 1476 2836 1547 undecunque
2868 1476 3065 1546 patria
3105 1475 3471 1546 energumeni
3506 1472 3856 1529 ferebantur.

2201 1566 2408 1622 Mirum
2444 1565 2502 1620 in
2528 1566 2755 1622 modum
2791 1565 2998 1632 mortui
3033 1564 3218 1620 virtus
3246 1564 3400 1619 circa
3429 1563 3592 1618 vivos
3617 1562 3858 1617 salutem

439 1667 569 1710 ecce
621 1654 980 1725 signipotens
1037 1657 1136 1713 ille
1187 1659 1487 1730 Martinus,
1547 1664 1610 1715 ut
1658 1664 1814 1714 totus
1874 1671 2095 1727 semper
2125 1643 2566 1725 BOperabatur,
2599 1668 2700 1710 nec
2738 1654 3044 1724 quisquam
3086 1658 3276 1724 Optata
3323 1652 3571 1708 sanitate
3602 1649 3862 1706 frustra-

439 1743 762 1800 visceribus
781 1745 1087 1802 cbaritatis
1110 1746 1394 1808 aﬁluebat,
1422 1749 1687 1804 devotum
1709 1747 1823 1803 sibi
1849 1747 2095 1803 misera-

443 1839 557 1902 tus,
582 1833 639 1888 in
659 1833 786 1889 visu
803 1833 855 1889 ei
873 1835 1063 1891 astitit
1080 1835 1514 1905 pontiﬁcalibus
1536 1836 1843 1892 redimitus
1865 1834 2091 1904 infulis,

441 1920 670 1978 duobus
714 1921 930 1992 pariter
975 1923 1265 1994 episcopis
1309 1925 1618 1981 comitatus
1661 1924 1964 1995 visumque
2010 1926 2098 1979 est

445 2011 571 2067 viro
595 2012 741 2082 quod
769 2012 883 2068 duo
907 2011 996 2068 illi
1020 2027 1120 2082 pro
1146 2027 1210 2068 eo
1232 2014 1476 2070 Martino
1503 2013 1914 2084 supplicarent,
1945 2025 2098 2083 quo—

443 2115 571 2156 rum
596 2101 862 2171 precibus
891 2106 1124 2159 sanctus
1151 2101 1377 2158 liberali
1412 2103 1708 2159 hilaritate
1733 2115 1992 2159 annuens
2023 2100 2100 2157 ﬁ—

444 2191 570 2248 dem
616 2189 802 2262 jubet,
846 2191 1133 2247 auxilium
1181 2191 1508 2262 pollicetur.
1559 2193 1671 2247 Nec
1717 2205 1916 2260 mora;
1948 2190 2098 2246 visio

446 2293 796 2352 somnusque
823 2281 1037 2350 pariter
1067 2281 1467 2336 terminantur.
1497 2282 1673 2338 Homo
1698 2280 1924 2337 excitus
1953 2293 2103 2336 con-

448 2369 726 2442 gratulari
750 2374 997 2440 coeperat
1019 2369 1254 2426 visioni.
1281 2369 1384 2426 Sed
1409 2370 1640 2426 Martini
1671 2370 1980 2440 promissio
2002 2383 2102 2425 re-

446 2458 693 2514 vertitur
733 2458 791 2514 in
831 2457 1111 2515 effectum.
1155 2461 1294 2514 Nam
1336 2464 1564 2528 repente
1601 2459 1716 2515 duo
1749 2473 1881 2516 vasa
1927 2471 2100 2515 aurea

449 2560 621 2616 prope
647 2559 707 2602 se
738 2548 922 2616 posita
947 2548 1036 2603 vir
1063 2547 1314 2603 illustris
1352 2548 1565 2617 reperit
1605 2561 1883 2604 summam
1925 2561 2103 2604 num—

452 2649 673 2690 morum
713 2636 1068 2692 continentia
1114 2651 1214 2707 pro
1257 2637 1472 2708 quibus
1511 2637 1805 2694 sollicitus
1853 2638 2098 2694 Martino

449 2724 888 2795 supplicaverat.
935 2726 1070 2795 Qua
1099 2726 1272 2781 simul
1310 2733 1372 2782 ut
1402 2727 1648 2799 aspexit,
1690 2732 1949 2782 servante
1993 2741 2101 2783 ne—

449 2813 622 2884 mine,
657 2813 856 2869 mirari
902 2827 1113 2885 secum,
1159 2815 1610 2886 circumquaque
1641 2817 1988 2888 prospicere,
2031 2829 2100 2872 ne

447 2901 594 2958 forte
622 2903 690 2958 ad
719 2903 809 2958 sui
844 2903 1214 2959 tentationem
1255 2905 1553 2975 pecuniam
1588 2909 1801 2962 tantam
1835 2906 1968 2976 quis
1991 2919 2100 2976 ap-

2203 1743 2392 1813 batur,
2435 1743 2548 1798 nisi
2581 1744 2750 1812 cujus
2790 1743 2928 1799 ﬁdes
2961 1742 3188 1797 inﬁrma
3225 1743 3295 1797 de
3340 1740 3575 1796 Martini
3611 1739 3858 1809 potentia

2208 1832 2526 1888 hasitabat.
2562 1834 2696 1887 Erat
2733 1837 2869 1888 tunc
2895 1831 3171 1902 temporis
3203 1831 3598 1887 damoniacus
3625 1829 3857 1900 quidam

2206 1927 2369 1978 atate
2393 1922 2648 1992 juvenis,
2682 1922 2960 1978 militaris
2989 1922 3280 1993 progenie,
3315 1919 3483 1976 Gimo
3511 1919 3770 1986 nomine,
3798 1918 3863 1973 de

2207 2016 2394 2068 castro
2437 2011 2692 2066 Prieralo
2733 2011 3038 2066 oriundus.
3090 2011 3249 2066 Hunc
3292 2014 3558 2079 parentes
3605 2009 3859 2062 vinctum

2207 2100 2426 2156 catenis
2472 2099 2868 2156 ministrorum
2915 2099 3192 2170 obsequio
3227 2099 3296 2154 ad
3334 2098 3520 2154 sancti
3565 2097 3862 2152 basilicam

2206 2189 2466 2246 exhiberi
2495 2188 2770 2245 fecerunt.
2800 2191 3025 2245 Damon
3052 2193 3240 2244 autem
3267 2189 3363 2258 qui
3392 2201 3524 2242 eum
3556 2187 3860 2249 invaserat,

2207 2285 2265 2336 et
2299 2280 2484 2337 durus
2528 2292 2820 2350 possessor
2875 2276 3234 2349 praesidebat,
3282 2276 3384 2332 illo
3431 2277 3501 2332 ad
3553 2275 3862 2331 multorum

2207 2368 2624 2440 confusionem,
2664 2373 2727 2426 ut
2763 2368 2996 2438 prOprio
3037 2381 3272 2439 organo,
3313 2366 3684 2423 abutebatur.
3721 2365 3866 2434 Qui-

2208 2473 2436 2529 cunque
2460 2459 2612 2515 enim
2655 2459 2714 2514 in
2740 2459 2866 2527 ejus
2900 2458 3150 2513 venisset
3190 2457 3555 2527 prasentiam
3593 2455 3864 2525 capitalis

2208 2549 2476 2604 criminis
2497 2562 2639 2604 noxe
2662 2548 2966 2617 obnoxius,
2996 2539 3190 2602 statim
3217 2550 3462 2616 tempus,
3491 2544 3709 2613 locum,
3735 2558 3866 2613 per-

2207 2652 2424 2709 sonam,
2473 2639 2816 2708 modumque
2856 2636 3134 2692 facinoris
3161 2637 3382 2692 damon
3417 2636 3476 2691 in
3507 2636 3639 2704 ejus
3665 2633 3863 2690 faciem

2211 2729 2584 2784 irreverenter
2618 2740 2806 2782 coram
2843 2725 3115 2781 omnibus
3145 2724 3480 2794 exponebat.

2279 2818 2450 2871 Tanta
2485 2825 2606 2871 erat
2639 2816 2696 2870 in
2727 2815 2982 2871 damone
3014 2815 3365 2884 perspicacia
3395 2811 3681 2870 scelerum
3715 2814 3861 2884 quod

2211 2906 2442 2976 quidam
2487 2903 2733 2960 clericus
2781 2905 2985 2974 sancti,
3036 2902 3366 2958 Fridericus
3411 2901 3666 2972 nomine,
3707 2903 3866 2957 dives

448 2990 753 3062 posuisset.
788 2991 1041 3048 llarebat
1071 2993 1254 3065 igitur
1282 2999 1538 3068 stupens.
1573 2994 1747 3064 Quem
1790 2994 2101 3050 servientes
2130 2984 2178 3051 C
2209 3008 2400 3065 opum,
2425 2993 2566 3050 clari
2585 2993 2908 3066 sanguinis,
2930 2992 3270 3049 nonnullius
3286 2992 3456 3048 etiam
3474 2991 3864 3062 dignitatisin

446 3080 561 3152 sui,
588 3080 685 3151 qui
708 3082 835 3151 ejus
856 3081 1140 3138 orationis
1165 3081 1328 3138 ﬁdem
1351 3083 1579 3138 eminus
1601 3082 2096 3154 prastolabantur,

447 3169 764 3226 sollicitum
786 3171 1194 3241 perpendentes
1211 3172 1482 3242 proprius
1497 3173 1794 3242 accedunt,
1817 3172 2099 3228 neminem

446 3257 702 3315 adfuisse
718 3274 840 3316 sese
855 3259 1275 3317 excubantibus
1294 3261 1394 3331 qui
1413 3275 1477 3317 ea
1492 3261 1843 3332 deposuerit,
1866 3274 1975 3317 non
2001 3260 2102 3316 mi-

447 3363 559 3404 nus
603 3350 882 3406 miraculo
927 3363 1095 3420 quam
1136 3351 1347 3420 gaudio
1385 3349 1568 3406 effecti
1617 3349 2097 3421 protestabautur.

442 3439 601 3494 Tunc
630 3440 1016 3496 Marchisius:
1052 3440 1443 3512 Signipotens,
1473 3440 1686 3512 inquit,
1721 3440 2004 3496 Martinus
2031 3440 2101 3495 de

445 3528 795 3601 calestibus,
815 3529 1004 3597 credo,
1022 3529 1312 3584 thesauris
1327 3529 1468 3584 mihi
1486 3530 1707 3599 pondus
1726 3529 2098 3597 pecuniarum

445 3617 660 3688 quibus
684 3618 911 3673 debitor
943 3617 1035 3672 his
1063 3617 1270 3672 diebus
1297 3622 1491 3672 teneor
1511 3617 1741 3673 caelitus
1766 3617 2092 3673 destinavit.

445 3706 492 3760 Ο
522 3707 571 3761 si
603 3712 660 3761 et
687 3706 1025 3760 creditorem
1056 3705 1374 3776 exhiberet,
1408 3718 1478 3760 ne
1507 3706 1632 3774 ejus
1661 3705 1920 3760 visitatio
1953 3705 2096 3761 mihi

447 3795 544 3850 ﬁat
569 3795 792 3850 occasio
823 3793 952 3848 ﬁdei
989 3791 1384 3864 infringenda.
1427 3793 1528 3848 His
1557 3793 1752 3865 dictis,
1799 3795 2098 3864 pecuniam

445 3881 643 3952 colligi
672 3887 728 3936 et
755 3882 822 3936 ad
855 3881 1164 3950 hospitium
1194 3880 1357 3950 jubet
1385 3882 1697 3952 deportari,
1731 3896 1860 3939 cum
1886 3897 2012 3940 ecce
2041 3885 2098 3940 in

448 3971 638 4040 ipsius
663 3970 914 4026 ecclesia
940 3971 1184 4026 introitu
1205 3972 1363 4028 adest
1387 3972 1734 4042 improvisus
1757 3973 1855 4029 ille
1875 3974 1970 4030 cui
1993 3975 2102 4030 de—

449 4060 605 4116 bitor
657 4059 972 4116 tenebatur.
1019 4061 1174 4116 Tunc
1223 4062 1312 4116 vir
1355 4062 1634 4118 exclamat
1684 4078 1796 4133 pra
1839 4063 2098 4135 gaudio;

449 4149 791 4207 miraculum
834 4149 1084 4219 explicat
1115 4169 1128 4220 ;
1155 4152 1465 4208 Martinum
1505 4152 1761 4223 attollit;
1791 4153 2101 4208 Martinam

449 4239 723 4297 inclamat
754 4257 769 4310 ;
800 4239 1032 4295 Martini
1084 4239 1221 4296 facit
1258 4241 1450 4297 audiri
1496 4241 1807 4298 mirabilia.
1858 4241 2101 4297 Tandem

2209 3081 2449 3138 ecclesia
2505 3079 2653 3152 (nam
2703 3081 3065 3138 subdecanus
3111 3081 3249 3154 erat)
3298 3079 3565 3150 audiens,
3618 3081 3867 3152 graviter

2210 3171 2369 3242 tulit,
2407 3175 2619 3226 tantam
2659 3169 2884 3226 scilicet
2912 3185 2945 3226 a
2974 3171 3086 3226 Deo
3127 3169 3358 3226 diabolo
3391 3169 3734 3239 permissam
3765 3183 3869 3238 po—

2212 3264 2464 3316 testatem
2507 3265 2569 3316 ut
2601 3259 2880 3328 homines,
2928 3259 3246 3331 prasertim
3284 3258 3677 3319 Christianos,
3707 3271 3865 3314 com-

2212 3350 2531 3406 municaret
2577 3348 2846 3406 infamia.
2892 3349 3149 3420 Denique
3191 3349 3250 3404 in
3299 3347 3605 3418 prasentia
3651 3348 3865 3403 damo-

2211 3439 2361 3494 niaci
2384 3453 2513 3495 cum
2539 3439 2641 3494 hac
2663 3438 2894 3509 querela
2921 3437 3095 3494 venit.
3129 3440 3190 3493 In
3217 3450 3384 3508 quem
3411 3435 3712 3507 diabolus,
3745 3437 3865 3506 ejus

2208 3528 2468 3600 dirigens
2488 3527 2685 3584 oculos
2707 3542 2872 3599 quem
2901 3531 3294 3598 occupaverat,
3321 3540 3420 3596 per
3443 3539 3510 3581 os
3538 3527 3734 3596 ipsius
3755 3526 3860 3580 ait:

2208 3619 2278 3673 Et
2303 3624 2364 3673 tu
2398 3617 2468 3672 de
2504 3631 2665 3674 sacro
2707 3618 2893 3687 capite
2933 3631 3036 3674 nos
3076 3616 3366 3688 objurgas,
3413 3615 3516 3686 qui
3566 3615 3677 3671 hac
3714 3621 3866 3671 nocte

2211 3707 2322 3762 tale
2354 3704 2581 3763 facinus
2616 3721 2744 3764 cum
2778 3707 2880 3762 tali
2925 3721 3185 3778 persona,
3221 3707 3322 3762 tali
3366 3706 3512 3775 loco,
3553 3707 3861 3762 admisisti.

2207 3795 2455 3854 Erubuit
2501 3796 2747 3852 clericus
2785 3815 2799 3867 ;
2843 3797 3247 3867 divertensque
3287 3795 3359 3852 ab
3401 3809 3467 3852 eo
3517 3797 3865 3852 sacerdotem

2209 3891 2420 3956 evocat,
2472 3885 2530 3940 in
2577 3892 2789 3956 partem
2836 3885 3068 3956 secedit,
3121 3884 3340 3941 crimen
3384 3897 3417 3940 a
3454 3885 3720 3941 damone
3761 3884 3866 3940 sibi

2210 3974 2516 4044 objectum,
2549 3981 2604 4030 et
2634 3975 2683 4030 si
2727 3988 2838 4045 qua
2869 3972 3013 4031 forte
3053 3973 3383 4044 premebant
3426 3974 3867 4035 conscientiam,

2211 4065 2424 4134 spiritu
2453 4066 2700 4120 contrito
2729 4065 2981 4136 damnat,
3011 4077 3143 4120 voce
3173 4063 3380 4119 humili
3413 4063 3750 4130 conﬁtetur,
3776 4064 3873 4131 jn-

2211 4154 2368 4209 dicio
2391 4167 2448 4208 se
2469 4153 2781 4209 sacerdotis
2803 4153 3017 4225 subdit,
3047 4152 3495 4209 satisfactionem
3526 4153 3644 4208 sibi
3675 4155 3876 4222 injun—

2211 4248 2358 4298 ctam
2386 4245 2644 4313 prompta
2675 4241 2971 4297 alacritate
2999 4241 3386 4311 amplectitur.
3411 4242 3626 4312 Sicque
3649 4243 3872 4298 tandem

448 4329 723 4387 creditori
811 4329 1171 4402 reconsignat
1254 4331 1575 4401 pecuniam.
1652 4330 1815 4386 Plebs
1887 4331 2174 4406 urbanaD
2215 4331 2344 4387 ﬁdei
2385 4331 2599 4386 virtute
2641 4330 2930 4386 animatus
2972 4330 3040 4385 ad
3077 4331 3415 4386 damoniaci
3458 4330 3697 4386 rediens
3728 4345 3878 4402 pra—

449 4419 747 4476 concurrit
795 4425 851 4474 et
904 4419 1141 4488 rustica,
1193 4419 1345 4474 clero
1405 4424 1779 4490 praconante,
1832 4426 2107 4491 prasente

451 4510 761 4566 Marchisio
793 4509 967 4566 simul
997 4514 1054 4563 et
1085 4512 1434 4578 protestante
1480 4509 1826 4566 miraculum
1855 4511 2106 4581 exponi-

452 4603 568 4653 tur.
595 4599 812 4654 Christi
845 4598 1050 4670 gloria,
1082 4596 1315 4652 Martini
1345 4597 1526 4668 pietas
1559 4598 1617 4654 in
1649 4600 1938 4656 communi
1971 4600 2107 4657 lau—

454 4685 646 4741 datur.

529 4773 628 4828 Vir
659 4773 842 4845 igitur
871 4773 1199 4846 praclarus,
1233 4789 1399 4847 quem
1430 4781 1486 4833 et
1517 4777 1844 4851 ingenuitas
1873 4783 1929 4834 et
1955 4778 2109 4834 libe—

457 4861 659 4919 ralitas
686 4862 1014 4934 exornabat,
1055 4868 1112 4920 et
1139 4865 1373 4921 Martini
1421 4873 1732 4939 prarogata
1777 4867 2108 4924 humanitas

458 4953 527 5008 ad
574 4952 782 5008 melius
828 4953 1124 5026 incitabat,
1176 4969 1468 5026 regressus
1508 4957 1576 5012 ad
1625 4958 1874 5029 propria,
1921 4957 2104 5014 sancti

455 5041 750 5098 beneﬁciis
791 5043 939 5100 haud
983 5044 1243 5115 ingratus
1275 5045 1518 5100 exstitit.
1563 5048 1771 5116 Nempe
1809 5047 2104 5105 ecclesiam

458 5133 517 5188 in
543 5133 756 5188 honore
776 5133 970 5188 domni
993 5134 1224 5190 Martini
1248 5135 1303 5189 in
1329 5135 1562 5205 proprio
1583 5133 1847 5191 fundavit
1866 5136 2100 5208 allodio,

453 5236 692 5293 eamque
711 5223 781 5278 de
807 5221 1058 5291 propriis
1082 5223 1405 5280 redditibus
1426 5238 1530 5280 sua
1558 5224 1950 5282 muniﬁcentia
1976 5240 2107 5282 am-

458 5312 682 5383 pliavit,
719 5317 783 5368 ut
809 5317 1092 5367 conventu
1124 5313 1532 5368 monachorum
1561 5313 1710 5368 inibi
1741 5321 2100 5389 congregato,

452 5409 509 5460 et
541 5403 772 5474 pralato
810 5401 895 5457 eis
942 5403 1104 5457 Patre
1155 5401 1440 5458 abbatiam
1486 5400 1605 5458 fore
1659 5404 1716 5459 in
1768 5413 2102 5476 perpetuum

455 5493 851 5563 constitueret,
887 5492 946 5548 in
973 5505 1085 5564 qua
1111 5505 1294 5564 usque
1327 5491 1495 5550 hodie
1527 5492 1585 5549 in
1619 5493 1887 5552 honorem
1918 5497 2019 5553 Dei
2050 5500 2106 5553 et

2215 4421 2476 4477 sentiam.
2505 4421 2574 4476 Et
2601 4421 2672 4476 de
2698 4434 2804 4491 me,
2835 4419 3045 4491 inquit,
3072 4419 3208 4491 quid
3235 4419 3388 4475 dicis
3408 4419 3437 4474 ‘I
3461 4421 3524 4476 In
3554 4434 3727 4492 quem
3758 4420 3875 4486 ille,

2216 4515 2280 4566 ut
2331 4524 2498 4566 suum
2549 4516 2690 4582 erat,
2743 4514 2934 4567 torvos
2987 4510 3288 4566 intendens
3340 4509 3562 4566 oculos.
3609 4512 3685 4566 Et
3730 4521 3878 4579 saepe

2217 4599 2367 4656 hunc
2389 4599 2634 4656 multum
2658 4604 3003 4670 respectans,
3032 4600 3268 4669 Recede,
3300 4599 3516 4670 inquit,
3543 4613 3576 4655 a
3600 4614 3714 4668 me,
3740 4600 3879 4672 quia

2217 4689 2365 4744 nihil
2399 4693 2661 4746 nostrum
2694 4690 2752 4745 in
2795 4695 2849 4745 te
2890 4690 3130 4760 reperio.
3175 4690 3298 4759 Quo
3345 4688 3603 4746 clericus
3649 4691 3876 4756 audito,

2213 4779 2426 4835 Christi
2451 4779 2691 4851 gloriam
2715 4784 3036 4852 sanctaque
3052 4777 3436 4836 confessionis
3451 4781 3735 4836 virtutem
3759 4794 3880 4837 sua

2216 4868 2520 4941 praferens
2557 4867 2910 4939 confusioni,
2952 4869 3292 4925 exclamavit
3328 4874 3379 4924 et
3413 4869 3606 4925 dixit.
3639 4870 3878 4940 Audite,

2216 4959 2429 5028 ﬁdeles,
2451 4959 2746 5030 attendite,
2772 4958 2990 5028 populi,
3016 4964 3226 5030 quanta
3249 4959 3328 5014 sit
3352 4959 3484 5016 ﬁdei
3509 4966 3728 5016 nostra
3754 4961 3885 5016 vir-

2216 5056 2331 5121 tus,
2355 5063 2522 5120 quam
2551 5048 2914 5105 admirabilis
2940 5063 3224 5120 quamque
3245 5048 3441 5105 efficax
3461 5051 3545 5106 sit
3565 5051 3887 5108 confessio.

2215 5140 2308 5196 nis
2327 5139 2627 5195 indicibile
2645 5145 3080 5195 sacramentum.
3101 5139 3365 5196 Audistis
3383 5141 3539 5196 enim
3558 5143 3664 5212 qui
3684 5156 3882 5199 coram

2213 5229 2464 5286 aderatis
2507 5243 2675 5299 quam
2721 5231 2914 5300 turpia
2959 5229 3102 5284 mihi
3155 5229 3576 5299 improperavit
3619 5233 3882 5301 damon,

2215 5319 2312 5389 qui
2361 5319 2510 5374 hunc
2557 5318 2842 5374 hominem
2886 5317 3132 5388 obsidet,
3170 5325 3225 5374 et
3256 5319 3459 5390 utique
3506 5334 3665 5376 vera.
3716 5323 3884 5378 Nunc

2213 5418 2399 5464 autem
2435 5407 2578 5463 facta
2604 5406 2982 5478 confessione,
3016 5414 3072 5463 et
3098 5408 3408 5466 criminum
3435 5424 3571 5466 vera
3600 5411 3676 5467 de
3707 5412 3887 5468 corde

2211 5495 2732 5568 abrenuntiatione,
2763 5510 2891 5554 ecce
2918 5496 3067 5553 nihil
3096 5497 3157 5554 in
3185 5511 3270 5554 me
3305 5512 3476 5556 suum
3513 5501 3880 5572 recOgnovit.
