4076 6154
189 340 322 401 4044

1164 347 1463 404 HEBERNI
1499 344 1749 403 TURON.
1792 345 1884 402 DE
1922 345 2152 404 MIRAC.
2199 350 2256 406 Β.
2300 351 2611 413 MARTINI.

3451 369 3591 429 4042

186 465 548 556 QuaprOpter
573 466 873 523 unanimes
890 469 1068 524 Deum
1096 468 1466 539 deprecemur
1495 468 1742 524 ﬁdeliter
1773 473 1837 523 ut
1861 468 1921 529 A
1946 473 2192 542 ostenso,
2213 477 2328 530 tres
2347 475 2544 533 obolos
2562 483 2760 536 mutuo
2777 484 3042 555 sumpsit,
3067 485 3283 556 quibus
3298 491 3586 550 candelam

187 554 481 612 hominem
539 556 713 613 istum
750 556 954 613 liberet
1001 571 1033 614 a
1089 559 1342 615 daemone
1372 573 1484 630 quo
1514 558 1829 615 obsidetur.

184 645 346 701 Tunc
371 646 592 702 daemon
611 661 710 717 per
733 661 798 704 os
817 649 1216 720 energumeni:
1243 650 1374 720 Vos,
1399 649 1612 720 inquit,
1642 661 1837 704 omnes

189 748 302 791 non
326 735 522 807 timeo,
552 750 653 792 nec
680 751 864 793 meum
895 737 1260 807 palaestritem
1287 752 1387 809 per
1410 752 1510 794 vos
1523 738 1833 793 dimittam.

186 825 360 881 Solus
389 826 672 882 Martinus
727 827 833 883 hoc
878 827 1090 898 poterit
1131 833 1187 884 et
1244 828 1351 884 hoc
1404 832 1590 884 tamen
1625 827 1685 882 in
1715 828 1841 897 ejus

191 915 410 971 honore
447 915 621 971 missa
661 915 960 973 celebrata.

257 1003 420 1072 Quod
466 1005 768 1061 audientes
816 1006 1036 1074 clerici,
1078 1007 1324 1064 consilio
1373 1006 1522 1063 inito
1579 1006 1731 1062 inter
1785 1019 1845 1062 se

187 1095 498 1150 dixerunt:
533 1096 600 1151 Et
621 1095 670 1150 si
702 1094 972 1152 diabolus
997 1097 1236 1152 mendax
1251 1101 1356 1168 est,
1385 1101 1538 1152 certe
1562 1096 1646 1153 vel
1675 1110 1850 1167 quan-

188 1185 384 1255 doque
413 1185 608 1240 dicere
657 1198 855 1240 verum
901 1186 1145 1258 cogitur.
1196 1188 1320 1242 Non
1370 1186 1553 1259 igitur
1596 1186 1667 1241 ab
1721 1185 1848 1257 ipso

189 1275 360 1330 ﬁdem
394 1275 703 1345 capientes,
737 1276 833 1331 sed
865 1274 936 1331 ab
966 1289 1031 1332 eo
1060 1277 1154 1332 cui
1201 1276 1422 1332 invitus
1450 1275 1842 1333 testimonium

191 1363 481 1436 perhibet,
516 1365 576 1420 in
609 1364 703 1420 his
729 1377 834 1421 nos
862 1365 1059 1421 domni
1092 1365 1324 1422 Martini
1347 1365 1586 1438 gloriosi
1611 1365 1846 1421 missam

189 1452 570 1525 celebramus,
625 1454 924 1510 credentes
956 1454 1016 1509 in
1047 1468 1174 1511 eum
1231 1456 1330 1526 qui
1383 1459 1438 1510 et
1492 1453 1660 1510 malis
1706 1454 1848 1509 bene

190 1544 401 1600 utitur.
437 1546 548 1600 Nec
590 1558 780 1616 mora;
825 1544 1026 1601 festiva
1077 1546 1135 1600 in
1167 1545 1420 1601 crastino
1471 1545 1645 1600 missa
1694 1543 1850 1599 cele-

190 1633 395 1689 bratur
413 1634 472 1689 in
492 1633 703 1691 honore
733 1635 937 1691 sancti.
956 1636 1216 1707 Dumque
1235 1633 1370 1707 post]
1389 1635 1847 1690 communionem

190 1737 437 1786 sacram,
455 1726 730 1780 Martinus
750 1726 991 1780 Abrahae
1009 1727 1136 1780 sinu
1157 1726 1311 1780 laetus
1332 1726 1622 1794 excipitur,
1657 1722 1848 1779 clerus

1946 567 2323 629 comparatam
2354 565 2581 622 civibus
2609 568 2677 623 ad
2710 570 2892 626 sancti
2920 572 3171 629 tumbam
3197 575 3426 633 obtulit.
3461 580 3588 638 Haec

1950 659 2040 702 res
2067 650 2336 708 omnibus
2357 654 2582 712 civibus
2608 658 2959 715 Turonensis
2987 660 3244 718 civitatis
3271 667 3464 722 eadem
3498 667 3589 724 fe-

1950 736 2106 793 mina
2131 739 2407 799 referente
2433 745 2707 804 innotuit.
3109 787 3120 794 -

2023 827 2109 883 VI.
2137 829 2254 886 Sub
2282 832 2408 903 ipso
2447 840 2698 907 tempore
2721 839 2836 896 alia
2858 839 3091 913 femina,
3125 845 3355 900 nomine
3382 845 3589 918 Agnes,

1951 915 2022 971 de
2047 918 2258 987 oppido
2287 922 2435 978 Faize
2467 938 2694 983 manum
2728 929 3048 1000 pedumque
3072 930 3257 988 oﬁicio
3290 948 3388 1003 per
3420 915 3594 991 biené

1956 1007 2116 1064 nium
2143 1009 2440 1083 destituta,
2471 1022 2536 1071 ut
2560 1018 2627 1073 ad
2656 1019 2981 1088 sepulcrum
3000 1020 3148 1077 beati
3168 1024 3454 1080 antistitis
3475 1031 3602 1096 post

1959 1096 2159 1171 longos
2192 1101 2412 1160 labores
2439 1108 2628 1176 potuit
2655 1111 2940 1181 accedere,
2967 1116 3079 1167 tam
3109 1111 3221 1169 fuit
3252 1114 3341 1170 illi
3369 1116 3486 1173 cito
3526 1132 3615 1174 so-

1960 1189 2228 1258 spitatem
2263 1194 2514 1265 recipere
2531 1212 2699 1268 quam
2731 1200 3071 1268 postulasse.

2029 1276 2142 1333 VII.
2175 1278 2315 1336 Cum
2345 1281 2539 1354 itaque
2567 1299 2667 1354 pro
2700 1286 2876 1343 tantis
2904 1293 2960 1343 et
2989 1292 3102 1344 tam
3151 1289 3474 1348 manifestis
3506 1293 3612 1349 mi-

1960 1366 2177 1423 raculis
2205 1369 2402 1426 clerici
2428 1373 2590 1445 signa
2615 1375 2926 1447 pulsarent,
2961 1381 3018 1433 et
3048 1379 3319 1449 hymnum
3352 1385 3420 1436 Te
3441 1385 3611 1437 Deum

1960 1455 2251 1512 laudamus
2266 1459 2546 1528 jucundis
2577 1464 2813 1520 vocibus
2833 1466 3220 1535 decantarent,
3246 1470 3480 1540 quidam
3502 1473 3614 1528 cle-

1959 1544 2118 1601 ricus
2142 1547 2212 1602 de
2236 1548 2476 1606 ecclesia
2503 1550 2652 1608 beati
2685 1554 2836 1609 Petri
2861 1555 3139 1625 puellaris
3171 1557 3228 1612 in
3255 1560 3392 1627 pede
3412 1562 3610 1617 cancri

1959 1632 2152 1690 ulcere
2181 1649 2509 1709 percussus,
2537 1641 2736 1697 audita
2761 1643 3118 1699 cantantium
3142 1657 3293 1715 voce,
3327 1646 3462 1703 nisu
3496 1662 3614 1718 quo.

1957 1723 2170 1793 potuit,
2203 1727 2478 1782 comitum
2511 1733 2866 1786 sustentatus
2885 1731 3129 1800 auxilio,
3162 1733 3441 1791 miracula
3484 1752 3609 1807 quae

189 1814 543 1884 decantaret,
567 1815 837 1871 diabolus
858 1829 970 1871 non
995 1813 1182 1871 ferens
1207 1819 1420 1871 tantam
1447 1814 1669 1870 laudem
1706 1815 1850 1869 Mar-
1874 1801 1926 1864 B
1960 1809 2041 1866 ibi
2063 1811 2271 1869 ﬁebant
2290 1815 2542 1886 visurus,
2564 1815 2864 1873 basilicam
2887 1818 3039 1875 beati
3063 1822 3295 1876 Martini
3317 1801 3604 1894 introivit,

192 1905 328 1975 tini,
364 1911 573 1961 tetrum
607 1906 910 1962 clamorem
943 1907 1230 1975 emittens,
1291 1910 1617 1975 tetrumque
1661 1903 1848 1960 relin-

191 2008 379 2064 quens
436 1997 685 2067 odorem,
755 1995 842 2051 ab
885 2008 1268 2067 energumeno
1311 1995 1633 2064 discedens,
1715 2007 1844 2050 eum

192 2096 397 2139 sanum
429 2090 483 2139 et
506 2084 724 2141 invitus
752 2085 1027 2142 deseruit.
1057 2085 1215 2154 Quod
1236 2084 1485 2140 clericus
1506 2084 1707 2155 videns
1733 2095 1845 2138 non

188 2169 311 2227 fuit
339 2172 392 2227 ei
449 2173 590 2228 satis
621 2173 728 2229 sub
773 2173 1063 2229 communi
1095 2173 1438 2230 clericorum
1487 2172 1605 2227 vita
1648 2175 1845 2228 sancto

189 2260 482 2316 deservire
507 2262 774 2333 Martino,
807 2262 900 2317 sed
937 2262 1206 2331 placitam
1232 2261 1468 2317 Martini
1499 2261 1673 2316 vitam
1705 2273 1846 2329 pro-

191 2347 402 2421 fessus,
433 2349 490 2405 in
526 2351 728 2421 majori
760 2352 1108 2408 monasterio
1151 2351 1548 2407 monachicum
1582 2348 1842 2405 habitum

191 2439 652 2510 monachumque
666 2441 882 2496 virtute
916 2441 1191 2511 suscepit,
1220 2446 1275 2497 et
1292 2440 1604 2496 monachus
1636 2437 1840 2506 factus,

193 2528 460 2584 monachi
488 2529 752 2600 vigilavit
781 2530 840 2584 in
886 2535 1066 2600 actus,
1108 2530 1248 2586 adeo
1302 2533 1366 2585 ut
1409 2523 1603 2599 postea
1650 2532 1846 2583 custos

191 2619 424 2674 ordinis
451 2618 508 2673 in
549 2619 742 2674 eodem
777 2619 1122 2676 monasterio
1154 2633 1269 2690 prae.
1298 2619 1601 2674 sanctitate
1631 2617 1761 2673 vitae
1791 2622 1847 2673 et

193 2707 500 2778 religionis
515 2707 775 2763 custodia
793 2713 1117 2778 poneretur.
1144 2707 1190 2762 Ο
1225 2707 1534 2763 Martinum
1564 2706 1710 2763 nulli
1730 2705 1846 2762 fere

190 2800 524 2851 sanctorum
565 2797 790 2852 meritis
822 2795 1174 2864 inferiorem,
1221 2795 1370 2852 nulli
1407 2795 1718 2851 secundum
1755 2809 1846 2864 po-

191 2884 460 2955 tentiam,
494 2885 640 2940 nulli
691 2885 1011 2942 visceribus
1059 2885 1364 2942 charitatis
1395 2884 1695 2952 minorem,
1742 2881 1842 2953 qui

193 2973 548 3029 mirabiliter
569 2975 984 3032 daemoniacum
1015 2975 1258 3046 curavit,
1291 2979 1347 3030 et
1376 2976 1502 3044 ejus
1541 2974 1841 3029 sanitatem

189 3062 407 3118 clerico
438 3076 543 3118 suo
575 3064 1028 3120 misericorditer
1054 3078 1200 3121 verae
1222 3063 1431 3120 salutis
1459 3076 1688 3119 causam
1722 3074 1846 3117 esse

1957 1900 2284 1972 statimque,
2347 1904 2496 1973 quod
2531 1904 2795 1960 mirabile
2825 1906 3007 1976 dictu,
3047 1908 3371 1975 sanitatem,
3434 1926 3604 1982 quam

1958 2002 2069 2045 non
2102 1992 2341 2062 petebat,
2365 1994 2556 2049 eadem
2584 1993 2720 2050 hora
2750 1995 2997 2064 adipisci
3047 2000 3382 2067 promeruit.

2026 2080 2160 2134 VIII.
2186 2080 2290 2135 Sed
2313 2086 2366 2136 et
2399 2081 2607 2151 puella,
2634 2084 2864 2139 nomine
2887 2083 3135 2151 Osanna,
3165 2102 3292 2158 qua
3324 2103 3438 2159 prae
3461 2090 3606 2146 diu—

1955 2172 2128 2224 turno
2165 2169 2459 2226 ambarum
2514 2176 2738 2228 tumore
2790 2186 3062 2231 manuum
3112 2179 3383 2246 cperandi
3437 2194 3605 2236 usum

1953 2257 2244 2330 amiserat,
2278 2258 2553 2332 suffragio
2584 2260 2768 2316 sancti
2800 2261 2910 2317 viri
2945 2262 3054 2319 ﬁde
3081 2264 3280 2321 devota
3322 2266 3602 2339 invocato,

1957 2360 2055 2418 per
2073 2347 2532 2405 immutationem
2552 2350 2799 2406 dextera:
2816 2351 3023 2408 excelsi
3054 2353 3316 2424 pristina:
3339 2356 3607 2414 restituta

1953 2441 2042 2492 est
2065 2437 2351 2507 sospitati.

2025 2527 2123 2581 IX.
2157 2527 2364 2582 Eodem
2391 2527 2778 2585 nihilominus
2801 2529 2896 2585 die
2922 2529 3154 2601 quidam
3180 2546 3338 2604 puer,
3378 2535 3608 2591 nomine

1955 2614 2290 2687 Gaufridus,
2323 2617 2636 2673 contractis
2667 2618 2909 2690 genibus
2949 2633 3049 2689 per
3089 2621 3405 2677 triennium
3449 2623 3608 2680 infe-

1956 2705 2094 2762 licia
2112 2706 2361 2762 membra
2387 2707 2592 2764 baculo
2608 2713 3046 2766 sustentaverat.
3067 2711 3199 2782 Qui,
3219 2711 3433 2769 virtute
3455 2713 3604 2770 beati

1953 2795 2188 2851 Martini
2246 2801 2571 2868 renovatus,
2625 2796 2830 2855 baculo
2871 2813 2984 2868 quo
3038 2813 3139 2868 pro
3178 2800 3318 2870 pede
3365 2802 3452 2857 uti
3505 2817 3608 2859 so—

1955 2881 2125 2954 lebat,
2156 2885 2214 2940 in
2249 2885 2492 2942 basilica
2521 2887 2706 2942 sancti
2753 2885 3102 2944 confessoris
3147 2889 3217 2945 ad
3274 2892 3605 2948 memoriam

1957 2977 2310 3041 posterorum
2353 2975 2634 3045 deposito,
2667 2979 2723 3030 et
2774 2988 2806 3030 a
2838 2977 2996 3032 trabe
3047 2991 3344 3049 suspenso,
3401 2987 3608 3052 gratu-

1957 3059 2244 3118 labundus
2264 3067 2320 3118 et
2342 3063 2656 3120 incolumis
2681 3064 2891 3134 populo
2941 3072 3232 3136 spectante
3273 3069 3343 3124 ad
3372 3083 3476 3125 sua
3508 3083 3606 3126 re-

185 3150 446 3206 donavit.
477 3153 784 3208 Martinum
804 3152 986 3224 igitur
1005 3151 1371 3224 energumeni
1393 3151 1589 3207 laudat
1606 3149 1840 3206 medela.
1873 3140 1920 3200 C
1955 3151 2197 3220 pedavit.

187 3241 503 3297 Martinum
534 3242 861 3315 magniﬁcat
907 3242 1090 3312 plebis
1131 3241 1440 3298 admiratio
1480 3245 1538 3296 et
1592 3239 1838 3296 devotio.

184 3330 503 3386 Martinum
535 3345 666 3388 vero
710 3332 994 3404 gloriﬁcat
1032 3332 1231 3388 clerici
1262 3332 1332 3388 ad
1363 3331 1668 3388 Dominum
1700 3344 1845 3386 con—

185 3418 380 3474 versio
412 3419 675 3489 perfecta.
697 3422 765 3476 Et
788 3420 1002 3491 ubique
1022 3424 1180 3476 tanto
1214 3419 1542 3476 mirabilior
1561 3420 1844 3476 Martinus

187 3505 436 3564 habetur
467 3515 681 3580 quanto
725 3511 1080 3581 poscentium
1130 3510 1270 3567 ﬁdes
1302 3511 1370 3566 ad
1417 3509 1724 3566 Dominum
1771 3509 1840 3565 ad

189 3595 506 3668 ipsumque
527 3599 754 3656 devotio
785 3604 1158 3670 promeretur.

253 3686 346 3740 IV.
384 3687 487 3741 Per
517 3687 664 3743 idem
695 3693 921 3758 tempus
948 3687 1301 3745 Sanubertus
1341 3689 1576 3759 quidam
1606 3687 1838 3743 diutino

182 3775 466 3847 languore
516 3783 863 3847 contractus,
914 3779 1008 3834 cui
1065 3777 1225 3834 nulla
1275 3777 1524 3834 remedia
1580 3776 1841 3833 valebant

184 3865 484 3934 proﬁcere,
517 3880 647 3922 cum
675 3867 742 3922 ad
785 3867 1075 3924 tumulum
1125 3868 1275 3924 beati
1303 3867 1537 3923 Martini
1586 3866 1648 3922 in
1695 3865 1840 3922 lecto

181 3953 401 4010 fuisset
428 3954 660 4025 allatus,
696 3956 946 4025 primum
971 3955 1124 4011 circa
1155 3969 1357 4028 genua,
1391 3956 1451 4010 in
1478 3954 1692 4025 quibus
1721 3967 1842 4026 gra-

179 4043 405 4099 viorem
439 4043 766 4113 patiebatur
788 4045 1066 4114 dolorem,
1101 4045 1308 4101 sudore
1327 4044 1500 4114 coepit
1526 4057 1636 4100 non
1669 4055 1839 4113 parvo

179 4133 514 4188 madescere
540 4134 747 4189 deinde
763 4133 1060 4206 tepefactis
1085 4134 1264 4203 venis,
1305 4134 1702 4204 reparatisque
1721 4146 1841 4187 ner-

179 4220 292 4290 vis,
336 4221 626 4277 redivivos
656 4223 823 4292 pedes
851 4223 1124 4278 extendit.
1160 4223 1271 4278 Nec
1319 4221 1499 4278 multo
1544 4226 1669 4292 post
1706 4233 1839 4276 cer-

175 4315 355 4366 nente
389 4311 618 4382 populo,
653 4313 907 4368 surrexit
959 4311 1288 4381 incolumis,
1323 4310 1679 4382 pedibusque
1710 4309 1835 4365 suis

175 4401 250 4456 ad
311 4401 546 4471 propria
600 4401 869 4458 remeavit
908 4401 1007 4473 qui
1066 4400 1332 4457 manibus
1385 4400 1597 4456 allatus
1649 4399 1836 4456 fuerat

174 4489 420 4545 alienis.

254 4579 320 4631 V.
356 4581 494 4633 Item
521 4579 777 4648 quadam
811 4579 1039 4650 mulier,
1076 4579 1305 4636 nomine
1325 4579 1644 4650 Roscelina,
1668 4591 1836 4650 quam

174 4666 481 4737 malignus
510 4668 757 4737 spiritus
790 4682 888 4738 per
908 4669 1372 4738 quinquennium
1408 4669 1757 4737 possederat,
1784 4669 1840 4723 et

168 4756 248 4809 ab
272 4756 434 4810 omni
460 4757 836 4812 membrorum
868 4759 1144 4826 privatam
1171 4757 1468 4827 obsequio,
1498 4757 1570 4812 ab
1594 4758 1839 4812 introitu

171 4858 418 4915 quoque
447 4845 701 4900 ecclesiae
725 4847 830 4902 diu
863 4846 1255 4916 prohibuerat,
1297 4852 1594 4916 postquam
1628 4846 1841 4901 basili-

168 4947 306 4988 cam
350 4933 536 4987 sancti
562 4934 849 4989 antistitis
884 4935 1169 5002 introivit,
1226 4934 1504 4990 continuo
1537 4933 1775 4989 liberata
1805 4946 1838 4988 a

166 5021 492 5089 daemonio,
527 5022 706 5078 totius
730 5021 991 5091 corporis
1007 5021 1360 5078 alacritatem
1385 5035 1494 5078 non
1519 5022 1646 5078 sine
1660 5023 1840 5078 admi-

169 5110 411 5166 ratione
434 5109 740 5166 multorum
770 5111 878 5166 sub
911 5116 1193 5167 momento
1225 5111 1456 5181 recepit.
1489 5111 1593 5167 Cui
1631 5112 1838 5168 deinde

165 5200 416 5254 domum
448 5199 748 5254 revertenti
806 5204 870 5254 ut
915 5199 1208 5255 candelam
1244 5206 1606 5270 praepararet,
1662 5213 1831 5270 quam

165 5301 309 5344 cum
341 5286 482 5342 aliis
505 5286 772 5344 ﬁdelibus
791 5288 1027 5345 veniens
1051 5287 1296 5359 oﬁ‘erret,
1331 5289 1427 5344 sed
1457 5289 1607 5344 unde
1627 5294 1838 5344 emeret

166 5376 421 5433 omnino
460 5389 574 5432 non
623 5376 873 5444 haberet,
931 5378 1165 5450 quidam
1217 5377 1531 5435 monachus
1576 5378 1834 5450 angelica

164 5465 396 5523 canitie
425 5466 730 5523 decoratus
753 5467 812 5522 in
845 5467 1072 5525 foribus
1100 5469 1354 5525 ecclesiae
1381 5466 1650 5528 obviavit,
1673 5468 1838 5524 dans-

162 5568 290 5625 que
318 5553 408 5609 illi
439 5555 742 5625 purissimi
791 5558 1062 5614 candoris
1103 5571 1436 5627 mummum,
1489 5555 1682 5612 subito
1724 5569 1835 5613 non

160 5643 527 5714 comparuit.
554 5643 800 5716 Accepto
827 5646 1036 5703 mulier
1062 5659 1314 5716 nummo,
1333 5652 1390 5702 et
1428 5644 1837 5702 nummulariis

2024 3241 2094 3294 X.
2130 3242 2266 3296 Item
2287 3242 2446 3298 aliud
2477 3241 2615 3299 huic
2643 3241 2840 3299 simile
2869 3256 2983 3298 non
3011 3246 3097 3298 est
3127 3243 3414 3302 silendum
3439 3246 3607 3304 mira-

1953 3328 2165 3384 culum.
2201 3331 2339 3385 Nam
2389 3331 2646 3401 quaedam
2693 3331 2923 3401 mulier,
2984 3331 3215 3386 nomine
3267 3333 3465 3404 Maria,
3507 3337 3604 3391 cui

1953 3417 2043 3472 vir
2072 3433 2233 3490 suus,
2268 3419 2541 3476 suadente
2584 3420 2835 3490 diabolo,
2875 3433 3076 3476 nervos
3125 3420 3403 3479 tibiarum
3449 3422 3602 3480 ferro

1953 3507 2294 3579 absciderat,
2313 3509 2526 3566 amisso
2544 3509 2842 3582 gradiendi
2864 3524 2972 3565 usu
2997 3523 3096 3580 per
3115 3509 3429 3567 triennium
3443 3514 3600 3570 domi

1950 3595 2300 3668 elanguerat.
2336 3597 2490 3669 Quae,
2528 3598 2727 3654 audita
2754 3603 2837 3656 tot
2867 3599 3166 3672 signorum
3220 3600 3494 3674 potentia,
3540 3617 3600 3659 se

1951 3689 2278 3742 sustentans
2302 3685 2525 3754 baculo,
2553 3687 2684 3743 nisu
2715 3702 2829 3758 quo
2860 3687 3049 3758 potuit
3074 3687 3142 3742 ad
3168 3688 3454 3744 tumulum
3475 3704 3599 3746 sau-

1949 3773 2028 3829 cti
2070 3774 2179 3830 viri
2220 3776 2484 3831 accedere
2515 3789 2627 3832 non
2655 3777 2906 3848 distulit,
2937 3777 3103 3846 juxta
3134 3790 3300 3848 quem
3349 3777 3595 3834 orationi

1950 3877 2080 3920 cum
2106 3864 2588 3935 larymisdiulius
2611 3865 2894 3922 incubuit.
2930 3866 3073 3922 Mira
3099 3865 3369 3936 deinceps
3389 3881 3479 3923 res
3520 3882 3602 3924 se-

1949 3958 2083 4008 cuta
2113 3959 2215 4009 est.
2248 3954 2521 4011 Oratione
2542 3968 2788 4025 namque
2818 3954 3118 4025 completa,
3154 3954 3355 4011 multis
3392 3955 3601 4012 viden-

1952 4041 2131 4113 tibus,
2168 4043 2447 4112 rejunctis
2473 4043 2662 4098 nervis
2689 4043 3045 4115 genibusque
3076 4043 3378 4115 reparatis,
3406 4044 3601 4101 subito

1953 4131 2162 4187 mulier
2185 4145 2244 4187 se
2275 4131 2476 4187 erexit.
2511 4133 2754 4202 Moxque
2789 4133 3016 4188 concito
3045 4133 3226 4204 gradu
3256 4133 3489 4188 domum
3517 4149 3602 4190 ve-

1949 4220 2057 4290 nit,
2098 4221 2372 4276 eteadem
2425 4220 2561 4276 hora
2615 4219 2864 4292 rediens,
2899 4221 3203 4290 cortinam,
3240 4235 3410 4291 quam
3439 4223 3595 4278 domi

1949 4307 2210 4380 habebat,
2244 4308 2567 4365 laetabunda
2600 4307 2820 4375 attulit,
2866 4307 3096 4363 allatam
3141 4310 3211 4364 ad
3264 4310 3593 4365 memoriam

1947 4399 2130 4453 sancti
2155 4398 2264 4453 viri
2293 4412 2422 4454 cum
2455 4397 2665 4470 gaudia
2695 4400 2752 4451 et
2779 4395 3080 4452 devotione
3109 4395 3339 4452 obtulit.

1871 4491 1924 4552 D
2017 4487 2115 4542 XI.
2145 4489 2418 4542 Praaterea
2440 4485 2798 4558 Hedigunnis
2829 4484 3065 4556 quidam
3097 4484 3454 4555 sagenarius,
3496 4487 3592 4542 cui

1947 4577 2124 4633 amba:
2147 4590 2347 4632 manus
2368 4582 2614 4631 curvata:
2640 4574 2814 4630 simul
2843 4580 2898 4629 et
2927 4571 3244 4628 tumefacta:
3269 4573 3435 4645 longo
3462 4580 3596 4630 tem-

1951 4679 2083 4736 pore
2129 4677 2295 4720 usum
2347 4663 2604 4734 piscandi
2660 4668 3019 4735 negaverant,
3053 4675 3183 4717 mox
3217 4667 3280 4717 ut
3339 4663 3594 4719 tumbam

1951 4754 2133 4810 sancti
2180 4752 2464 4808 antistitis
2508 4753 2669 4807 ﬁrma
2700 4753 2808 4808 ﬁde
2865 4753 3076 4824 tetigit,
3127 4757 3432 4821 conspectu
3490 4768 3598 4823 po-

1952 4843 2073 4912 puli
2106 4840 2557 4910 circumstantis,
2589 4840 2895 4910 utriusque
2922 4840 3120 4910 palmae
3137 4841 3330 4897 sedato
3355 4847 3596 4914 tumore,

1948 4937 2005 4986 et
2047 4929 2284 5000 expulso
2312 4927 2530 4997 dolore,
2574 4926 2876 4982 sanitatem
2927 4940 3096 4996 quam
3132 4941 3274 4996 puro
3299 4930 3468 4984 corde
3492 4943 3601 5000 po—

1950 5023 2206 5090 poscerat
2223 5017 2567 5087 impetravit,
2590 5014 3014 5085 redivivamque
3029 5015 3281 5086 dextera,
3303 5019 3421 5073 tota
3439 5018 3601 5089 plebe

1952 5108 2012 5164 in
2065 5107 2337 5164 laudibus
2373 5107 2474 5161 Dei
2508 5104 2857 5161 acclamante
2888 5109 2943 5160 et
2989 5118 3103 5174 pra:
3152 5105 3364 5176 gaudio
3407 5108 3598 5178 ﬂente,

1949 5196 2127 5252 libere
2152 5210 2211 5252 se
2237 5195 2506 5268 signavit.

2017 5286 2139 5340 XII.
2175 5287 2285 5341 Nec
2329 5285 2523 5340 minus
2550 5283 2642 5340 his
2696 5281 3016 5355 gloriosum
3065 5282 3388 5340 addendum
3429 5284 3598 5340 credo

1947 5374 2309 5431 miraculum.
2338 5375 2442 5430 Tot
2487 5373 2680 5444 itaque
2725 5376 2780 5428 et
2813 5377 3100 5428 tantorum
3151 5373 3599 5442 circumquaque

1949 5466 2311 5522 discurrente
2342 5462 2625 5534 praeconio
2659 5462 2977 5535 signorum,
3009 5461 3159 5516 inter
3181 5465 3422 5544 caeteros
3445 5459 3606 5514 debi-

1949 5555 2030 5610 les
2059 5553 2127 5608 ad
2158 5553 2487 5608 memoriam
2514 5551 2697 5607 sancti
2717 5549 3006 5606 antistitis
3033 5547 3290 5616 undique
3311 5546 3598 5600 confluen-

1948 5649 2053 5715 tes,
2071 5641 2303 5698 aﬁ'uitet
2321 5641 2576 5712 quaadam
2595 5639 2929 5695 calamitosa
2946 5635 3155 5708 puella,
3177 5633 3408 5691 nomine
3426 5635 3610 5691 TheO'
