4076 6154
415 301 553 363 4043

990 292 1280 350 ΑΡΡΕΝΙ).
1325 287 1418 344 ΑΙ)
1455 284 1615 342 SEC.
1659 283 1754 339 IX.
1785 310 1853 320 —
1899 275 2096 334 SUPPI

2219 316 2230 329 .
2273 273 2366 330 AD
2405 270 2602 330 AUCT.
2645 266 3011 328 CERTIORIS
3047 266 3232 325 ΑΝΝΙ.

3683 257 3823 319 4044

414 429 642 502 pbenia,
697 427 904 483 damno
933 421 1084 479 aridi
1115 420 1229 474 imo
1274 412 1605 488 praemortui
1635 406 1896 479 corporis
1925 407 2057 460 nota
2084 405 2139 462 A
2171 403 2462 502 meditate,
2499 399 2700 458 multis
2721 397 3047 456 astantibus
3065 399 3121 452 et
3147 407 3262 466 prae
3285 390 3498 465 gaudio
3523 386 3820 454 flentibus,

414 491 641 576 multis.
665 517 823 572 Illam
847 514 1060 585 quippe
1086 507 1432 565 insanabilis
1464 503 1715 571 morbus,
1751 498 1851 569 qui
1882 510 1914 552 a
1936 508 2061 585 me—
2170 491 2410 548 liberata
2435 496 2539 547 est.

411 609 564 667 dicis
595 605 787 662 ﬁstula
816 584 1055 670 dicitur,
1105 595 1465 666 consumptis
1502 592 1736 648 omnino
1787 584 2060 644 carnibus

2240 583 2394 639 XIX.
2447 581 2612 636 Circa
2684 579 2834 635 idem
2898 581 3123 644 tempus
3164 570 3507 644 virguncula
3560 567 3824 640 quaedam

411 706 468 756 et
494 697 686 754 scabie
713 708 810 763 per
832 693 1011 748 multa
1038 687 1320 744 foramina
1346 683 1565 755 jugiter
1593 679 1910 746 diﬁluente,
1953 687 2062 729 ex—
2171 671 2492 743 Guiburgis
2524 669 2774 739 nomine,
2824 666 2896 723 ab
2924 665 3070 736 ipsis
3102 661 3378 720 uberibus
3430 659 3635 714 matris
3685 670 3832 712 ocu-

413 798 685 858 sanguem
701 761 758 838 et
784 780 1143 836 macilentam
1167 774 1512 831 reddiderat.
1538 773 1663 824 Hzec
1695 767 1878 838 igitur
1903 761 2059 819 omni

418 851 660 946 prorsus
683 886 781 942 spe
812 866 1211 939 recuperandae
1239 861 1554 933 aliquando
1585 855 1854 915 sanitatis
1896 851 2065 908 frau—

414 942 545 1022 data
599 960 826 1018 meritis
872 957 1020 1014 beati
1067 953 1298 1011 Martini
1362 949 1748 1022 integritatem
1805 942 2064 1000 omnium

420 1052 804 1111 membrorum
855 1051 1010 1118 peste
1060 1042 1257 1114 fugata
1323 1039 1431 1097 sub
1492 1041 1775 1094 momento
1828 1029 2061 1100 recepit.

492 1159 641 1214 XIII.
682 1153 798 1211 Sub
848 1153 972 1223 ipso
1017 1153 1270 1218 tempore
1313 1145 1569 1216 quaedam
1621 1133 2066 1201 adolescentula,

426 1248 656 1306 nomine
684 1241 1014 1311 Petronilla,
1044 1242 1216 1294 tantae
1234 1233 1560 1292 debilitatis
1581 1228 1943 1287 vinciebatur
1976 1223 2075 1278 in—

427 1335 723 1394 commodo
750 1336 814 1389 ut
835 1331 1043 1401 planta:
1069 1328 1273 1398 pedum
1314 1325 1383 1380 ad
1436 1322 1685 1394 poplites
1721 1317 1940 1375 reflexae
1971 1322 2075 1368 suo

429 1426 848 1484 frustrarentur
872 1417 1076 1475 oﬁicio.
1108 1418 1233 1471 Haac
1260 1414 1455 1484 itaque
1475 1411 1703 1468 duobus
1721 1405 1918 1480 lignis,
1952 1403 2077 1475 qui-

427 1518 537 1574 bus
559 1529 660 1586 pro
692 1511 933 1584 pedibus
962 1508 1248 1576 utebatur,
1282 1503 1532 1559 membra
1555 1499 1833 1557 vectitans
1862 1493 2080 1566 paraly-

432 1585 576 1675 tica,
595 1602 664 1659 ad
695 1599 1047 1657 mausoleum
1074 1595 1223 1651 beati
1245 1592 1474 1649 Martini
1502 1591 1664 1646 ﬁrma
1685 1588 1795 1644 ﬁde
1815 1585 2074 1641 accessit.

329 1756 332 1757 ν
435 1693 596 1765 Quod
625 1693 826 1748 devote
865 1686 1210 1757 amplectens
1259 1687 1473 1738 etcum
1525 1677 1794 1748 lacrymis
1835 1675 2084 1730 deoscu—

437 1785 586 1846 Ians,
617 1782 879 1837 invocato
928 1775 1112 1832 sancti
1156 1770 1504 1831 confessoris
1533 1768 1781 1837 nomine,
1833 1766 2081 1834 optatam

437 1873 541 1930 diu
585 1875 641 1927 et
691 1869 969 1940 integram
1012 1863 1205 1921 eadem
1257 1862 1398 1917 hora
1437 1858 1650 1915 meruit
1694 1852 1941 1926 adipisci
1986 1864 2088 1907 sa-

440 1961 698 2018 nitatem.

509 2066 655 2122 XIV.
685 2064 800 2119 Nec
837 2061 1031 2117 minus
1055 2063 1113 2116 et
1153 2060 1411 2114 matrona
1437 2053 1716 2126 quaedam,
1767 2046 2090 2107 Galliciana

441 2155 690 2225 nomine,
710 2165 823 2209 non
851 2149 1061 2208 humili
1084 2152 1210 2206 orta
1232 2145 1519 2220 progenie,
1539 2146 1671 2200 nota
1693 2140 1924 2213 quidem
1951 2135 2093 2194 mul-

442 2245 541 2314 tis,
576 2256 680 2314 pro
712 2242 950 2298 honesta
993 2236 1424 2296 conversatione
1462 2231 1753 2302 amabilis,
1805 2229 1900 2286 sed
1949 2226 2094 2283 diu-

442 2340 613 2391 turna
634 2332 816 2388 totius
840 2328 1099 2398 corporis
1117 2325 1452 2383 inﬁrmitate
1471 2320 1746 2389 confecta,
1775 2317 2090 2390 proximam

445 2423 617 2480 morti
671 2419 1063 2476 calamitosam
1116 2415 1433 2472 deducebat
1484 2412 1678 2468 vitam.
1738 2410 1796 2465 Si
1860 2405 2092 2480 quidem

444 2509 655 2580 sopitis
686 2507 971 2575 faucibus,
1020 2504 1436 2573 obstrictisque
1483 2499 1740 2570 gutturis
1787 2496 2090 2566 meatibus,

445 2611 612 2654 usum
649 2595 862 2666 pariter
885 2598 942 2648 et
964 2593 1284 2664 appetitum
1331 2587 1662 2646 comedendi
1693 2585 1922 2656 penitus
1942 2583 2096 2639 ami-

444 2689 613 2743 serat.
651 2685 778 2739 Haac
822 2681 1046 2737 tandem
1098 2679 1319 2736 salubri
1381 2679 1561 2748 potita
1617 2674 1884 2744 consilio,
1939 2676 2096 2728 vecta

443 2787 612 2846 equo,
642 2778 697 2828 et
735 2771 1012 2826 clientum
1059 2769 1232 2824 ducta
1281 2765 1583 2836 obsequio,
1638 2763 1864 2820 tumulo
1911 2760 2094 2817 sancti

442 2861 678 2920 Martini
703 2857 1106 2930 prosternitur.
1140 2856 1253 2910 Nec
1294 2853 1474 2910 multo
1501 2858 1628 2924 post
1651 2851 1910 2908 oratione
1946 2848 2093 2920 fusa,

445 2951 597 3008 beati
622 2947 854 3005 Martini
885 2945 1110 3001 meritis
1139 2949 1257 3000 toto
1297 2947 1564 3000 renovato
1589 2953 1845 3012 corpore,
1881 2939 2098 3011 gratias

445 3054 639 3114 agens,
662 3052 694 3094 a
721 3037 1045 3107 pavimento
1074 3033 1342 3106 erigitur,
1369 3033 1737 3106 gaudensque
1777 3035 1832 3086 et
1861 3028 2096 3085 incolu—

446 3130 558 3186 mis
579 3133 705 3198 post
723 3125 1053 3196 aliquantos
1072 3123 1198 3180 dies
1226 3123 1296 3178 ad
1329 3121 1560 3193 propria
1587 3119 1912 3177 revertitur.

517 3238 633 3293 XV.
678 3234 886 3290 Eodem
947 3245 1174 3303 quoque
1211 3230 1307 3286 die
1357 3230 1564 3301 puella,
1599 3228 1829 3285 nomine
1883 3225 2094 3294 Prima,

444 3325 746 3384 debilitate
771 3325 1197 3379 contractorum
1224 3334 1470 3392 genuum
1501 3324 1559 3375 et
1600 3317 1817 3374 arentis
1853 3316 2099 3371 dexterae

446 3413 775 3471 infortunio
807 3411 1017 3480 tristis,
1064 3423 1162 3479 per
1185 3409 1374 3464 decem
1416 3421 1597 3463 annos
1623 3411 1679 3461 et
1720 3411 1848 3474 octo
1899 3401 2100 3458 infeli—

448 3519 568 3562 cem
590 3504 836 3559 duxerat
879 3500 1076 3554 vitam.
1127 3500 1280 3553 Hanc
1309 3497 1559 3567 denique
1582 3495 1848 3549 Christus
1875 3497 2103 3547 restau—

450 3594 595 3650 ratis
646 3588 962 3663 gressibus,
1017 3585 1436 3656 reformataque
1476 3585 1730 3653 dextera,
1783 3581 1854 3638 ob
1900 3581 2102 3635 merita

451 3681 598 3738 servi
643 3677 984 3735 declaranda
1039 3676 1107 3731 ad
1159 3673 1401 3745 gloriam
1450 3677 1506 3728 et
1564 3672 1786 3727 laudem
1852 3668 2104 3725 nominis

454 3772 546 3827 sui
591 3768 935 3824 incolumem
963 3769 1019 3820 et
1065 3751 1446 3818 laetabundam
1479 3761 1705 3816 remisit
1733 3761 1802 3815 ad
1835 3773 1958 3814 sua.

526 3877 669 3930 XVI.
701 3875 804 3928 Per
839 3871 984 3926 idem
1013 3875 1238 3938 tempus
1277 3872 1399 3922 erat
1441 3874 1498 3922 et
1525 3867 1863 3937 Alexandra,
1899 3867 2107 3923 mulier

457 3961 800 4021 discrimine
831 3959 982 4015 aridi
1018 3957 1179 4028 pedis
1201 3963 1334 4012 nota
1361 3957 1578 4027 multis,
1604 3970 1729 4027 quae
1749 3956 1816 4012 ad
1840 3969 2108 4028 compage

459 4051 706 4108 viventis
735 4048 996 4118 corporis
1046 4046 1239 4117 pedem
1286 4051 1633 4117 emortuum,
1667 4059 1776 4100 non
1824 4045 1892 4101 ad
1941 4057 2102 4114 Opus,

459 4141 556 4199 sed
601 4141 670 4196 ad
725 4153 892 4209 onus,
928 4151 1027 4208 per
1078 4135 1395 4192 triennium
1433 4135 1641 4192 misera
1671 4133 2112 4190 circumferebat

461 4244 576 4302 quo
598 4229 791 4300 potius
823 4227 961 4283 ferri
991 4223 1284 4281 debuerat.
1317 4225 1446 4280 Hinc
1493 4223 1679 4295 igitur
1711 4222 1821 4277 ﬁde
1847 4222 2112 4278 roborata

463 4319 533 4375 ad
576 4316 903 4388 sepulcrum
949 4313 1186 4386 gloriosi
1230 4310 1596 4376 confessoris,
1631 4309 1730 4365 ubi
1772 4310 1938 4365 multi
1974 4310 2111 4382 iegri

2174 761 2359 818 lorum
2408 759 2534 816 luce
2568 759 2809 829 privata,
2837 755 3059 812 auditis
3088 751 3272 809 sancti
3306 747 3662 806 confessoris
3705 745 3834 800 vir-

2175 850 2426 920 tutibus,
2470 854 2533 905 ut
2575 848 2645 904 ad
2691 847 2877 917 ipsius
2921 843 3176 900 tumbam
3225 841 3533 896 duceretur
3579 835 3834 891 ﬁdeliter

2177 940 2487 1013 flagitabat.
2517 938 2641 1008 Quo
2664 949 2796 992 cum
2844 934 3091 991 adducta
3112 930 3340 999 fuisset,
3373 926 3531 984 omni
3572 925 3834 981 caecitate

2177 1031 2460 1099 discussa,
2508 1027 2702 1084 lumen
2758 1025 2864 1082 diu
2905 1027 3162 1094 optatum
3202 1020 3328 1076 sine
3377 1030 3534 1073 mora
3593 1014 3832 1083 recepit,

2180 1119 2548 1193 gaudensque
2594 1119 2652 1172 et
2680 1114 2896 1187 gratias
2934 1125 3126 1184 agens,
3188 1106 3450 1180 sequenti
3480 1105 3580 1162 die
3607 1105 3684 1160 ad
3735 1115 3839 1158 sua

2187 1207 2494 1279 repedavit.

2257 1297 2384 1353 XX.
2417 1294 2742 1352 Orientium
2769 1303 2999 1364 quoque
3019 1288 3316 1361 quemdam
3347 1297 3590 1356 puerum
3621 1279 3844 1352 paraly-

2189 1386 2304 1444 tico
2335 1385 2532 1442 morbo
2552 1383 2780 1440 diutius
2803 1382 3117 1449 detentum,
3140 1391 3270 1434 cum
3292 1375 3447 1431 beati
3474 1372 3590 1428 viri
3615 1381 3846 1425 mauso-

2189 1476 2340 1532 leum
2373 1488 2516 1546 puro
2539 1473 2709 1530 corde
2732 1477 2788 1528 et
2817 1471 2926 1527 ﬁde
2948 1483 3060 1526 non
3089 1469 3220 1524 ﬁcta
3244 1464 3550 1538 tetigisset,
3571 1459 3846 1516 Christus

2189 1567 2258 1622 ad
2301 1565 2504 1621 merita
2543 1564 2636 1620 sui
2664 1561 2866 1618 famuli
2912 1559 3095 1632 magis
3137 1556 3432 1628 magisque
3470 1549 3842 1617 declaranda,

2191 1655 2430 1726 expulso
2451 1654 2608 1712 omni
2642 1653 2936 1725 languore,
2967 1650 3187 1720 integre
3217 1643 3472 1702 restituit
3490 1639 3739 1698 sanitati
3759 1655 3774 1706 ;
3793 1643 3848 1692 et

2109 1744 2164 1808 Β
2193 1746 2388 1802 eodem
2412 1743 2508 1801 die
2532 1742 2728 1814 rediit,
2754 1741 2851 1796 cui
2874 1738 3150 1797 maternis
3171 1735 3356 1794 fuerat
3374 1733 3719 1804 deportatus
3737 1726 3848 1784 oﬁi-

2194 1847 2325 1890 ClIS.

2266 1923 2422 1980 XXI.
2479 1921 2599 1980 Sub
2650 1920 2845 1978 eodem
2897 1923 3150 1989 tempore
3203 1915 3582 1972 Gonerannus
3627 1905 3848 1964 Burelli

2197 2013 2339 2086 (hoc
2387 2017 2510 2070 erat
2552 2024 2757 2069 nomen
2794 2008 3057 2081 inﬁrmo)
3099 2019 3198 2077 per
3250 2004 3479 2060 beatum
3531 1997 3848 2055 Mai-tinum

2200 2103 2439 2160 virtutis
2481 2101 2696 2159 divinae
2739 2099 2988 2170 sumpsit
3029 2095 3363 2154 remedium.
3413 2089 3523 2160 Qui
3572 2100 3710 2145 cum
3756 2099 3854 2156 per

2202 2192 2564 2264 septennium
2591 2189 2757 2247 fracti
2780 2194 2836 2246 et
2859 2186 3094 2244 arefacti
3116 2182 3340 2242 brachii
3363 2179 3548 2238 oﬁlcio
3595 2176 3854 2264 frustra-

2203 2261 2381 2353 retur,
2407 2294 2538 2339 cum
2581 2279 2718 2336 aliis
2748 2277 3015 2335 ﬁdelibus
3042 2275 3112 2332 ad
3139 2271 3376 2345 vigilias
3405 2266 3591 2326 sancti
3618 2261 3856 2322 confes-

2203 2372 2356 2430 soris
2389 2371 2623 2429 Martim
2674 2372 3134 2440 pernoctaturus,
3194 2362 3304 2419 ﬁde
3347 2359 3552 2431 plenus
3597 2353 3850 2411 advenit.

2201 2464 2463 2533 Dumque
2491 2459 2710 2533 ingenti
2733 2459 2870 2514 ﬁetu
2891 2460 2950 2512 et
2987 2454 3205 2528 gemitu
3233 2451 3508 2509 oraretut
3527 2445 3646 2502 sibi
3678 2441 3860 2498 Chri-

2205 2557 2330 2609 stus
2362 2550 2683 2620 placaretur
2704 2551 2762 2603 et
2791 2546 3095 2618 pristinam
3131 2541 3391 2598 redderet
3418 2536 3751 2603 sanitatem,
3779 2544 3863 2586 re-

2206 2644 2371 2712 pente
2399 2638 2678 2708 comperit
2717 2649 2886 2694 suum
2917 2631 3208 2690 divinitus
3253 2625 3482 2685 extendi
3523 2621 3858 2686 brachium,

2208 2728 2358 2799 quod
2400 2727 2570 2799 longo
2612 2731 2745 2782 ante
2783 2731 3035 2794 tempore
3081 2720 3269 2776 fuerat
3305 2728 3563 2774 curvum.
3614 2712 3699 2766 De
3746 2721 3864 2780 quo

2207 2816 2402 2873 eadem
2434 2816 2573 2873 hora
2607 2817 2806 2872 sanato
2831 2825 3005 2869 cruor
3057 2807 3345 2867 uberrime
3395 2805 3581 2860 fluens
3633 2799 3866 2872 glorio—

2208 2919 2336 2961 sum
2373 2905 2586 2961 astanti
2626 2903 2838 2974 p0pulo
2862 2906 2918 2958 et
2945 2899 3245 2956 insolitum
3274 2893 3519 2966 praebuit
3550 2895 3868 2960 spectacu—

2209 2993 2346 3051 lum.
2363 2992 2615 3062 Quantas
2627 2991 2975 3048 tunclaudes
2998 2985 3308 3044 multitudo
3334 2981 3592 3039 ﬁdelium
3614 2977 3867 3034 Domino

2123 3070 2174 3134 (ἶ
2205 3082 2610 3151 decantaverit,
2636 3080 2868 3152 quantis
2887 3076 3267 3135 confessorem
3299 3069 3607 3144 praeconiis
3635 3064 3866 3124 extule-

2209 3172 2307 3243 rit,
2339 3171 2538 3228 lectori
2557 3169 2943 3239 relinquimus
2962 3164 3259 3223 aastimand
3271 3176 3383 3218 um.

2278 3262 2455 3317 XXII.
2493 3261 2678 3316 Unum
2721 3259 2872 3313 inter
2918 3261 3121 3312 caetera
3168 3258 3256 3309 est
3301 3249 3458 3321 apud
3493 3262 3599 3304 nos
3628 3245 3868 3312 factum,

2210 3366 2322 3408 non
2344 3352 2529 3420 majus
2546 3363 2716 3420 quam
2735 3346 3001 3418 praedixi,
3031 3343 3124 3400 sed
3151 3351 3262 3398 tam
3284 3341 3501 3396 clarum
3525 3343 3704 3408 atque
3721 3334 3871 3390 illu-

2211 3447 2326 3497 stre
2353 3439 2693 3496 miraculum
2745 3443 2810 3494 ut
2839 3435 3084 3505 nullum,
3118 3432 3390 3498 arbitror,
3442 3429 3502 3483 in
3550 3432 3675 3483 toto
3725 3437 3870 3496 pago

2209 3529 2528 3587 Turonensi
2559 3529 2660 3598 qui
2693 3528 2799 3582 hoc
2833 3532 2888 3581 et
2934 3538 3044 3580 non
3083 3521 3315 3590 viderit,
3343 3524 3400 3576 et
3427 3516 3721 3574 audiendo
3757 3527 3866 3569 non

2212 3619 2506 3689 didicerit,
2527 3617 2750 3673 nullum
2782 3614 2881 3686 qui
2905 3612 3169 3670 oblivisci
3201 3611 3397 3681 aliqua
3417 3607 3642 3662 ratione
3673 3611 3867 3674 potue

2216 3708 2295 3763 rit
2319 3707 2406 3763 vel
2457 3705 2739 3762 debuerit.
2788 3703 3034 3773 Quidam
3084 3699 3237 3756 enim
3283 3711 3452 3753 senex
3510 3693 3869 3759 rusticanus.

2218 3795 2448 3851 nomine
2509 3792 2785 3849 Herbetus
2830 3792 2902 3848 de
2950 3791 3077 3846 vico
3131 3787 3232 3859 qui
3279 3786 3499 3842 dicitur
3546 3781 3868 3837 Noviacus:

2217 3883 2464 3940 cumdie
2504 3881 2692 3937 medio
2725 3879 2944 3936 astatis
2992 3883 3244 3948 tempore
3298 3879 3565 3944 purgaret
3605 3869 3871 3924 triticum

2220 3972 2280 4028 in
2311 3985 2464 4042 area,
2509 3971 2744 4026 invasus
2786 3969 3111 4035 adazmone,
3168 3976 3443 4034 spumans
3484 3965 3542 4015 et
3579 3970 3875 4022 evomens,

2227 4065 2477 4117 aestuans
2517 4065 2573 4115 et
2629 4058 2895 4127 fremens,
2933 4061 3062 4127 post
3109 4054 3366 4110 triduum
3410 4048 3607 4105 amisit
3658 4046 3882 4116 lingua

2225 4148 2496 4206 oﬁicium.
2545 4148 2802 4217 Cumque
2855 4144 3080 4201 nullum
3137 4131 3373 4199 omnino
3423 4152 3520 4209 per
3579 4149 3678 4191 sex
3749 4134 3884 4189 dies

2223 4252 2322 4309 per
2352 4251 2413 4294 se
2445 4241 2695 4293 sumeret
2739 4234 2954 4300 cibum,
3004 4233 3074 4288 ad
3113 4231 3266 4288 beati
3307 4227 3537 4284 Martini
3580 4223 3882 4280 tumulum

2223 4342 2256 4384 a
2294 4327 2420 4382 suis
2468 4325 2787 4393 deductus;
2839 4336 2953 4393 quo
3002 4326 3171 4391 tacto,
3231 4319 3343 4375 tria
3399 4317 3476 4372 ibi
3538 4311 3714 4370 simul
3765 4312 3884 4366 mi-

466 4406 729 4480 quotidie
752 4409 1051 4474 sanantur,
1078 4401 1370 4468 accedens,
1405 4399 1726 4469 pavimento
1762 4412 1892 4454 cum
1923 4398 2096 4469 lacry—

2228 4415 2420 4472 racula
2463 4413 2570 4470 sub
2614 4417 2896 4469 momento
2943 4409 3209 4465 Christus
3238 4413 3540 4476 operatur:
3585 4403 3728 4457 dum
3777 4413 3883 4455 ne-

468 4497 579 4552 mis
607 4503 664 4551 et
694 4493 961 4566 precibus
1015 4489 1419 4561 prosternitur.
1451 4487 1564 4542 Nec
1603 4501 1791 4543 mora:
1827 4492 2117 4558 spectante
2146 4487 2177 4488 W
2226 4517 2397 4575 quam
2443 4502 2690 4572 spiritus
2727 4499 3035 4571 θευεδωη
3087 4497 3301 4568 lingua
3349 4507 3529 4550 nexus
3568 4489 3885 4556 (modum,

471 4585 680 4655 populo
693 4581 708 4654 (
721 4583 847 4639 dies
858 4581 1012 4636 enim
1033 4576 1332 4634 Dominica
1349 4582 1471 4632 erat
1484 4575 1519 4648 ),
1539 4576 1817 4648 integram
1831 4577 2116 4634 aDomino

471 4672 730 4727 obtinuit
745 4669 1070 4736 sanitatem,
1093 4670 1150 4721 et
1171 4665 1352 4720 altera
1371 4664 1466 4720 die
1486 4665 1905 4737 gratulabunda
1922 4665 1992 4721 ad
2016 4679 2119 4721 sua

472 4759 726 4816 recessit.

543 4857 713 4912 XVII.
741 4855 948 4911 Eodem
975 4865 1203 4923 quoque
1231 4851 1326 4908 die
1368 4851 1543 4908 aliam
1594 4852 1894 4909 mulierem
1948 4866 2124 4923 para—

475 4946 728 5018 lyticam,
762 4943 932 5015 longo
961 4941 1220 4998 omnium
1254 4941 1636 4998 membrorum
1668 4941 1854 4998 ofﬁcio
1884 4941 2125 4998 destitu-

475 5043 611 5105 tam,
635 5047 765 5090 cum
804 5033 874 5088 ad
903 5031 1192 5088 tumulum
1215 5031 1399 5086 sancti
1432 5030 1540 5086 viri
1568 5031 1626 5085 in
1663 5030 1899 5102 grabato
1922 5045 1953 5086 a
1978 5030 2124 5085 ﬁde—

476 5123 632 5180 libus
653 5121 841 5177 delata
871 5119 1097 5190 fuisset,
1122 5119 1389 5175 Christus
1413 5133 1510 5188 per
1541 5119 1651 5175 viri
1677 5120 1858 5175 sancti
1894 5119 2115 5190 merita,

473 5212 711 5282 expulsa
732 5210 888 5266 omni
921 5209 1287 5281 aegritudine,
1319 5207 1472 5264 diem
1498 5221 1828 5278 comparare
1847 5208 2121 5279 dignatus

473 5308 580 5358 est.

545 5399 739 5456 XVIII.
784 5399 898 5453 Nec
944 5395 1136 5452 minus
1191 5395 1384 5451 eodem
1432 5393 1528 5449 die
1572 5394 1828 5465 quaedam
1883 5393 2122 5465 pulchra

475 5488 623 5544 facie
663 5484 1019 5558 puella,'sed
1066 5497 1269 5539 nomen
1320 5482 1628 5550 nescimus,
1679 5481 1918 5554 gloriosi
1974 5483 2123 5539 beati

474 5577 708 5632 Martini
735 5573 961 5630 meritis
987 5573 1056 5628 ad
1085 5572 1310 5628 laudem
1331 5570 1550 5627 Christi
1573 5571 1643 5626 ab
1672 5573 1867 5629 eadem
1903 5573 2127 5629 incom-

2231 4593 2399 4650 homo
2445 4591 2516 4647 ab
2572 4590 2728 4646 omni
2783 4588 3064 4661 languore
3117 4585 3416 4641 liberatur.
3463 4583 3696 4636 Demum
3748 4592 3885 4634 cum

2232 4695 2333 4753 pro
2371 4679 2686 4752 gratiarum
2715 4678 2941 4734 actione
2969 4676 3039 4731 ad
3071 4687 3299 4743 capsam
3346 4670 3527 4728 sancti
3577 4665 3890 4724 confeSo—

2233 4771 2317 4827 ris
2361 4771 2687 4839 duceretur,
2750 4765 2985 4839 rogabat
3030 4764 3470 4820 circumstantes
3535 4765 3645 4813 tam
3696 4755 3890 4812 laicus

2233 4873 2402 4931 quam
2435 4857 2796 4928 presbyteros
2823 4869 2891 4911 ne
2923 4853 3140 4910 hostem
3174 4865 3364 4920 suum,
3415 4848 3620 4919 utique
3659 4845 3894 4900 daemo—

2233 4961 2380 5018 nem,
2428 4951 2556 5018 post
2601 4960 2662 5003 se
2707 4944 2905 5002 venire
2954 4941 3366 5013 permitterent.
3391 4939 3504 4993 Hoc
3553 4936 3734 5008 igitur
3800 4935 3892 4989 si-

2234 5051 2429 5108 gnum,
2467 5035 2616 5106 quod
2650 5033 2899 5090 breviter
2923 5032 3091 5102 juxta
3145 5029 3263 5084 veri
3314 5027 3478 5082 ﬁdem
3531 5022 3894 5096 perstrinxi-

2234 5141 2382 5197 mus,
2431 5125 2536 5181 toli
2585 5122 2808 5180 civitati
2855 5120 3173 5189 Turonicae,
3208 5117 3334 5188 ipso
3364 5121 3652 5184 narrante,
3707 5112 3895 5168 inno—

2231 5217 2363 5273 tuit.

2303 5305 2505 5360 XXIII.
2554 5305 2617 5359 In
2667 5301 2980 5358 festivitate
3020 5301 3214 5370 itaque
3265 5291 3702 5367 protomartyris
3755 5291 3896 5347 Ste—

2236 5395 2587 5466 phani,qu:e
2625 5393 2822 5448 mstivo
2878 5395 3128 5459 tempore
3187 5385 3530 5452 celebratur,
3585 5395 3716 5438 cum
3784 5394 3896 5435 no—

2235 5490 2495 5540 cturnam
2517 5481 2776 5552 synaxim
2802 5478 2999 5535 clerici
3027 5477 3416 5542 decantarent,
3439 5471 3678 5543 quidam
3715 5483 3901 5539 para—-

2229 5573 2446 5644 iyticus
2477 5571 2550 5627 de
2597 5571 2722 5626 vico
2753 5569 2854 5641 qui
2904 5566 3129 5624 dicitur
3181 5561 3475 5625 Puteolus,
3529 5573 3628 5630 per
3678 5557 3902 5614 multos
