4068 6178
268 319 408 379 tcta
1242 325 1543 382 nassam
1576 320 1829 380 TURON.
1873 324 1963 380 ns
2000 280 2233 380 MIRAC.
2279 324 2335 379 B.
2380 326 2689 384 MARTINI.
3532 336 3671 397 4046

264 467 447 509 annos
471 454 629 510 omni
672 453 1051 511 membrorum
1084 454 1270 512 oilicio
1297 455 1631 523 destitutus,
1665 453 1734 509 ad
1762 456 1921 507 tum—
1943 449 2001 510 A
2026 452 2439 510 venerabilium
2461 468 2831 525 personarum
2850 458 3125 517 relatione
3144 476 3229 519 me
3244 464 3521 523 didicisse
3538 484 3670 539 gau-

261 542 387 598 bam
424 545 609 599 sancti
653 558 784 599 cum
816 544 954 600 aliis
998 545 1440 614 quampluribus
1472 543 1779 609 excubans,
1812 542 1916 597 diu
2025 540 2149 596 deo.
2179 541 2795 613 Theophania,Christi
2819 545 3053 617 famula,
3080 550 3365 608 abbatissa
3396 566 3668 614 monaste-

258 638 470 703 optata
527 634 788 689 redditus
843 639 929 689 est
984 634 1241 689 sanitati.
1291 635 1467 704 Quem
1536 632 1801 688 Alermus
1846 632 1917 686 de
2026 628 2101 683 rii
2126 629 2301 686 beata
2322 633 2512 689 Maria
2532 641 2813 704 perpetua
2841 637 3118 709 Virginis,
3143 641 3290 709 quod
3312 643 3667 704 Bellusmons

255 723 622 792 Carenciaco,
656 724 746 779 vir
772 723 1005 791 nobilis,
1033 724 1303 780 dominus
1332 726 1475 794 ejus,
1507 723 1789 793 multique
1808 721 1912 777 alii
2022 716 2260 791 dicitur,
2285 722 2576 793 religiosis
2603 725 2938 782 muneribus
2967 735 3224 784 sanctum
3255 731 3354 787 Dei
3390 734 3667 792 honorare

257 828 389 869 cum
423 814 527 869 illo
551 814 860 885 utriusque
890 827 1061 870 sexus
1089 820 1144 869 et
1175 815 1413 871 diversa
1436 815 1643 883 atatis,
1672 819 1913 884 quantas
2022 808 2309 877 cupiebat.
2337 812 2476 867 Cum
2510 812 2703 883 itaque
2730 828 2922 871 cereos
2942 830 3087 887 quos
3107 823 3169 873 ut
3188 818 3413 876 offerret
3441 823 3493 877 ei
3518 838 3670 893 pra-

262 902 344 957 ibi
409 916 525 971 pra
575 901 784 972 gaudio
827 901 1105 972 lacrymas
1154 900 1427 971 fuderint,
1484 908 1725 972 quantas
1782 900 1911 971 tibi,
2028 904 2270 969 pararet,
2300 900 2730 973 ecclesiasticis,
2764 911 2828 960 ut
2853 906 3083 972 assolet,
3117 915 3390 979 occupata
3423 913 3669 983 negotiis

259 991 409 1047 bone
434 992 587 1061 Jesu,
622 990 839 1063 gratias
863 991 1105 1063 egerint,
1131 1005 1242 1047 non
1268 996 1354 1048 est
1386 999 1592 1049 nostra
1622 990 1917 1047 facultatis
2025 985 2245 1043 deferre
2285 990 2553 1060 tardaret,
2602 993 2831 1050 cuidam
2878 996 3129 1064 ejusdem
3176 996 3411 1071 famulo,
3444 1002 3674 1059 nomine

256 1084 505 1140 edicere.
2031 1079 2341 1151 BosOgono.
2395 1082 2530 1137 boni
2581 1084 2897 1140 testimonii
2948 1087 3094 1156 viro,
3148 1088 3348 1145 beatus
3394 1093 3679 1150 Martinus

334 1176 537 1231 XXIV.
585 1174 814 1229 Petrum
853 1188 1083 1244 quoque
1121 1174 1420 1245 quemdam
1468 1188 1728 1245 puerum,
1768 1174 1921 1230 notis
2034 1182 2134 1239 per
2152 1170 2339 1227 visum
2361 1177 2533 1230 noctu
2562 1174 2847 1243 apparuit.
2882 1174 3057 1245 Quem
3082 1176 3326 1249 benigne
3354 1180 3675 1252 alloquens,

260 1265 643 1335 honestisque
664 1264 1350 1333 parentibusinconﬁnio
1370 1265 1627 1323 civitatis
1650 1267 1923 1324 Aurelia—
2032 1258 2357 1331 blandaque
2408 1275 2580 1318 manu
2627 1270 2801 1334 caput
2842 1266 2969 1335 eius
3006 1266 3337 1324 ἀθωιιιοθηε
3363 1287 3375 1323 ε
3405 1271 3527 1343 Eia,
3582 1273 3683 1328 in-

261 1354 466 1410 nensis
514 1358 892 1425 procreatum,
937 1367 1103 1425 quem
1137 1355 1388 1425 morbus,
1423 1369 1532 1411 non
1566 1360 1789 1427 natura,
1825 1370 1922 1427 per

256 1443 568 1499 biennium
614 1447 965 1513 curvaverat,
998 1456 1101 1498 nec
1145 1443 1343 1500 oculos
1389 1445 1458 1500 ad
1491 1444 1696 1501 calum
1739 1445 1923 1501 levare

256 1532 653 1602 permittebat,
676 1531 929 1587 vidimus
950 1532 1143 1588 eodem
1175 1538 1361 1589 erecto
1389 1537 1507 1589 toto
1536 1548 1771 1603 corpore
1795 1533 1923 1589 ala-

252 1621 443 1676 criter
481 1620 866 1685 deambulare,
918 1621 1302 1693 virtutemque
1353 1622 1535 1679 sancti
1576 1622 1923 1679 confessoris

256 1711 505 1782 populis
527 1711 784 1781 undique
813 1711 1198 1769 advenientes.
1232 1718 1459 1770 ostensa
1502 1713 1917 1785 incolumitate,

259 1801 655 1858 manifestare.

334 1894 514 1948 XXV.
548 1895 660 1948 Nec
691 1892 884 1949 minus
909 1897 965 1948 et
980 1892 1135 1949 alius
1163 1906 1322 1962 puer,
1352 1892 1423 1948 ab
1454 1891 1594 1948 urbe
1612 1892 1918 1949 Cenoman-

253 1982 396 2037 nica
417 1980 660 2050 delatus,
696 1996 862 2052 quem
894 1981 1247 2054 Ingelgerius
1275 1995 1464 2037 comes
1487 1980 1917 2053 Andegavorum

250 2070 577 2142 diligenter
623 2071 836 2127 nutriri
877 2070 1104 2139 fecerat,
1134 2075 1190 2126 et
1222 2071 1281 2126 in
1316 2070 1500 2126 ﬁlium
1532 2072 1916 2143 adoptaverat,

253 2165 327 2216 ut
359 2160 546 2215 sancti
580 2160 932 2216 mausoleum
958 2160 1175 2232 attigit,
1203 2159 1275 2216 ab
1310 2160 1501 2215 eadem
1533 2159 1921 2217 incommodi-

254 2253 383 2305 tate
413 2262 589 2304 sanus
614 2248 799 2305 factus
828 2252 933 2305 est.

333 2338 538 2393 XXVI.
592 2340 695 2394 Per
771 2339 919 2394 idem
969 2342 1194 2409 tempus
1261 2338 1416 2395 alius
1474 2352 1634 2410 puer,
1689 2338 1921 2396 nomine

252 2427 598 2499 Gutﬁerius,
641 2427 870 2485 diutina
906 2428 1288 2485 membrorum
1336 2428 1636 2485 debilitate
1683 2436 1921 2485 contra—-

254 2522 416 2584 ctus,
476 2531 606 2572 cum
656 2531 688 2572 a
743 2523 919 2572 matre
971 2531 1072 2573 sua
1132 2531 1230 2587 per
1281 2518 1603 2587 jumentum
1661 2519 1729 2574 ad
1797 2531 1922 2572 me-

261 2606 511 2662 moriam
561 2606 742 2661 sancti
790 2606 1190 2677 adduceretur,
1239 2606 1406 2677 longe
1441 2607 1629 2663 adhuc
1673 2608 1916 2677 positus,

262 2696 322 2750 id
380 2700 485 2764 est,
521 2699 726 2765 quarto
781 2694 852 2749 ab
906 2695 1009 2750 hac
1064 2696 1204 2751 urbe
1251 2694 1549 2755 milliario.
1598 2695 1781 2751 sensit
1804 2694 1918 2751 sibi

255 2783 393 2839 dari
443 2784 654 2840 divina
705 2784 944 2839 virtutis
1001 2784 1333 2840 remedium.
1401 2784 1511 2854 Qui
1562 2785 1756 2841 statim
1813 2786 1922 2841 de-

258 2873 545 2930 scendens
587 2873 658 2928 de
687 2873 923 2929 animali
955 2874 1061 2929 cui
1094 2873 1401 2945 insidebat,
1432 2875 1500 2929 ad
1548 2874 1735 2930 locum
1774 2888 1920 2931 con-

260 2960 507 3016 fessoris
523 2960 748 3017 concito
766 2974 965 3033 gressu
983 2961 1329 3017 sanissimus
1349 2962 1599 3031 advenit,
1618 2966 1920 3018 vetustam-

2032 1349 2181 1420 quit,
2207 1348 2401 1422 frater,
2426 1366 2614 1423 surge,
2642 1358 2701 1408 et
2718 1353 2786 1408 ad
2806 1355 3095 1411 dominam
3116 1362 3271 1412 tuam
3296 1359 3676 1432 proficiscere,

2030 1439 2304 1510 dicesque
2347 1454 2416 1496 ex
2464 1454 2585 1497 mea
2643 1448 2803 1513 parte
2846 1451 3128 1514 quatenus
3180 1450 3524 1506 munuscula
3553 1468 3681 1522 qua

2032 1527 2176 1583 mihi
2236 1531 2296 1583 Se
2329 1530 2591 1586 daturam
2640 1531 2937 1587 devoverat
2990 1532 3235 1590 ulterius
3292 1538 3526 1595 reddere
3568 1555 3679 1597 non

2028 1616 2273 1673 differat.
2299 1618 2616 1690 Quodicto,
2639 1634 2769 1676 cum
2793 1622 3447 1696 Bosogonusevigilaret,
3470 1632 3527 1684 et
3539 1629 3678 1699 quid

2030 1707 2263 1765 domina
2306 1723 2411 1765 sua
2465 1715 2661 1767 sancto
2700 1711 3013 1769 confessori
3065 1714 3405 1783 promiserat
3451 1718 3682 1786 penitus

1952 1773 2003 1834 Β
2033 1796 2343 1869 ignoraret,
2371 1799 2439 1855 ad
2472 1813 2592 1855 eam
2614 1800 2885 1857 velociter
2915 1773 3119 1873 currit,
3152 1808 3209 1859 et
3238 1805 3378 1875 quid
3405 1773 3517 1862 sibi

2029 1890 2159 1941 ctus
2204 1887 2430 1943 dixerat
2461 1889 2748 1945 revelavit.
2791 1891 3259 1951 Fanctimonialis
3298 1909 3428 1951 vero
3466 1895 3678 1955 femina

2030 1988 2158 2031 cum
2214 1979 2503 2033 narrantis
2552 1978 2721 2035 verba
2772 1980 3051 2051 audisset,
3104 1984 3508 2051 promissionis
3560 2001 3677 2043 sua

2029 2065 2224 2121 statim
2267 2067 2661 2138 reminiscens,
2721 2082 2895 2140 seque
2937 2072 3007 2126 de
3050 2071 3397 2144 negligentia
3443 2088 3543 2131 sua
3579 2090 3678 2131 re-

2027 2157 2332 2227 darguens,
2363 2162 2429 2212 ut
2454 2157 2677 2214 tandem
2716 2163 2845 2215 vota
2885 2160 3211 2232 compleret,
3253 2176 3382 2219 cum
3429 2163 3678 2221 festina-

2029 2244 2185 2301 tione
2223 2244 2398 2315 venit,
2450 2259 2756 2318 cereosque
2799 2262 2944 2319 quos
2986 2249 3327 2319 jampridem
3358 2251 3672 2311 confessori

2030 2334 2411 2405 spOponderat
2430 2336 2763 2392 solemniter
2791 2337 2844 2392 ei
2881 2342 2936 2393 et
2962 2338 3160 2395 devote
3186 2340 3456 2397 reddidit.

2098 2425 2309 2480 XXXI.
2345 2425 2594 2481 Herveus
2624 2426 2856 2497 quidam
2879 2428 3109 2497 juvenis
3144 2429 3215 2484 de
3252 2431 3548 2488 territorio
3572 2433 3677 2488 Pi—

2029 2514 2303 2585 ctavensi,
2334 2528 2462 2570 cum
2491 2516 2725 2570 circiter
2743 2518 2934 2571 decem
2964 2530 3062 2585 per
3080 2530 3261 2574 annos
3288 2519 3514 2576 aridum
3538 2522 3678 2578 bra-

2029 2603 2227 2659 chium
2259 2618 2358 2673 spe
2386 2604 2711 2660 obtinenda
2735 2604 3004 2660 sanitatis
3035 2619 3134 2676 per
3169 2607 3415 2677 plurima
3442 2616 3679 2667 sancto-

2031 2707 2158 2748 rum
2188 2693 2308 2749 loca
2351 2692 2629 2763 deferens,
2665 2693 2888 2749 nullum
2927 2694 3115 2751 adhuc
3158 2695 3374 2753 laboris
3403 2699 3494 2754 sui
3544 2698 3679 2755 fru-

2029 2787 2184 2837 ctum
2234 2782 2598 2853 percepisset,
2651 2782 2709 2837 in
2738 2783 2941 2854 vigilia
2975 2785 3157 2840 sancti
3204 2787 3518 2851 Laurentii,
3552 2804 3679 2859 qua

2028 2870 2154 2926 dies
2197 2871 2495 2926 Dominica
2533 2870 2865 2941 habebatur,
2906 2886 3038 2929 cum
3080 2873 3219 2930 aliis
3273 2875 3540 2934 fidelibus
3582 2879 3678 2948 pia

2031 2964 2214 3013 mente
2242 2964 2298 3014 et
2324 2960 2431 3015 fide
2451 2960 2651 3015 devota
2681 2961 2750 3016 ad
2783 2961 3107 3030 sepulcrum
3131 2963 3535 3037 benignissimi
3566 2968 3684 3023 Pa-

260 3063 377 3120 que
411 3049 822 3121 inﬁrmitatem,
849 3064 1018 3121 quam
1045 3064 1345 3121 perpessus
1378 3050 1583 3121 fuerat,
1605 3065 1919 3122 novamque
2029 3047 2139 3102 tris
2168 3049 2428 3103 accessit.
2461 3048 2619 3117 Quod
2647 3062 2777 3104 cum
2806 3048 3017 3106 factum
3040 3050 3266 3122 fuisset,
3302 3055 3526 3111 meritis
3555 3070 3682 3112 san-

261 3138 748 3209 incolumitatem,
770 3152 938 3209 quam
964 3138 1076 3194 sibi
1103 3139 1371 3195 Christus
1392 3153 1491 3210 per
1511 3139 1659 3195 beati
1682 3140 1916 3196 Martini
1948 3134 1994 3194 C
2027 3136 2106 3191 cti
2152 3135 2497 3192 confessoris
2552 3136 2885 3206 sospitatem
2924 3137 3029 3193 diu
3067 3140 3467 3211 desideratam,
3519 3145 3676 3201 omni

261 3228 471 3284 merita
502 3226 840 3297 prabuerat,
876 3226 1145 3284 ﬁdelibus
1193 3228 1253 3282 in
1302 3228 1591 3284 communi
1619 3228 1918 3284 audientia
2030 3225 2241 3295 populo
2290 3226 2349 3281 in
2386 3225 2584 3281 laudes
2628 3226 2845 3282 Christi
2897 3227 3266 3301 acclamante,
3297 3231 3491 3287 eadem
3537 3233 3676 3291 hora

256 3315 549 3385 exposuit.
2027 3315 2258 3384 recepit.

332 3406 560 3460 XXVII.
596 3403 891 3460 Mulierem
921 3418 1146 3476 quoque
1175 3404 1245 3459 de
1271 3403 1557 3472 Barbivio,
1587 3404 1683 3459 cui
1712 3417 1914 3461 nomen
2100 3402 2333 3457 XXXII.
2375 3399 2629 3469 Quodam
2679 3401 3066 3460 nihilominus
3121 3405 3217 3461 die
3263 3407 3379 3463 duo
3412 3409 3671 3481 juvenes,

254 3500 388 3550 erat
406 3493 827 3565 Ermengardis,
860 3508 989 3550 cum
1019 3494 1087 3549 ad
1122 3494 1450 3549 memoriam
1480 3494 1591 3549 viri
1623 3494 1723 3549 Dei
1749 3508 1918 3550 acce—
2025 3491 2187 3547 surdi
2240 3490 2454 3562 pariter
2499 3496 2555 3546 et
2585 3491 2752 3561 muti,
2798 3505 3043 3562 quorum
3094 3493 3242 3550 alter
3285 3496 3465 3553 Draco
3500 3511 3677 3555 voca-

254 3583 397 3639 dere
418 3581 736 3650 festinaret,
768 3582 824 3638 in
860 3582 987 3652 ipso
1028 3582 1235 3638 itinere
1262 3582 1452 3637 adhuc
1480 3582 1644 3654 longe
1672 3583 1913 3653 positam

255 3673 507 3726 visitavit
556 3670 746 3725 Oriens
776 3687 844 3725 ea:
889 3673 1000 3725 alto
1029 3670 1180 3740 (Luc.
1219 3685 1259 3733 I,
1299 3669 1409 3739 '78).
1445 3671 1683 3743 Egressa
1736 3670 1915 3742 siqui-

255 3761 388 3815 dem
420 3760 490 3815 de
511 3760 678 3814 domo
703 3772 825 3831 sua,
860 3759 1033 3828 sicut,
1060 3760 1181 3829 ipsa
1201 3766 1467 3815 narrante
1490 3760 1827 3832 didicimus,
1852 3764 1915 3816 ut

255 3850 328 3905 ad
365 3848 600 3919 vigilias
622 3847 804 3903 sancti
828 3848 1487 3919 accurreret,oculorum
1520 3849 1732 3919 lumen,
1762 3849 1911 3919 quod

262 3938 435 4008 longo
465 3942 717 4007 tempore
743 3936 1088 4007 perdiderat,
1122 3937 1497 4007 stupentibus
1528 3938 1627 4007 qui
1664 3936 1914 3993 comita—

259 4026 477 4081 bantur
514 4039 657 4092 eam,
688 4026 749 4081 in
781 4026 871 4081 via
918 4025 1150 4095 recepit,
1186 4026 1505 4095 ducemque
1541 4026 1631 4081 sui
1667 4025 1914 4081 ulterius

262 4128 378 4169 non
410 4114 730 4185 requirens.
758 4114 827 4169 ad
876 4113 1063 4171 locum
1091 4127 1256 4184 quem
1288 4118 1579 4183 Optaverat
1618 4114 1910 4183 pervenit;

262 4202 366 4257 ubi
412 4198 674 4259 oratione
722 4201 870 4273 fusa,
920 4202 1167 4273 dataque
1222 4202 1555 4258 solemniter
1601 4202 1909 4270 oblatione,

258 4305 393 4347 cum
439 4292 754 4363 gratiarum
802 4292 1027 4347 actione
1066 4291 1328 4361 sequenti
1364 4291 1460 4347 die
1509 4290 1828 4346 latabunda
1857 4294 1915 4345 et

260 4380 577 4436 incolumis
608 4381 677 4436 ad
710 4394 813 4436 sua
849 4380 1138 4435 remeavit.

2025 3586 2138 3638 tus.
2193 3582 2263 3637 de
2308 3581 2435 3637 vico
2483 3594 2648 3652 quem
2703 3583 3027 3638 Launacum
3075 3590 3297 3656 vocant,
3346 3586 3491 3642 alter
3540 3602 3673 3644 vero

2022 3672 2233 3727 dictus.
2280 3710 2292 3725 .
2333 3710 2345 3722 .
2392 3710 2404 3722 .
2449 3711 2461 3724 .
2492 3670 2563 3726 de
2584 3670 2710 3726 vico
2741 3684 2907 3740 quem
2939 3672 3238 3729 nominant
3269 3675 3669 3748 Cameliacum,

2026 3759 2379 3815 mausoleum
2393 3758 2647 3829 piissimi
2665 3757 3015 3816 confessoris
3027 3761 3266 3831 pulchra
3284 3762 3391 3819 fide
3411 3766 3672 3822 certatim

2022 3848 2440 3918 deosculantes,
2465 3845 2713 3903 otIicium
2734 3846 2946 3919 lingua
2963 3848 3137 3905 simul
3155 3854 3210 3905 et
3228 3852 3479 3923 aurium,
3504 3869 3671 3924 quem

2025 3940 2230 3993 natura
2276 3937 2364 3991 eis
2403 3936 2797 4008 denegaverat,
2855 3937 3080 3993 meritis
3132 3940 3315 3995 sancti
3381 3940 3494 3997 viri
3559 3958 3672 4000 una

2022 4025 2332 4094 eademque
2364 4024 2503 4079 hora
2536 4025 2828 4094 percipere
2860 4033 3208 4083 meruerunt.

2092 4112 2351 4168 XXXIII.
2390 4114 2527 4168 Item
2580 4112 2705 4181 ipso
2742 4112 2859 4182 die,
2890 4114 3147 4183 quadam
3201 4116 3428 4185 mulier,
3471 4120 3676 4178 Hilde-

2023 4201 2235 4272 gardus
2261 4201 2509 4272 nomine,
2551 4201 2622 4257 de
2649 4201 2775 4257 vico
2799 4202 2899 4271 qui
2950 4202 3173 4259 dicitur
3210 4205 3400 4261 Novus
3429 4206 3669 4281 burgus,

2023 4289 2216 4344 eodem
2244 4302 2357 4359 quo
2401 4293 2457 4343 et
2498 4287 2716 4359 prafati
2760 4289 3000 4357 juvenes
3049 4290 3372 4349 infortunio
3404 4295 3671 4352 damnata

2026 4392 2216 4447 parem
2251 4391 2380 4433 cum
2408 4378 2494 4433 eis
2530 4377 2772 4450 gratiam
2811 4390 2843 4432 a
2872 4378 3104 4434 Christo
3124 4380 3327 4449 adepta
3347 4388 3452 4438 est.

332 4468 585 4524 XXVIII.
631 4468 797 4524 Circa
843 4468 991 4523 idem
1041 4472 1266 4539 tempus
1320 4468 1448 4524 dua
1497 4457 1994 4523 infelicissimaD
2096 4466 2351 4521 XXXIV.
2406 4468 2603 4522 Postea
2654 4466 2713 4521 in
2749 4465 3111 4522 solemnitate
3157 4467 3304 4522 beati
3351 4470 3667 4542 Laurentii,

259 4557 557 4625 mulieres,
605 4571 847 4628 quarum
899 4557 1131 4613 nomina
1176 4557 1503 4613 memoriam
1537 4569 1715 4611 meam
1764 4570 1914 4626 pra-

259 4647 566 4717 terierunt,
597 4647 857 4702 molestia
876 4646 1199 4702 fistuladiu
1224 4646 1635 4712 laboraverant,
1658 4659 1783 4716 qua
1816 4660 1913 4715 per

257 4737 594 4805 septimana
624 4735 909 4791 circulum
945 4741 1121 4790 totam
1158 4735 1284 4790 suis
1309 4733 1605 4790 basilicam
1630 4734 1912 4803 replentes

256 4824 634 4895 clamoribus,
680 4824 899 4880 viscera
940 4830 1134 4880 nostra
1182 4823 1539 4879 calamitosis
1584 4824 1911 4893 planctibus

256 4912 648 4969 turbaverant.
713 4914 970 4985 Denique
1034 4914 1197 4968 Pater
1253 4912 1664 4969 misericordia
1716 4926 1909 4968 earum

261 5001 515 5056 miseria
552 5006 607 5056 et
658 5007 886 5073 nostra,
936 5002 1188 5071 prastita
1229 5001 1353 5057 illis
1399 5000 1614 5071 pariter
1642 5000 1904 5071 sanitate,

257 5090 431 5145 tinem
476 5090 770 5159 imposuit.

331 5178 544 5233 XXIX.
576 5178 691 5235 Sub
730 5179 857 5249 ipso
897 5184 1146 5248 tempore
1182 5178 1299 5235 alia
1344 5178 1533 5249 puella
1563 5176 1669 5234 toti
1703 5182 1912 5233 nostra

253 5268 484 5325 civitati
518 5282 631 5337 pra
669 5268 946 5324 diuturna
988 5268 1243 5323 cecitate
1275 5268 1525 5339 cognita,
1553 5268 1623 5323 ad
1654 5266 1907 5323 tumbam

257 5358 408 5414 servi
442 5358 542 5412 Dei
575 5371 704 5412 cum
746 5357 1013 5428 lacrymis
1049 5362 1108 5412 et
1133 5356 1399 5427 precibus
1430 5361 1770 5426 pernoctans
1812 5369 1910 5426 per

256 5446 491 5516 aliquos
509 5445 655 5515 dies,
674 5446 934 5515 depulsis
945 5444 1233 5501 veteribus
1249 5444 1524 5514 tenebris,
1542 5444 1904 5516 peregrinum

259 5534 454 5590 lumen
484 5534 594 5590 sub
620 5540 906 5591 momento
927 5534 1157 5604 ret-cpit.

330 5624 515 5680 XXX.
559 5625 675 5680 Hoc
722 5637 834 5681 non
884 5623 1429 5694 pratermittendum
1488 5622 1711 5679 astimo
1754 5624 1903 5694 quod

2024 4568 2151 4609 cum
2197 4554 2454 4609 Andreas
2479 4568 2639 4623 puer,
2667 4554 2738 4609 de
2758 4554 3023 4610 Oratorio
3041 4555 3400 4624 septennium
3433 4560 3671 4614 transti—

2022 4656 2179 4715 gens,
2219 4642 2277 4697 in
2306 4642 2506 4698 nubilo
2537 4643 2833 4715 cacitatis,
2862 4648 3079 4699 tractus
3116 4657 3148 4699 a
3187 4649 3363 4699 matre
3386 4646 3454 4700 ad
3480 4646 3664 4702 locum

2020 4730 2368 4788 confessoris
2408 4733 2774 4803 pervenisset,
2809 4733 3006 4788 statim
3040 4732 3098 4787 in
3136 4738 3441 4801 conspectu
3469 4736 3671 4804 populi

2019 4820 2472 4889 circumstantis,
2516 4820 2768 4875 tenebris
2817 4820 2967 4875 inter
3007 4821 3175 4876 ulnas
3222 4836 3340 4877 sua
3371 4823 3674 4894 genitricis

2022 4908 2279 4981 ignotum
2328 4907 2481 4962 diem
2522 4907 2717 4963 subito
2752 4908 2947 4963 videre
2986 4909 3323 4978 promeruit.

2091 4997 2322 5052 XXXV.
2370 4995 2488 5051 Sub
2524 4996 2649 5066 ipso
2707 4997 2803 5053 die
2850 4996 3106 5066 quadam
3152 4998 3382 5070 mulier,
3443 5002 3674 5058 nomine

2020 5086 2183 5158 Aiga,
2230 5085 2300 5140 de
2336 5090 2524 5142 castro
2583 5086 2733 5156 quod
2772 5084 3180 5141 Cormanacum
3222 5094 3476 5161 vocatur,
3527 5104 3672 5146 con—

2021 5179 2333 5231 tractorum
2355 5178 2585 5230 artuum
2601 5173 2901 5230 debilitate
2928 5186 3027 5243 per
3052 5174 3515 5246 quinquennium
3542 5191 3671 5232 ma-

2019 5270 2127 5337 sta,
2177 5262 2430 5334 piissimi
2473 5263 2657 5319 Patris
2704 5262 2930 5320 meritis
2960 5262 3221 5333 pristina
3272 5266 3536 5321 restituta
3583 5270 3672 5319 est

2018 5354 2275 5411 sanitati.
2326 5365 2336 5375 '

2088 5443 2343 5499 XXXVI.
2379 5441 2630 5498 Puellam
2665 5454 2893 5512 quoque
2922 5441 2991 5496 de
3016 5441 3275 5497 Asaiaco.
3306 5437 3666 5507 Hildegardis

2019 5532 2268 5600 nomine,
2293 5531 2487 5587 eodem
2510 5531 2605 5586 die
2630 5530 2899 5585 Christus
2917 5529 2988 5585 ab
3028 5530 3217 5583 eadem
3246 5524 3568 5581 calamitate
3592 5524 3661 5579 ad

2019 5624 2287 5678 honorem
2315 5620 2462 5677 servi
2490 5619 2581 5676 sui
2618 5619 2863 5675 liberare
2902 5617 3176 5686 dignatus
3200 5620 3304 5669 est.
