4068 6178
405 313 542 375 4047

993 311 1280 369 APPEND.
1323 306 1416 364 AD
1455 290 1618 362 διες.
1664 304 1760 361 1x.
1793 333 1862 342 —
1884 296 2216 356 SUPPLEM.
2256 291 2350 348 AD
2387 291 2584 349 AUCT.
2625 286 2985 347 cennoms
3019 289 3207 346 ANNI.

3668 282 3813 343 4048

475 443 753 500 XXXVII.
811 439 948 495 Item
999 438 1123 508 ipso
1176 435 1292 502 die,
1358 446 1499 503 puer
1564 429 1818 502 quidam,
1881 417 2132 481 FulcoA
2226 397 2390 475 XLII.
2434 416 2754 508 Gaufridus
2779 429 3011 508 quoque
3038 429 3180 508 puer
3200 414 3274 471 de
3310 414 3437 508 vico
3464 411 3568 485 qui
3595 411 3821 468 dicitur

407 533 655 595 nomine,
697 531 768 586 de
819 528 944 584 vico
993 525 1184 583 Sancti
1223 521 1550 590 Clementis,
1598 519 1765 589 longo
1805 520 2055 584 tempore

405 622 771 680 debilitatum
820 617 1011 688 pedem
1061 615 1265 671 baculo
1310 608 1739 677 circumferens,
1815 619 1943 662 mox
1992 608 2057 660 ut

411 711 663 768 tumbam
711 709 893 765 sancti
931 706 1145 777 tetigit,
1179 702 1334 760 omni
1366 700 1562 757 dolore
1603 697 1811 768 caruit,
1843 700 1901 751 et
1923 707 2054 750 cum

411 816 476 858 eo
500 801 655 856 alius
675 799 775 870 qui
802 810 1002 854 manus
1019 793 1266 851 officium
1290 791 1561 847 amiserat
1583 785 1848 858 sospitati
1873 783 2057 840 reddi-

412 896 507 947 tus
536 887 833 944 abscessit.

485 978 787 1035 XXXVIII.
818 978 950 1031 Post
972 975 1077 1030 hoc
1109 986 1250 1043 puer
1271 969 1506 1042 quidam
1523 969 1593 1024 de
1611 962 2053 1030 Semblenciaco,

405 1071 649 1124 Joannes
672 1065 921 1134 nomine,
947 1062 1045 1133 qui
1065 1075 1258 1116 annuo
1287 1057 1482 1114 morbo
1509 1055 1714 1112 fistulae
1733 1053 1791 1108 in
1817 1049 2056 1107 brachio

407 1160 547 1215 adeo
594 1155 886 1212 confectus
924 1158 1045 1208 erat
1075 1157 1139 1206 ut
1181 1147 1539 1217 consumptis
1584 1143 1888 1215 putredine
1923 1153 2057 1196 car-

412 1247 584 1302 nibus
608 1245 778 1300 etiam
809 1254 1038 1298 corrosa
1077 1238 1368 1295 vermibus
1406 1250 1533 1293 ossa
1582 1233 1653 1290 ab
1706 1233 1866 1288 intus
1893 1227 2060 1285 deci—

411 1335 628 1403 derent,
643 1332 712 1387 ad
733 1331 986 1387 tumbam
1005 1328 1187 1385 sancti
1209 1325 1494 1383 antistitis
1514 1321 1834 1394 aliquantis
1853 1317 2059 1375 diebus

411 1422 720 1492 excubans,
771 1426 824 1476 et
873 1418 1176 1474 Dominum
1223 1418 1412 1471 Jesum
1445 1419 1510 1470 ut
1545 1413 1637 1470 sui
1694 1411 2060 1466 misereretur

413 1511 734 1580 aliquantis
762 1507 1074 1581 gemitibus
1093 1517 1355 1566 exorans,
1392 1502 1636 1574 effugata
1665 1505 1818 1570 peste
1849 1495 2060 1552 morti-

415 1598 556 1669 fera,
586 1599 946 1669 pristinaque
973 1597 1218 1651 sanitate
1240 1593 1464 1648 meritis
1486 1590 1635 1647 beati
1659 1587 1892 1645 Martini
1923 1587 2063 1641 inte-

416 1702 514 1758 gre
555 1692 795 1757 recepta,
840 1685 1052 1756 populo
1084 1697 1306 1756 magna,
1348 1681 1516 1738 nobis
1542 1681 1775 1750 majora,
1808 1677 1904 1734 sed
1937 1675 2063 1732 suis

418 1777 663 1834 maxima
697 1774 942 1844 praebuit
970 1773 1200 1845 gaudia.

487 1866 750 1921 XXXIX.
794 1866 855 1918 In
885 1863 990 1919 hoc
1019 1863 1192 1917 etiam
1223 1859 1457 1916 fuerunt
1482 1857 1817 1914 admiranda
1847 1860 1902 1912 et
1928 1853 2066 1912 ubi-

421 1969 528 2026 que
579 1953 950 2025 przeconanda
999 1951 1182 2008 sancti
1227 1947 1574 2005 confessoris
1637 1946 1839 2002 merita
1891 1945 2070 2016 quod,

419 2057 530 2099 non
564 2043 759 2098 minus
791 2041 1054 2097 absentes
1093 2052 1275 2111 aegros
1312 2044 1368 2094 et
1418 2037 1584 2109 longe
1638 2037 1856 2107 positos
1900 2029 2068 2106 quam

417 2137 743 2204 praesentes,
773 2131 830 2187 id
861 2136 949 2186 est
980 2129 1202 2186 tumulo
1248 2142 1353 2184 suo
1382 2127 1736 2197 assistentes,
1768 2125 1818 2182 si
1848 2125 2067 2180 firmam

418 2236 574 2293 spem
599 2228 655 2278 et
679 2220 844 2276 fidem
873 2218 1220 2288 habuerunt,
1253 2231 1350 2287 per
1367 2215 1584 2272 Christi
1609 2215 1849 2288 gratiam
1867 2227 2068 2270 curare

417 2309 733 2368 consuevit.
783 2309 866 2365 Ad
901 2309 1007 2365 hoc
1049 2320 1297 2378 praesens
1327 2319 1439 2362 non
1473 2319 1625 2362 unus
1666 2309 1768 2360 aut
1804 2305 1940 2374 duo,
1969 2303 2065 2360 sed

418 2402 614 2472 plures
668 2399 1028 2455 deducantur
1078 2397 1138 2452 in
1188 2396 1458 2451 medium.
1505 2395 1778 2466 Garinus,
1818 2407 1957 2464 puer
1998 2395 2068 2450 de

417 2491 572 2558 Faia,
614 2487 896 2559 vertigine
925 2485 1136 2556 capitis
1173 2484 1471 2554 totiusque
1512 2483 1774 2552 corporis
1805 2483 2066 2538 molestia

422 2577 748 2632 vexabatur.
805 2577 916 2630 Nec
977 2575 1172 2630 minus
1226 2587 1324 2643 per
1379 2573 1526 2628 idem
1577 2578 1802 2641 tempus
1856 2571 2062 2641 puella,

413 2663 821 2735 Ermangardis
851 2662 1101 2732 nomine,
1127 2662 1198 2717 de
1217 2662 1342 2717 vico
1375 2674 1540 2731 quem
1591 2660 1857 2716 Bucseias
1888 2659 2064 2715 nomi-

417 2761 575 2818 nant,
605 2751 906 2808 maledicto
926 2751 1085 2805 iratae
1104 2750 1322 2819 matris,
1345 2751 1460 2804 imo
1483 2749 1676 2819 potius
1700 2747 2065 2804 inscrutabili

415 2843 516 2898 Dei
534 2840 780 2912 judicio,
809 2843 1230 2896 contractarum
1264 2851 1534 2894 manuum
1578 2837 1850 2906 injuriam
1879 2837 2070 2907 patie-

417 2931 606 2986 batur.
633 2929 698 2984 Hi
725 2930 919 3000 itaque
939 2943 1069 2984 cum
1098 2941 1197 2997 pro
1227 2928 1372 2998 ipsis
1393 2932 1653 2998 parentes
1673 2931 1729 2982 et
1755 2927 2064 2997 prOpinqui

415 3019 507 3074 sui
538 3018 646 3074 tlde
674 3017 825 3089 pleni
852 3021 1044 3073 votum
1075 3016 1340 3083 facerent,
1363 3021 1420 3072 et
1448 3029 1545 3072 eos
1573 3015 1640 3070 ad
1667 3015 1852 3072 locum
1881 3016 2062 3071 sancti

417 3107 786 3176 adducerent,
813 3105 1003 3162 adhuc
1021 3105 1186 3176 longe
1213 3104 1272 3160 in
1298 3104 1392 3160 via
1418 3103 1617 3176 positi,
1638 3104 1740 3159 diu
1767 3103 2065 3160 desidera-

414 3201 526 3251 tam
562 3195 1014 3252 incolumitatem
1049 3210 1082 3250 a
1110 3193 1340 3250 Christo
1365 3209 1462 3265 per
1492 3193 1717 3250 beatum
1754 3193 2062 3249 Martinum

411 3299 472 3341 se
503 3285 822 3355 percepisse
853 3284 1126 3355 gratulati
1157 3289 1311 3339 sunt.

483 3375 596 3429 XL.
646 3373 761 3430 Sub
794 3374 918 3444 ipso
969 3378 1221 3443 tempore
1249 3377 1371 3428 erat
1399 3373 1549 3441 apud
1600 3372 1928 3428 Salmurum
1960 3384 2065 3426 ca-

413 3469 596 3520 strum
628 3463 840 3520 mulier
872 3462 1144 3532 opulenta
1171 3466 1229 3517 et
1272 3461 1493 3518 multis'
1523 3467 1676 3532 nota,
1715 3461 1808 3516 sed
1862 3472 2064 3516 nomen

412 3554 538 3624 ejus
593 3552 921 3608 memoriam
994 3565 1172 3607 meam
1231 3550 1400 3622 fugit,
1449 3565 1575 3621 quae
1643 3553 2065 3606 contractarum

413 3643 729 3712 palmarum
751 3638 1138 3696 infortunium
1160 3640 1498 3695 incurrerat.
1526 3640 1650 3694 Haec
1671 3638 1842 3694 etiam
1869 3637 2068 3693 audita

415 3731 563 3786 fama
615 3730 912 3801 signorum
964 3743 1090 3800 quze
1135 3741 1233 3798 per
1261 3726 1540 3782 famulum
1589 3741 1756 3782 suum
1803 3725 2068 3782 Christus

415 3819 779 3889 operabatur,
812 3831 942 3872 cum
983 3817 1226 3887 quadam
1269 3820 1432 3871 nocte
1461 3829 1519 3871 se
1551 3815 1611 3870 in
1643 3815 1787 3871 lecto
1823 3815 2066 3884 recepis-

415 3913 520 3978 set,
562 3911 627 3960 ut
651 3907 913 3976 sequenti
951 3905 1047 3960 die
1080 3905 1198 3960 vita
1227 3903 1437 3960 comite
1479 3904 1546 3959 ad
1599 3903 1833 3976 vigilias
1882 3905 2066 3960 sancti

415 3993 763 4051 confessoris
786 4008 918 4050 cum
947 3992 1236 4049 oblatione
1265 3992 1440 4064 digna
1469 3999 1817 4065 properaret,
1850 3993 2068 4050 obdor—

418 4083 602 4155 mivit,
649 4083 958 4153 statimque
997 4081 1296 4154 evigilans,
1348 4087 1503 4138 tanta
1557 4080 1833 4138 facilitate
1865 4097 2065 4139 manus

417 4179 711 4228 renovatas
747 4171 976 4241 aperuit
1005 4171 1123 4226 acsi
1159 4171 1217 4225 in
1256 4171 1342 4227 eis
1367 4171 1582 4227 nullam
1616 4171 1779 4241 prius
1821 4173 2067 4243 aegritu-

415 4261 607 4318 dinem
653 4272 818 4331 passa
871 4258 1098 4316 fuisset.
1125 4259 1342 4316 Deinde
1393 4259 1540 4315 facto
1571 4273 1751 4330 mane,
1806 4267 1869 4315 ut
1916 4260 2067 4316 votis

415 4347 789 4420 satisfaceret,
815 4347 1000 4404 locum
1023 4349 1206 4404 sancti
1233 4349 1414 4418 adiit;
1449 4348 1548 4403 ubi
1577 4345 1704 4403 fusa
1734 4363 1863 4404 cum
1889 4348 2062 4420 lacry-

2165 508 2564 565 Blarenciacus
2587 506 2658 564 ab
2699 507 2892 563 eadem
2929 505 3274 576 calamitate,
3305 505 3500 561 eodem
3538 508 3822 572 tempore,

2165 598 2492 655 interventu
2529 596 2712 654 sancti
2750 595 3098 653 confessoris
3127 593 3236 651 sub
3281 598 3568 651 momento
3601 591 3826 648 libera-

2165 692 2291 744 turs
2321 693 2422 744 est.
2875 672 2890 676 “

2235 777 2428 833 XLIII.
2482 779 2588 832 Per
2640 776 2789 832 idem
2848 778 3093 844 tempus,
3157 772 3369 830 femina
3434 772 3707 844 quaedam
3759 773 3827 828 de

2165 869 2496 924 Montaureo
2549 872 2759 933 castro,
2811 866 3041 921 nomine
3087 863 3512 936 Ermengardis,
3557 861 3732 918 fracti
3773 869 3828 918 et

2165 958 2316 1014 aridi
2346 957 2543 1013 lacerti
2582 955 2904 1012 infortunio
2932 968 3029 1024 per
3063 954 3525 1025 quinquennium
3551 953 3826 1008 damnata

2165 1047 2314 1103 beati
2346 1047 2639 1102 materiam
2671 1045 2933 1101 miraculi
2964 1043 3228 1114 praebuit.
3256 1043 3495 1099 Cunctis
3525 1042 3826 1113 siquidem

2167 1137 2346 1193 unius
2371 1135 2585 1192 mensis
2608 1135 2876 1192 noctibus
2886 1134 2956 1190 ad
2973 1135 3100 1204 ejus
3117 1132 3469 1189 mausoleum
3491 1145 3628 1188 cum
3645 1131 3829 1187 multo

2167 1225 2302 1281 fletu
2332 1229 2387 1280 et
2418 1224 2634 1296 gemitu
2672 1227 2937 1280 contenta
2972 1222 3239 1294 vigilans,
3278 1220 3505 1278 tandem
3531 1219 3830 1276 divinitus

2167 1314 2399 1370 visitata
2425 1318 2527 1370 est.
2555 1313 2859 1369 Brachium
2885 1312 3040 1368 enim
3075 1311 3257 1380 illius,
3287 1323 3413 1366 osse
3444 1309 3828 1381 reintegrato,

2168 1405 2328 1461 venis
2351 1403 2605 1474 repletis,
2637 1403 2826 1459 nervis
2846 1401 3153 1464 renovatis,
3187 1399 3352 1455 ﬁnito
3379 1412 3574 1455 mense
3593 1398 3829 1467 revixit,

2169 1507 2389 1564 suoque
2418 1493 2642 1563 corpori
2671 1505 2785 1548 non
2821 1491 3058 1563 segnius
3089 1502 3259 1561 quam
3298 1488 3546 1545 alterum
3574 1488 3647 1544 ad
3687 1501 3832 1544 usus

2171 1582 2520 1640 necessarios
2543 1587 2734 1652 postea
2766 1579 3136 1636 ministravit.

2241 1692 2427 1747 XLIV.
2465 1693 2578 1747 Nec
2626 1689 2820 1747 minus
2854 1689 3049 1746 eodem
3091 1691 3343 1758 tempore
3390 1699 3533 1756 puer
3589 1685 3832 1756 quidam

2095 1745 2409 1837 Basilius
2457 1745 2569 1836 cui
2606 1745 2810 1835 nomen
2861 1745 2948 1834 es.
2995 1745 3290 1833 Senteri‘us
3331 1745 3527 1832 eodem
3559 1745 3833 1830 detentus

2178 1871 2536 1927 incommodo
2563 1868 2812 1925 similem
2855 1868 3098 1938 gratiam
3128 1866 3419 1922 divinitus
3446 1865 3700 1935 adeptus
3724 1870 3828 1920 est.

2244 1979 2407 2034 XLV.
2447 1978 2552 2034 Sed
2585 1976 2773 2048 puella
2808 1975 3040 2031 nomine
3077 1974 3356 2030 Menoldis
3385 1973 3455 2029 de
3484 1973 3616 2029 vico
3664 1986 3830 2044 quem

2175 2069 2624 2126 Montricardum
2650 2067 2966 2138 nominant,
3000 2066 3136 2122 dum
3168 2065 3411 2136 quadam
3436 2069 3606 2120 nocte
3631 2063 3829 2119 aestivo

2178 2165 2428 2229 tempore
2456 2172 2584 2214 cum
2619 2156 2970 2212 messoribus
2993 2156 3051 2210 in
3082 2168 3211 2210 area
3234 2146 3830 2225 quiesceret,°repente

2177 2248 2475 2318 conspexit
2505 2247 2830 2303 teterrimos
2857 2246 3103 2315 spiritus
3135 2245 3193 2300 in
3222 2243 3410 2314 specie
3437 2243 3701 2299 militum
3732 2257 3830 2298 ar-

2180 2341 2461 2394 matorum
2509 2349 2681 2406 super
2707 2349 2764 2391 se
2801 2333 3128 2390 discurrere
3162 2337 3218 2388 et
3242 2346 3302 2388 se
3331 2331 3701 2388 vehementer
3724 2347 3832 2402 op—

2178 2426 2441 2497 primere.
2501 2425 2622 2495 Qua
2655 2425 2935 2480 horrenda
2971 2422 3194 2479 visione
3239 2421 3534 2490 exterrita,
3585 2427 3648 2476 et
3689 2435 3832 2490 pene

2175 2529 2370 2572 amens
2400 2514 2614 2585 effecta,
2666 2514 2857 2570 eadem
2901 2513 3040 2569 hora
3072 2526 3238 2568 usum
3291 2511 3565 2582 loquendi
3607 2510 3827 2566 amisit.

2174 2604 2312 2660 Cum
2354 2618 2484 2660 vero
2535 2609 2662 2675 post
2705 2603 2882 2658 trium
2937 2601 3384 2672 septimanarum
3419 2599 3711 2655 circulum
3759 2601 3829 2655 ad

2178 2693 2463 2750 tumulum
2491 2694 2676 2750 sancti
2707 2706 2739 2748 a
2771 2692 2895 2749 suis
2919 2692 3161 2747 deducta
3188 2689 3412 2760 fuisset,
3443 2704 3574 2744 mox
3605 2689 3664 2744 in
3699 2689 3834 2744 lau-

2176 2787 2276 2842 des
2299 2783 2514 2838 Christi
2559 2789 2615 2837 et
2646 2781 2850 2838 famuli
2892 2780 2984 2837 sui
3028 2781 3263 2835 Martini
3309 2794 3372 2835 os
3397 2778 3651 2849 aperuit.
3678 2779 3832 2849 quod

2176 2873 2289 2930 sibi
2318 2873 2636 2928 dazmonum
2673 2870 2958 2926 terribilis
2981 2867 3194 2940 eﬂigies
3221 2868 3418 2924 divina
3451 2867 3836 2938 permissione

2174 2962 2550 3020 concluserat.
2587 2962 2698 3016 lloc
2723 2961 2931 3016 etenim
2963 2959 3290 3028 putavimus
3320 2956 3532 3014 factum
3567 2963 3631 3012 ut
3661 2969 3836 3026 opera

2093 3067 2142 3133 ο
2173 3053 2273 3108 Dei
2304 3067 2401 3123 per
2422 3051 2648 3107 beatum
2675 3049 2985 3106 Martinum
3018 3048 3075 3104 in
3102 3061 3164 3103 ea
3192 3045 3719 3103 manifestarentur.

2244 3161 2430 3216 XLVI.
2475 3160 2629 3214 Duas
2655 3170 2882 3229 quoque
2909 3155 3149 3226 puellas,
3188 3169 3429 3226 quarum
3459 3154 3732 3226 Legardis
3760 3153 3837 3208 de

2175 3250 2300 3305 vico
2332 3248 2428 3305 cui
2480 3261 2679 3304 nomen
2728 3246 3097 3316 Espeniacus,
3149 3244 3330 3300 altera
3371 3259 3504 3299 vero
3532 3245 3604 3299 de
3637 3248 3832 3299 castro

2177 3338 2324 3410 quod
2368 3335 2708 3394 Vilencastri
2737 3341 3091 3404 nuncupant,
3127 3333 3225 3389 ille
3256 3333 3356 3404 qui
3399 3334 3528 3388 bene
3545 3334 3732 3387 omnia
3755 3335 3839 3398 fc-

2175 3432 2266 3491 σιτ,
2315 3440 2426 3482 una
2453 3426 2759 3495 eademque
2810 3423 2905 3479 die
2939 3422 3145 3479 surdas
3176 3423 3390 3493 pariter
3437 3429 3492 3477 et
3523 3429 3716 3478 mutas
3759 3421 3833 3475 ad

2177 3517 2450 3572 honorem
2483 3513 2684 3570 famuli
2727 3513 2818 3570 sui
2862 3515 2991 3580 fecit
3021 3513 3216 3567 audire
3243 3517 3295 3567 et
3321 3513 3471 3581 loqui
3501 3510 3696 3581 (Marc.
3723 3525 3834 3581 v11,

2177 3603 2286 3670 37).
2317 3604 2560 3661 Proinde
2592 3607 2833 3674 quantas
2866 3602 2946 3656 ibi
2979 3601 3228 3672 populus
3255 3603 3325 3657 de
3353 3601 3602 3658 diversis
3635 3602 3839 3673 regiov

2180 3695 2353 3750 nibus
2399 3695 2467 3750 ad
2500 3692 2828 3749 memoriam
2855 3692 3038 3748 sancti
3089 3689 3434 3748 confessoris
3487 3697 3840 3762 aggregatus

2176 3782 2428 3838 Creatori
2457 3781 2679 3836 laudem
2711 3779 3002 3850 persolvit,
3050 3779 3249 3835 nullus
3295 3779 3580 3835 narrando
3637 3778 3837 3848 expli—

2177 3883 2306 3926 care
2346 3869 2554 3940 poterit
2585 3868 2934 3924 mortalium.

2247 3977 2455 4033 XLVll.
2489 3977 2624 4031 Item
2667 3975 2791 4044 ipso
2819 3974 2914 4030 die
2949 3988 3185 4044 puerum
3213 3975 3535 4044 quemdam,
3584 3973 3842 4030 Guiller-

2177 4081 2329 4124 mum
2363 4072 2772 4136 nuncupatum,
2812 4065 2883 4120 de
2925 4070 3112 4121 castro
3143 4063 3292 4135 quod
3348 4063 3705 4119 Prulliacum
3745 4079 3838 4120 vo-

2174 4162 2326 4225 cant,
2364 4155 2458 4211 cui
2501 4159 2681 4210 totum
2720 4159 2942 4225 tergum
2989 4152 3199 4224 gibbus
3242 4150 3520 4209 deformis
3563 4151 3623 4208 in
3666 4152 3840 4222 spina

2175 4257 2540 4300 succrescens
2611 4241 2988 4312 opprimebat,
3040 4241 3318 4297 Dominus
3376 4241 3841 4298 misericorditer

2175 4333 2410 4388 visitare
2440 4332 2714 4404 dignatus
2739 4335 2843 4386 est.
2878 4330 3017 4385 Cum
3043 4330 3198 4385 enim
3226 4329 3298 4385 ab
3331 4335 3492 4385 utero
3521 4331 3735 4386 matris
3757 4344 3842 4385 es-

417 4439 530 4494 mis
551 4417 830 4508 oratione,
857 4438 1231 4510 exhibitaque
1252 4417 1584 4492 solemniter
1603 4435 1914 4508 oblatione,
1937 4417 2062 4494 laeta

2181 4428 2262 4477 set
2285 4427 2442 4477 totus
2471 4435 2702 4488 curvus,
2746 4418 2974 4475 sublato
3015 4417 3188 4490 gibbo
3227 4424 3581 4474 venustatem
3635 4418 3837 4475 formae

415 4533 473 4582 et
497 4527 805 4584 incolumis
834 4527 902 4581 ad
935 4540 1040 4582 sua
1071 4525 1325 4581 recessit.

485 4616 626 4670 XLI.
683 4617 818 4670 Erat
856 4615 1241 4670 nihilominus
1263 4613 1489 4669 Osanna
1522 4613 1580 4669 in
1629 4614 1879 4671 confinio
1915 4615 2064 4686 Cay-

415 4703 587 4758 nonis
630 4703 827 4772 castri,
863 4717 988 4772 qua:
1013 4703 1293 4759 diuturna
1338 4703 1519 4759 totius
1547 4704 1807 4773 corporis
1835 4704 2062 4761 incom—

417 4791 689 4846 moditate
720 4790 1031 4846 laborabat.
1060 4791 1175 4846 Sed
1200 4797 1255 4846 et
1281 4791 1404 4862 ipsa
1444 4797 1730 4849 tantarum
1778 4793 2059 4850 virtutum

414 4879 613 4934 audita
660 4878 934 4949 potentia,
979 4893 1110 4935 cum
1153 4880 1222 4935 ad
1258 4882 1586 4938 memoriam
1641 4883 1823 4938 sancti
1877 4883 2062 4955 gratia

413 4968 814 5036 recuperanda:
837 4968 1252 5026 incolumitatis
1275 4969 1516 5040 pedibus
1532 4970 1756 5027 suisire
1778 4973 2060 5042 nequiret,

412 5055 740 5112 vehiculum
767 5057 878 5112 sibi
907 5059 1212 5128 praaparari
1235 5057 1388 5115 fecit.
1419 5060 1578 5128 Quod
1602 5074 1731 5116 cum
1761 5063 2064 5118 ascendere

413 5144 708 5216 voluisset,
765 5146 957 5201 eadem
1013 5147 1151 5203 hora
1197 5147 1409 5202 divinae
1446 5147 1683 5203 virtutis
1725 5150 1905 5205 sensit
1947 5151 2060 5205 sibi

415 5234 614 5290 adesse
640 5233 974 5290 remedium.
1007 5235 1264 5305 Denique
1305 5235 1502 5290 rellcto
1543 5236 1830 5307 vehiculo,
1865 5252 2062 5309 gressu

414 5321 641 5378 concito
666 5321 734 5376 ad
769 5320 1095 5390 sepulcrum
1127 5321 1275 5376 beati
1306 5321 1538 5376 Martini
1584 5322 1904 5380 laetabunda
1930 5340 2061 5381 cum

414 5410 810 5468 oblationibus
847 5410 1039 5466 venire
1071 5423 1180 5466 non
1207 5409 1461 5479 distulit,
1505 5413 1923 5484 sanitatemque
1956 5429 2062 5472 me-

415 5500 549 5556 ritis
565 5499 748 5557 sancti
769 5499 1055 5555 antistitis
1076 5499 1189 5554 sibi
1209 5498 1495 5555 divinitus
1519 5501 1826 5571 praestitam
1851 5505 2060 5574 pepulo

415 5588 814 5646 circumstanti
841 5602 908 5644 ex
937 5588 1142 5645 ordine
1168 5587 1385 5644 retulit.

2177 4525 2344 4581 quam
2377 4509 2491 4565 sibi
2527 4515 2730 4564 natura
2760 4514 3078 4581 negaverat,
3126 4523 3223 4577 per
3249 4507 3475 4564 beatum
3517 4509 3836 4564 Martinam

2175 4598 2481 4655 innovatus
2537 4602 2592 4653 et
2621 4603 2863 4668 erectus,
2913 4597 3080 4653 flente
3131 4611 3243 4666 pra:
3275 4597 3509 4668 glaudio
3567 4596 3732 4668 plebe
3779 4605 3834 4652 et

2171 4687 2387 4760 gratias
2415 4691 2635 4760 agente,
2670 4685 2778 4742 sub
2808 4691 3091 4742 momento
3120 4686 3351 4756 recepit.

2241 4793 2478 4849 XLVIII.
2506 4794 2645 4848 Item
2667 4790 2931 4862 sequenti
2962 4791 3059 4846 die
3091 4791 3301 4861 puella,
3329 4792 3561 4847 nomine
3589 4793 3829 4860 Joanna,

2171 4883 2242 4940 de
2264 4883 2390 4939 vico
2416 4881 2516 4954 qui
2537 4881 2921 4936 Crevanturus
2945 4879 3183 4945 dicitur,
3213 4879 3514 4936 debilitate
3543 4882 3829 4938 contracti

2173 4973 2434 5044 corporis
2478 4971 2712 5027 biennio
2764 4971 3054 5041 damnata,
3106 4969 3421 5039 palmarum
3475 4977 3531 5026 et
3579 4985 3828 5043 genuum

2174 5061 2420 5119 ofﬁcium
2465 5065 2658 5117 coacta
2697 5064 2941 5114 verterat
2969 5059 3027 5113 in
3079 5071 3244 5114 usum
3279 5058 3507 5128 pedum.
3539 5062 3672 5116 Mox
3704 5074 3833 5116 vero

2176 5156 2239 5208 ut
2263 5151 2561 5206 ecclesiam
2591 5148 2738 5204 beati
2787 5147 3019 5204 Martini
3053 5161 3196 5217 puro
3224 5148 3393 5204 corde
3414 5154 3471 5204 et
3504 5156 3696 5205 mente
3723 5164 3829 5205 non

2176 5241 2301 5296 ficta
2350 5240 2606 5311 ingressa
2663 5243 2768 5304 est,
2814 5237 2874 5291 in
2925 5236 3112 5292 medio
3156 5236 3337 5292 turbze
3392 5237 3834 5293 circumstantis

2174 5334 2400 5399 repente
2441 5327 2712 5383 sanitatis
2757 5327 2860 5382 diu
2912 5331 3118 5396 optate
3173 5338 3405 5380 munere
3452 5339 3552 5394 per
3600 5325 3833 5382 beatum

2172 5417 2478 5474 Martinum
2534 5416 2818 5472 laatiiicata
2857 5421 2962 5471 est.

2244 5507 2436 5561 XLIX.
2471 5508 2605 5560 Item
2649 5505 2772 5575 ipso
2811 5505 2907 5560 die
2950 5504 3186 5575 quidam
3221 5517 3379 5574 puer,
3425 5504 3664 5559 nomine
3692 5505 3833 5559 Ber-

2175 5595 2407 5665 nardus,
2469 5595 2540 5650 de
2593 5599 2782 5652 castro
2829 5594 3214 5663 Montesauro,
3265 5593 3546 5650 decennio
3594 5600 3834 5650 vexatus
