4076 6154
251 271 396 330 4049

1239 270 1542 327 HEBERNI
1576 268 1830 326 TURON.
1872 269 1963 327 DE
1999 269 2234 328 MIRAC.
2271 271 2328 327 B.
2370 273 2680 330 MARTINI.

3531 268 3670 331 1050

247 410 438 466 parem
478 396 667 453 divini
707 397 965 455 muneris
1002 368 1246 470 gratiam
1280 410 1341 454 se
1376 395 1656 468 recepisse
1696 398 1902 468 gratu—
1929 397 1986 456 A
2019 394 2138 452 bita
2179 397 2437 454 oratione
2478 398 2654 456 simul
2693 403 2749 456 et
2789 400 3099 471 oblatione,
3147 401 3413 472 protinus
3456 400 3668 471 puella,

246 487 405 544 latus
444 492 549 543 est.

320 578 379 633 L.
399 578 510 632 Nec
537 577 642 632 hoc
675 576 1223 646 praetermittendum
1257 576 1526 632 existimo
1558 575 1708 647 quod
1735 573 1902 630 multi

245 666 520 724 ﬁdelibus
547 671 741 723 notum
768 680 890 722 esse
912 679 1024 722 non
1051 666 1276 722 dubito.
1301 666 1542 735 Quidam
1579 663 1904 720 infantulus

247 757 538 812 inﬁrmata
568 757 757 812 vesica
790 756 1119 812 calculosus
1154 762 1275 812 erat
1301 755 1552 812 effectus.
1593 754 1694 809 Hic
1719 769 1752 811 a
1779 766 1899 808 ma-

246 853 332 902 tre
353 860 457 902 sua
483 860 580 916 spe
610 846 933 903 obtinendae
960 845 1228 902 sanitatis
1259 846 1327 901 ad
1353 845 1536 901 sancti
1563 845 1674 899 viri
1704 842 1907 912 sepul—

244 950 406 991 crum
431 936 655 992 delatus
675 941 778 990 est.
803 935 1058 1006 Cumque
1079 939 1251 991 totam
1278 939 1496 990 noctem
1520 933 1679 989 illam
1705 931 1908 988 nimiis

246 1030 508 1080 arctatus
528 1024 831 1080 doloribus
849 1024 881 1080 d
895 1024 1114 1080 uxisset
1137 1024 1473 1091 insomnem,
1500 1022 1683 1078 solius
1706 1020 1908 1077 mortis

245 1115 554 1170 adventum
601 1113 1055 1183 praastolabatur.
1106 1114 1365 1183 Denique
1393 1111 1540 1168 facto
1586 1125 1748 1167 mane
1792 1111 1911 1166 im—

247 1203 432 1258 minet
467 1204 520 1259 ei
561 1209 801 1258 conatus
843 1202 1139 1272 ejicienda:
1184 1202 1384 1257 urinae.
1429 1202 1586 1269 Quod
1630 1205 1807 1257 mater
1845 1195 1910 1256 ut

246 1293 549 1362 comperit,
583 1291 776 1347 statim
803 1304 1029 1346 manum
1056 1290 1294 1362 virgulto
1323 1290 1545 1359 parvuli
1570 1291 1662 1346 sui
1687 1303 1909 1360 suppo-

249 1383 393 1452 suit,
447 1382 804 1451 ejectumque
852 1380 1037 1435 instar
1087 1379 1227 1435 fabae
1274 1379 1580 1450 calculum,
1637 1383 1907 1449 sequente

250 1471 442 1540 urina,
486 1469 811 1539 suspiciens
852 1468 1142 1538 planctum
1185 1469 1242 1523 in
1284 1468 1579 1541 gaudium,
1628 1468 1905 1538 lacrymas

248 1560 309 1616 in
343 1558 541 1615 laudes
565 1558 754 1629 vertit,
787 1562 843 1612 et
871 1557 1064 1613 eadem
1093 1556 1233 1613 hora
1263 1571 1391 1612 cum
1426 1556 1681 1613 rediviva
1712 1555 1905 1612 sobole

245 1649 318 1704 ad
363 1647 595 1718 propria
637 1646 926 1702 remeavit.

327 1739 406 1792 LI.
442 1736 804 1804 Interpositis
831 1740 1021 1792 autem
1056 1735 1256 1804 paucis
1282 1733 1489 1790 diebus
1521 1733 1712 1805 puella
1742 1747 1907 1805 quae—
1932 1742 1984 1803 Β

246 1827 400 1896 dam,
451 1825 834 1897 Vinargandis
882 1824 1131 1894 nomine,
1183 1824 1252 1880 de
1295 1823 1505 1894 oppido
1555 1823 1801 1894 quodam
1844 1823 1903 1878 in

247 1930 394 1987 pago
424 1914 771 1969 Bituricensi
807 1913 922 1970 sito
952 1913 1102 1984 quod
1150 1912 1507 1968 Paludellum
1548 1917 1799 1982 vocatur,
1833 1912 1904 1967 ab

249 2006 397 2075 ipsis
435 2003 741 2060 cunabulis
785 2001 1081 2058 oculorum
1123 2001 1249 2057 luce
1280 1999 1562 2072 fraudata,
1605 2007 1904 2072 postquam

248 2093 435 2150 sancti
463 2091 810 2147 confessoris
840 2091 1128 2147 tumulum
1156 2090 1405 2146 osculari
1436 2090 1667 2160 meruit,
1694 2089 1907 2160 depul—

249 2183 336 2239 sis
366 2180 657 2237 veteribus
696 2179 967 2251 tenebris,
1009 2193 1198 2235 coram
1239 2179 1508 2236 omnibus
1548 2179 1648 2249 qui
1683 2178 1764 2233 ibi
1796 2179 1906 2234 ad—

247 2275 433 2341 erant,
463 2269 686 2325 faVente
709 2269 842 2338 Deo,
871 2267 1261 2323 clarissimum
1283 2267 1390 2323 sub
1413 2273 1695 2323 momento
1716 2266 1901 2322 visum

247 2360 482 2430 recepit.

321 2451 430 2506 LII.
474 2447 690 2503 Deinde
730 2447 1065 2517 procedente
1103 2449 1354 2516 tempore
1391 2446 1506 2502 duo
1551 2444 1714 2516 pueri
1756 2458 1908 2516 quo—

251 2553 382 2596 rum
417 2551 569 2593 unus
587 2550 655 2591 ex
681 2536 892 2606 oppido
918 2534 1262 2590 Castellione
1292 2540 1640 2605 nuncupato,
1676 2535 1906 2590 nomine

250 2630 476 2696 Petrus,
511 2625 656 2681 alter
693 2638 823 2681 vero
861 2623 932 2679 de
965 2623 1156 2680 viculo
1190 2623 1284 2679 cui
1321 2636 1524 2679 nomen
1566 2627 1653 2679 est
1693 2623 1907 2679 Lucia—

250 2732 376 2787 cus,
412 2714 708 2772 territorio
738 2714 1109 2784 Bituricensi,
1136 2711 1491 2769 Guillermus
1515 2717 1571 2768 et
1601 2713 1722 2783 ipse
1749 2727 1909 2769 nun-

248 2812 516 2877 cupatus,
545 2803 710 2860 ambo
738 2803 1165 2859 immundorum
1197 2802 1509 2872 spirituum
1541 2800 1909 2858 infestatione

255 2894 622 2951 horribiliter
650 2893 859 2963 vexati,
891 2891 1164 2948 dentibus
1203 2891 1559 2947 vehementer
1588 2891 1910 2947 stridebant

250 2983 592 3053 semetipsos
632 2986 686 3038 et
730 2995 924 3038 omnes
967 2981 1081 3036 sibi
1128 2980 1580 3050 propinquantes
1622 2979 1910 3036 morsibus

249 3071 663 3128 dilacerabaut.
719 3070 1094 3142 Quamobrem
1145 3068 1386 3126 funibus
1436 3069 1681 3139 astricti,
1737 3083 1908 3125 sensu
1943 3071 1992 3134 C

251 3160 521 3217 funditus
561 3160 804 3231 perdito,
847 3160 914 3215 ad
960 3159 1145 3215 locum
1189 3158 1286 3214 ubi
1327 3159 1508 3214 sancti
1550 3159 1661 3213 viri
1700 3172 1910 3228 corpus
1963 3195 1968 3200 -

253 3251 573 3306 honoratur
601 3263 712 3305 non
742 3249 867 3304 sine
898 3261 1100 3320 magno
1133 3246 1324 3303 labore
1349 3247 1583 3303 adducti
1614 3252 1766 3303 sunt.
1797 3247 1907 3316 Qui

257 3353 358 3408 per
388 3339 612 3410 aliquot
638 3337 764 3393 dies
797 3336 1008 3392 ibidem
1049 3335 1406 3406 commorati,
1446 3335 1688 3391 Domino
1728 3336 1909 3390 mise—

256 3433 422 3497 rante
453 3433 508 3482 et
537 3426 701 3482 beato
732 3425 978 3480 Martino
1020 3423 1424 3496 intercedente,
1455 3438 1487 3480 a
1527 3425 1906 3496 malignorum

249 3517 570 3588 spirituum
613 3514 771 3570 rabie
811 3513 1064 3583 liberati,
1099 3527 1272 3569 sensu
1311 3513 1556 3583 reddito,
1592 3512 1910 3570 incolumes

248 3608 319 3663 ad
361 3604 590 3676 propria
631 3609 765 3659 sunt
806 3601 1036 3658 reversi.
1356 3592 1365 3602 '

325 3697 458 3751 LIII.
491 3694 654 3750 Circa
696 3693 844 3748 idem
875 3697 1102 3760 tempus
1129 3691 1244 3746 duo
1276 3689 1444 3764 fabri,
1491 3705 1732 3761 quorum
1765 3690 1910 3746 alter

246 3787 321 3842 de
351 3782 588 3839 castello
628 3780 982 3849 Busenciaci,
1021 3779 1303 3835 Robertus
1338 3786 1722 3850 nuncupatus,
1767 3780 1912 3835 alter

243 3876 318 3931 de
343 3872 574 3943 Argeio,
601 3868 918 3926 Gaufridus
943 3873 1212 3936 vocatus;
1258 3867 1516 3923 brachiis
1564 3869 1733 3940 longo
1761 3875 1913 3925 tem-

246 3977 388 4036 pore
419 3959 704 4031 arefactis,
745 3958 1012 4015 manibus
1051 3957 1384 4027 contractis,
1422 3957 1714 4014 diuturnae
1754 3959 1912 4014 otio-

244 4052 437 4120 sitati,
481 4063 594 4106 non
640 4047 980 4104 voluntariae
1021 4088 1034 4102 .
1072 4087 1085 4101 .
1125 4088 1137 4101 .
1177 4087 1189 4100 .
1228 4086 1240 4099 .
1277 4087 1289 4100 .
1335 4046 1430 4102 sed
1473 4046 1764 4102 vacabant.
1805 4046 1908 4102 Isti

247 4143 439 4213 igitur
479 4153 608 4195 cum
649 4135 917 4210 precibus
946 4142 1002 4194 et
1034 4136 1185 4192 votis
1213 4135 1284 4191 ad
1329 4135 1614 4192 tumulum
1658 4135 1912 4191 hominis

241 4229 350 4285 Dei
391 4227 712 4299 aliquantis
750 4225 1019 4283 noctibus
1054 4225 1336 4300 vigilatis,
1370 4229 1576 4296 optata:
1615 4238 1714 4294 per
1739 4224 1911 4280 bien—

245 4318 416 4373 nium
459 4317 695 4374 sanitati
729 4331 843 4373 una
881 4318 1190 4389 eademque
1223 4318 1363 4373 hora
1405 4315 1620 4386 pariter
1644 4319 1782 4371 sunt
1812 4328 1910 4370 re-

243 4406 470 4463 stituti.

321 4496 458 4551 LIV.
502 4497 614 4551 Nec
655 4495 761 4551 hoc
810 4495 1095 4551 silendum
1137 4499 1275 4565 puto
1309 4495 1457 4565 quod
1502 4494 1562 4549 in
1601 4498 1909 4562 conspectu

251 4583 574 4640 multorum
617 4582 830 4640 factum
863 4584 1000 4639 scio.
1035 4583 1181 4638 Filia
1211 4583 1510 4653 cujusdam
1552 4581 1818 4638 mulieris
1849 4581 1908 4642 ill

243 4672 541 4728 Turonica
569 4672 824 4742 civitate,
854 4670 1098 4727 febrium
1123 4672 1254 4742 igne
1276 4686 1547 4728 succensa
1577 4670 1906 4739 vexabatur,

245 4768 307 4819 et
330 4763 415 4817 ita
439 4762 737 4817 aestuantis
762 4760 1022 4832 corporis
1051 4761 1314 4818 accensio
1344 4761 1609 4832 puellulae
1632 4759 1912 4815 medullas

245 4865 582 4923 corpusque
629 4839 1061 4922 consumpserat
1105 4857 1169 4907 ut
1213 4851 1272 4907 in
1312 4865 1376 4906 ea
1413 4863 1541 4920 spes
1579 4850 1708 4905 vita
1751 4849 1910 4904 nulla

249 4944 595 5011 remaneret,
623 4941 718 4997 sed
746 4941 1145 5010 desperatione
1169 4939 1520 4998 conclamata
1557 4945 1906 5010 sequeretur.

246 5031 404 5102 Quid
427 5029 594 5099 plura
609 5029 636 5083 ?
652 5029 998 5086 Medicorum
1022 5031 1272 5086 remedia
1294 5030 1733 5094 subtrahuntur,
1755 5027 1914 5084 solus

248 5121 454 5176 luctus
485 5119 653 5174 matri
695 5124 1034 5175 reservatur.
1067 5120 1201 5189 Quae
1230 5119 1297 5174 ad
1333 5119 1556 5174 beatum
1600 5119 1786 5173 virum
1820 5122 1915 5172 to-

252 5218 370 5264 tam
419 5221 576 5278 spem
641 5215 974 5266 convertens
1029 5208 1182 5264 tollit
1238 5222 1449 5277 corpus
1497 5208 1614 5277 jam
1669 5205 1802 5276 fere,
1852 5210 1915 5262 ut

247 5297 540 5368 diximus,
587 5297 866 5353 exanime.
906 5298 1163 5368 Cumque
1199 5311 1232 5353 a
1272 5295 1475 5353 multis
1514 5297 1917 5353 admoneretur

251 5393 317 5444 ut
356 5386 626 5442 cadaveri
667 5386 951 5443 exstincto
995 5385 1351 5458 sepulturam
1402 5392 1759 5456 praeperaret,
1808 5385 1916 5441 fide

251 5477 424 5546 plena
467 5475 688 5533 sobolis
727 5489 846 5531 suae
881 5474 1143 5548 deferens
1187 5475 1434 5532 membra
1469 5481 1810 5546 praamortua
1845 5475 1914 5530 ad

252 5565 553 5632 tumulum
581 5565 696 5622 viri
719 5565 822 5622 Dei
849 5565 991 5623 flens
1009 5571 1066 5623 et
1084 5566 1308 5636 ejulans
1337 5564 1620 5632 accurrit;
1641 5564 1740 5622 ubi
1763 5563 1920 5620 exhi-

1941 4441 1995 4502 D

2018 487 2174 542 omni
2197 487 2393 544 dolore
2417 487 2682 562 effugato,
2717 488 2896 546 totius
2927 489 3380 546 incolumitatem
3411 489 3672 559 corporis

2016 573 2179 632 beato
2227 577 2513 632 mediante
2561 578 2808 634 Martino
2857 591 2917 635 se
2964 579 3244 648 recepisse
3284 579 3343 636 in
3389 582 3670 634 momento

2015 667 2208 738 gavisa
2245 673 2350 723 est.

2087 774 2190 829 LV.
2225 775 2360 830 Item
2399 776 2536 831 huic
2565 775 2758 832 simile
2788 790 2899 833 non
2929 775 3105 832 debeo
3137 775 3375 831 reticere
3411 776 3670 833 miracu—

2018 862 2158 918 lum.
2187 866 2314 934 Ipso
2337 865 2433 921 die
2461 866 2576 921 alia
2605 865 2813 922 mulier
2840 867 2989 936 apud
3023 867 3252 922 Pontem
3283 865 3415 922 Cari
3445 866 3675 938 lugebat

2019 953 2318 1022 parvulum
2346 955 2462 1024 jam
2495 955 2831 1011 imminente
2877 956 3080 1012 mortis
3110 955 3367 1026 periculo
3395 957 3671 1024 despera—

2018 1045 2159 1098 tum.
2209 1043 2464 1114 Cumque
2510 1048 2566 1100 et
2609 1043 2799 1100 infans
2851 1045 3028 1101 solam
3083 1058 3272 1100 necem
3321 1045 3572 1114 aperiret
3617 1049 3674 1100 et

2019 1135 2199 1187 mater
2222 1133 2291 1188 de
2321 1133 2615 1202 sepultura
2648 1134 2836 1204 ipsius
2859 1134 2974 1204 jam
3003 1134 3300 1206 c0gitaret,
3331 1134 3672 1190 admonetur

2019 1232 2050 1275 a
2071 1219 2340 1277 fidelibus
2369 1226 2650 1292 quatenus
2682 1221 3031 1279 infantulum
3057 1223 3334 1278 devovens
3357 1223 3426 1278 ad
3452 1236 3672 1278 memo—

2020 1309 2163 1364 riam
2207 1312 2390 1366 sancti
2431 1311 2543 1367 viri
2585 1311 2827 1368 afferret.
2875 1312 3032 1382 Quod
3075 1326 3203 1368 cum
3249 1310 3496 1380 fecisset,
3528 1325 3673 1381 pue—

2018 1398 2183 1455 rulus
2223 1401 2524 1456 sanitatem
2565 1402 2798 1472 recepit,
2829 1407 2886 1457 et
2911 1406 3089 1458 mater
3126 1415 3255 1457 cum
3287 1400 3478 1457 sobole
3505 1400 3671 1456 laeta—

2015 1487 2207 1544 bunda
2243 1489 2311 1544 ad
2349 1503 2451 1546 sua
2489 1491 2793 1559 repedavit.

2087 1597 2217 1652 LVI.
2246 1597 2423 1653 Multa
2454 1597 2685 1668 quidem
2715 1597 2994 1654 miracula
3027 1597 3520 1668 pratermittimus
3543 1612 3669 1669 qua:

2014 1686 2269 1742 vidimus
2309 1691 2366 1741 et
2403 1687 2752 1756 audivimus,
2793 1701 2860 1742 ne
2901 1687 3099 1743 lectori
3142 1686 3445 1743 fastidium
3487 1687 3672 1744 facere

2014 1775 2328 1831 videamur.
2362 1776 2522 1845 Quod
2553 1780 2740 1832 autem
2783 1776 3095 1833 scribimus
3132 1790 3320 1833 coram
3350 1778 3464 1833 Deo
3499 1778 3673 1833 testi-

2017 1865 2274 1931 ﬁcamur,
2319 1865 2467 1935 quod
2511 1865 2578 1920 ad
2622 1866 2804 1921 sancti
2849 1866 3042 1936 hujus,
3083 1867 3153 1921 de
3191 1880 3304 1936 quo
3352 1867 3667 1938 loquimur,

2016 1953 2394 2009 venerabilem
2438 1955 2789 2024 memoriam,
2832 1968 2944 2025 qua
2981 1969 3126 2025 saepe
3163 1955 3538 2012 imbecillium
3572 1969 3673 2012 sa-

1990 2050 2229 2103 .nantur
2259 2042 2626 2101 infirmitates
2653 2042 3058 2113 plurimorum.
3086 2043 3262 2099 Caenis
3286 2058 3472 2115 quppe
3493 2044 3671 2100 resti-

2017 2131 2204 2186 tuitur
2231 2131 2408 2201 visus,
2447 2131 2682 2203 illisque
2713 2132 2835 2202 ipse
2867 2133 3115 2188 mundus
3145 2136 3245 2188 aut
3269 2133 3440 2188 datur
3465 2147 3668 2204 novus,

2015 2225 2115 2277 aut
2142 2219 2404 2276 redditur
2431 2221 2707 2291 perditus.
2736 2221 2954 2278 Otiosis
2980 2222 3284 2278 surdorum
3307 2222 3550 2278 auribus
3571 2221 3673 2278 fu—

2016 2315 2146 2382 gata
2175 2310 2611 2367 insensualitate
2642 2311 2927 2368 tribuitur
2955 2311 3188 2382 proprio
3213 2324 3384 2367 sensu
3413 2311 3518 2368 uti.
3545 2313 3671 2367 Ma-

2018 2411 2130 2454 nus
2173 2400 2408 2469 pedesve
2460 2399 2656 2456 morbo
2704 2399 2994 2456 debilitati
3044 2403 3237 2471 optato
3283 2400 3673 2456 restituuntur

2016 2487 2224 2545 oﬁicio.
2270 2489 2628 2558 Reparantur
2676 2489 2998 2560 paralytici,
3050 2494 3394 2545 renovantur
3435 2489 3608 2557 aridi,
3641 2501 3673 2544 a

2017 2576 2375 2633 dmmonibus
2407 2577 2726 2634 liberantur
2751 2579 3139 2650 energumeni.
3172 2579 3276 2633 Sed
3310 2578 3449 2648 quid
3480 2591 3675 2632 mora-

2019 2679 2150 2721 mur
2173 2667 2231 2722 in
2263 2667 2516 2739 singulis
2535 2667 2563 2721 ‘2
2584 2669 2886 2723 Enumeret
2911 2668 3188 2723 sanitates
3211 2667 3306 2723 cui
3333 2671 3495 2721 vacat
3523 2679 3674 2722 enu-

2022 2769 2236 2811 merare
2270 2756 2649 2812 infirmitates.
2689 2756 2754 2810 Ut
2780 2756 2973 2812 omnia
3004 2755 3404 2826 compendiose
3427 2755 3676 2810 clauda—

2021 2857 2168 2909 mus,
2203 2845 2473 2915 quisquis
2506 2845 2706 2914 plenus
2739 2843 2846 2900 fide
2877 2845 2946 2900 ad
2972 2845 3098 2914 ejus
3129 2844 3415 2900 tumulum
3445 2845 3673 2900 incom—

2023 2933 2296 2989 moditate
2337 2933 2594 3004 qualibet
2622 2935 2864 2989 accessit
2895 2933 3153 2998 affectus,
3191 2947 3352 3004 opem
3381 2932 3668 3002 sanitatis,

2024 3034 2193 3092 quam
2222 3021 2394 3092 digne
2423 3026 2479 3077 et
2510 3021 2756 3077 fideliter
2792 3021 3029 3091 expetit,
3068 3021 3356 3077 divinitus
3393 3021 3668 3078 obtinuit.

2092 3129 2196 3184 Sed
2229 3133 2283 3183 et
2314 3141 2466 3184 nunc
2486 3127 2554 3183 ad
2584 3127 2994 3184 miraculorum
3027 3127 3269 3198 gratiam
3301 3133 3670 3185 revertamur-

2022 3218 2265 3274 Vodium
2295 3230 2496 3273 nomen
2522 3221 2609 3272 est
2634 3215 2834 3286 praedii
2867 3215 2964 3272 ubi
2983 3215 3208 3284 jacebat
3235 3221 3484 3286 aegrotus
3514 3219 3676 3290 Hugo

2025 3306 2373 3362 nominatus.
2421 3304 2524 3358 Hic
2566 3304 2760 3374 itaque
2801 3304 3000 3360 multis
3042 3303 3250 3360 diebus
3281 3308 3398 3360 toto
3438 3319 3676 3375 corpore

2019 3393 2382 3462 debilitatus,
2429 3392 2746 3461 saepissime
2777 3405 2808 3447 a
2843 3392 3188 3462 propinquis
3234 3393 3564 3449 admonitus
3605 3398 3669 3449 ut

2020 3481 2307 3539 auxilium
2331 3480 2481 3536 beati
2509 3480 2741 3536 Martini
2771 3494 2914 3550 puro
2944 3481 3111 3536 corde
3141 3479 3473 3550 imploraret
3503 3494 3677 3552 seque

2019 3571 2072 3626 ei
2100 3575 2215 3626 tota
2240 3569 2540 3626 devotione
2565 3568 2966 3625 committeret.
2995 3569 3247 3638 Quorum
3280 3568 3678 3641 suggestioni—

2019 3659 2128 3715 bus
2167 3659 2264 3714 ille
2297 3659 2414 3728 jam
2461 3657 2630 3713 morti
2674 3657 2972 3727 proximus
3013 3657 3403 3728 acquiescens,
3447 3667 3574 3709 mox
3616 3657 3679 3708 ut

2020 3749 2184 3805 beato
2225 3748 2348 3804 viro
2386 3748 2547 3803 firma
2579 3748 2688 3804 fide
2728 3762 2851 3804 sese
2888 3747 3134 3819 devovit,
3170 3746 3446 3818 paulatim
3480 3742 3677 3800 morbo

2023 3837 2318 3894 recedente
2346 3836 2522 3906 coepit
2559 3836 2961 3894 convalescens
2989 3836 3134 3891 lecto
3167 3835 3366 3891 relicto
3395 3831 3680 3889 deambu-

2023 3926 2160 3982 lare.
2203 3925 2474 3996 Sequenti
2509 3925 2606 3981 die
2633 3925 2972 3997 aggrediens
3003 3924 3112 3980 iter
3143 3929 3208 3980 ut
3236 3923 3305 3979 ad
3348 3919 3675 3977 memoriam

2022 4014 2205 4071 sancti
2237 4013 2347 4068 viri
2381 4013 2574 4068 venire
2606 4019 2872 4085 tentaret,
2905 4017 3117 4070 tantam
3152 4013 3212 4068 in
3245 4012 3367 4082 ipsa
3397 4010 3490 4065 via
3516 4007 3679 4064 divi-

2022 4103 2182 4158 nitus
2226 4101 2468 4172 adeptus
2508 4107 2595 4157 est
2632 4102 3016 4158 valetudinem
3059 4115 3124 4157 ac
3162 4101 3213 4157 si
3255 4099 3472 4155 nullam
3516 4096 3680 4168 prius

2022 4206 2224 4263 passus
2260 4189 2466 4247 fuisset
2501 4190 2922 4262 aagritudinem.

2091 4299 2245 4355 LVII.
2278 4299 2376 4354 Est
2398 4310 2582 4367 opera:
2610 4296 2854 4366 pretium
2876 4297 2946 4352 de
2976 4297 3165 4352 tribus
3197 4294 3529 4367 hydmpicis
3562 4305 3678 4347 rem

2021 4389 2330 4462 gloriosam
2349 4388 2637 4444 memoria:
2654 4388 2923 4444 thesauro
2940 4388 3353 4444 commendare.
3377 4385 3478 4440 Isti
3499 4383 3681 4453 siqui-

2020 4479 2146 4534 dem
2176 4479 2424 4535 diversis
2454 4479 2514 4534 in
2547 4478 2690 4535 locis
2720 4477 2916 4548 positi,
2948 4477 3142 4532 eodem
3188 4471 3678 4531 incommoditatis

2024 4581 2224 4640 genere
2269 4567 2507 4638 detenti,
2553 4567 2780 4623 cunctis
2829 4565 3140 4637 hydropico
3185 4564 3380 4621 morbo
3424 4561 3669 4618 artubus

2023 4654 2372 4725 tumefactis,
2419 4656 2818 4725 recuperanda:
2860 4655 3171 4726 aliquando
3211 4653 3479 4710 sanitatis
3517 4666 3673 4722 spem

2021 4745 2348 4801 amiserant.
2364 4744 2463 4798 'Ex
2490 4743 2707 4814 quibus
2737 4744 2957 4813 primus
2982 4749 3102 4800 erat
3139 4745 3208 4800 de
3235 4756 3376 4814 pago
3403 4743 3684 4798 Cenoma-

2025 4833 2212 4902 nensi,
2245 4847 2312 4888 ex
2338 4831 2550 4902 oppido
2571 4830 2880 4888 Malioorna
2913 4838 3259 4903 nuucupato.
3290 4832 3587 4888 Secundus
3611 4831 3682 4886 de

2025 4921 2324 4994 provincia
2376 4919 2791 4990 Andegavensi,
2841 4934 2910 4975 ex
2954 4921 3080 4977 vico
3123 4935 3289 4992 quem
3339 4920 3680 4992 Burgulium

2024 5017 2244 5069 vocant.
2282 5009 2511 5066 Tertius
2542 5009 2612 5063 de
2643 5007 2939 5064 territorio
2981 5009 3320 5080 Pictavensi,
3361 5010 3431 5065 de
3474 5009 3677 5080 burgo,

2008 5101 2124 5172 qui
2152 5099 2372 5156 dicitur
2411 5096 2823 5154 Estubiliacus.
2862 5099 2997 5154 Tres
3039 5099 3221 5171 igitur
3253 5098 3351 5155 isti
3401 5098 3522 5169 pari
3557 5099 3680 5153 loco

2025 5188 2328 5246 salvatoris
2351 5187 2711 5243 clementiam
2735 5194 2797 5243 ut
2819 5187 2932 5243 sibi
2957 5188 3258 5244 sanitatem
3283 5188 3506 5244 meritis
3529 5184 3679 5240 beati

2026 5277 2256 5333 Martini
2275 5276 2822 5349 indulgeretjugiter
2839 5276 3181 5348 ﬂagitantes,
3195 5276 3442 5333 diversis
3457 5273 3680 5343 provin-

2028 5367 2158 5437 ciis,
2193 5367 2346 5423 sicut
2376 5379 2548 5436 supra
2579 5366 2919 5437 taxavimus,
2951 5366 3276 5435 constituti,
3313 5363 3468 5433 paris
3493 5359 3677 5431 spiri-

2029 5455 2207 5512 tualis
2251 5456 2547 5512 medicina
2590 5456 2831 5528 gratiam
2875 5455 3165 5512 consecuti
3209 5458 3363 5508 sunt.

2101 5564 2280 5620 LVIII.
2324 5563 2532 5620 Eodem
2582 5562 2972 5621 nihilominus
3011 5561 3107 5616 die
3145 5557 3353 5615 mulier
3392 5555 3674 5626 quaedam,
