4068 6178
375 276 508 338 4051

970 281 1260 340 ΑΡΡΕΝΙ).
1297 284 1389 340 AD
1427 284 1588 341 SEO.
1635 286 1729 341 IX.
1765 317 1832 326 —
1861 286 2037 345 SUPP.

2146 287 2189 343 ί.
2233 284 2324 342 ΑΙ)
2362 284 2556 342 AUCT.
2599 283 2962 341 CERTIORIS
2997 282 3185 340 ΑΝΝΙ.

3652 280 3794 340 4052

376 405 553 462 Maria
585 407 832 478 nomine,
861 407 932 465 ab
963 409 1154 466 eadem
1185 423 1298 483 qua
1322 417 1377 467 et
1398 415 1511 467 tres
1538 410 1756 482 praefati
1779 410 1889 468 viri
1919 410 2018 465 in—
2049 410 2109 472 A
2206 411 2318 467 LX.
2353 410 2710 468 Guillermus
2739 423 2967 481 quoque
3008 407 3280 480 parvulus
3312 421 3454 479 puer
3481 421 3550 464 ex
3578 406 3796 478 oppido

375 496 777 552 commoditate
815 497 1053 554 liberata
1085 505 1188 554 est.

447 585 586 640 LIX.
617 586 782 643 Circa
815 587 960 643 idem
982 592 1208 658 tempus
1235 588 1350 644 alia
1377 587 1607 659 femina,
1633 589 1740 645 Nia
1767 589 2018 659 nomine,

374 671 445 728 de
501 680 688 730 castro
744 677 907 746 Loca,
964 683 1139 748 muta,
1191 678 1365 733 surda
1414 682 1468 733 et
1520 692 1685 748 caeca,
1739 679 2023 734 mediante

375 767 591 825 sancto,
621 762 728 820 sub
759 777 872 820 uno
900 771 1181 821 momento
1205 766 1413 837 visum,
1441 767 1705 824 auditum
1726 771 1782 823 et
1809 767 2022 840 linguae

375 849 622 907 oﬂicium
653 852 939 909 divinitus
968 855 1201 923 recepit.

2133 500 2228 556 cui
2292 513 2494 556 nomen
2555 504 2640 555 est
2694 501 3062 555 Montaureus
3129 498 3436 568 oriundus,
3491 509 3629 552 cum
3680 496 3797 565 jam

2135 589 2564 660 praevalescente
2594 588 2788 645 morbo
2817 588 2984 644 morti
3016 592 3164 644 esset
3188 587 3422 643 deditus
3451 590 3507 641 et
3534 585 3796 653 vicinus,

2133 684 2312 734 mater
2347 692 2476 735 eum
2509 678 2840 734 morientem
2887 677 3072 733 ﬁlium
3111 676 3336 732 meritis
3365 675 3519 731 beati
3558 675 3797 730 Martini

2132 773 2251 825 tota
2290 767 2591 824 devotione
2638 767 2946 823 commisit.
2999 767 3160 837 Quod
3206 779 3337 821 cum
3382 763 3641 835 fecisset,
3698 764 3800 834 qui

2133 857 2290 913 necis
2305 855 2360 912 fa
2372 856 2706 927 ucibusjam
2725 854 3041 922 tenebatur,
3061 854 3256 910 statim
3276 854 3407 908 vitae
3424 853 3797 908 donatusest-

1594 1186 1774 1230 ANNO
1827 1185 2060 1230 DOMINI
2118 1184 2554 1230 DCCCLXXXIX.

1466 1342 2455 1460 LUIDBEBT
2475 1341 2704 1461 US

1007 1557 2042 1665 ARCHIEPISCOPUS
2117 1553 3152 1665 MOGUN'FINENSIS.

1869 1748 2286 1761 __—_

1629 1862 1973 1932 NOTITIA

2047 1861 2498 1934 HISTORICA
2513 1905 2534 1928 .

1341 2020 1360 2084 (
1381 2020 1520 2073 Gell.
1559 2020 1754 2073 Christ.
1794 2025 1926 2084 vet.,
1958 2025 2091 2072 tom.
2128 2021 2174 2072 Ι.
2211 2021 2264 2071 in
2295 2019 2529 2083 archiep.
2570 2017 2844 2082 Mogunt.)

1872 2161 2286 2176 -———

454 2291 820 2362 Luidbertus,
866 2304 1163 2348 successor
1202 2289 1413 2356 Caroli,
1445 2291 1514 2362 ad
1545 2303 1637 2345 an.
1667 2287 1794 2360 863,
1821 2290 1892 2346 de
1917 2302 2032 2362 quo
2067 2291 2120 2351 B
2143 2285 2314 2362 regis,
2334 2284 2734 2362 etdisciplinag
2751 2246 3168 2362 Ecclesiastica:
3189 2287 3419 2362 propter
3441 2283 3807 2362 incursiones

383 2365 633 2423 Annales
681 2363 1008 2419 Fuldenses.
1060 2365 1404 2419 Memoratur
1454 2361 1513 2417 in
1563 2362 1812 2418 concilio
1858 2361 2036 2418 Sues-

386 2435 641 2495 sionensi
674 2449 760 2503 ul,
791 2448 884 2489 an.
917 2432 1042 2504 866,
1075 2435 1244 2503 cujus
1274 2433 1546 2504 praesules
1578 2433 1636 2488 in
1663 2433 1905 2502 epistola
1935 2449 2037 2503 sy—

387 2508 590 2565 nodica
648 2507 718 2561 ad
772 2503 1070 2561 Nicolaum
1127 2503 1323 2574 papam
1380 2504 1594 2574 scripta
1648 2503 2034 2574 gratulantur,

389 2578 536 2662 quod
561 2576 749 2658 ipsius
770 2575 1040 2657 beneﬁcia
1068 2589 1299 2660 munere
1319 2576 1564 2631 donatus
1578 2581 1670 2658 est
1691 2575 1866 2656 pallio
1891 2589 2039 2658 pon-

388 2647 610 2716 tlﬁcall,
643 2653 699 2702 et
719 2645 790 2701 ob
815 2651 1142 2702 sanctitatls
1161 2660 1287 2716 ejus
1318 2650 1713 2715 reverentiam,
1740 2652 2038 2715 saplentlae

385 2687 876 2788 Ξῖἰῖὖῖἱίἷιᾶἷηὶωῗ
900 2687 1453 2772 ίῖιὶὲῖνὲῖιιῦᾙιῗοιί
1491 2717 1645 2771 Calvi
1690 2687 2039 2788 ἕειςίὲξίἰῶ

387 2791 602 2862 synodo
638 2788 1108 2862 eumuaggregari
1146 2788 1545 2862 expetierunt._
1561 2788 1884 2862 Conventui
1917 2790 2040 2862 Me-

389 2857 559 2929 ténsi,
591 2873 684 2915 an.
715 2857 840 2929 868,
856 2857 1023 2928 apud
1066 2864 1324 2914 sanctum
1367 2857 1694 2923 Arnulfum,
1729 2865 1784 2914 et
1817 2859 2039 2929 Aquis-

389 2927 573 3008 grani',
596 2943 687 3008 ap.
715 2927 840 3008 870,
871 2927 1432 3008 inconventionibus
1455 2929 1820 3008 b‘abitiscu-m
1844 2927 2040 3008 liudo:

388 3000 513 3064 vico
537 3009 593 3059 et
612 3001 811 3058 Carolo
834 3000 1085 3071 regibus,
1115 3006 1180 3057 ut
1206 3002 1441 3057 tradunt
1466 3001 1820 3070 Capitularia
1850 3001 2034 3056 Caroli

388 3017 513 3064 vico
537 3017 593 3059 et
612 3017 811 3058 uarow
834 3017 1085 3127 regibus,
1115 3017 1180 3057 ut
1206 3017 1441 3057 tradunt
1466 3017 1820 3070 uapltularla
1850 3017 2034 3056 uarou

386 3075 564 3137 Calvi,
612 3086 828 3129 necnon
877 3139 901 3141 ἡ
927 3072 1236 3129 edicationi
1297 3072 1629 3141 metropolis
1678 3072 2040 3129 Coloniensis

391 3144 656 3208 interfuit
697 3158 790 3199 an.
831 3139 957 3199 873.
999 3143 1114 3200 Sub
1153 3145 1278 3214 ejus
1322 3139 1679 3214 pontiﬁcatu,
1725 3143 2038 3214 concilium

388 3215 848 3292 Moguntiacense
887 3229 976 3285 Ili,
1012 3213 1390 3288 congregatur
1419 3216 1717 3271 occasione
1749 3213 2036 3285 Arnulphi

2143 2354 2597 2414 Normannorum
2646 2354 3017 2412 reformandae
3060 2356 3263 2414 gratia.
3301 2355 3591 2411 Fundavit
3627 2355 3809 2410 colle-

2145 2431 2355 2502 giatam
2385 2427 2955 2502 Sanctihiauritiiju
2989 2427 3129 2483 urbe
3155 2445 3170 2496 ;
3198 2427 3267 2502 ad
3300 2439 3429 2502 eum
3455 2439 3595 2482 vero
3619 2432 3806 2502 exstat

2145 2497 2389 2572 épistola
2423 2498 2637 2572 Otfridi
2655 2497 2962 2572 monachi,
2992 2513 3119 2572 qua:
3147 2497 3215 2572 ad
3243 2498 3456 2572 calcem
3483 2499 3808 2572 Opusculo-j

2147 2569 2273 2630 rum
2317 2569 2983 2642 Hincmarimlegiturzet
3018 2569 3254 2642 Joannis
3295 2570 3412 2642 Vill
3450 2581 3608 2642 papae
3654 2569 3806 2642 apud

2148 2646 2370 2700 Ivonem
2423 2655 2545 2710 cap.
2601 2637 2983 2696 5L'Demum
3041 2655 3110 2697 ex
3178 2639 3281 2712 hac
3346 2637 3474 2696 luce
3526 2637 3809 2712 migravit

2146 2728 2235 2769 an.
2269 2712 2394 2782 889,
2431 2712 2732 2781 depositus
2769 2712 2838 2768 ad
2879 2717 3139 2782 sanctum
3179 2711 3480 2766 Albanum.
3528 2711 3703 2767 Plura
3733 2712 3808 2766 de

2150 2785 2252 2840 illo
2293 2781 2604 2839 memorant
2641 2783 2878 2854 Regino,
2922 2781 3072 2838 Otho
3113 2783 3522 2854 Frisingensis,
3569 2783 3814 2838 Trithe—

2148 2825 3136 2925 ἤι’ίῖιέῖἷιὲῐῖιιᾘίιῖοἱᾶἲῗὶἑέυείὲἱιέίζ
3150 2825 3810 2910 λ’ξὲιῖῧϊῖἑἌηῖιὲιὶῖἷιῖιι

2145 2927 2413 2983 Boiorum
2437 2925 2539 2980 lib.
2571 2939 2648 2996 ιν,
2674 2925 2958 2992 Serarius,
2981 2931 3039 2981 et
3056 2926 3261 2981 Annal.
3289 2926 3642 2982 Francorum
3665 2925 3815 2981 Ful-

2145 2997 2410 3055 densium
2458 2997 2724 3066 scriptor,
2783 2996 2884 3067 qui
2929 3010 3056 3054 eum
3106 2996 3354 3053 nobilem
3405 2997 3813 3068 archiepisco-

2150 3084 2320 3196 pulllu,l
2357 3068 2639 3140 probitate
2692 3081 2914 3125 morum
2972 3069 3256 3141 insignem
3308 3073 3365 3124 et
3408 3069 3648 3126 doctum
3699 3082 3814 3140 ap-

2150 3154 2216 3196 ne
2265 3155 2296 3196 a
2326 3180 2339 3194 .

2149 3147 2339 3212 pellat.

679 3539 1332 3657 LUIDBERTI
1417 3539 1979 3658 EPISTOLA
2054 3539 2210 3656 AD
2289 3538 2974 3658 LUDOVICUM
3070 3537 3515 3658 REGEM.

1572 3753 1869 3811 (Biblioth.
1901 3755 2041 3803 Patr.
2077 3768 2232 3815 mam,
2267 3757 2398 3805 tom.
2438 3756 2616 3821 XVI.)

1871 3906 2283 3918 ————-—-

461 4032 703 4088 Domino
746 4031 1031 4104 piissimo,
1077 4038 1133 4088 et
1172 4033 1590 4105 amantissimo,
1629 4039 1802 4104 atque
1836 4033 1896 4088 in
1934 4033 2042 4090 ﬁde
2070 4031 2119 4094 C
2149 4040 2205 4090 et
2236 4034 2616 4106 plangendum
2649 4035 2752 4108 est)
2783 4035 2885 4108 qui
2915 4035 3091 4092 duces
3119 4041 3174 4091 et
3199 4039 3447 4091 rectores
3479 4033 3682 4104 populi
3709 4033 3810 4087 Dei

391 4121 674 4176 catholica
721 4121 1146 4186 ﬂorentissimo,
1196 4123 1314 4194 regi
1353 4125 1652 4194 Lunowco,
1697 4125 2042 4178 LUlDBERTUS

389 4209 881 4281 archiepiscopus,
905 4217 1111 4268 sancta:
1127 4212 1226 4268 Dei
1244 4212 1510 4268 Ecclesia:
1527 4211 1886 4281 vernaculus,
1908 4224 2042 4280 prae-

391 4305 606 4355 sentem
636 4305 691 4356 et
723 4305 1048 4370 perpetuam
1085 4301 1144 4357 in
1174 4303 1415 4359 Domino
1454 4301 1716 4357 salutem.

461 4390 703 4445 Tacendi
736 4390 819 4445 vel
851 4389 1209 4446 deliberandi
1250 4389 1516 4445 inducias
1560 4402 1671 4444 non
1704 4387 1902 4458 habeo,
1936 4400 2043 4443 ne-

393 4492 502 4546 que
531 4479 684 4534 enim
716 4479 888 4534 silere
918 4493 1004 4535 me
1034 4493 1207 4535 causa
1240 4478 1542 4548 permittit,
1575 4491 1744 4548 quam
1772 4477 1820 4532 si
1855 4477 2042 4532 relin-

393 4580 526 4636 quo,
549 4568 698 4636 apud
721 4567 1026 4622 Dominum
1051 4571 1309 4623 nostrum
1327 4567 1516 4622 Jesum
1535 4566 1849 4635 Christum,
1873 4566 2042 4636 cujus

397 4652 650 4724 interest,
688 4655 1102 4712 inexcusabilis
1130 4668 1248 4724 ero,
1279 4661 1335 4710 et
1360 4654 1523 4711 vobis
1555 4655 1891 4736 promissam
1925 4654 2042 4710 hu—

396 4743 649 4798 manitus
679 4745 844 4799 ﬁdem
876 4750 1180 4800 temerasse
1208 4745 1533 4816 convincor,
1563 4745 1662 4816 qui
1697 4745 1754 4800 in
1787 4744 2036 4814 specula,

395 4846 506 4902 qua
536 4833 888 4889 constitutus
917 4847 1043 4888 sum
1072 4833 1272 4890 videns
1305 4835 1622 4904 periculum
1653 4833 1815 4890 vobis
1840 4831 2044 4887 immi-

397 4934 554 4990 nens,
578 4921 865 4978 desidiosa
889 4921 974 4977 vel
999 4921 1217 4978 inﬁdeli
1242 4922 1636 4979 taciturnitate
1655 4921 2037 4992 dissimulem,

393 5014 450 5064 et
482 5009 748 5065 Ecclesiaa
794 5009 914 5074 Dei,
947 5013 1115 5081 cujus
1144 5011 1421 5082 indignus
1457 5025 1653 5067 curam
1701 5008 2036 5081 pastoralem

393 5112 458 5154 ac
487 5098 939 5155 sollicitudinem
969 5101 1193 5170 suscepi
1223 5101 1516 5172 negligens
1538 5100 1790 5171 effectus,
1821 5111 2042 5154 merce—

395 5187 596 5244 narius
645 5187 839 5258 potius
879 5202 1001 5244 esse
1041 5188 1253 5257 videar,
1295 5201 1462 5259 quam
1514 5193 1722 5258 pastor.
1771 5187 2041 5257 Quatitur

394 5291 637 5350 namque
662 5278 911 5350 graviter
939 5282 995 5334 et
1019 5278 1426 5334 dehonestatur
1452 5277 1732 5347 primatus
1755 5282 1811 5332 et
1839 5277 2038 5348 digni-

2149 4136 2271 4178 esse
2298 4122 2638 4193 debuerunt,
2682 4123 2920 4194 injuriis
2957 4123 3270 4194 appetitur,
3305 4123 3552 4178 humana
3588 4121 3814 4176 divinis

2151 4211 2416 4282 praeferre
2459 4213 2806 4269 conantibus
2849 4218 2954 4285 ;et
2994 4227 3220 4270 necesse
3261 4217 3348 4269 est
3393 4211 3650 4267 dolorem
3706 4210 3810 4280 qui

2148 4305 2372 4356 constat
2412 4301 2471 4356 in
2515 4303 2720 4371 capite,
2768 4302 2882 4358 nisi
2928 4302 3180 4358 salubris
3217 4307 3272 4358 et
3311 4301 3472 4357 velox
3517 4299 3810 4355 medicina

2151 4394 2469 4461 succurrat,
2527 4390 2804 4460 paulatim
2855 4406 2954 4461 per
2995 4390 3245 4446 membra
3295 4389 3569 4446 diﬁ'uudi.
3621 4388 3813 4460 Igitur

2150 4479 2412 4548 quamvis
2473 4479 2724 4535 noverim
2797 4481 3159 4550 prudentiam
3220 4484 3465 4535 vestram
3533 4477 3810 4533 humanis

2149 4565 2643 4622 admonitionibus
2684 4581 2796 4623 non
2839 4582 3021 4640 egere,
3069 4581 3194 4639 quze
3238 4566 3694 4622 sincerissimam
3737 4566 3811 4621 de

2151 4653 2334 4726 gratia
2363 4654 2618 4725 Spiritus
2646 4656 2830 4711 sancti
2865 4657 3059 4713 hausit
3095 4657 3438 4726 doctrinam,
3473 4655 3585 4710 mei
3617 4660 3807 4710 tamen

2150 4741 2320 4798 ofﬁcii
2349 4749 2452 4814 est,
2477 4750 2533 4799 et
2559 4749 2685 4800 acta
2714 4743 3046 4816 patefacere,
3078 4749 3134 4800 et
3152 4744 3367 4816 agenda
3389 4744 3804 4800 demonstrare.

2149 4830 2322 4887 Scitis
2344 4832 2662 4901 periculum
2691 4833 2887 4903 p0puli
2910 4833 3034 4903 Dei,
3060 4833 3209 4904 quod
3233 4832 3580 4888 terribiliter
3608 4831 3810 4887 immi—

2153 4925 2282 4990 net;
2312 4934 2494 4991 neque
2518 4921 2692 4977 latere
2717 4935 2816 4978 vos
2843 4927 3046 4992 potest,
3076 4922 3225 4992 quod
3253 4921 3473 4992 ubique
3496 4921 3804 4988 auditum;

2154 5010 2277 5080 ipsa
2324 5023 2550 5081 quoque
2599 5009 2684 5082 (ut
2731 5011 2941 5083 dicam)
2991 5011 3270 5067 elementa
3323 5010 3693 5078 tremiscunt,
3743 5015 3809 5064 ut

2151 5103 2416 5166 rectores,
2451 5099 2550 5170 qui
2583 5099 2760 5156 saluti
2801 5099 3162 5156 inﬁrmorum
3193 5098 3423 5156 studere
3463 5097 3801 5155 debuerant,

2153 5187 2350 5244 relicto
2375 5187 2582 5246 salutis
2607 5188 2854 5258 tramite,
2881 5195 3020 5244 eunt
3041 5189 3100 5244 in
3126 5203 3392 5259 praeceps,
3420 5194 3478 5244 et
3502 5188 3808 5259 sequenti—

2150 5276 2258 5332 bus
2287 5290 2346 5332 se
2375 5276 2590 5334 foveam
2634 5277 2982 5349 perditionis
3022 5277 3310 5348 aperiunt.
3351 5277 3510 5333 Unde
3549 5278 3811 5348 pruden-

395 5373 482 5424 tas
509 5368 634 5437 ejus
667 5367 724 5423 in
751 5367 882 5424 sede
914 5366 1097 5423 sancti
1126 5366 1298 5436 Petri,
1326 5379 1392 5422 eo
1417 5365 1565 5436 quod
1598 5365 1858 5422 inaudita
1889 5379 2040 5435 qua—
2075 5356 2124 5415 D
2153 5363 2291 5418 tiam
2319 5371 2562 5420 vestram
2592 5364 2854 5420 veritatis
2877 5369 2934 5419 et
2956 5363 3203 5434 justitiaa
3231 5364 3564 5420 amatricem
3592 5365 3808 5420 exhor-

393 5457 523 5512 dam
551 5465 607 5514 et
645 5457 868 5513 occulta
913 5455 1326 5527 persecutione,
1373 5468 1482 5510 non
1513 5454 1584 5510 ab
1625 5454 1958 5510 inﬁdelibus
1985 5459 2042 5510 et

394 5545 697 5601 Dominum
744 5544 1155 5616 nescientibus,
1193 5543 1288 5600 sed
1319 5543 1392 5600 ab
1419 5543 1505 5600 eis
1527 5543 1698 5616 (quod
1733 5543 2040 5600 dolendum

2152 5460 2260 5522 tor,
2290 5458 2356 5509 ut
2382 5455 2695 5511 secundum
2721 5454 2910 5510 datam
2938 5453 3102 5512 vobis
3123 5453 3414 5509 divinitus
3433 5453 3802 5524 sapientiam,

2149 5556 2278 5598 cum
2309 5542 2629 5599 scientibus
2655 5543 2831 5615 legem
2853 5542 2978 5614 Dei,
2999 5548 3058 5599 et
3075 5541 3367 5612 justitiam
3391 5542 3521 5612 ejus
3542 5543 3807 5614 diligen-
