4068 6178
303 332 447 392 1053

869 333 1136 392 AUXILII
1171 336 1261 392 DE
1299 334 1532 392 0RDIN.
1576 335 1622 392 Α
1659 333 1980 393 FORMOSO
2014 335 2115 391 PP.
2159 333 2391 391 FACTIS
2431 334 2608 391 LIBRI
2645 335 2806 391 DUO.
2845 366 2915 376 —
2938 337 3152 393 PREF.

3586 331 3726 393 4054

297 462 482 533 tibus,
526 467 772 520 tractare
797 462 1101 533 studeatis,
1130 464 1437 534 quomodo,
1466 466 1701 520 remotis
1729 463 1966 520 dissen—
1993 462 2049 522 A
2072 468 2170 520 tur
2195 469 2253 518 et
2285 462 2444 532 utile,
2497 467 2564 518 ut
2615 462 2923 533 religiosus
2969 464 3234 535 princeps
3264 463 3522 534 Carolus,
3551 462 3728 520 frater

295 553 536 609 sionum
576 551 889 620 scandalis,
943 565 1070 621 quae
1116 551 1469 609 zizaniorum
1512 553 1676 609 Sator
1722 553 1964 610 subdola

295 641 732 697 machinatione
763 653 1026 711 spargere
1058 640 1287 712 nititur,
1324 655 1429 712 pax
1459 642 1734 698 Ecclesiis
1758 647 1813 698 et
1839 643 1964 698 uni-

295 736 388 786 tas
421 737 617 801 optata
639 729 928 799 reddatur,
959 733 1016 784 et
1044 729 1308 786 celeriter
1339 731 1653 803 vigilantiae
1677 731 1964 802 profectus

291 819 667 888 adhibeatur,
724 832 792 873 ne
848 817 1188 874 vulneribus
1215 818 1402 875 locum
1448 820 1694 890 praebeat
1731 820 1962 876 incauta

294 908 607 964 securitas.
634 909 827 978 Neque
852 907 1005 966 enim
1037 911 1220 963 totum
1237 908 1425 964 adhuc
1455 922 1665 978 corpus
1694 908 1961 964 Ecclesia)

291 997 505 1053 laesum
532 1002 637 1061 est,
672 1009 1000 1066 quanquam
1032 996 1220 1066 capite
1251 996 1490 1066 injuriis
1523 997 1747 1067 pulsato
1777 1011 1963 1052 mem-

291 1085 406 1141 bra
439 1085 696 1155 quaedam
721 1083 1024 1138 debilitata
1054 1097 1177 1139 esse
1207 1084 1546 1154 videantur;
1579 1091 1637 1140 et
1677 1085 1803 1141 ideo
1828 1099 1958 1140 cum

295 1175 433 1230 illis
455 1173 737 1245 quzejsana
767 1186 889 1228 esse
905 1172 1235 1228 constiterit
1257 1173 1708 1245 inﬁrmantibus,
1742 1174 1792 1230 si
1816 1173 1964 1229 forte

297 1263 649 1318 medicinam
672 1260 964 1329 suscipere
993 1260 1315 1331 patiuntur,
1340 1263 1789 1320 succurrendum
1815 1263 1958 1318 erit:

294 1350 570 1421 alioquin
618 1348 951 1418 imputanda
1001 1355 1190 1420 erunt,
1241 1351 1553 1407 secundum
1602 1352 1719 1408 veri
1755 1351 1962 1407 medici

299 1441 492 1497 nostri
523 1442 882 1509 praeceptum,
912 1451 980 1493 ne
1013 1443 1192 1494 totum
1219 1454 1430 1510 corpus
1467 1445 1560 1497 eat
1586 1441 1644 1497 in
1677 1441 1964 1512 perditio-

298 1542 434 1586 nem
465 1525 681 1599 (Matth.
714 1526 788 1600 v).
816 1527 1173 1598 Quapropter
1215 1529 1598 1586 necessarium
1641 1530 1785 1586 mihi
1815 1529 1965 1586 vide-

2071 561 2274 622 vester,
2310 552 2513 624 legatis
2531 557 2702 623 atque
2729 551 2942 607 litteris
2957 565 2989 606 a
3013 551 3177 608 vobis
3199 553 3525 623 destinatis,
3555 567 3726 623 super

2073 643 2178 698 hoc
2211 642 2438 713 negotio
2465 647 2685 698 mature
2715 641 3107 706 conveniatur,
3141 647 3204 696 ut
3243 647 3355 697 tam
3386 643 3526 712 ipse,
3555 655 3724 712 quam

2071 732 2394 788 sacerdotes
2436 731 2599 802 regni
2649 730 2794 800 ejus,
2841 730 2941 800 qui
2976 729 3251 785 hactenus
3288 730 3359 784 ab
3393 730 3724 799 hujusmodi

2069 820 2340 877 sordibus
2381 819 2578 875 mundi
2611 824 2766 887 sunt,
2796 817 2958 874 vobis
2981 823 3039 873 et
3073 819 3279 874 vestris
3303 819 3590 888 episcOpis
3617 819 3730 874 ad-

2061 910 2400 980 jungantur,
2432 907 2798 978 eamdemque
2825 920 3022 964 curam
3053 910 3108 962 et
3137 906 3592 962 sollicitudinem
3619 921 3731 964 vo—

2067 998 2290 1054 hiscum
2305 997 2508 1068 partici
2519 1001 2668 1067 pent,
2685 1001 2969 1067 quatenus
2984 1000 3348 1066 posteaquam
3361 1010 3490 1051 cum
3505 996 3728 1052 auxilio

2067 1086 2167 1142 Dei
2196 1100 2460 1156 prospere
2487 1092 2542 1141 et
2575 1085 2808 1156 paciﬁce
2847 1085 2918 1140 de
2958 1085 3186 1156 itinere,
3219 1098 3332 1155 quo
3365 1084 3450 1140 ire
3473 1084 3730 1154 disponi-

2069 1175 2168 1246 tis,
2189 1175 2398 1231 reversi
2419 1173 2670 1244 fueritis,
2696 1174 2819 1244 pari
2842 1187 3125 1230 consensu
3144 1178 3201 1229 et
3219 1173 3511 1230 communi
3533 1173 3729 1230 studio

2073 1278 2261 1335 pacem
2294 1269 2351 1321 et
2378 1264 2741 1320 concordiam
2758 1268 2973 1320 sancte
2991 1262 3289 1319 catholicae
3312 1267 3370 1318 et
3398 1263 3729 1334 apostolica:

2069 1353 2355 1423 Ecclesiae,
2375 1352 2712 1409 orthodoxis
2729 1351 3115 1424 dogmatibus,
3139 1351 3442 1422 adjuvante
3463 1352 3726 1423 Domino,

2070 1439 2412 1498 reformetis.

300 1701 3719 1736 m

1389 1854 2226 2012 SfECULI
2381 1859 2620 2002 IX

769 2121 1724 2260 AUCTORES
1850 2125 1954 2256 A

2073 2123 2306 2256 [NI
2448 2119 3283 2255 INCERTI.

1728 2446 2318 2552 AUXILIUS

1637 2611 1946 2668 FRANCUS
2000 2612 2410 2668 PRESBYTER.

1508 2827 1906 2897 NOTITIA

1978 2828 2542 2899 HlSTOBlCA.
2649 2805 2652 2808 ‘

1131 2959 1322 3024 (Apud
1368 2959 1680 3019 Fabricium,
1713 2959 2038 3009 Bibliotheca
2065 2960 2249 3010 mediae
2285 2963 2335 3010 et
2363 2960 2554 3010 intime
2592 2958 2926 3020 Latinitatis.)

1804 3084 2250 3094 ._—_—_-____

387 3184 951 3259 Aumiliusulfrancus
987 3183 1338 3259 presbyterii
1366 3184 1634 3259 [formoso
1663 3183 1966 3259 ordinatus
1998 3183 2050 3245 B
2077 3187 2317 3259 tom.__IV
2339 3183 2651 3259 Analect,
2666 3199 2800 3259 pag.
2835 3182 3127 3259 (ΗΟ-624,
3177 3189 3235 3259 et
3275 3185 3414 3259 edit.
3473 3198 3636 3259 novae
3679 3198 3732 3252 p.

311 3256 470 3312 circa
500 3269 593 3311 an.
637 3252 762 3310 894.
796 3252 1031 3326 scripsit
1060 3252 1224 3310 libros
1275 3257 1334 3310 II
1360 3256 1426 3310 de
1453 3255 1892 3309 ordinationibus
1933 3271 1968 3308 a

313 3329 564 3382 Formosa
629 3328 816 3395 factis,
873 3333 1070 3383 contra
1110 3327 1460 3397 Stephanum
1512 3328 1606 3382 Vll
1667 3326 1970 3397 Sergium-

360 3412 428 3453 ue
474 3397 565 3526 (ag.
621 3404 680 3454 et
730 3403 929 3454 contra
993 3399 1326 3454 intestinam
1378 3399 1641 3454 Romanae
1702 3397 1969 3452 Ecclesiae

362 3470 512 3525 iscor
556 3471 688 3526 iam.
759 3470 900 3526 sive.
961 3477 1025 3526 ut
1067 3469 1400 3526 Sigebertus
1449 3484 1569 3526 can.
1641 3466 1764 3526 ΗΞ.
1807 3484 1969 3526 super

362 3466 688 3537 iscordiam,
759 3470 900 3527 sive.
961 3477 1025 3526 ut
1067 3469 1400 3539 Sigebertus
1449 3484 1569 3539 cap.
1641 3466 1764 3535 ΗΞ,
1807 3484 1971 3538 super

311 3557 547 3610 persona
595 3543 898 3609 Infensoris
952 3546 1002 3596 et
1050 3543 1361 3609 Defensoris
1410 3541 1475 3594 de
1529 3541 1968 3596 ordinationibus

315 3613 826 3669 exordinationibus
873 3618 922 3667 et
963 3613 1563 3682 superordinationibus
1605 3615 1969 3668 Romanorum

309 3686 652 3753 pontiﬁcum,
702 3691 753 3740 et
811 3685 1188 3738 ordinatorum
1232 3684 1302 3737 ab
1342 3686 1417 3737 eis
1461 3683 1967 3738 exordinationibus

314 3760 368 3808 et
414 3755 1034 3825 superordinationibus.
1085 3755 1281 3810 Edidit
1321 3755 1563 3810 Joannes
1608 3755 1867 3810 Morinus
1895 3754 1964 3808 ad

314 3825 526 3897 calcem
547 3828 740 3895 operis
765 3826 1022 3897 praclari
1044 3826 1114 3882 de
1134 3825 1317 3882 sacris
1345 3826 1813 3897 ordinationibus
1839 3839 1962 3895 pag.

314 3893 426 3967 348
471 3893 608 3967 edit.
644 3893 823 3954 Paris.
859 3895 1014 3954 4655.
1071 3903 1128 3953 et
1164 3897 1301 3953 edit.
1354 3897 1636 3967 Antwerp.
1670 3894 1807 3953 4694
1839 3893 1964 3966 pag.

316 3965 589 4034 285-294,
643 3971 793 4026 unde
823 3973 1162 4038 repetuntur
1214 3968 1272 4023 in
1323 3965 1676 4025 Bibliotheca
1733 3965 1966 4023 Patrum

2076 3255 2167 3325 20,
2199 3254 2287 3325 32,
2334 3254 2424 3314 39.
2480 3254 2776 3313 Auxi'li‘us'
2807 3258 3132 3313 Francusne
3178 3255 3375 3324 fuerit,
3433 3268 3502 3327 an
3536 3254 3758 3327 Italus,

2080 3324 2363 3384 inCertum
2401 3333 2512 3396 est,
2542 3343 2670 3384 cum
2701 3328 2823 3398 ipse
2849 3328 3000 3383 nihil
3029 3342 3092 3383 ea
3117 3328 3188 3383 de
3214 3341 3274 3382 re
3312 3325 3528 3398 prodat.
3558 3324 3739 3398 Ordi—

2079 3405 2274 3455 natum
2306 3414 2366 3455 se
2407 3414 2438 3456 a
2468 3395 2742 3455 Formoso
2783 3413 2922 3469 papa
2957 3411 3284 3469 quanquam
3313 3395 3596 3469 amrmare
3640 3395 3739 3450 vi—

2077 3471 2266 3534 detur,
2301 3485 2411 3527 non
2462 3471 2631 3527 facile
2661 3468 3183 3526 tamen’aﬂirmanti
3209 3468 3575 3534 assenserim,
3605 3479 3735 3520 nam

2077 3513 2994 3620 ciléssedisseu__se
3019 3554 3166 3620 cum
3197 3539 3420 3620 catenis
3449 3513 3737 3620 episcopis

2079 3615 2295 3684 synodo
2320 3613 2550 3669 cuidam
2590 3614 2779 3669 Roma
2809 3627 2842 3669 a
2870 3612 3107 3668 Nicolao
3140 3613 3161 3667 Ι
3205 3610 3476 3681 pontiﬁce
3503 3608 3732 3676 habitae,

2077 3699 2207 3740 cum
2238 3684 2486 3754 profecto
2524 3690 2744 3741 constet
2775 3685 3075 3740 Nicolaum
3122 3684 3452 3754 Formosum
3490 3693 3737 3754 praeces—

2076 3751 2251 3812 sisse.
2273 3755 2647 3823 Quamobrem
2679 3770 2808 3812 cum
2839 3755 2923 3810 ait
2949 3755 3009 3810 in
3040 3753 3270 3823 dialogo
3302 3767 3362 3808 se
3406 3751 3736 3823 ordinatum

2075 3841 2108 3883 a
2138 3821 2424 3895 Formoso,
2455 3827 2715 3898 loquitur
2743 3840 2854 3883 non
2889 3827 2947 3882 in
2979 3839 3105 3898 sua,
3136 3821 3232 3881 sed
3268 3825 3327 3880 in
3366 3836 3606 3898 persona
3631 3821 3742 3877 cle-

2078 3899 2352 3967 ricorum,
2402 3898 2503 3969 qui
2531 3895 2674 3955 'cum
2716 3898 2950 3954 ordines
2990 3911 3021 3952 a
3046 3896 3316 3953 Formoso
3354 3895 3735 3969 recepissent,

2079 3964 2437 4025 validitateni
2499 3969 2888 4026 ordinationis
2932 3969 3108 4038 hujus
3160 3981 3279 4024 suae
3336 3964 3735 4038 defendebant.

321 4039 524 4112 Lugd,
542 4042 845 4112 tom,XVIl
861 4035 1053 4096 statim
1077 4040 1134 4094 in
1156 4039 1376 4112 limine,
1395 4045 1450 4112 et
1473 4039 1531 4095 in
1554 4037 1974 4096 recentioribus
2079 4042 2206 4096 Haec
2234 4055 2336 4112 ego
2366 4040 2574 4112 scripsi
2604 4041 2664 4097 in
2693 4041 2835 4097 meis
2863 4041 2932 4096 ad
2961 4035 3198 4112 Pagium
3223 4035 3738 4094 animadversioni-

315 4109 680 4168 editionibus
698 4119 850 4168 tomo
866 4111 1231 4167 XllBaronii.
1251 4111 1516 4182 Ejusdem
1538 4113 1974 4182 Dialogussuper
2083 4112 2192 4169 bus
2220 4109 2293 4169 ad
2317 4125 2410 4166 an.
2435 4109 2543 4168 897

317 4198 488 4238 causa
536 4185 588 4237 ei
625 4185 834 4252 negotio
880 4184 1120 4240 Formosi
1157 4199 1321 4253 papae
1369 4182 1518 4253 apud
1568 4181 1972 4238 Mabillonium

388 4286 465 4360 (a)
502 4289 646 4345 Vide
673 4291 980 4348 Baronium
1006 4290 1074 4346 ad
1121 4303 1211 4346 an.
1247 4287 1372 4347 908.

1661 4574 2420 4692 AUXILII

689 4757 820 4866 DE
933 4759 1796 4870 οιιυιΜτιοιιιΒηε
1899 4762 1962 4868 Δ

2075 4758 2532 4868 Ροιιωοςυ
2643 4758 2902 4866 ΡΔΡΔ
3011 4757 3386 4868 PAC'I'IS.

1743 4955 2008 5025 LIBRI
2087 4954 2320 5025 DUO.

1153 5201 1799 5305 PBAZFATIO
1894 5195 2406 5305 JOANNIS
2513 5198 2940 5303 ΜΟΒΙΝΙ

1351 5393 1922 5475 Congregationis
1981 5389 2287 5454 Oratorii
2323 5387 2736 5471 presbyteri.

326 5539 453 5608 Qua
483 5541 730 5596 docetur
778 5538 929 5593 unde
975 5538 1192 5608 aceepti
1225 5537 1371 5602 sint,
1414 5535 1549 5606 quis
1578 5532 1758 5608 fuerit
1781 5532 2067 5589 Auxilius
2097 5549 2112 5602 ;
2148 5532 2326 5588 multa
2375 5546 2443 5588 ex
2474 5532 2707 5608 iis_erui
2744 5531 3006 5608 possead
3036 5527 3336 5608 historiam
3367 5522 3747 5608 quorumdam

408 5595 749 5682 pontiﬁcum
782 5595 1183 5666 illustrandam
1207 5626 1223 5679 ;
1249 5595 1585 5680 argumenta
1615 5605 1803 5676 ipsius
1823 5618 1937 5661 non
1963 5595 2188 5674 semper
2211 5618 2446 5675 scopum
2467 5595 2784 5676 attingere;
2816 5603 3098 5659 actionem
3121 5595 3399 5668 Stephani
3421 5595 3530 5665 νη,
3559 5595 3750 5668 ponti-
