4068 6178
342 289 481 355 4055

1149 291 1441 350 ΑΡΡΕΝῙ).
1476 293 1571 349 AD
1602 291 1764 349 SJEC.
1806 291 1901 348 IX.
1931 320 2005 332 --
2029 289 2390 348 AUCTORES
2426 290 2596 348 ΑΝΝῘ
2634 291 2928 348 INCERTI.

3616 291 3772 350 1056

411 414 540 470 ﬁcis
570 414 630 490 in
659 417 995 490 Formosum
1017 417 1329 490 ancipitem
1360 431 1514 489 esse;
1537 416 1592 474 ei
1617 417 1949 472 Formosum
1979 411 2332 470 occasionem
2354 413 2601 485 amplam
2627 416 2872 474 dedisse.
2891 417 3178 474 Nonnulla
3203 417 3455 490 denique
3479 422 3776 475 notantur

410 501 538 558 quae
569 487 628 543 in
660 501 724 544 eo
751 495 918 545 caute
945 489 1180 562 legenda
1213 495 1365 546 sunt.

1825 589 2231 604 —

406 672 567 744 Cum,
612 687 764 731 anno
806 676 1015 733 salutis
1048 676 1356 734 millesimo
1382 675 1793 733 sexcentesimo
1839 671 2063 745 qua—A
2095 670 2300 728 ultimo
2327 671 2464 729 libri
2513 674 2684 744 primi
2720 679 3028 747 utrumque
3075 675 3367 732 evidenter
3399 677 3582 746 docet,
3616 678 3678 730 et
3702 687 3783 730 se

336 763 660 834 dragesimo
722 765 928 838 primo,
987 768 1046 822 in
1108 767 1314 824 itinere
1359 767 1506 839 quod
1560 772 1679 823 tum
1731 764 1985 837 agebam,

335 853 535 910 Tolosa
562 863 907 927 occurreret,
938 857 997 912 in
1023 871 1087 913 ea
1103 859 1403 915 octiduum
1429 862 1814 915 commoratus
1840 868 1984 910 sum.

341 944 552 998 [nterea
577 944 713 1000 dum
746 945 1152 1003 bibliothecam
1185 947 1574 1004 illustrissimi
1605 947 1872 1018 praesulis
1900 945 1998 1000 do“

339 1033 482 1088 mini
531 1035 601 1089 de
653 1036 939 1091 Montchal
994 1036 1416 1108 archiepiscopi
1461 1038 1749 1102 Tolosani,
1795 1034 1995 1092 multis

337 1121 637 1194 codicibus
667 1125 1079 1196 manuscriptis
1102 1127 1361 1196 divitem,
1405 1128 1609 1191 lustro,
1641 1127 1907 1183 incidunt
1934 1127 1993 1184 in

338 1226 541 1268 manus
569 1226 721 1268 meas
747 1214 806 1269 hi
828 1215 1051 1271 Auxilii
1071 1216 1280 1288 libelli,
1307 1218 1633 1273 charactere
1657 1218 1916 1288 antiquo,
1941 1218 1992 1274 si

336 1301 476 1356 bene
525 1303 780 1369 memini,
831 1305 1129 1377 descripti,
1175 1312 1231 1362 et
1286 1308 1354 1364 ad
1401 1308 1656 1364 auctoris
1717 1307 1990 1363 saeculum

335 1390 651 1446 accedente.
709 1393 887 1449 Multa
938 1398 1058 1451 tum
1110 1397 1414 1467 exscripsi,
1468 1411 1592 1468 qua:
1625 1396 1768 1452 mihi
1819 1393 1989 1451 utilia

335 1475 456 1534 fore
486 1481 882 1549 praevidebam.
919 1486 1114 1542 Postea
1143 1501 1272 1542 cum
1302 1489 1606 1544 reverendo
1629 1489 1686 1542 P.
1715 1486 1990 1558 ‘Viguiero

337 1574 610 1626 nostrate.
658 1576 715 1626 et
755 1577 964 1630 nostrae
994 1577 1461 1649 congregationis
1488 1577 1837 1648 presbytero,
1864 1575 1990 1631 viro

334 1659 752 1729 eruditissimo,
812 1669 868 1719 et
913 1666 1304 1737 antiquitatis,
1336 1681 1447 1738 qua
1479 1681 1651 1724 sacrae
1689 1681 1800 1737 qua
1850 1678 1990 1734 pro-

335 1745 497 1820 fame,
552 1749 886 1823 indagatore
952 1755 1332 1812 solertissimo
1384 1762 1440 1812 et
1495 1753 1991 1827 perspicacissimo

2098 760 2278 818 fuisse
2304 763 2500 821 saltem
2530 765 2940 837 presbyterum,
2968 772 3024 822 et
3042 780 3074 822 a
3102 766 3373 822 Formoso
3402 767 3777 822 ordinatum-

2171 853 2252 907 Ex
2278 852 2370 908 his
2407 859 2595 910 autem
2637 853 2853 910 libellis
2893 855 3072 912 multa
3099 855 3236 926 erui
3271 861 3509 925 possunt
3541 854 3785 926 quibus

2106 941 2295 998 lumen
2345 943 2578 1016 afl’ulget.
2630 944 2927 1001 nonnullis
2971 913 3207 1002 maximi
3259 946 3529 1001 momenti
3577 946 3784 1018 gestis

2106 1033 2461 1104 pontiﬁcum,
2530 1035 2806 1098 Formosi,
2871 1035 3143 1106 Stephani
3207 1036 3462 1106 septimi,
3523 1037 3787 1092 Joannis

2103 1123 2261 1194 noni,
2295 1129 2351 1180 et
2379 1124 2561 1196 Sergii
2590 1126 2770 1193 tertii,
2808 1140 2935 1198 qua:
2963 1125 3203 1183 obscure
3231 1126 3537 1183 admodum
3562 1127 3787 1182 histo—

2103 1212 2354 1269 ricorum
2395 1213 2558 1270 illius
2589 1216 2863 1286 temporis
2894 1216 3100 1286 partim
3147 1216 3515 1288 negligentia,
3545 1216 3783 1286 partim

2103 1303 2360 1373 penuria,
2403 1303 2570 1360 nobis
2597 1305 2806 1360 tradita
2832 1311 2986 1362 sunt.
3038 1306 3181 1362 Hinc
3205 1310 3428 1362 constat
3459 1306 3792 1376 pontifices

2098 1390 2446 1461 Stephanum
2489 1397 2546 1448 et
2585 1394 2846 1466 Sergium
2892 1408 3003 1451 non
3028 1395 3168 1451 adeo
3211 1394 3393 1451 fuisse
3432 1395 3786 1463 sceleratos,

2100 1493 2200 1536 nec
2231 1483 2561 1540 Formosum
2587 1485 2728 1541 adeo
2759 1491 3041 1556 sanctum,
3071 1491 3136 1542 ut
3167 1485 3334 1542 multi
3366 1485 3479 1540 sibi
3513 1499 3792 1555 persua—

2096 1569 2268 1625 dent:
2301 1571 2651 1642 Stephanum
2676 1579 2731 1629 et
2758 1574 3020 1645 Sergium
3044 1574 3370 1645 probabiles
3394 1587 3615 1645 causas,
3645 1574 3790 1629 imo

2100 1657 2160 1713 in
2190 1661 2434 1730 speciem
2476 1676 2693 1733 graves,
2726 1665 3136 1720 exauctorandi
3161 1665 3415 1720 Formosi
3443 1664 3793 1720 ordinatio-

2101 1761 2200 1804 nes
2245 1749 2536 1806 habuisse.
2585 1754 2892 1808 Formosus
2934 1753 3087 1808 enim
3135 1767 3168 1808 a
3213 1755 3427 1809 Joanne
3465 1755 3578 1808 Vlll
3616 1764 3786 1822 papa

333 1836 673 1910 collocutus,
726 1843 952 1899 monuit
993 1859 1080 1900 me
1129 1859 1188 1900 se
1229 1845 1435 1902 habere
1485 1845 1710 1900 Auxilii
1763 1843 1993 1898 libellos
2104 1842 2333 1908 propter
2352 1841 2770 1898 variacrimina
2789 1842 3077 1912 depisitus
3097 1848 3152 1898 et
3175 1843 3518 1915 degradatus
3547 1841 3782 1910 fuerat,

335 1938 504 1980 manu
538 1941 641 1984 sua
673 1932 992 2002 exscriptos
1033 1948 1101 1989 ex
1129 1934 1326 1990 codice
1355 1935 1616 2005 antiquo,
1651 1946 1816 2004 quem
1849 1930 1994 1987 forte
2026 1998 2071 2005 _
2103 1931 2160 1981 et
2229 1928 2298 1983 ad
2353 1931 2812 1987 communionem
2883 1931 3087 1987 laicam
3145 1933 3409 1989 redactus
3470 1936 3644 2002 atque
3692 1929 3784 1985 ab

334 2011 565 2071 fortuna
600 2016 658 2072 in
695 1998 1043 2077 monasterio
1087 1998 1991 2092 Lotharintimo-deprehenderat.
2026 1998 2078 2058 Β
2105 2017 2437 2086 episcopatu
2485 2020 2785 2077 Portuensi
2836 2021 3130 2092 expulsus.
3163 2022 3399 2078 Joannis
3435 1998 3588 2092 papae
3622 2036 3786 2078 seu—

333 2103 740 2163 Monasterium
797 2109 1094 2181 indicavit,
1145 2114 1240 2169 sed
1277 2113 1442 2169 illius
1469 2127 1579 2169 non
1631 2109 1902 2166 memini:
1934 2122 1994 2164 se

333 2201 525 2266 postea
568 2199 959 2269 apographum
1005 2216 1174 2258 suum
1217 2217 1347 2260 cum
1378 2203 1494 2260 alio
1528 2203 1770 2272 antiquo
1794 2199 1991 2255 codice

333 2298 498 2356 quem
528 2299 698 2356 penes
735 2301 795 2343 se
827 2288 1069 2346 habebat
1093 2293 1434 2348 reverendus
1479 2293 1534 2346 P.
1585 2290 1828 2347 Jacobus
1856 2289 1989 2344 Sir—

340 2375 602 2446 mondus,
661 2377 959 2435 doctorum
1014 2380 1229 2436 nemini
1267 2381 1615 2453 incognitus,
1647 2379 1980 2436 contulisse.

332 2464 633 2535 Exemplar
662 2481 830 2523 suum
859 2468 1003 2523 mihi
1034 2470 1256 2540 roganti
1286 2469 1490 2526 lubens
1515 2469 1799 2525 concessit
1832 2474 1989 2524 uten-

330 2553 468 2608 dum
513 2560 568 2610 et
606 2555 906 2612 edendum.
951 2557 1114 2628 Hinc,
1145 2559 1340 2630 lector,
1377 2560 1518 2615 istos
1551 2557 1724 2614 habui
1759 2557 1989 2614 libellos

337 2655 482 2712 quos
508 2657 659 2698 nunc
683 2644 790 2699 tibi
835 2645 1063 2714 publice
1091 2648 1352 2704 exhibeo.
1386 2648 1666 2718 Papyrius
1686 2649 1986 2704 Massonus

332 2731 672 2799 posterioris
703 2732 886 2789 libelli
923 2734 1126 2792 titulos
1156 2737 1440 2792 cardinali
1475 2737 1720 2793 Baronio
1751 2737 1984 2792 Romam

329 2821 467 2876 olim
493 2822 838 2884 transmisit.
867 2837 1011 2894 quos
1037 2826 1181 2881 tanti
1210 2825 1364 2896 fecit,
1390 2831 1454 2882 ut
1474 2841 1590 2893 eos,
1622 2841 1690 2882 ne
1713 2827 1983 2896 perirent,

335 2909 539 2966 ultimo
563 2909 872 2968 Annalium
919 2918 1073 2970 tomo
1104 2915 1387 2972 nexuerit.
1421 2917 1583 2972 Hunc
1610 2915 1872 2972 libellum
1901 2929 1990 2972 vo-
2025 2937 2027 2939 ί

331 3004 422 3055 cat
473 2999 790 3056 cardinalis
846 3001 988 3056 Acta
1053 3005 1295 3057 Formosi
1341 3021 1519 3075 papae.
1584 3005 1789 3060 Eodem
1867 3005 1991 3061 loco

331 3088 651 3158 epistolam.
687 3089 909 3146 Auxilii
937 3090 1006 3146 ad
1041 3093 1276 3149 Leonem
1303 3095 1458 3149 Nolae
1482 3095 1813 3165 episcOpum
1838 3094 1994 3149 inte-

332 3191 488 3248 gram
519 3177 816 3248 exscribit,
868 3187 931 3236 ut
960 3180 1131 3236 etiam
1165 3181 1350 3238 libelli
1396 3183 1583 3254 capita
1615 3182 1819 3239 ultima
1849 3179 1997 3239 29et

329 3263 417 3336 30,
452 3267 673 3323 codicis
719 3272 908 3324 autem
949 3272 1131 3327 nostri
1182 3285 1313 3342 cap.
1362 3270 1454 3344 32,
1503 3273 1670 3330 nobis
1697 3273 1994 3328 exhibent:

333 3356 697 3427 prioremque
720 3357 981 3414 libellum
1019 3360 1262 3416 Baronio
1288 3365 1344 3417 et
1374 3362 1616 3433 Papyrio
1649 3376 1886 3432 prorsus
1917 3351 1999 3417 in'

330 3447 644 3518 cognitum.

399 3535 542 3604 Quis
568 3536 746 3593 fuerit
767 3537 1044 3596 Auxilius
1066 3553 1184 3595 non
1205 3539 1407 3610 liquet.
1430 3540 1610 3597 Italus
1631 3555 1743 3597 non
1771 3539 1904 3611 fuit,
1929 3545 1994 3596 ut

332 3623 454 3693 ipse
485 3629 730 3682 testatur
783 3627 866 3682 lib
913 3643 974 3682 ιι.
1022 3642 1070 3684 c.
1127 3626 1215 3684 3t.
1268 3631 1349 3684 lta
1379 3629 1531 3684 enim
1581 3629 1694 3684 sibi
1741 3629 1986 3698 objicit:

333 3733 358 3764 α
403 3715 574 3770 Porro
604 3729 733 3771 cum
784 3716 866 3771 sis
915 3718 1083 3774 homo
1132 3724 1338 3774 exterae
1367 3719 1572 3790 gentis,
1618 3725 1674 3774 et
1703 3719 1852 3788 apud
1888 3732 1990 3774 nos

331 3800 592 3856 humana:
614 3803 743 3858 vitae
767 3805 1052 3861 subsidiis
1085 3806 1364 3877 indigeas,
1391 3807 1530 3876 quid
1557 3808 1626 3863 ad
1658 3814 1711 3862 te
1743 3808 1990 3877 pertinet

331 3890 546 3944 nostris
579 3892 844 3947 resistere
882 3893 1448 3963 disceptationibus?
1467 3914 1492 3944 »
1532 3898 1601 3952 Et
1626 3896 1794 3966 paulo
1821 3902 1981 3966 post:

333 3997 357 4027 α
398 3977 456 4032 Si
511 3979 746 4035 advenis
791 3987 845 4037 et
917 3983 1244 4054 peregrenis
1321 3985 1588 4042 Ecclesiae
1649 3986 1985 4057 praepositos

328 4078 596 4122 accusare
636 4068 788 4140 licet,
820 4071 902 4126 vel
929 4072 1210 4145 judicare,
1261 4079 1361 4130 aut
1387 4074 1778 4146 praejudicare,
1816 4094 1842 4126 ››
1871 4082 1976 4131 etc.

330 4155 442 4210 Hoc
482 4161 669 4212 autem
721 4173 833 4215 non
873 4160 1168 4218 ditiitetur.
1220 4163 1336 4220 imo
1381 4178 1652 4235 responso
1701 4178 1805 4221 suo
1835 4180 1982 4235 sup—

332 4245 510 4313 ponit.
537 4246 688 4305 Dicit
717 4249 868 4304 enim
898 4256 1120 4307 tantum
1161 4266 1221 4308 se
1258 4267 1381 4309 esse
1409 4268 1478 4309 ex
1501 4267 1566 4310 eo
1597 4267 1799 4324 genere
1825 4254 1975 4324 quod

327 4334 624 4403 apostolus
650 4337 849 4393 Petrus
877 4345 1057 4409 vocat,
1090 4357 1260 4408 genus
1305 4343 1547 4407 electum,
1579 4342 1760 4408 regale
1811 4358 1982 4396 sacer-

329 4421 558 4486 dotium,
623 4431 844 4496 gentem
911 4434 1186 4498 sanctam,
1266 4429 1538 4499 populum
1601 4431 1979 4498 acquisitionis

327 4505 376 4580 (Ι
401 4507 543 4566 Petr.
595 4513 677 4586 ιι),
720 4515 824 4571 hoc
850 4517 963 4572 sibi
1017 4517 1293 4587 sufﬁcere,
1316 4554 1320 4558 -
1345 4523 1409 4573 ut
1437 4532 1468 4572 a
1500 4518 1830 4574 testimonio
1875 4518 1979 4574 hac

334 4598 391 4653 in
429 4614 600 4657 causa
657 4604 1007 4672 perhibendo
1046 4606 1273 4661 excludi
1326 4620 1436 4662 non
1472 4608 1670 4678 possit,
1709 4607 1863 4664 velut
1910 4623 1976 4665 eo

332 4686 455 4742 loco
487 4690 755 4757 pluribus
775 4693 960 4764 legere
991 4699 1166 4763 potes.
1191 4694 1373 4765 Cujus
1393 4703 1581 4752 autem
1613 4695 1807 4768 fuerit,
1835 4697 1978 4753 ditii-

328 4774 439 4829 cile
466 4776 630 4832 dictu
653 4784 758 4849 est,
787 4794 918 4836 cum
963 4783 1068 4837 hoc
1107 4783 1165 4839 in
1197 4783 1414 4840 libellis
1438 4785 1562 4841 suis
1594 4800 1704 4842 non
1735 4787 1968 4843 indicet.

329 4862 604 4919 Francum
633 4865 813 4923 t'uisse
842 4869 936 4924 vix
970 4869 1224 4927 dubitari
1256 4879 1478 4943 potest:
1511 4875 1604 4930 sed
1638 4888 1702 4930 eo
1725 4880 1976 4946 tempore

327 4949 527 5006 Franci
562 4955 807 5024 nomine,
835 4958 1101 5015 Germani
1135 4975 1245 5016 non
1269 4975 1433 5018 secus
1461 4975 1525 5017 ac
1555 4962 1706 5019 Galli
1749 4963 1978 5019 intelli—

329 5040 626 5112 gebantur.
655 5044 789 5100 Uter
813 5046 991 5103 fuerit
1016 5062 1126 5104 non
1154 5050 1357 5121 liquet,
1383 5066 1484 5107 nec
1508 5051 1578 5108 de
1605 5053 1710 5108 hoc
1737 5066 1977 5124 magno-

331 5145 461 5200 pere
522 5132 928 5192 laborandum:
985 5139 1043 5193 in
1090 5139 1201 5195 fine
1250 5146 1434 5196 tamen
1474 5141 1726 5211 ejusdem
1766 5143 1976 5212 capitis

327 5220 556 5278 videtur
589 5236 791 5293 negare
841 5238 900 5280 se
947 5232 1201 5282 exterum
1235 5242 1377 5296 esse,
1431 5230 1580 5300 quod
1626 5229 1798 5284 initio
1831 5244 1978 5285 con-

327 5316 590 5366 cesserat.
637 5312 932 5384 Presbyter
977 5323 1165 5372 antem
1221 5324 1360 5388 erat,
1415 5325 1586 5388 atque
1629 5332 1660 5374 a
1710 5320 1975 5376 Formoso

331 5413 469 5470 papa
500 5401 822 5470 ordinatus,
857 5411 919 5460 ut
965 5418 1032 5460 ex
1079 5405 1251 5461 initio
1276 5419 1399 5476 cap.
1427 5403 1491 5462 3t
1523 5406 1720 5478 colligi
1767 5415 1968 5477 potest.

328 5492 540 5550 Deinde
567 5491 623 5548 id
655 5491 885 5550 videtur
922 5492 1161 5564 probare
1191 5495 1342 5566 quod
1371 5495 1443 5551 ab
1472 5495 1759 5567 episcopis
1787 5497 1857 5554 de
1885 5513 1974 5555 ca-

329 5582 578 5639 nonibus
597 5586 654 5639 et
681 5595 876 5640 eorum
899 5582 1294 5642 observatione
1331 5584 1681 5642 consulitur.
1709 5586 1812 5644 Sed
1845 5601 1967 5658 cap.

2105 2107 2284 2162 tentia
2316 2107 2374 2162 in
2401 2121 2531 2164 eum
2576 2110 2729 2167 edita
2783 2116 2868 2168 est
2909 2117 3044 2169 tom.
3097 2113 3167 2168 Ill
3195 2111 3411 2169 Concil.
3443 2111 3668 2180 Galliae,
3705 2126 3776 2182 p.

2103 2191 2224 2250 432.
2260 2195 2651 2256 Accusabatur
2683 2215 2812 2256 cum
2843 2202 3140 2257 nonnullis
3165 2201 3302 2257 aliis
3332 2202 3392 2256 in
3419 2215 3572 2272 papae
3597 2201 3782 2256 Joan-

2099 2284 2191 2340 nis
2231 2287 2404 2342 vitam
2444 2290 2823 2361 conspirasse,
2882 2291 2942 2346 in
2988 2291 3176 2347 Caroli
3207 2291 3361 2346 Calvi
3396 2290 3782 2360 imperatoris

2097 2379 2153 2428 et
2181 2373 2433 2431 Francia:
2479 2377 2630 2449 regis
2675 2379 2898 2434 ruinam
2950 2381 3298 2450 conjurasse,
3341 2381 3570 2436 Romam
3602 2379 3785 2435 Sara'

2097 2464 2258 2520 cenis
2305 2466 2541 2534 prodere
2566 2467 2836 2536 voluisse,
2873 2473 2933 2525 ut
2988 2482 3188 2538 papam
3221 2468 3386 2524 illius
3409 2469 3640 2525 excidio
3669 2469 3784 2524 in-

2099 2551 2364 2625 volveret,
2401 2555 2695 2626 multaque
2750 2556 2865 2612 alia
2913 2558 3160 2614 crimina
3211 2563 3582 2627 perpetrasse,
3637 2572 3779 2628 quae

2101 2642 2159 2697 in
2192 2645 2473 2700 sententia
2518 2645 2754 2702 Joannis
2808 2647 2928 2702 Vill
2955 2646 3301 2704 referuntur.
3347 2647 3431 2703 0b
3469 2655 3580 2703 tam
3617 2647 3782 2704 hor-

2103 2733 2275 2788 renda
2327 2733 2572 2789 crimina
2613 2734 2866 2804 pontifex
2915 2735 3223 2807 fugitivum
3267 2742 3322 2792 et
3364 2743 3774 2793 contumacem

2099 2820 2171 2876 ab
2201 2821 2356 2877 omni
2404 2823 2730 2880 ministerio
2760 2825 3100 2882 sacerdotali
3133 2831 3186 2882 et
3215 2825 3468 2882 clericali
3498 2827 3772 2899 deponit,

2100 2915 2157 2966 et
2181 2911 2482 2968 anathema
2528 2913 2587 2968 in
2639 2914 2825 2984 ipsum
2873 2917 3228 2985 pronuntiat.
3281 2918 3392 2972 Nec
3425 2916 3530 2972 hoc
3569 2917 3776 2973 Romae

2106 3001 2510 3069 pronuntiasse
2540 3007 2865 3074 contentus,
2899 3005 3241 3061 sententiam
3269 3019 3431 3063 suam
3460 3007 3528 3062 ad
3562 3021 3773 3063 omnes

2102 3088 2304 3145 Galliae
2351 3094 2408 3146 et
2451 3091 2769 3148 Germaniae
2812 3094 3109 3164 episcopos
3153 3095 3461 3167 Pontigone
3512 3110 3774 3168 congre-

2107 3183 2287 3252 gatos,
2322 3179 2560 3251 litisque
2605 3196 2929 3252 processum
2981 3184 3162 3240 mittit
3219 3199 3316 3254 per
3357 3185 3568 3257 legatos
3597 3199 3766 3256 suos,

2047 3318 2068 3339 η
2107 3281 2317 3338 eosque
2357 3269 2620 3327 hortatur
2651 3275 2715 3326 ut
2752 3273 3093 3328 sententiam
3124 3287 3284 3330 suam
3337 3288 3435 3344 per
3461 3274 3772 3330 universas

2106 3357 2380 3414 dimceses
2426 3372 2560 3415 suas
2590 3359 2877 3430 publicari
2909 3368 3129 3432 curent,
3164 3369 3230 3418 ut
3275 3363 3466 3420 videre
3488 3370 3576 3418 est
3608 3378 3767 3432 pra:-

2104 3449 2255 3501 terea
2283 3452 2416 3502 tom.
2452 3449 2523 3502 Ill
2551 3447 2962 3519 Conciliorum,
2999 3465 3050 3520 p.
3088 3464 3128 3519 ι,
3161 3465 3210 3505 c.
3239 3449 3292 3521 5,
3327 3450 3567 3506 concilii
3601 3452 3768 3507 Pon-

2104 3535 2440 3606 tigonensis.
2473 3538 2611 3593 Cum
2642 3542 2831 3594 autem
2862 3539 3167 3596 Formosus
3197 3545 3254 3596 et
3286 3541 3598 3596 criminum
3633 3543 3764 3611 ejus

2101 3630 2394 3682 consortes
2425 3627 2480 3682 in
2528 3627 2876 3684 criminibus
2929 3634 2985 3685 et
3033 3631 3391 3686 contumacia
3424 3644 3766 3700 persevera-

2102 3719 2246 3784 rent,
2286 3716 2528 3771 Joannes
2570 3715 2703 3788 VIll,
2737 3717 2970 3774 biennio
3003 3725 3146 3789 post,
3181 3721 3382 3775 Trecas
3415 3722 3473 3774 in
3504 3719 3757 3776 Galliam

2099 3803 2272 3873 venit,
2307 3803 2406 3859 ubi
2434 3812 2774 3878 congregata
2807 3808 3022 3876 synodo
3052 3808 3448 3878 episcoporum
3475 3807 3681 3864 Galliae
3705 3814 3766 3864 et

2099 3892 2354 3964 Belgicae,
2392 3895 3038 3951 excommunicationem
3085 3896 3144 3951 in
3190 3899 3525 3954 Formosum
3579 3912 3761 3955 reno-

2094 3986 2206 4043 vat.
2239 3985 2295 4036 et
2324 3982 2820 4039 consentientibus
2844 3988 3017 4054 atque
3039 3983 3546 4042 subscribentibus
3566 3988 3758 4042 omni-

2093 4067 2200 4124 bus
2237 4070 2546 4141 episc0pis,
2579 4084 2701 4127 eam
2731 4071 2938 4128 iterum
2980 4072 3102 4142 ipse
3133 4072 3440 4140 fulminat;
3476 4080 3540 4130 ut
3571 4076 3759 4148 legere

2090 4163 2175 4212 est
2222 4159 2371 4229 apud
2416 4160 2666 4227 Aimon.,
2729 4161 2770 4216 l.
2828 4176 2884 4232 v,
2937 4176 2987 4218 c.
3036 4159 3124 4232 37,
3173 4169 3231 4218 et
3275 4170 3408 4219 tom.
3463 4166 3535 4220 IIl
3579 4165 3750 4220 Cone.

2087 4246 2310 4318 Galli:e,
2346 4249 2404 4302 in
2433 4262 2592 4304 conc.
2626 4249 2872 4306 Tricass.
2909 4264 2992 4322 x1,
3015 4265 3063 4306 c.
3096 4247 3147 4306 4.
3183 4251 3481 4308 Scribebat
3514 4253 3756 4324 insuper

2091 4335 2238 4391 idem
2285 4335 2540 4406 pontifex
2583 4338 2654 4394 ad
2716 4340 2906 4395 varios
2950 4341 3376 4410 provinciarum
3435 4351 3751 4414 magnates,

2091 4429 2158 4480 ut
2198 4446 2224 4477 (ί
2266 4438 2299 4480 a
2349 4428 2642 4484 consortio
2708 4429 2966 4485 Formosi
3023 4430 3490 4486 anathematizati
3530 4450 3554 4482 υ
3603 4431 3755 4487 dili-

2088 4518 2283 4586 genter
2320 4515 2432 4570 sibi
2473 4523 2752 4588 caverent,
2799 4524 2864 4573 ut
2903 4518 3098 4574 videre
3147 4526 3233 4575 est
3283 4519 3528 4590 epistola
3577 4521 3751 4577 istius

2086 4603 2376 4671 pontificis
2395 4601 2519 4661 305.

2155 4692 2526 4763 Opponebant
2555 4695 2822 4765 equidem
2841 4695 3120 4769 Formosi,
3151 4696 3428 4765 fautores,
3457 4699 3746 4754 Marinum

2088 4795 2310 4852 papam,
2367 4783 2603 4839 Joannis
2652 4786 2768 4840 VIII
2819 4799 3228 4857 successorem,
3277 4787 3350 4842 ab
3382 4789 3748 4844 anathemate

2085 4871 2415 4928 Formosum
2444 4871 2775 4942 absolvisse,
2826 4880 2881 4930 et
2911 4875 3218 4932 ordinibus
3247 4877 3374 4932 suis
3403 4883 3582 4947 atque
3615 4878 3746 4947 epi-

2087 4961 2344 5030 scopatui
2379 4961 2810 5034 redintegrasse.
2858 4964 2961 5019 Sed
2995 4965 3278 5035 quidquid
3309 4966 3387 5021 sit
3415 4966 3487 5022 de
3521 4967 3625 5022 hac
3655 4967 3747 5023 ab-

2086 5049 2395 5120 solutione,
2447 5051 2779 5123 regerebant
2829 5057 3098 5121 praeterea
3142 5055 3392 5110 Formosi
3423 5057 3741 5112 adversarii

2085 5153 2214 5195 eum
2243 5140 2443 5211 inique
2472 5147 2526 5195 et
2568 5147 2766 5196 contra
2795 5155 3041 5198 canones
3073 5157 3408 5212 procurasse
3437 5149 3500 5199 ut
3538 5158 3574 5200 a
3612 5146 3742 5202 sede

2086 5229 2384 5284 Portuensi
2417 5229 2485 5284 ad
2527 5230 2834 5286 Romanam
2883 5231 3310 5302 transferretur,
3341 5234 3491 5303 quod
3542 5235 3742 5291 hacte—

2087 5331 2196 5375 nus
2244 5331 2536 5388 nunquam
2588 5319 2646 5374 in
2701 5320 2805 5375 hac
2852 5321 2983 5377 sede
3022 5321 3232 5378 factum
3293 5323 3498 5380 fuerat.
3534 5327 3744 5381 Omnes

2083 5409 2240 5466 enim
2277 5409 2574 5478 pontifices
2608 5410 2676 5465 ad
2722 5411 3055 5467 Formosum
3088 5426 3270 5483 usque
3294 5413 3458 5470 electi
3504 5413 3742 5472 fuerunt

2082 5513 2150 5554 ex
2178 5498 2441 5554 diaconis
2487 5504 2544 5553 et
2583 5498 2931 5570 presbyteris
2977 5501 3267 5558 Romanis.
3312 5503 3544 5560 Crimen
3592 5505 3736 5562 illud

2080 5588 2480 5647 translationis
2525 5589 2892 5662 episcopalis,
2947 5591 3220 5648 Romanis
3265 5592 3528 5649 moribus
3573 5595 3740 5665 plane
