4068 6178
279 250 424 311 4057

841 251 1109 308 AUXILII
1145 251 1236 308 DE
1272 248 1503 308 ORDIN.
1548 253 1595 310 Α
1629 239 1956 310 FORMOSO
1994 252 2095 308 PP.
2139 252 2372 308 FACTIS
2411 253 2588 310 LIBRI
2623 253 2784 310 DUO.
2821 283 2894 296 —
2932 253 3148 311 PRJEF.

3569 251 3709 312 4058

278 379 561 447 insolens,
604 375 946 449 aggravabat
989 377 1243 434 Formosi
1281 378 1714 449 jusjurandum,
1740 393 1852 449 quo
1875 392 1935 435 se
1961 380 2017 441 A
2063 377 2396 434 dilacerant.
2426 377 2589 434 Actio
2622 378 2732 434 ista
2773 392 2979 448 anceps
3021 382 3127 449 est,
3159 382 3213 434 et
3257 393 3359 449 pro
3383 378 3542 436 vario
3580 393 3707 436 con-

277 479 580 538 nunquam
605 467 839 520 Romam
859 465 1178 521 rediturum
1207 479 1364 536 papae
1383 469 1582 524 Joanni
1605 467 1939 524 solemniter

277 556 645 628 promiserat.
665 556 787 610 Non
810 560 1030 610 tantum
1047 560 1236 611 autem
1257 557 1522 621 redierat,
1547 572 1742 614 verum
1763 559 1935 614 etiam

277 646 680 717 pontiﬁcatum
752 642 1048 712 ambierat,
1104 651 1159 700 et
1219 645 1566 702 obtinuerat.
1626 649 1736 703 Nec
1815 647 1940 703 sine
1977 689 1996 705 ρ

276 735 543 804 exemplo
562 731 956 790 ordinationes
987 733 1238 789 Formosi
1269 735 1567 792 iterarunt.
1604 737 1937 806 Exemplum

273 823 552 894 Stephani
597 823 664 877 IV
695 835 755 876 se
804 821 965 890 sequi
1023 823 1428 894 praatexebant,
1491 827 1590 896 qui
1626 829 1937 881 convocato

281 925 489 984 magno
515 909 765 967 concilio
800 909 1091 980 Italorum,
1124 909 1490 980 Francorum,
1533 918 1588 968 et
1619 913 1941 970 Germano-

280 1017 411 1060 rum
443 1001 866 1072 episcoporum,
893 1013 1024 1055 cum
1059 1000 1314 1057 omnium
1341 1015 1620 1058 consensu
1654 1004 1940 1060 Constan—

277 1092 394 1148 tini
444 1104 600 1161 papze
645 1089 1064 1146 ordinationem
1112 1090 1334 1146 irritam
1382 1097 1437 1147 et
1479 1106 1694 1149 cassam
1741 1094 1938 1150 decla-

281 1181 454 1250 ravit,
501 1193 566 1235 eo
616 1180 766 1250 qucd
807 1193 938 1234 cum
982 1178 1168 1234 laicus
1209 1186 1376 1250 esset,
1435 1183 1502 1238 ad
1543 1183 1937 1253 pontiﬁcatum

279 1270 502 1328 electus
526 1267 732 1338 fuerat,
756 1272 811 1322 et
834 1268 1034 1337 paucis
1051 1267 1277 1340 diebus,
1299 1270 1480 1327 nullis
1508 1286 1680 1343 prape
1700 1273 1941 1329 servatis

281 1358 646 1428 interstitiis,
680 1370 875 1413 omnes
895 1356 1127 1413 ordines
1153 1365 1498 1430 susceperat.
1531 1363 1643 1417 Nec
1671 1362 1943 1419 Constan-

282 1447 396 1503 tini
428 1446 834 1518 degradatione
858 1447 1110 1503 contenti
1143 1447 1394 1520 fuerunt,
1430 1450 1526 1505 sed
1549 1451 1719 1506 etiam
1744 1465 1941 1509 omnes

283 1537 387 1608 qui
417 1536 490 1592 ab
531 1550 596 1592 eo
626 1536 878 1592 ordinati
920 1535 1164 1604 fuerant,
1197 1537 1344 1593 nihil
1376 1552 1442 1594 ex
1486 1553 1548 1596 ea
1576 1541 1942 1598 ordinatione

281 1628 625 1681 consecutos
657 1638 779 1681 esse
820 1625 1206 1697 declararunt,
1242 1627 1368 1682 ideo
1409 1628 1616 1684 iterum
1658 1630 1942 1686 ordinan—

2065 471 2262 537 spectu
2301 466 2513 522 variam
2545 471 2600 522 et
2624 467 2968 523 contrariam
3000 467 3244 537 speciem
3291 467 3501 524 induit.
3543 469 3707 525 Certo

2054 561 2361 626 conspectu
2410 561 2682 626 spectata,
2740 556 3014 625 crudelis,
3073 556 3404 624 inhumana,
3467 557 3706 614 barbara

2051 643 2297 701 videtur.
2351 645 2616 716 Plerique
2653 660 2848 703 omnes
2890 645 3155 701 historici
3185 647 3285 717 qui
3337 646 3614 702 hactenus
3637 648 3708 703 de

2052 733 2156 790 hac
2179 735 2406 791 actione
2436 735 2813 805 scripserunt,
2845 747 2965 790 eam
2999 734 3236 790 sinistre
3266 741 3705 806 conspexerunt,

2052 823 2292 895 ideoque
2343 825 2664 895 pontiﬁcem
2688 823 3035 894 Stephanum
3069 823 3391 880 innumeris
3435 826 3708 882 convitiis

2053 913 2211 970 nulla
2229 918 2397 970 tantae
2420 914 2726 985 dignitatis
2746 913 2938 969 habita
2954 912 3266 968 reverentia
3281 914 3705 987 prosciderunt,

2047 1003 2120 1059 At
2140 1003 2190 1058 si
2213 1003 2329 1059 alio
2369 1008 2702 1074 conspectu,
2731 1015 2909 1073 eoque
2937 1003 3192 1074 dextero,
3227 1003 3360 1073 qnis
3388 1017 3510 1059 eam
3563 1020 3711 1062 con-

2050 1091 2373 1164 templetur,
2399 1093 2576 1164 justa,
2600 1098 2654 1147 et
2680 1105 2870 1148 severa
2903 1092 3088 1163 legum
3128 1091 3452 1149 observatio
3475 1109 3711 1164 appare-

2050 1180 2155 1250 bit,
2187 1180 2456 1252 zelusque
2487 1195 2587 1252 pro
2617 1180 2927 1250 disciplina
2953 1180 3344 1237 ecclesiastica
3375 1184 3708 1253 suscipien-

2048 1269 2192 1338 dus;
2228 1283 2339 1326 non
2359 1285 2523 1326 secus
2544 1284 2609 1326 ac
2630 1270 2672 1325 ii
2696 1270 3006 1326 laudantur
3023 1271 3122 1341 qui
3151 1271 3297 1326 viris
3315 1271 3704 1344 principibus,

2049 1364 2149 1414 aut
2178 1360 2458 1430 cognatis,
2488 1365 2660 1429 atque
2689 1359 2859 1414 etiam
2900 1359 3042 1415 ﬁliis
3074 1359 3340 1417 sontibus
3372 1374 3483 1417 non
3517 1375 3711 1432 peper-

2051 1453 2271 1519 cerunt,
2305 1449 2399 1504 sed
2431 1449 2501 1504 de
2529 1463 2725 1504 eorum
2752 1449 3101 1505 criminibus
3127 1451 3290 1519 juxta
3323 1450 3474 1522 leges
3505 1453 3708 1507 vindi-

2051 1540 2198 1591 ctam
2227 1542 2613 1607 sumpserunt.
2638 1537 2844 1592 Verum
2866 1537 2975 1593 ista
2996 1538 3054 1592 in
3079 1538 3264 1594 medio
3288 1539 3702 1611 relinquamus,

2053 1626 2243 1681 neutri
2299 1627 2700 1696 pratjudicium
2750 1625 3054 1698 facientes;
3093 1641 3191 1697 per
3240 1641 3342 1683 nos
3383 1627 3462 1682 sit
3504 1628 3608 1684 hac
3649 1629 3709 1684 in

280 1715 390 1770 dos
427 1728 570 1784 esse,
614 1715 661 1770 si
699 1714 966 1770 Ecclesiae
1014 1715 1229 1785 quibus
1270 1716 1545 1773 destinati
1587 1717 1815 1775 fuerant
1844 1735 1940 1777 eos
1969 1711 2020 1771 Β
2051 1729 2223 1772 causa
2250 1716 2568 1788 unicuique
2597 1716 2740 1772 velle
2770 1731 2939 1772 suum
2982 1721 3038 1771 et
3066 1722 3422 1786 conspectus.
3468 1719 3581 1773 Hoc
3609 1731 3712 1773 so—

283 1804 574 1859 instanter
618 1808 887 1872 peterent.
922 1805 1024 1860 His
1071 1809 1127 1860 et
1163 1805 1460 1862 similibus
1499 1810 1855 1879 argumentis
1885 1816 1941 1867 et

283 1892 566 1962 exemplis
590 1892 890 1962 pontiﬁces
921 1892 1009 1948 illi
1033 1907 1236 1950 ausum
1272 1909 1441 1952 suum
1471 1895 1792 1954 tuebantur.
1832 1900 1942 1955 Ni-

251 2001 266 2009 -
287 1981 562 2036 tebantur
595 1979 785 2037 forsan
817 1981 954 2037 aliis
984 1983 1310 2039 rationibus
1341 1997 1482 2055 quas
1506 1985 1779 2043 Auxilius
1811 2003 1942 2058 prae-

289 2071 450 2131 terit.
483 2076 680 2140 utpote
707 2071 950 2127 istorum
984 2071 1316 2141 pontiﬁcum
1343 2075 1723 2131 adversarius.

363 2161 477 2216 Nec
515 2163 600 2216 est
641 2161 710 2216 de
739 2159 861 2216 illis
891 2160 1420 2218 reordinationibus
1457 2168 1512 2220 et
1544 2168 1948 2236 superordina-

289 2247 553 2304 tionibus
572 2249 970 2320 judicandum,
998 2254 1061 2305 ut
1087 2251 1618 2320 nuncjudicaretur
1644 2272 1658 2324 ;
1688 2257 1938 2313 nondum

287 2339 446 2394 enim
479 2339 537 2394 in
571 2352 685 2393 rem
709 2339 1023 2408 judicatam
1051 2341 1381 2411 transierat,
1413 2346 1470 2398 et
1497 2343 1556 2399 in
1590 2344 1721 2400 ﬁdei
1753 2348 1943 2404 catho-

289 2427 420 2483 lica:
465 2427 712 2495 axioma,
774 2428 1090 2500 quamlibet
1137 2431 1559 2488 ordinationem
1626 2437 1940 2492 secundum

288 2515 558 2572 Ecclesia:
612 2517 788 2572 ritum
860 2517 930 2572 ab
986 2519 1253 2589 episcopo
1309 2521 1622 2577 secundum
1681 2524 1939 2580 eumdem

250 2606 472 2661 -ritum
517 2607 782 2663 ordinato
829 2606 1190 2680 celebratam,
1237 2609 1484 2666 validam
1516 2625 1640 2667 esse
1687 2618 1742 2668 et
1782 2613 1942 2671 nullo

287 2708 430 2751 casu
479 2695 813 2751 iterandam.
870 2696 1053 2752 Varia:
1099 2704 1260 2753 erant
1289 2703 1343 2754 et
1395 2701 1696 2758 contraria;
1739 2703 1809 2758 de
1839 2705 1943 2759 hac

289 2798 355 2840 re
405 2785 765 2852 traditiones,
816 2785 988 2842 varia:
1035 2785 1477 2860 observationes,
1523 2791 1681 2846 varia
1719 2796 1775 2847 et
1800 2806 1945 2848 con-

286 2874 471 2929 traria
496 2873 792 2930 doctorum
831 2888 1118 2945 responsa.
1153 2878 1305 2933 Hanc
1329 2879 1659 2936 varietatem
1703 2881 1942 2937 eviden-

291 2963 518 3018 tissime
546 2967 603 3018 et
633 2963 758 3019 luce
803 2964 1121 3021 meridiana
1145 2965 1363 3024 clarius
1397 2969 1601 3024 docent
1629 2969 1688 3024 hi
1733 2970 1937 3040 libelli,

2052 1805 2171 1861 lum
2193 1805 2362 1860 velim
2389 1806 2654 1861 lectorem
2677 1807 2967 1874 adnotare,
2992 1810 3174 1862 totum
3193 1807 3344 1862 istud
3376 1806 3708 1876 pontiﬁcum

2052 1893 2363 1950 dissidium
2395 1895 2462 1950 ad
2497 1894 2661 1950 ﬁdem
2695 1894 2854 1950 nullo
2883 1895 3048 1950 modo
3090 1900 3398 1965 spectasse.
3435 1897 3560 1952 Duo
3593 1902 3713 1952 tan-

2056 1987 2173 2038 tum
2222 1983 2511 2053 spectabat
2557 1997 2682 2053 quae
2719 1983 3014 2040 hominum
3067 1983 3505 2054 opinationibus
3549 1989 3710 2040 erant

2053 2071 2320 2142 obnoxia,
2353 2085 2595 2142 quorum
2627 2085 2803 2127 unum
2840 2072 2899 2126 in
2932 2072 3246 2142 quaestione
3278 2072 3561 2144 singulari
3594 2085 3710 2128 ver-

2054 2159 2307 2231 sabatur,
2362 2174 2434 2215 an
2474 2160 2727 2216 Formosi
2755 2161 2823 2215 ad
2872 2167 3134 2230 papatum
3178 2161 3460 2230 promotio
3504 2160 3710 2216 fuisset

2055 2249 2347 2305 canonica.
2383 2251 2520 2304 Pars
2547 2263 2657 2306 una
2709 2249 2814 2304 hoc
2844 2247 3194 2318 afﬁrmabat;
3238 2249 3479 2320 negabat
3506 2249 3708 2306 altera.

2053 2338 2309 2393 Alterum
2336 2339 2393 2394 in
2422 2339 2738 2410 quaestione
2756 2338 3088 2409 universali,
3109 2339 3203 2394 sed
3221 2339 3472 2395 nondum
3492 2339 3705 2409 decisa,

2053 2431 2109 2481 et
2136 2428 2323 2483 edicto
2350 2427 2729 2497 peremptorio
2759 2427 3089 2483 conﬁrmata
3113 2441 3185 2482 an
3217 2428 3519 2497 episcopus
3542 2428 3708 2498 depo-

2052 2517 2202 2572 situs
2223 2521 2278 2570 et
2307 2517 2651 2587 degradatus
2686 2516 2872 2573 valide
2892 2517 3123 2572 ordines
3153 2516 3454 2573 conferret.

2123 2605 2438 2660 Monendus
2474 2618 2535 2660 es
2565 2611 2834 2675 praeterea
2865 2605 3061 2675 lector,
3100 2606 3375 2661 nonnulla
3405 2619 3528 2661 esse
3555 2606 3706 2675 apud

2024 2694 2206 2750 'hunc
2262 2699 2552 2750 auctorem
2623 2710 2748 2765 qua:
2796 2695 3086 2751 evidenter
3132 2707 3164 2750 a
3223 2695 3462 2750 veritate
3521 2695 3709 2750 aliena

2053 2788 2209 2839 sunt.
2240 2783 2320 2838 Iis
2352 2788 2539 2838 notam
2570 2784 2799 2840 inurere
2824 2785 2966 2839 satis
2989 2787 3144 2854 esto;
3177 2797 3305 2840 nam
3336 2785 3404 2840 ad
3445 2798 3509 2841 ea
3549 2783 3714 2841 refu-

2054 2872 2225 2927 tanda
2274 2871 2508 2943 longum
2548 2886 2864 2928 sermonem
2896 2877 3103 2942 texere,
3150 2877 3300 2929 esset
3326 2888 3358 2930 a
3402 2887 3573 2944 scopo
3601 2887 3713 2929 no-

2054 2965 2174 3016 stro
2233 2960 2569 3032 longissime
2624 2961 2908 3017 aberrare.
2980 2961 3100 3016 Lib.
3161 2977 3203 3033 1,
3265 2977 3314 3019 c.
3368 2960 3455 3034 ll,
3509 2962 3709 3019 Osium

291 3065 395 3108 nec
419 3053 891 3123 disceptationem
917 3054 1066 3110 inter
1082 3069 1180 3112 eos
1197 3057 1266 3112 de
1284 3059 1551 3114 ordinum
1578 3059 1942 3116 exsecutione
1971 3047 2021 3111 C
2053 3054 2284 3104 accusat
2331 3049 2768 3114 Novatianismi,
2815 3055 2868 3105 et
2912 3051 3185 3107 adversus
3232 3065 3362 3107 eum
3418 3053 3713 3108 invehitur

291 3146 516 3197 tantum
565 3141 762 3214 fuisse,
793 3144 888 3199 sed
941 3145 1126 3214 primo
1164 3152 1218 3202 et
1277 3147 1678 3217 principaliter
1720 3149 1790 3204 de
1818 3150 1942 3220 ipsa

288 3231 562 3287 ordinum
601 3231 942 3289 substantia.
992 3234 1293 3292 Communi
1327 3237 1590 3306 equidem
1635 3240 1939 3304 sententia,

289 3327 570 3391 quantum
610 3335 678 3377 ex
721 3335 917 3379 eorum
960 3324 1106 3380 actis
1134 3324 1404 3396 colligere
1432 3331 1537 3396 est,
1570 3341 1765 3384 omnes
1795 3327 1946 3384 fate-

290 3409 508 3466 bantur
526 3411 918 3469 ordinationes
953 3414 1268 3470 secundum
1296 3416 1628 3487 praescripta
1659 3431 1941 3474 canonum

289 3505 349 3554 et
376 3499 656 3556 librorum
687 3501 1005 3558 Ritualium
1048 3503 1119 3558 ab
1148 3504 1437 3576 episcopis
1461 3505 1767 3563 catholicis
1790 3507 1946 3564 cele—

291 3588 506 3654 bratas,
558 3603 850 3661 nunquam
891 3605 1015 3648 esse
1058 3594 1408 3663 repetendas.
1464 3595 1568 3651 Sed
1628 3597 1698 3652 de
1744 3597 1946 3654 multis

290 3679 715 3748 quaestionibus
761 3694 887 3750 quae
919 3681 977 3736 in
1011 3682 1114 3738 hac
1145 3685 1380 3740 materia
1408 3684 1531 3740 ﬁeri
1567 3686 1752 3742 solent
1777 3688 1946 3743 variae

288 3773 455 3824 erant
501 3769 815 3840 sententiae,
867 3785 993 3841 quae
1022 3785 1122 3827 nec
1168 3773 1270 3829 illo
1310 3774 1540 3846 saeculo,
1578 3789 1680 3832 nec
1719 3777 1948 3835 duobus

290 3857 666 3928 sequentibus
703 3859 1106 3916 universaliter
1127 3861 1379 3918 deﬁnitae
1409 3869 1564 3934 sunt,
1606 3871 1663 3921 et
1690 3867 1816 3925 ideo
1843 3882 1948 3925 va-

291 3948 395 4002 riae
442 3947 512 4002 de
565 3948 658 4004 his
706 3947 877 4004 rebus
929 3949 1200 4020 leguntur
1267 3952 1712 4012 observationes.
1775 3959 1941 4014 Verbi

289 4037 498 4107 gratia,
527 4049 597 4091 an
619 4037 908 4093 ordinatio
946 4045 1144 4095 contra
1175 4053 1421 4098 canones
1463 4051 1738 4114 usurpata
1797 4055 1945 4104 esset

288 4127 618 4196 ordinatio;
645 4139 715 4182 an
741 4128 1045 4198 episcopus
1068 4129 1388 4202 depositus,
1417 4131 1778 4208 degradatus,
1803 4137 1941 4193 etad

289 4217 752 4272 communionem
807 4217 1010 4274 laicam
1051 4219 1376 4292 damnatus,
1422 4223 1689 4280 ordinare
1732 4232 1939 4294 posset.

287 4306 421 4362 Alia
463 4312 626 4362 erant
671 4306 870 4378 dubia,
931 4309 1026 4365 sed
1060 4308 1177 4366 haec
1219 4310 1335 4367 duo
1385 4311 1746 4381 potissimum
1779 4313 1945 4371 illius

2055 3142 2304 3210 quatuor
2333 3140 2731 3211 sequentibus,
2775 3139 3085 3211 capitibus,
3118 3145 3180 3195 ut
3222 3146 3279 3195 et
3315 3155 3363 3195 c.
3393 3138 3465 3195 23
3496 3141 3598 3196 lib.
3642 3155 3706 3212 ιι,

2053 3241 2119 3284 eo
2151 3228 2299 3297 quod
2331 3241 2546 3284 canone
2591 3227 2613 3283 4
2668 3234 2722 3284 et
2758 3226 2794 3284 2
2820 3229 3056 3284 concilii
3101 3229 3460 3286 Sardicensis
3489 3231 3711 3287 dixisse

2054 3316 2319 3390 refertur,
2361 3318 2629 3388 episcopo
2682 3318 2783 3388 qui
2825 3317 3014 3374 sedem
3061 3319 3365 3374 mutaverit
3410 3317 3613 3376 fraude
3654 3326 3711 3374 et

2055 3409 2308 3464 mercede
2365 3408 2582 3478 aliqua,
2639 3407 2776 3463 licet
2829 3407 3254 3464 excusationem
3301 3407 3498 3464 afferat
3556 3409 3705 3480 quod

2055 3498 2214 3569 plebs
2263 3512 2393 3553 eum
2425 3498 2749 3570 expetierit,
2807 3511 2876 3554 ne
2925 3497 3127 3554 laicam
3162 3498 3392 3568 quidam
3445 3511 3711 3554 commu-

2056 3589 2280 3645 nionem
2313 3601 2436 3644 esse
2457 3589 2892 3645 concedendam.
2924 3588 2995 3644 At
3016 3592 3197 3644 totum
3229 3588 3540 3645 concilium
3571 3589 3711 3645 Sar-

2055 3680 2306 3748 dicense,
2354 3678 2502 3750 quod
2543 3679 2700 3734 velut
2738 3678 3062 3735 universale
3108 3685 3373 3735 censetur
3426 3683 3483 3734 et
3531 3693 3707 3735 unum

2057 3783 2187 3826 cum
2227 3768 2476 3825 concilio
2510 3767 2756 3824 Nicaeno.
2797 3766 2921 3824 Osii
2971 3769 3310 3824 sententiam
3353 3768 3631 3839 approbat
3656 3775 3711 3825 et

2057 3859 2389 3929 conﬁrmat;
2419 3871 2520 3914 nec
2545 3857 2633 3913 illi
2664 3859 2780 3914 duo
2800 3871 3046 3915 canones
3079 3858 3203 3914 Osii
3235 3871 3358 3915 esse
3378 3864 3706 3928 censentur,

2057 3951 2151 4007 sed
2194 3950 2450 4007 concilii.
2483 3969 2509 3999 α
2551 3949 2811 4004 Placetne
2854 3948 2959 4006 hoc
2985 3947 3303 4004 omnibus?
3330 3947 3539 4004 Omnes
3582 3948 3715 4018 epi-

2056 4039 2212 4110 scopi
2243 4040 2552 4096 dixerunt:
2587 4038 2794 4094 Placet.
2822 4056 2848 4088 »
2881 4037 3096 4094 Deinde
3124 4037 3324 4093 modus
3345 4051 3460 4108 quo
3491 4050 3710 4108 poenam

2056 4129 2214 4185 illam
2256 4128 2528 4199 inﬂigunt
2577 4129 2789 4197 Patres,
2839 4129 3175 4184 adversatur
3203 4140 3232 4183 e
3269 4127 3550 4184 diametro
3590 4127 3713 4182 ha:-

2057 4219 2168 4275 resi
2221 4219 2685 4274 Novatianorum.
2739 4216 3003 4273 Ostendit
3047 4218 3199 4273 enim
3232 4217 3375 4272 hanc
3408 4230 3583 4287 parum
3613 4217 3712 4271 in-

2057 4308 2387 4378 ﬁictionem,
2429 4311 2529 4362 aut
2578 4305 2742 4362 illius
2783 4305 3203 4376 indulgentiam
3251 4319 3373 4362 esse
3404 4307 3464 4361 in
3512 4319 3706 4361 eorum

292 4397 570 4466 temporis
595 4396 894 4467 pontiﬁces
923 4404 1284 4472 vexaverant,
1308 4405 1364 4456 et
1386 4402 1643 4473 ingentes
1658 4405 1944 4462 tumultus
1969 4405 2026 4476 D
2059 4400 2370 4469 potestate;
2415 4396 2582 4466 cuius
2623 4393 2888 4451 Veritatis
2943 4395 3169 4465 negatio
3215 4393 3705 4451 Νονᾶῑὶειηίεῐῐιυῐη

290 4484 638 4541 excitarunt.
658 4487 1144 4544 Testimoniorum
1175 4488 1246 4544 ab
1271 4488 1506 4546 Auxilio
1540 4504 1641 4560 pro
1663 4495 1946 4551 sententia

291 4587 398 4630 sua
423 4574 728 4632 allaturum
762 4590 963 4649 magna
993 4592 1124 4648 pars
1158 4592 1392 4650 scopum
1416 4592 1529 4636 non
1556 4579 1710 4655 ferit,
1747 4583 1952 4641 multa-

295 4677 406 4735 que
427 4679 672 4735 quorum
696 4665 922 4723 diversa
949 4668 1096 4724 ratio
1122 4668 1276 4725 velut
1304 4669 1451 4724 idem
1484 4678 1774 4744 sonarent,
1803 4687 1949 4730 con-

290 4753 508 4824 fundit,
541 4768 642 4810 nec
672 4768 892 4827 semper
919 4759 1184 4812 accurate
1214 4757 1356 4814 satis
1372 4760 1664 4817 examinat
1690 4775 1760 4818 an
1782 4776 1948 4835 argu-

292 4851 481 4903 menta
519 4846 733 4916 quibus
764 4847 953 4903 utitur
988 4861 1102 4902 rem
1132 4861 1239 4904 acu
1284 4852 1544 4920 tangant.
1595 4851 1802 4908 Verum
1838 4853 1946 4911 ista

291 4937 773 5006 lectorisjudicio
805 4939 1141 5008 pensitanda
1173 4938 1582 5009 relinquimus.

362 5028 428 5082 In
479 5027 749 5097 Stephani
796 5027 1087 5098 pontiﬁcis
1119 5028 1421 5100 actionem,
1479 5029 1580 5100 qui
1614 5030 1941 5088 Formosum

290 5130 495 5189 papam
546 5121 833 5173 mortuum
888 5118 947 5173 in
995 5117 1283 5188 judicium
1344 5119 1588 5190 vocavit,
1641 5121 1938 5179 exhumari

283 5207 488 5277 jussit,
511 5212 567 5262 et
587 5208 1025 5263 condemnatum
1047 5207 1304 5264 vestibus
1331 5209 1762 5278 pontiﬁcalibus
1787 5212 1940 5283 exui,

288 5295 597 5366 tribusque
620 5296 826 5368 digitis
848 5297 1162 5369 amputatis
1190 5298 1246 5354 in
1277 5298 1527 5354 Tiberim
1570 5301 1796 5374 projici,
1827 5301 1947 5372 plu-

290 5386 507 5441 rimum
541 5385 835 5443 invehitur
866 5406 878 5443 :
911 5401 1011 5443 nec
1042 5388 1164 5458 ipse
1190 5392 1433 5457 tantum,
1466 5389 1562 5444 sed
1598 5391 1943 5446 recentiores

290 5476 558 5547 plerique
601 5475 708 5533 hoc
749 5475 976 5532 facinus
1028 5476 1241 5549 tragice
1287 5481 1651 5550 exaggerant,
1705 5478 1943 5550 ideoque

291 5567 625 5640 pontiﬁcem
657 5566 822 5623 illum
866 5566 1104 5637 injuriis
1132 5573 1189 5625 et
1225 5566 1556 5639 opprobriis
1602 5575 1856 5644 onerant,
1887 5578 1945 5628 et

2059 4485 2459 4543 constituebat.

2129 4575 2572 4633 Praefatiuncula
2616 4575 2677 4630 in
2709 4573 2809 4630 lib.
2845 4586 2908 4646 ιι,
2954 4578 3010 4630 et
3040 4573 3099 4628 in
3131 4572 3521 4644 responsione,
3555 4573 3709 4628 scri-

2057 4669 2145 4725 bit
2175 4666 2431 4723 ordinem
2455 4679 2555 4735 per
2585 4677 2784 4735 puram
2815 4663 3163 4720 coactionem
3195 4667 3523 4734 susceptum
3549 4662 3712 4719 vale-

2059 4773 2138 4830 re,
2191 4757 2364 4828 idque
2393 4753 2577 4810 simili
2617 4753 2867 4810 absurdo
2913 4751 3114 4824 probat
3142 4758 3198 4808 et
3241 4753 3524 4826 illustrat;
3556 4753 3706 4824 quod

2059 4849 2265 4904 iterum
2297 4844 2502 4916 repetit
2531 4858 2654 4914 cap.
2685 4843 2892 4900 ultimo
2917 4842 3074 4898 libri.
3114 4863 3139 4896 α
3170 4843 3228 4899 Si
3262 4844 3569 4914 quispiam,
3611 4843 3712 4898 in-

2056 4939 2203 5009 quit,
2233 4935 2432 4992 nolens
2478 4935 2705 4991 credere
2745 4933 2804 4987 in
2834 4933 3128 4989 Christum
3169 4946 3267 5002 per
3294 4933 3410 4987 vim
3448 4932 3711 5003 baptiza—

2055 5033 2152 5084 tus
2191 5025 2387 5096 fuerit,
2433 5030 2490 5081 et
2529 5024 2886 5094 postmodum
2918 5023 2976 5077 in
3001 5021 3296 5078 Christum
3337 5023 3566 5079 credere
3603 5035 3704 5076 ac—

2056 5117 2324 5190 quiescit:
2342 5114 2603 5187 nunquid
2626 5113 2834 5170 iterum
2848 5111 3150 5183 baptizand
3164 5126 3228 5169 us
3240 5112 3390 5168 erit?
3404 5113 3654 5168 Minime.
3677 5128 3702 5160 ››

2051 5206 2126 5264 At
2172 5206 2454 5278 ejusmodi
2503 5203 2844 5274 baptismus,
2888 5202 2974 5258 sic
3014 5206 3070 5257 et
3122 5202 3282 5274 ordo,
3324 5201 3704 5257 characterem

2055 5313 2167 5358 non
2214 5296 2576 5367 imprimunt,
2624 5296 2688 5349 ut
2727 5293 2934 5348 docent
2968 5291 3231 5349 doctores
3275 5303 3488 5358 omnes,
3523 5294 3579 5343 et
3606 5287 3706 5342 di-

2055 5388 2374 5444 sertissime
2429 5383 2682 5440 traditur
2732 5386 2939 5452 extra,
3007 5396 3063 5438 c.
3135 5381 3370 5446 Majores
3424 5377 3694 5448 Ecclesiae,

2053 5478 2085 5550 ς
2125 5481 2257 5532 Item
2313 5477 2601 5546 queritur,
2646 5475 2717 5528 De
2763 5473 3024 5542 baptismo
3063 5474 3114 5524 et
3159 5469 3274 5535 ejus
3331 5467 3538 5532 effectu.
3594 5467 3707 5523 Nec

2056 5567 2197 5627 facit
2231 5567 2300 5623 ad
2340 5579 2457 5622 rem
2498 5563 2809 5623 infantium
2851 5560 3208 5632 baptismus;
3239 5552 3508 5628 quoniam
3553 5555 3708 5615 sicut
