4068 6178
391 225 528 284 4059
1201 223 1493 280 APPEND.
1540 223 1633 278 AD
1670 221 1833 279 SE6.
1875 219 1971 276 IX.
2003 248 2040 261 -

2149 215 2454 275 UCTORES
2490 220 2662 279 ANNI
2700 221 2990 279 INCERTI.
3673 219 3821 280 4060

389 349 515 406 sine
544 346 837 404 voluntate
867 347 1098 418 propria
1128 350 1453 418 peccarunt,
1490 347 1568 403 ita
1600 346 1726 402 sine
1754 343 2124 405 voluntateA
2158 340 2329 399 refert
2368 343 2699 417 Sigebertus
2743 347 2814 403 ad
2868 360 2960 403 an.
3007 344 3131 402 963.
3181 345 3288 403 Sed
3331 346 3606 404 Auxilius
3648 360 3824 418 argn-

390 451 496 494 sua
526 436 910 507 baptizantur,
948 440 1005 492 et
1031 434 1317 506 baptismo
1349 439 1686 507 purgantur.
2157 433 2366 489 mentis
2393 434 2852 493 adversariorum
2883 450 3134 507 pressus,
3177 435 3278 507 qui
3311 435 3437 492 Osii
3471 437 3530 492 in
3561 436 3824 493 concilio

461 524 584 580 Lib.
646 537 708 595 ιι,
765 537 886 594 cap.
957 521 1153 596 12-45,
1217 537 1415 595 parum
1472 523 1831 579 considerate
1886 519 2047 590 loqui
2154 522 2483 579 Sardicensi
2535 528 2592 578 et
2625 523 2897 593 Stephani
2941 537 3098 602 papa:
3149 523 3211 579 in
3258 523 3377 580 alio
3427 525 3680 580 concilio
3723 525 3829 580 de-

392 613 536 668 mihi
580 612 811 668 videtur
853 613 922 668 de
968 611 1296 668 obedientia
1335 626 1460 683 qua:
1511 624 1734 668 summo
1789 607 2046 679 pontiﬁci
2157 616 2308 667 creta
2347 611 2436 666 illi
2472 610 2842 684 objiciebant,
2877 613 2938 668 in
2971 613 3090 670 haec
3137 613 3494 670 incommoda
3525 627 3650 670 sese
3688 628 3831 670 con-

384 700 612 771 jubenti
661 700 918 757 debetur.
971 700 1306 772 Quanquam
1349 700 1502 756 enim
1549 700 1607 755 id
1651 697 1801 769 quod
1843 696 2050 753 scribit
2151 701 2312 773 jecit,
2343 705 2574 770 attente,
2603 706 2668 758 ut
2693 701 2986 766 debuerat,
3020 716 3134 758 non
3159 702 3304 758 satis
3331 703 3729 774 considerans,
3762 717 3830 759 se

390 804 584 846 verum
619 789 812 847 forsan
853 792 932 846 sit
963 790 1023 845 in
1058 790 1359 862 hypothesi
1397 802 1566 861 quam
1607 790 1831 858 tractat,
1862 790 2048 841 tamen
2157 804 2286 846 cum
2317 790 2454 846 Osio
2488 798 2544 846 et
2575 790 2860 861 Stephano
2891 791 3158 861 pontiﬁce
3183 805 3385 863 magna
3414 797 3472 847 et
3509 805 3830 848 numerosa

389 879 735 950 generaliter
792 879 1228 949 pronuntiatum
1282 878 1490 935 falsum
1539 883 1625 934 est
1662 884 1720 932 et
1756 874 2052 946 periculo-
2157 879 2556 950 episcoporum
2587 880 2831 937 concilia
2865 881 3262 938 condemnare.

389 981 536 1024 sum.
585 970 700 1024 Hoc
728 973 852 1024 erat
879 969 1110 1024 cautius
1147 967 1548 1038 explicandum
1580 971 1638 1022 et
1676 963 2050 1036 pronuntian'
2227 969 2480 1026 Facilius
2528 967 2720 1026 forsan
2767 971 3030 1027 excusari
3087 971 3298 1041 poterit
3343 969 3516 1042 quod,
3566 985 3693 1042 cap.
3752 967 3832 1026 45

387 1057 544 1114 dum.
572 1057 777 1113 Eadem
806 1058 952 1113 ratio
990 1061 1078 1113 est
1097 1056 1501 1113 distinctionis
1545 1068 1713 1126 quam
1754 1053 1892 1108 facit
1920 1065 2041 1122 cap.

390 1145 478 1216 48,
520 1146 622 1202 lib.
657 1161 696 1202 ιι
729 1147 880 1202 inter
912 1146 1284 1216 apostolicam
1327 1147 1513 1202 sedem
1558 1151 1614 1201 et
1663 1145 1720 1199 in
1747 1157 1812 1200 ea
1858 1141 2048 1214 praesi-

385 1234 627 1306 dentes;
686 1236 918 1291 cautius
964 1239 1085 1290 erat
1135 1235 1491 1305 explicanda.
1560 1234 1838 1289 Prmtextu
1891 1231 2045 1286 enim

389 1323 627 1380 honoris
678 1323 1051 1380 conservandi
1101 1324 1308 1380 throno
1356 1323 1670 1393 apostolico
1705 1320 1912 1389 debiti,
1954 1320 2047 1374 ha-

387 1410 544 1468 benae
592 1412 861 1469 laxantur
924 1412 1417 1471 conviciatoribus
1481 1411 1836 1483 pontiﬁcum,
1895 1409 2048 1465 unde

388 1502 711 1559 necessario
752 1507 808 1559 et
862 1502 1154 1559 evidenter
1199 1502 1459 1560 convicia
1515 1501 1573 1557 in
1618 1501 1806 1557 sedem
1860 1499 2042 1569 ipsam

389 1590 781 1648 reflectuntur.

2155 1062 2211 1114 et
2236 1055 2326 1131 27,
2368 1057 2470 1114 lib.
2527 1072 2566 1128 ι,
2598 1065 2654 1114 et
2699 1072 2820 1129 cap.
2854 1056 2906 1128 4,
2964 1058 3066 1115 lib.
3119 1074 3182 1130 ιι,
3229 1059 3518 1116 Liberium
3569 1059 3832 1130 pontiﬁ—

2154 1161 2274 1204 cem
2321 1147 2650 1205 haereticum
2692 1153 2855 1204 vocat
2883 1156 2938 1206 et
2973 1153 3312 1220 apostatam.
3345 1148 3601 1219 Optimos
3654 1149 3827 1204 enim

2157 1236 2325 1292 habet
2370 1243 2631 1293 auctores
2677 1237 2788 1294 sibi
2839 1238 2899 1293 in
2935 1238 3041 1294 hac
3085 1237 3426 1294 credulitate
3469 1245 3827 1308 praeeuntes,

2154 1331 2381 1383 sanctos
2427 1325 2654 1383 scilicet
2692 1327 3093 1398 Athanasium,
3155 1326 3464 1397 Hilarium,
3524 1327 3834 1397 Hierony—

2155 1429 2330 1485 mum,
2367 1419 2424 1470 et
2452 1422 2738 1472 auctorem
2795 1420 3082 1472 vetustum
3114 1415 3251 1471 libri
3282 1415 3439 1472 Vitas
3466 1415 3834 1472 Pontiﬁcum

2153 1504 2524 1574 continentis,
2564 1517 2597 1560 a
2627 1519 2740 1576 quo
2773 1505 2968 1569 hausit
3013 1504 3291 1561 Auxilius
3321 1519 3449 1575 quae
3482 1505 3551 1560 de
3574 1504 3835 1560 Liberio

2154 1590 2344 1648 refert.
2377 1593 2544 1649 Tanti
2586 1593 2698 1649 viri
2736 1593 2883 1649 hanc
2909 1593 2982 1650 de
3023 1593 3252 1650 Liberio
3303 1593 3630 1664 Opinionem
3661 1606 3835 1649 con-

456 1682 685 1738 Temere
707 1682 880 1738 etiam
930 1681 1074 1738 mihi
1104 1681 1352 1751 videtur,
1396 1694 1519 1751 cap.
1564 1677 1618 1751 4,
1665 1679 1765 1735 lib.
1817 1693 1881 1750 ιι,
1914 1673 2122 1736 con-B
2152 1686 2434 1753 ceperant,
2467 1695 2533 1738 eo
2565 1683 2714 1754 quod
2762 1682 3025 1740 Liberius
3061 1683 3233 1738 taedio
3278 1681 3475 1738 exsilii
3522 1689 3576 1738 et
3609 1695 3840 1751 perse-

385 1771 652 1828 demnare
692 1772 962 1842 Stephani
1004 1770 1297 1842 pontiﬁcis
1337 1771 1648 1827 decretum.
1697 1768 1858 1824 Nihil
1889 1769 2042 1825 enim

385 1861 456 1917 de
495 1860 870 1918 Constantino
912 1865 969 1916 et
995 1861 1121 1930 ejus
1164 1859 1633 1916 ordinationibus
1663 1858 1888 1928 statuit,
1925 1858 2041 1914 nisi

387 1950 736 2020 approbante
805 1954 861 2005 et
930 1949 1202 2005 laudante
1282 1961 1584 2004 numeroso
1641 1947 2041 2018 episcoporum

387 2039 659 2111 concilio;
719 2053 863 2111 quos
917 2039 977 2094 in
1029 2052 1150 2095 eam
1202 2052 1320 2094 rem
1370 2051 1439 2094 ex
1490 2037 1676 2107 Italia,
1726 2036 1935 2103 Gallia,
1986 2041 2043 2092 et

385 2125 690 2184 Germania
735 2133 1158 2185 convocaverat.
1192 2128 1400 2183 Omnes
1440 2127 1702 2197 pedibus,
1736 2125 2042 2181 manibus-

387 2231 498 2289 que
539 2218 765 2274 iverunt
810 2217 868 2272 in
899 2217 1170 2288 Stephani
1202 2221 1259 2274 et
1299 2216 1496 2272 clerici
1531 2217 1769 2272 Romani
1805 2221 2042 2271 senten-

390 2309 529 2364 tiam
575 2309 819 2364 Joannes
874 2307 997 2379 XII,
1048 2307 1399 2378 approbante
1463 2306 1712 2362 concilio
1766 2306 2038 2374 Romano,

386 2399 557 2455 annis
589 2398 825 2454 circiter
863 2397 1286 2469 quinquaginta
1336 2401 1462 2467 post
1498 2397 1819 2466 Auxilium,
1876 2395 2042 2467 longe

387 2488 557 2542 aliter
595 2487 776 2543 sensit
804 2488 874 2543 de
921 2487 1204 2542 sententia
1251 2485 1520 2556 Stephani
1555 2487 1640 2556 VI,
1689 2485 1748 2540 in
1773 2485 2045 2541 Constan-

387 2576 575 2631 tinum
619 2575 1060 2645 pseudopap'im.
1097 2578 1235 2630 Nam
1264 2575 1507 2630 Joannes
1533 2574 1659 2643 ejus
1691 2573 2036 2645 imitatione,

385 2669 442 2720 et
471 2665 596 2734 ejus
638 2663 785 2720 facto
834 2665 894 2719 in
928 2663 1248 2733 exemplum
1291 2664 1529 2734 prolato,
1570 2662 1819 2720 similem
1869 2677 2041 2732 pror—

386 2767 486 2809 sus
527 2753 586 2808 in
634 2754 872 2808 Leonem
903 2752 1347 2824 pseudopapam,
1403 2757 1460 2809 et
1500 2752 1571 2808 ab
1623 2766 1689 2809 eo
1719 2752 2033 2824 ordinatos,

385 2857 515 2899 cum
545 2841 800 2897 universi
832 2840 1070 2896 concilii
1106 2841 1368 2896 unanimi
1404 2854 1685 2897 consensu
1708 2841 2036 2911 pronuntia-

383 2931 470 2987 vit
497 2929 857 2986 sententiam.
893 2930 1198 2999 Postquam
1227 2929 1381 2985 enim
1421 2929 1492 2985 ab
1515 2930 1672 2986 omni
1714 2929 2039 2986 ministerio

2150 1771 2448 1828 cutionum
2497 1771 2567 1828 ab
2618 1772 2856 1829 Arianis
2899 1773 3249 1830 inﬁictarum
3279 1771 3618 1828 crudelitate
3658 1771 3835 1841 deje-

2151 1865 2298 1932 ctus,
2331 1860 2558 1917 tandem
2601 1862 2902 1918 Athanasii
2942 1862 3408 1920 condemnationi
3457 1860 3837 1931 subscripse-

2153 1950 2250 2022 rit,
2281 1951 2412 2006 licet
2441 1950 2701 2007 haeresim
2731 1951 3000 2008 Arianam
3046 1965 3342 2024 nunquam
3388 1949 3564 2008 fuerit
3593 1949 3834 2020 profes-

2150 2056 2270 2096 sus.
2302 2041 2434 2096 Tria
2463 2041 2710 2097 crimina
2755 2042 3120 2098 commiserat
3164 2041 3430 2098 Liberius
3464 2055 3588 2112 qua:
3641 2039 3830 2095 fama:

2148 2129 2218 2184 de
2246 2130 2434 2200 ipsius
2477 2130 2678 2186 hazresi
2717 2131 3038 2202 vulgandaa,
3084 2138 3147 2188 ut
3171 2131 3254 2188 ait
3278 2131 3593 2187 cardinalis
3639 2129 3834 2185 Baro-

2151 2219 2306 2289 nius,
2339 2219 2407 2276 ad
2440 2234 2652 2277 annum
2697 2218 2821 2291 357,
2873 2235 2929 2276 ιι.
2965 2219 3051 2291 42,
3099 2222 3452 2277 occasionem
3498 2220 3824 2275 dederunt.

2153 2329 2179 2360 ‹‹
2221 2309 2378 2378 Quod
2430 2311 2618 2367 victus
2670 2309 3029 2367 labefactarit
3085 2310 3489 2367 sacerdotalem
3546 2313 3832 2364 constan-

2150 2399 2311 2470 tiam,
2342 2400 2556 2470 injuste
2597 2407 2794 2458 contra
2842 2407 3100 2458 sanctum
3146 2400 3522 2456 Athanasium
3553 2398 3834 2454 subscri-

2149 2488 2370 2559 bendo;
2405 2489 2672 2560 quodque
2713 2491 3244 2560 communicaverit,
3299 2495 3362 2545 ut
3396 2489 3516 2559 ipse
3565 2487 3824 2556 fatetur,

2147 2592 2273 2634 cum
2331 2578 2454 2634 illis
2497 2593 2740 2650 quorum
2779 2579 3236 2636 communionem
3279 2580 3548 2635 hactenus
3600 2577 3833 2633 exhor.

2148 2668 2399 2739 ruisset;
2443 2668 2540 2724 sed
2571 2672 2628 2724 et
2653 2669 2803 2740 quod
2835 2669 3007 2741 etiam
3043 2668 3384 2738 professioni
3414 2668 3502 2724 illi
3533 2667 3832 2724 subscri—

2149 2757 2346 2828 pserit,
2403 2771 2530 2827 quae
2580 2757 2718 2813 licet
2763 2757 3048 2814 catholica
3091 2756 3272 2813 videri
3343 2762 3549 2828 posset,
3613 2761 3824 2812 tamen

2147 2859 2281 2903 voce
2360 2845 2464 2902 illa
2540 2847 2770 2903 Nicaana
2839 2852 3058 2904 careret
3153 2845 3823 2917 consubstantialitatis,

2149 2948 2318 3006 quam
2376 2937 2618 3006 majores
2683 2950 2880 2993 omnes
2929 2937 3204 2993 adversus
3261 2936 3522 3001 Arianos,
3595 2947 3824 3006 magna

383 3017 696 3090 episcopali
715 3031 843 3074 eum
869 3017 1157 3090 deposuit,
1189 3019 1267 3074 ita
1283 3019 1353 3074 de
1384 3019 1461 3074 iis
1481 3034 1627 3090 quos
1654 3019 2036 3092 ordinaverat,
2067 3025 2118 3092 α
2149 3038 2367 3095 semper
2402 3024 2587 3097 gloria
2625 3024 3034 3084 defendissent.
3073 3045 3100 3078 ››
3119 3027 3302 3097 Hujus
3327 3024 3575 3082 infamiae
3604 3024 3827 3080 disse-

382 3109 619 3165 deﬁnit:
639 3127 665 3160 α
688 3109 798 3163 Eos
813 3120 946 3163 vero
960 3120 1103 3178 quos
1122 3108 1243 3178 ipse
1260 3110 1386 3179 Leo,
1408 3109 1726 3180 ne0phytus
1741 3113 1798 3165 et
1811 3109 2039 3166 invasor

384 3203 594 3252 sancta:
618 3195 916 3251 catholicae
946 3199 1002 3250 et
1024 3195 1354 3266 apostolicae
1377 3196 1642 3252 Romana:
1663 3196 1947 3266 Ecclesiae,
1978 3197 2038 3253 in

384 3285 644 3357 quolibet
692 3284 1083 3340 ecclesiastico
1137 3285 1340 3341 ordine
1392 3285 1669 3358 provexit,
1723 3287 2040 3356 apostolica

380 3379 553 3446 atque
595 3374 871 3430 canonica
898 3373 1261 3445 auctoritate,
1306 3378 1362 3430 et
1399 3375 1661 3446 synodali
1692 3375 1939 3446 decreto,
1979 3377 2037 3433 in

383 3464 696 3534 pristinum
717 3478 1046 3520 revocamus
1071 3464 1332 3536 gradum,
1362 3465 1498 3535 quia
1524 3464 1822 3521 ordinator
1840 3479 2038 3522 eorum

384 3553 534 3609 nihil
565 3553 681 3609 sibi
712 3553 934 3623 habuit,
959 3553 1110 3608 nihil
1139 3553 1262 3609 illis
1285 3553 1463 3609 dedit.
1493 3554 1656 3610 Sicut
1675 3555 1814 3611 olim
1846 3561 2039 3610 noster

384 3643 762 3712 prmdecessor
811 3643 919 3712 pia:
969 3643 1256 3698 memoriae
1299 3657 1440 3713 papa
1469 3644 1792 3714 Stephanus
1819 3652 2041 3700 senten-

382 3733 521 3787 tiam
549 3732 687 3788 tulit
713 3731 784 3787 de
812 3732 888 3786 iis
925 3732 1026 3802 qui
1058 3731 1309 3787 ordinati
1355 3731 1582 3788 fuerant
1606 3747 1638 3788 a
1661 3733 2037 3790 Constantino

382 3821 628 3891 quodam
665 3820 947 3889 neaphyto
988 3826 1044 3876 et
1090 3820 1350 3876 invasere
1388 3827 1597 3876 sanctae
1634 3823 1788 3878 sedis
1819 3829 2039 3893 aposto-

381 3908 528 3979 licae,
560 3913 615 3963 et
649 3907 1006 3976 postmodum
1038 3908 1313 3978 quosdam
1345 3921 1541 3966 eorum
1576 3909 1692 3966 sibi
1727 3910 2037 3981 placabiles

381 3996 740 4066 presbyteros
789 4001 890 4052 aut
935 3996 1210 4052 diaconos
1259 4000 1693 4057 consecravit.»
1743 4002 2036 4060 Sententia

377 4092 567 4141 autem
593 4085 777 4156 prima
806 4085 1042 4142 concilii
1072 4087 1132 4142 in
1158 4088 1455 4146 ordinatos
1492 4104 1525 4146 a
1551 4092 1733 4148 Leone
1762 4093 2039 4150 schisma-

380 4175 514 4245 tico,
566 4189 667 4231 seu
723 4176 856 4246 Vlll,
899 4175 1013 4232 lata
1058 4175 1244 4235 fuerat
1291 4193 1407 4252 qua
1433 4181 1564 4237 data
1599 4183 1843 4238 Joannes
1892 4196 2034 4254 papa

381 4286 407 4318 (ι
440 4265 710 4336 praecepit
741 4265 962 4338 ingredi
999 4280 1094 4324 eos
1135 4268 1194 4323 in
1224 4269 1540 4327 concilium
1571 4284 1700 4326 cum
1738 4271 2037 4328 vestimen-

2149 3115 2519 3171 minationem
2561 3129 2671 3172 non
2711 3130 2911 3187 parum
2959 3117 3126 3173 auxit
3154 3115 3445 3186 oppositio
3474 3127 3645 3185 quam
3679 3113 3825 3169 cle—

2149 3217 2249 3258 rus
2270 3204 2558 3260 Romanus
2594 3205 2739 3262 duce
2772 3206 3034 3276 Damaso,
3067 3211 3124 3260 et
3147 3204 3300 3260 cives
3329 3203 3564 3259 Romani
3588 3201 3824 3257 catho-

2149 3291 2249 3347 lici
2301 3306 2475 3363 prope
2512 3307 2709 3350 omnes
2737 3292 2997 3350 fecerunt
3023 3293 3252 3350 Liberio
3300 3305 3455 3363 papae
3489 3291 3560 3355 ab
3587 3290 3821 3346 exsilio

2147 3382 2379 3438 Romam
2412 3383 2696 3439 redeunti.
2738 3383 3055 3440 Publicatis
3100 3383 3253 3439 enim
3293 3396 3419 3453 quas
3462 3381 3820 3437 humanitus

2149 3470 2240 3526 illi
2284 3473 2662 3545 contigerant,
2703 3487 2831 3529 cum
2868 3486 2934 3529 eo
2969 3472 3425 3532 communionem
3472 3470 3662 3528 colere
3693 3483 3820 3525 no—

2147 3558 2401 3634 luerunt,
2450 3562 2546 3618 sed
2599 3562 2776 3618 Felici
2820 3563 3092 3634 secundo,
3149 3561 3469 3618 secessione
3496 3574 3529 3616 a
3569 3559 3816 3616 Liberio

2147 3648 2313 3720 facta,
2345 3653 2744 3709 adhaeserunt:
2787 3653 2935 3709 unde
2978 3666 3160 3720 neces,
3203 3652 3410 3708 exsilia
3437 3656 3492 3706 et
3525 3650 3814 3720 martyria

2147 3739 2324 3796 multa
2345 3741 2730 3813 contigerunt,
2765 3740 3049 3812 praefectis
3076 3741 3397 3798 Constantii
3431 3740 3815 3811 imperatoris

2143 3829 2344 3884 Ariani
2394 3829 2454 3884 in
2494 3844 2591 3886 eos
2628 3831 2728 3901 qui
2778 3830 2992 3886 Liberii
3034 3831 3491 3887 communionem
3529 3829 3810 3900 amplecti

2145 3920 2363 3976 nollent
2417 3920 2804 3977 saevientibus.
2861 3919 2970 3990 Qui
3036 3920 3154 3976 haec
3204 3919 3506 3992 sigillatim
3577 3920 3812 3975 discere

2144 4009 2324 4079 cupit,
2379 4010 2695 4066 cardinalis
2750 4010 2980 4066 Baronii
3058 4009 3307 4066 Annales
3367 4009 3517 4081 legat
3567 4009 3641 4064 ad
3689 4023 3812 4065 an-

2145 4111 2280 4154 num
2326 4098 2541 4154 Christi
2591 4095 2716 4169 537,
2796 4113 2850 4154 ιι.
2909 4097 3020 4170 32;
3089 4114 3205 4171 seq.
3254 4099 3473 4154 cardin.
3531 4099 3806 4154 Bellarm.

2141 4187 2404 4243 Controv.
2450 4192 2585 4243 tom.
2626 4189 2665 4254 l,
2718 4186 2818 4242 lib.
2857 4201 2935 4259 1v,
2981 4189 3050 4244 de
3102 4186 3309 4244 Pontif.
3354 4188 3541 4258 Rom.,
3572 4201 3697 4258 cap.
3743 4187 3804 4243 9.

2141 4275 2279 4331 Cum
2326 4276 2508 4348 igitur
2560 4277 2857 4333 sententiae
2892 4291 3009 4334 sua!
3053 4282 3241 4334 tantos
3285 4277 3487 4333 habeat
3535 4282 3808 4333 auctores

377 4354 475 4422 tis,
508 4359 682 4426 atque
729 4355 936 4428 stolis;
975 4362 1032 4413 et
1075 4371 1370 4430 unumque
1414 4373 1610 4417 eorum
1661 4359 1720 4414 in
1770 4360 2033 4417 chartula
2064 4353 2432 4436 DAuxilius,
2479 4365 2648 4422 facile
2684 4368 3047 4425 excusandus
3087 4371 3194 4438 est,
3229 4371 3296 4424 ut
3340 4373 3396 4423 et
3441 4367 3614 4423 multi
3665 4380 3808 4440 gra-

376 4445 627 4500 scribere
657 4443 794 4502 fecit
834 4446 1165 4516 hujusmodi
1197 4448 1398 4504 verba:
1436 4468 1462 4500 α
1495 4450 1659 4504 Pater
1691 4463 1848 4506 meus
1878 4450 2028 4508 nihil
2140 4468 2235 4510 ves
2276 4460 2540 4512 auctores
2599 4457 2696 4526 qui
2745 4461 2877 4512 ante
2906 4463 2964 4512 et
3007 4462 3134 4527 post
3179 4457 3368 4528 ipsum
3427 4456 3486 4512 in
3540 4457 3803 4513 eamdem

377 4533 490 4588 sibi
524 4533 746 4606 habuit,
791 4535 940 4591 nihil
975 4536 1118 4591 mihi
1149 4536 1328 4592 dedit.
1366 4554 1392 4587 υ
1441 4539 1510 4592 Et
1552 4538 1638 4594 sic
1685 4552 1782 4596 eos
1827 4545 2032 4597 exutos
2140 4546 2285 4616 lapsi
2335 4550 2471 4602 sunt
2514 4546 2877 4618 sententiam,
2923 4560 3070 4618 quos
3114 4547 3266 4603 inter
3308 4552 3544 4603 sanctus
3594 4548 3804 4603 Petrus

377 4622 623 4690 privavit
656 4625 887 4689 honore,
923 4638 1090 4694 quem
1138 4625 1372 4682 dederat
1411 4627 1498 4683 eis
1534 4627 1656 4698 ipse
1703 4629 1934 4686 invasor
1973 4634 2031 4686 et
2135 4636 2448 4691 Damianus
2493 4635 2798 4706 episcopus
2847 4641 2906 4693 et
2951 4636 3268 4693 cardinalis
3303 4637 3650 4710 Hostiensis,
3691 4637 3806 4694 do—

376 4711 717 4798 neophytus,
771 4718 944 4782 atque
985 4712 1248 4785 curialis,
1292 4720 1350 4771 et
1378 4717 1662 4773 revocavit
1701 4731 1798 4774 eos
1829 4719 1890 4776 in
1918 4721 2030 4790 pri-
2136 4725 2342 4796 ctrina,
2397 4725 2604 4796 pietate
2649 4729 2706 4780 et
2745 4725 3030 4798 dignitate
3083 4726 3141 4782 in
3186 4725 3438 4782 Ecclesia
3481 4725 3804 4782 celeberri-

375 4797 593 4853 stinum
637 4801 896 4871 gradum.
928 4820 955 4851 »
988 4803 1114 4858 Haec
1145 4809 1348 4874 praeter
1377 4811 1503 4863 acta
1545 4807 1781 4865 concilii
1813 4810 2028 4866 diserte
2138 4830 2282 4871 mus.

377 4955 3739 4989 _______________________________________________

617 5099 1072 5229 AUXILIUS
1151 5104 1266 5231 DE
1335 5105 2136 5238 0BDINATIONIBUS
2211 5112 2751 5244 AFOBM080
2831 5116 3084 5245 PAPA
3158 5117 3527 5248 FACTIS.

893 5431 1507 5521 PREFATIUNCULA.
2143 5447 2469 5501 sanctorum
2533 5446 2761 5503 Patrum
2826 5447 3190 5506 documentis
3259 5463 3440 5521 pauca
3500 5451 3799 5511 deﬁoravi-

440 5519 698 5578 Prudens
749 5519 948 5596 lector,
999 5520 1116 5579 haec
1158 5522 1229 5580 de
1277 5522 1708 5596 Scripturarum
1742 5530 1930 5601 copiis
1973 5538 2031 5590 et
2143 5546 2291 5607 mus,
2348 5534 2604 5593 scilicet:
2651 5535 2811 5607 Quod
2861 5538 2912 5595 si
2960 5519 3276 5628 episcopus
3305 5554 3338 5597 a
3377 5544 3623 5615 propria
3670 5543 3797 5601 sede
