4068 6178
435 204 574 263 4063

1250 205 1540 262 ΑΡΡΕΝΙ).
1585 207 1679 262 AD
1715 207 1877 264 SIEC.
1923 207 2021 266 IX.
2052 238 2124 249 —
2146 209 2501 268 AUCTORES
2533 211 2705 268 ANNI
2743 210 3035 269 INCERTI.

3715 211 3857 273 4061

428 346 554 402 qua:
588 330 756 401 paulo
787 332 1055 403 superius
1083 332 1153 388 de
1182 334 1239 388 B.
1274 334 1549 406 Gregorio
1595 335 1856 407 theologo
1885 335 2078 392 dicere
2107 337 2167 398 A
2186 337 3316 410 bussacricanonosprteﬁxereservanda.
3332 339 3614 410 Audistis,
3631 341 3860 412 oaequi-

429 434 728 490 cmperam.
766 423 961 478 Nonne
987 421 1036 478 si
1079 422 1392 493 quispiam,
1423 425 1743 479 temeritate
1780 439 2076 495 accensus,

427 509 676 580 objicere
699 512 1126 582 prmsumpserit
1143 511 1292 584 quod
1316 512 1516 569 beatus
1535 513 1805 583 Basilius,
1824 519 1879 570 et
1899 515 2076 571 isdem

428 599 932 656 luculentissimus
956 601 1156 658 doctor
1175 602 1508 673 Gregorius,
1535 603 1720 674 ignari
1750 601 1968 660 fuerint
1986 604 2080 659 Ni-

425 689 568 744 caeni
593 689 852 759 concilii,
877 699 932 746 et
955 690 1013 746 in
1038 690 1370 761 hujusmodi
1397 690 1542 748 iacto
1563 707 1594 748 a
1613 697 1808 748 sancta
1827 694 2079 750 Romana

427 779 682 834 Ecclesia
726 779 1102 850 deviaverint,
1149 781 1322 836 etiam
1375 781 1681 852 imperitiae
1727 783 2076 839 cachinnum

427 867 741 938 praebebit?
759 869 862 924 Sed
885 870 1451 928 animadvertendum
1473 877 1579 940 est,
1605 873 1753 943 quod
1781 873 1840 928 in
1866 873 2078 943 hujus-

426 959 580 1014 modi
616 959 844 1030 negotio
879 959 1050 1014 iidem
1083 961 1267 1016 sancti
1299 962 1512 1032 Patres,
1545 961 1806 1018 Nicaenos
1830 975 2077 1018 canones

425 1048 505 1103 ita
535 1047 942 1118 intellexerint,
971 1049 1446 1119 quemadmodum
1477 1050 1957 1107 Chalcedonensis
1976 1065 2079 1122 sy—

424 1138 628 1207 nodus,
666 1151 882 1192 necnon
914 1143 970 1192 et
994 1139 1400 1195 sanctissimus
1431 1152 1574 1210 papa
1599 1142 1726 1211 Leo,
1759 1146 1931 1211 atque
1959 1139 2078 1217 Gee-

423 1226 606 1282 Iasius
625 1225 976 1282 intellexisse
995 1234 1332 1300 noscuntur,
1350 1229 1500 1299 quod
1518 1229 1577 1285 in
1590 1229 2076 1300 consequentibus

422 1315 714 1385 liquidius
753 1315 1072 1385 apparebit.

419 1423 547 1478 CAP.
588 1425 675 1478 VI.
711 1453 785 1463 —
822 1427 896 1478 De
929 1424 1161 1478 vitanda
1205 1427 1572 1495 episcoporum
1619 1430 2075 1483 transmutatione

648 1495 712 1548 de
744 1495 867 1549 sede
898 1495 973 1549 ad
1006 1497 1205 1558 sedem,
1241 1513 1309 1550 em
1347 1500 1574 1552 concilio
1604 1499 1842 1554 Nicaeno.

490 1603 725 1672 Propter
746 1602 982 1659 multam
1009 1603 1516 1676 perturbationem,
1535 1610 1592 1661 et
1607 1607 1922 1664 seditiones
1944 1603 2071 1679 qua:

2190 428 2608 496 tatisjudicesl
2663 430 2949 500 quomodo
2992 429 3451 486 Chalcedonense
3500 430 3850 486 concilium.

2189 515 2338 585 quod
2383 517 2585 588 utique
2632 531 2665 573 a
2710 518 2939 573 Nicaano
2969 518 3220 574 concilio
3262 518 3597 574 nullatenus
3633 518 3853 587 deviat,

2188 607 2458 661 statuerit
2482 607 2633 676 quod
2660 606 2876 677 absque
2904 607 3328 678 provinciarum
3351 607 3669 664 amissione
3693 608 3754 663 in
3780 608 3858 662 al‘

2190 694 2372 751 terius
2397 696 2654 753 civitatis
2676 697 2982 752 Ecclesiam
3015 697 3453 768 demigrandum
3489 711 3601 752 non
3627 698 3730 752 sit.
3761 697 3856 752 Νί-

2191 781 2508 840 hilominus
2521 785 2772 842 audistis
2787 785 2933 856 quod
2951 785 3326 842 beatissimus
3346 787 3853 856 papaLeocensue-

2189 872 2286 942 rit,
2307 879 2370 929 ut
2387 874 2710 944 episcOpus,
2735 875 2992 931 civitatis
3007 889 3124 931 suae
3147 875 3543 930 mediocritate
3557 875 3846 944 despecta,

2185 961 2744 1019 administrationem
2783 963 3470 1020 locicelebriorisambire
3495 977 3606 1020 non
3619 963 3844 1034 debeat,

2188 1065 2289 1106 nec
2321 1065 2418 1122 per
2447 1053 2750 1108 avaritiam
2773 1053 2840 1108 ad
2869 1053 3136 1122 majorem
3163 1066 3225 1108 se
3257 1052 3473 1122 plebem
3507 1051 3844 1108 transferre.

2185 1140 2244 1195 Id
2278 1140 2465 1210 ipsum
2501 1147 2692 1196 autem
2733 1155 2872 1212 papa
2903 1141 3189 1211 Gelasius,
3237 1146 3300 1197 ut
3331 1155 3504 1211 supra
3548 1147 3844 1197 ostensum

2184 1235 2290 1300 est,
2314 1230 2554 1286 deﬁnire
2582 1231 2829 1287 videtur.
2861 1230 2933 1286 At
2950 1244 3080 1286 vero
3102 1231 3153 1287 si
3181 1231 3432 1301 alicujus
3454 1231 3846 1301 praedecesso—

2185 1319 2269 1374 ris
2314 1319 2606 1389 pontificis
2630 1319 2950 1390 capitulum
2979 1321 3047 1375 ad
3093 1320 3209 1376 haec
3243 1319 3493 1389 objicere
3521 1320 3660 1390 quis
3691 1334 3847 1390 pnn-

2184 1409 2516 1481 sumpserit,
2553 1410 2776 1465 noverit
2814 1408 3326 1466 Chalcedonensem
3357 1410 3663 1479 synodum,
3695 1423 3842 1464 nec-

2185 1512 2294 1554 non
2315 1503 2372 1554 et
2391 1498 2744 1568 apostolicos
2760 1499 3055 1571 prmsules,
3077 1513 3322 1569 quorum
3343 1499 3676 1555 testimonia
3705 1513 3846 1569 pra:-

2181 1587 2444 1654 tulimus,
2466 1589 2701 1644 Leonem
2719 1587 2850 1644 dico
2873 1593 3046 1659 atque
3074 1587 3388 1657 Gelasium,
3410 1594 3615 1644 cuncta
3638 1602 3840 1657 prace-

419 1689 584 1760 ﬂunt,
622 1691 840 1760 placuit
869 1693 1343 1749 consuetudinem
1375 1695 1646 1751 omnibus
1678 1675 2068 1770 [omnimodis]
2105 1681 2151 1742 Β
2177 1675 2434 1770 demi!!!“
2454 1677 2704 1746 Patrum:
2730 1691 2856 1747 qua
2872 1676 3144 1732 canonice
3167 1677 3605 1770 ίηεῑίῑιξιδδιξηῑν
3629 1677 3840 1770 ηξειξιιε

416 1780 725 1850 amputari,
757 1796 882 1850 qua:
910 1787 1112 1851 praeter
1137 1783 1389 1854 regulam
1421 1784 1479 1838 in
1507 1784 1851 1854 quibusdam
1880 1786 2070 1856 parti-

417 1869 526 1925 bus
555 1869 816 1925 videatur
835 1870 1107 1939 admissa,
1133 1870 1212 1927 ita
1235 1877 1299 1927 ut
1317 1873 1386 1928 de
1407 1873 1639 1929 civitate
1668 1874 1724 1929 in
1751 1875 2062 1947 civitatem,

417 1971 530 2013 non
559 1959 882 2029 episcopus,
915 1973 1024 2014 non
1054 1959 1366 2030 presbyter,
1401 1976 1512 2016 non
1539 1963 1839 2033 diaconus,
1870 1969 2068 2019 trans-

415 2044 651 2102 feratur.
684 2047 742 2102 Si
779 2049 914 2118 quis
955 2053 1143 2104 autem
1185 2056 1316 2120 post
1356 2049 1750 2106 definitionem
1796 2053 1978 2107 sancti
2010 2056 2068 2107 et

416 2135 605 2207 magni
627 2136 862 2193 concilii
888 2137 999 2193 tale
1019 2138 1159 2208 quid
1182 2151 1348 2210 agere
1367 2140 1690 2204 tentaverit,
1716 2145 1770 2195 et
1787 2154 1847 2196 se
1871 2140 2068 2211 hujus.

416 2225 569 2280 modi
597 2226 827 2296 negotio
855 2227 1218 2297 manciparit,
1251 2227 1356 2283 hoc
1383 2226 1593 2284 factum
1623 2243 1859 2298 prorsus
1888 2230 1944 2284 in
1975 2229 2066 2284 ir-

415 2315 591 2372 ritum
607 2315 876 2386 ducatur,
895 2321 952 2372 et
969 2317 1312 2373 restituatur
1328 2317 1591 2373 Ecclesia:
1608 2319 1700 2374 cui
1723 2317 1835 2374 fuit
1850 2319 2066 2389 episco-

414 2419 541 2475 pus,
575 2411 676 2460 aut
701 2405 1013 2476 presbyter,
1045 2410 1147 2461 aut
1174 2405 1454 2461 diaconus
1484 2407 1805 2463 ordinatus.

411 2528 537 2582 CAP.
585 2528 694 2582 VII.
741 2557 814 2570 —
847 2529 1092 2593 Qualiter
1139 2527 1586 2584 Chalcedonensis
1635 2529 1876 2598 synodus
1919 2529 2063 2583 idem

926 2601 1206 2654 Nicznum
1244 2600 1540 2667 intelligat.

479 2703 732 2760 (Ilericos
765 2703 822 2758 in
855 2703 1106 2759 Ecclesia
1148 2703 1562 2770 ministrantes,
1597 2705 1750 2760 sicut
1774 2705 1889 2774 jam
1919 2718 2059 2760 con-

409 2793 730 2861 stituimus,
766 2793 824 2846 in
851 2791 1093 2847 alterius
1122 2791 1378 2847 civitatis
1402 2793 1640 2848 ecclesia
1668 2798 1913 2849 statutos
1936 2791 2059 2848 ﬂeri

410 2897 523 2938 non
554 2886 796 2952 oportet,
832 2882 928 2937 sed
961 2885 1257 2938 contentos
1295 2895 1417 2937 esse
1451 2881 1507 2938 in
1541 2883 1754 2954 quibus
1784 2882 1855 2938 ab
1888 2883 2061 2938 initio

409 2972 742 3027 ministrare
783 2976 1130 3040 meruerunt,
1177 2971 1428 3040 exceptis
1471 2971 1611 3040 illis,
1656 2973 1753 3042 qui
1799 2971 2062 3042 prOprias

406 3061 732 3116 amittentes
756 3060 1100 3131 provincias,
1122 3075 1188 3115 ex
1214 3060 1550 3116 necessitate
1571 3062 1638 3116 ad
1663 3060 1836 3116 aliam
1859 3061 2061 3116 Eccle-

407 3149 548 3205 siam
579 3149 933 3206 transierint.
963 3149 1020 3204 Si
1051 3149 1183 3219 quis
1208 3154 1396 3204 autem
1431 3155 1558 3220 post
1585 3149 1728 3205 hanc
1754 3151 2060 3206 deﬁnitio—

408 3253 532 3294 nem
560 3239 877 3310 susceperit
904 3237 1178 3294 clericum
1209 3239 1278 3294 ad
1306 3237 1484 3293 alium
1511 3239 1842 3309 episcopum
1871 3240 2058 3310 perti-

406 3333 650 3398 nentem,
684 3327 920 3399 placuit,
949 3332 1003 3383 et
1031 3331 1358 3397 susceptum
1381 3331 1436 3382 et
1461 3327 1870 3397 suscipientem
1893 3342 2057 3384 com—

407 3419 676 3474 munione
729 3417 964 3488 privari,
1015 3417 1194 3472 donec
1235 3416 1286 3472 is
1334 3416 1432 3487 qui
1478 3417 1818 3489 migraverat
1865 3417 2054 3475 clerus

406 3502 718 3581 [clericus],
759 3507 828 3561 ad
871 3505 1162 3576 propriam
1203 3503 1380 3560 fuerit
1421 3518 1679 3561 reversus
1718 3506 2047 3562 Ecclesiam.

400 3615 525 3669 CAP.
570 3616 706 3670 Vill.
748 3643 821 3654 ——
857 3613 1011 3678 Quod
1057 3615 1382 3666 auctoritate
1429 3615 1608 3667 sancti
1653 3613 1845 3668 Leonis
1887 3631 2054 3684 papae

615 3685 1039 3740 Chalcedonense
1080 3685 1366 3739 concilium
1395 3685 1468 3737 sit
1505 3686 1833 3738 institutum.

469 3792 824 3848 Auctoritate
880 3790 1063 3862 igitur
1108 3795 1164 3846 et
1209 3790 1584 3860 apocrisariis
1639 3791 1790 3846 beati
1845 3790 2050 3848 Leonis

400 3894 578 3950 papae,
626 3885 690 3935 ut
723 3879 782 3934 in
812 3879 937 3948 ejus
981 3879 1246 3948 epistolis
1292 3878 1524 3950 legitur,
1568 3879 2048 3936 Chalcedonensis

397 3968 710 4024 concilium
745 3968 1077 4024 institutum
1113 3974 1197 4024 est
1225 3973 1398 4040 atque
1429 3967 1776 4026 roboratum.
1811 3970 1879 4024 Et
1909 3983 2049 4040 pro-

399 4063 588 4128 pterea
607 4062 952 4114 memoratus
969 4072 1110 4128 papa
1127 4057 1454 4128 discrepare
1469 4058 1540 4114 ab
1556 4059 1658 4116 illo
1675 4059 2046 4116 aestimandus

397 4161 510 4204 non
545 4154 649 4204 est.

704 4255 832 4312 CAP.
874 4255 972 4310 IX.
1005 4285 1079 4296 —
1104 4255 1294 4310 Sancti
1330 4255 1524 4310 Leonis
1549 4271 1731 4325 papae.

2177 1765 2568 1821 considerasse
2602 1770 2774 1837 atque
2811 1771 3104 1835 tractasse,
3139 1779 3308 1836 quam
3358 1765 3622 1821 homines
3658 1764 3838 1835 hujus

2179 1856 2470 1925 temporis,
2503 1861 2560 1910 et
2589 1855 2808 1910 idcirco
2849 1868 3011 1910 nemo
3037 1855 3122 1910 eis
3155 1854 3543 1924 praeferendus
3579 1860 3686 1910 est.

2565 1962 2691 2017 CAP.
2736 1961 2830 2016 Xl.
2863 1992 2936 2002 —
2977 1961 3093 2016 Osii
3116 1962 3436 2032 capitulum.

2247 2051 2521 2107 Nonnulli
2547 2057 2817 2121 tanquam
2843 2049 3266 2106 validissimum
3291 2064 3516 2106 murum
3542 2049 3834 2119 objiciunt

2174 2140 2371 2195 ()sium
2409 2140 2731 2195 dicentem:
2764 2139 2822 2194 Si
2875 2138 3010 2210 quis
3039 2139 3344 2209 episcopus
3388 2152 3487 2208 per
3525 2139 3829 2194 avaritiam

2174 2232 2274 2284 aut
2308 2227 2700 2298 ambitionem,
2743 2233 2799 2283 et
2841 2232 2904 2283 ut
2949 2227 3399 2283 dominationem
3445 2232 3594 2298 agat,
3641 2228 3827 2283 sedem

2175 2319 2500 2388 mutaverit,
2530 2331 2629 2373 nec
2651 2317 2854 2372 laicam
2881 2316 3336 2373 communionem
3365 2316 3588 2372 habeat.
3613 2317 3830 2372 Deinde

2175 2406 2234 2462 in
2257 2407 2517 2477 sequenti
2550 2406 2841 2476 capitulo:
2881 2407 3123 2461 Etiamsi
3152 2407 3286 2461 talis
3316 2405 3607 2461 exstiterit
3635 2411 3699 2461 ut
3731 2420 3831 2475 per

2173 2495 2422 2566 fraudes,
2464 2502 2520 2551 et.
2547 2497 2821 2567 quosdam
2857 2496 3090 2565 prtemio
3134 2503 3188 2550 et
3220 2495 3475 2550 mercede
3498 2499 3824 2563 corruptos,

2170 2585 2597 2641 excusationem
2617 2583 2875 2654 atterens,
2897 2589 2960 2640 ut
2983 2584 3147 2655 quasi
3166 2598 3293 2639 eum
3320 2583 3517 2654 populi
3539 2589 3727 2653 petere
3750 2584 3829 2638 vi-

2169 2675 2432 2744 deantur,
2459 2688 2559 2729 nec
2595 2674 2796 2729 laicam
2834 2675 2892 2729 in
2921 2674 3030 2729 fine
3060 2673 3520 2730 communionem
3550 2673 3820 2743 accipiat.

2169 2762 2296 2818 CAP.
2336 2764 2534 2818 Xll—
2569 2762 2722 2828 Quod
2751 2763 2892 2816 idem
2936 2762 3094 2817 Osius
3143 2778 3250 2816 non
3297 2761 3558 2816 catholice
3581 2761 3819 2814 dixerit:

2245 2872 2270 2903 ‹‹
2312 2855 2422 2908 Nec
2445 2852 2646 2908 laicam
2673 2853 2732 2908 in
2761 2851 2870 2908 fine
2907 2851 3363 2908 communionem
3405 2851 3677 2920 accipiat.
3722 2870 3748 2899 υ

2239 2941 2551 3012 Attendite,
2585 2956 2797 3013 quaeso,
2829 2941 3094 2998 veritatis
3117 2945 3418 3010 amatores,
3451 2941 3603 3010 quod
3636 2940 3823 2997 dictu-

2089 3012 2138 3078 C
2171 3031 2218 3086 ri
2252 3046 2472 3102 sumus,
2506 3012 2633 3087 nam
2663 3031 2812 3103 quod
2839 3031 2987 3086 idem
3009 3031 3182 3087 Osius
3211 3031 3325 3086 ait:
3358 3030 3416 3085 Si
3448 3030 3583 3100 quis
3608 3031 3826 3100 episco.

2169 3137 2276 3194 pus
2307 3137 2406 3193 per
2431 3121 2731 3178 avaritiam
2760 3120 2843 3177 vel
2867 3120 3260 3190 ambitionem,
3294 3126 3351 3176 et
3375 3125 3440 3176 ut
3458 3119 3825 3177 dominatio—

2167 3225 2291 3267 nem
2323 3215 2472 3283 agat,
2516 3211 2703 3266 sedem
2745 3209 3070 3279 mutaverit,
3116 3209 3362 3265 libenter
3389 3208 3816 3278 amplectimur.

2164 3302 2323 3372 Quod
2351 3306 2539 3357 autem
2563 3299 2900 3369 subjunxit:
2935 3317 2961 3350 »
2989 3301 3102 3354 Nec
3128 3298 3331 3354 laicam
3357 3299 3413 3353 in
3439 3297 3551 3353 fine
3572 3312 3818 3354 commu~

2166 3392 2393 3448 nionem
2422 3390 2722 3462 percipiat,
2759 3407 2785 3439 »
2827 3389 3011 3460 aequis
3035 3388 3278 3445 auribus
3303 3388 3509 3444 audire
3539 3402 3652 3444 non
3682 3402 3818 3457 pos-

2163 3495 2380 3537 sumus.
2408 3480 2512 3536 Ubi
2543 3479 2648 3535 hoc
2672 3479 2884 3536 didicit
2911 3477 3128 3535 Osius?
3155 3478 3468 3548 praesertim
3501 3491 3635 3533 cum
3659 3491 3819 3547 syno-

2161 3571 2234 3626 do
2273 3570 2521 3640 Nicmna,
2573 3583 2700 3640 qua:
2749 3568 2900 3624 inter
2925 3581 3118 3624 omnes
3149 3567 3396 3638 synodos
3422 3566 3814 3636 principatum

2162 3663 2333 3728 tenet,
2359 3658 2418 3712 in
2451 3671 2563 3729 qua
2586 3659 2708 3728 ipse
2736 3657 2908 3714 etiam
2931 3671 3060 3713 cum
3088 3656 3304 3713 sanctis
3330 3655 3602 3711 Patribus
3627 3668 3816 3710 conse-

2157 3747 2266 3816 dit,
2295 3747 2406 3803 tale
2424 3747 2563 3818 quid
2585 3760 2695 3802 non
2716 3745 2958 3803 habetur
2977 3744 3004 3800 ?
3029 3747 3181 3816 Quin
3209 3745 3423 3816 potius,
3453 3750 3519 3801 ut
3539 3759 3718 3816 supra
3738 3746 3816 3800 in-

2159 3837 2423 3893 timatum
2447 3841 2554 3908 est,
2580 3836 2891 3893 humanius
2915 3835 3568 3892 deﬁnieruntdicentes:
3595 3836 3712 3890 Hoc
3743 3833 3815 3890 fa-

2157 3931 2310 3982 ctum
2345 3942 2579 3997 prorsus
2609 3927 2838 3983 irritum
2872 3927 3138 3992 ducatur,
3170 3931 3225 3982 et
3255 3926 3602 3982 restituatur
3632 3925 3813 3981 Eccle-

2156 4017 2257 4072 sia:
2277 4017 2372 4072 cui
2419 4015 2532 4072 fuit
2561 4015 2887 4087 episcopus,
2921 4020 3023 4072 aut
3053 4015 3364 4086 presbyter,
3397 4020 3501 4072 aut
3524 4015 3812 4072 diaconus

2155 4107 2475 4163 ordinatus.
2503 4108 2649 4178 Ergo
2669 4106 2818 4177 quod
2841 4106 3059 4162 dictum
3079 4111 3184 4176 est,
3209 4125 3234 4157 ‹‹
3255 4107 3364 4161 Nec
3393 4105 3452 4160 in
3472 4105 3585 4160 line
3605 4105 3810 4161 laicam

2155 4196 2612 4253 communionem
2661 4196 2928 4266 accipiat,
2962 4214 2987 4245 ι)
3035 4208 3146 4252 non
3174 4195 3525 4251 catholicum
3562 4195 3663 4250 sed
3702 4195 3813 4249 Ca-

2156 4285 2383 4341 tharum
2406 4290 2588 4342 sonat.
2617 4285 2847 4341 Cathari
2875 4285 3027 4341 enim
3045 4287 3256 4355 Graece,
3283 4285 3479 4340 mundi
3504 4283 3808 4351 dicuntur,

463 4365 522 4422 Si
555 4366 689 4438 quis
713 4370 900 4422 autem
931 4363 1258 4435 episcopus,
1291 4362 1552 4418 civitatis
1583 4376 1701 4418 suae
1729 4361 2046 4418 mediocri—

2171 4391 2283 4433 :um
2308 4390 2543 4447 prorsus
2573 4376 2692 4432 sint
2710 4369 3147 4432 immundi'lsti
3178 4375 3454 4431 nimirum
3477 4379 3619 4430 sunt
3637 4375 3813 4428 Nova-

392 4460 508 4510 tate
531 4455 814 4527 despecta,
837 4453 1397 4511 administrationem
1423 4451 1531 4507 loci
1559 4451 1895 4508 celebrioris
1915 4465 2046 4508 am-

392 4542 586 4614 bierit,
619 4549 674 4600 et
702 4543 771 4599 ad
806 4544 1074 4613 majorem
1106 4555 1166 4597 se
1196 4539 1412 4610 plebem
1446 4553 1788 4611 quacunque
1821 4541 2043 4598 ratione

393 4633 773 4702 transtulerit,
807 4646 838 4686 a
865 4631 1136 4686 cathedra
1167 4628 1398 4698 quidem
1434 4628 1678 4699 pelletur
1706 4629 1915 4702 aliena,
1943 4631 2039 4687 sed

391 4720 609 4776 carebit
645 4727 700 4775 et
748 4721 980 4790 propria
1024 4724 1090 4774 ut
1128 4731 1230 4774 nec
1279 4718 1400 4773 illis
1445 4719 1716 4788 praesidat
1753 4735 1898 4791 quos
1941 4734 2042 4790 per

390 4809 691 4864 avaritiam
723 4809 1072 4879 concupivit,
1120 4822 1220 4864 nec
1253 4807 1374 4863 illis
1405 4823 1551 4880 quos
1583 4824 1682 4880 per
1707 4809 2039 4880 superbiam

391 4898 624 4967 sprevit.
653 4897 787 4954 Suis
818 4898 1001 4970 igitur
1030 4897 1295 4954 terminis
1327 4898 1574 4969 quisque
1605 4905 1907 4956 contentus
1938 4900 2035 4971 sit,

390 5001 493 5043 nec
531 5002 704 5059 supra
743 5002 1065 5045 mensuram
1100 4989 1254 5058 juris
1291 4988 1382 5043 sui
1419 4987 1641 5046 atfectet
1672 4990 1891 5061 augeri.

817 5095 944 5150 CAP.
982 5097 1054 5150 X.
1085 5125 1159 5135 —
1186 5094 1392 5150 Gelasii
1416 5111 1598 5166 papae.

455 5203 735 5276 Quisquis
758 5203 1001 5274 prepriaz
1021 5203 1276 5259 desertor
1291 5202 1576 5274 Ecclesiae,
1599 5203 1778 5260 nullis
1793 5203 2038 5260 existen-

385 5295 544 5352 tibus
563 5294 778 5362 causis,
801 5293 870 5348 ad
891 5291 1065 5346 aliam
1089 5292 1374 5362 putaverit
1395 5292 1828 5362 transeundum,
1857 5299 2040 5349 teme-

383 5399 558 5456 reque
594 5387 897 5453 susceptus
936 5379 1133 5450 fuerit,
1167 5385 1225 5435 et
1259 5388 1556 5450 protervus
1597 5382 2032 5439 reverendorum

381 5490 686 5548 canonum,
713 5473 798 5531 vel
825 5473 965 5544 ipse,
990 5471 1075 5528 vel
1101 5476 1357 5540 receptor
1376 5470 1501 5539 ejus
1521 5477 1693 5543 atque
1716 5479 2028 5545 provector,

381 5565 650 5624 instituta
671 5578 784 5623 non
802 5562 1003 5636 fugiet,
1024 5575 1150 5635 quae
1165 5561 1235 5620 de
1253 5559 1583 5631 hujusmodi
1608 5563 2032 5634 praesumptori-

2152 4465 2297 4522 tiani
2333 4465 2609 4536 haeretici,
2653 4464 2753 4536 qui
2789 4464 3070 4520 neminem
3105 4470 3232 4533 post
3259 4463 3486 4533 culpam
3515 4462 3808 4533 paeniten-

2152 4557 2290 4612 tiam
2313 4569 2477 4627 agere
2499 4569 2663 4625 posse
2692 4554 3095 4626 dogmatizant.
3125 4554 3333 4610 Contra
3363 4566 3506 4624 quos
3526 4552 3809 4608 Dominus

2153 4660 2252 4716 per
2303 4644 2640 4716 prophetam
2701 4642 2947 4699 clamat:
3007 4643 3144 4700 Nolo
3185 4647 3408 4697 mortem
3466 4641 3805 4711 peccatoris,

2149 4735 2244 4788 sed
2273 4738 2334 4788 ut
2370 4737 2718 4788 convertatur
2760 4738 2810 4788 et
2855 4735 3006 4787 vivat
3053 4730 3259 4802 (Ezech.
3297 4730 3526 4802 xxxm).
3576 4730 3725 4785 Sunt
3753 4737 3806 4784 et

2148 4822 2263 4878 alia
2279 4837 2446 4893 quam
2476 4822 2726 4893 plurima
2749 4821 2964 4894 quibus
2983 4821 3310 4878 ostenditur
3345 4820 3496 4891 quod
3522 4825 3802 4890 peccator,

2149 4912 2374 4968 etiamsi
2421 4913 2481 4968 in
2537 4919 2790 4968 extremo
2831 4912 2962 4968 vitae
3014 4926 3134 4968 suae
3180 4911 3578 4982 paenitentiam
3631 4915 3801 4980 petat,

2151 5017 2261 5061 non
2288 5003 2366 5059 sit
2391 5003 2773 5073 abjiciendus,
2814 5016 2915 5058 nec
2957 5003 3368 5073 desperandus.

2288 5111 2414 5168 CAP.
2449 5112 2596 5166 XIII.
2622 5111 2902 5165 —Sancli
2939 5110 3247 5178 Augustini
3277 5110 3344 5164 de
3389 5109 3484 5162 hoc
3521 5112 3660 5179 ipso.

2218 5201 2361 5256 Hinc
2382 5207 2466 5256 est
2487 5201 2637 5272 quod
2667 5200 2867 5256 beatus
2884 5200 3266 5271 Augustinus,
3292 5200 3461 5268 cujus
3485 5199 3805 5255 auctoritas

2146 5291 2214 5347 ad
2246 5292 2428 5347 instar
2453 5291 2595 5347 solis
2647 5291 2703 5345 in
2739 5295 2854 5346 tota
2883 5289 3063 5361 fulget
3101 5290 3374 5359 Ecclesia,
3409 5303 3703 5360 exponens
3732 5287 3801 5344 ad

2148 5379 2418 5451 p0pulum
2470 5394 2594 5452 quae
2643 5380 2722 5435 sit
2759 5379 3113 5449 blasphemia
3147 5379 3206 5434 in
3233 5378 3513 5449 Spiritum
3541 5384 3801 5433 sanctum

2134 5469 2328 5530 dicit:
2359 5472 2481 5526 Non
2516 5484 2738 5526 omnem
2770 5469 3206 5541 blasphemiam,
3242 5483 3344 5524 nec
3371 5482 3540 5525 omne
3563 5467 3802 5523 verbum

2143 5565 2342 5619 contra
2364 5560 2644 5633 Spiritum
2672 5565 2931 5618 sanctum
2961 5559 3200 5632 prolata,
3228 5559 3502 5616 debemus
3516 5559 3801 5629 accipere,
