4068 6178
190 238 342 299 4065

926 237 1194 296 AUXILII
1230 238 1320 296 DE
1357 237 1590 300 0RDIN.
1635 241 1682 298 Α
1717 239 2040 300 FORMOSO
2078 244 2176 299 PP.
2221 241 2456 300 FACTIS
2497 245 2674 300 LIBRI
2713 245 2868 301 DUO.

3463 242 3602 302 1066

188 377 322 435 qua
356 364 416 419 in
451 362 556 418 hoc
586 361 796 418 sacqu
830 375 939 418 non
974 363 1359 437 remittantur,
1396 379 1578 437 neque
1607 365 1666 421 in
1695 363 1851 422 futu-
1873 362 1931 422 A
1958 365 2136 421 tentia
2187 367 2265 422 ita
2325 367 2499 423 stulte
2546 368 2782 437 prolata,
2831 380 2942 423 non
2987 366 3172 423 solum
3208 381 3239 422 δ
3277 367 3600 437 catholicis,

190 467 290 522 ro;
320 453 418 508 sed
439 451 744 523 quamdam
773 449 1183 520 blasphemiam
1207 457 1265 509 et
1285 454 1568 524 quoddam
1589 454 1845 523 verbum,

187 542 464 598 videlicet
493 555 594 597 cor
639 540 1006 610 impoenitens
1035 547 1233 598 contra
1259 544 1540 613 Spiritum
1588 550 1849 602 sanctum

186 645 305 702 quo
341 631 399 686 in
430 628 685 685 Ecclesia
720 636 946 699 peccata
981 630 1384 688 dimittuntur.
1411 634 1655 690 Verbum
1686 634 1849 690 valde

186 720 430 790 malum,
497 724 552 774 et
596 718 775 774 nimis
821 719 1086 789 impium,
1141 721 1260 778 sive
1316 723 1685 796 cogitatione,
1730 724 1850 780 sive

184 811 365 866 etiam
406 809 604 880 lingua
666 821 770 864 sua
818 808 984 879 dicit,
1038 824 1204 880 quem
1253 813 1529 882 patientia
1578 813 1679 869 Dei
1717 827 1845 870 cum

190 920 217 951 ‹‹
263 899 334 954 ad
371 897 765 968 paenitentiam
791 897 1047 968 adducit,
1081 899 1203 968 ipse
1237 901 1550 958 secundum
1571 901 1847 958 duritiem

185 988 388 1045 cordis
418 987 509 1043 sui
543 992 598 1043 et
626 1000 725 1043 cor
770 986 1137 1058 impoenitens
1167 987 1518 1046 thesaurizat
1547 990 1661 1047 sibi
1702 991 1846 1048 iram

187 1077 253 1132 in
303 1077 401 1132 die
447 1076 545 1131 ira
589 1079 645 1130 et
690 1075 1061 1132 revelationis
1109 1077 1254 1146 justi
1292 1077 1506 1146 judicii
1546 1079 1647 1135 Dei
1680 1078 1843 1149 (Rom.

186 1167 274 1238 ιι).
310 1185 338 1216 ››
380 1167 504 1221 Hac
569 1165 988 1235 impanitentia
1036 1180 1148 1222 non
1194 1166 1361 1223 habet
1428 1168 1844 1234 remissionem,

185 1268 381 1326 neque
405 1255 463 1310 in
489 1254 594 1310 hoc
620 1253 850 1324 saculo,
877 1268 1058 1325 neque
1087 1255 1144 1310 in
1172 1254 1390 1324 futuro,
1412 1257 1547 1328 quia
1576 1257 1848 1327 paeniten-

186 1344 278 1399 tia
312 1344 580 1413 impetrat
609 1342 1004 1398 remissionem
1039 1343 1095 1398 in
1124 1343 1229 1400 hoc
1257 1345 1487 1417 saculo,
1521 1359 1646 1416 qua
1667 1345 1848 1400 valeat

187 1434 256 1489 in
283 1432 502 1489 futuro.
526 1433 630 1489 Sed
653 1432 912 1502 quandtu
941 1433 1211 1503 quisquis
1245 1435 1304 1490 in
1338 1435 1440 1491 hac
1465 1449 1634 1492 carne
1682 1434 1845 1503 vivit,

181 1524 263 1580 de
293 1537 360 1578 eo
384 1522 637 1592 judicari
663 1535 771 1577 non
801 1525 1001 1591 potest.
1035 1523 1113 1577 De
1145 1523 1306 1579 nullo
1349 1524 1502 1579 enim
1533 1525 1852 1594 desperan-

183 1613 333 1670 dum
365 1617 468 1683 est,
504 1611 760 1683 quandiu
786 1611 1062 1682 patientia
1101 1613 1200 1668 Dei
1232 1613 1301 1669 ad
1337 1614 1730 1684 panitentiam
1759 1614 1854 1670 ad-

185 1703 378 1759 ducit.
405 1704 664 1773 Paganus
687 1707 773 1758 est
792 1701 979 1773 hodie,
1006 1701 1145 1773 quid
1175 1702 1224 1757 si
1244 1717 1370 1758 cras
1391 1702 1669 1759 efﬁcietur
1692 1703 1854 1759 Chri-
1881 1699 1933 1760 B
1963 1699 1979 1773 ξ

186 1792 427 1848 stianus
445 1791 473 1844 ‘?
499 1791 730 1846 Judaus
753 1791 1005 1846 inﬁdelis
1025 1795 1111 1847 est
1129 1791 1331 1862 hodie;
1361 1792 1499 1863 quid
1523 1792 1573 1848 si
1597 1806 1723 1849 cras
1739 1807 1856 1848 cre-

186 1881 294 1936 det
321 1880 382 1936 in
403 1880 700 1936 Christum
722 1879 751 1933 ‘?
771 1880 1082 1936 Hareticus
1103 1885 1218 1950 est;
1253 1881 1390 1952 quid
1422 1882 1470 1937 si
1503 1896 1630 1938 cras
1660 1895 1854 1954 seque-

194 1973 304 2025 tur
329 1969 673 2024 catholicam
704 1968 1000 2025 veritatem
1023 1969 1051 2023 ‘2
1079 1969 1496 2026 Schismaticus
1526 1976 1612 2026 est
1642 1971 1851 2040 hodie;

192 2058 341 2129 quid
370 2058 420 2112 si
446 2071 574 2113 cras
611 2056 978 2128 amplectitur
1007 2057 1350 2115 catholicam
1382 2059 1676 2115 veritatem
1706 2059 1857 2130 [uni-

195 2144 397 2220 tatem]
425 2147 454 2201 ‘?

193 2254 330 2309 CAP.
365 2254 505 2338 XIV.
531 2283 611 2338 :—
637 2255 995 2338 Interrogcitio
1039 2269 1204 2338 super
1256 2253 1371 2308 0sii
1408 2254 1720 2338 deﬁnitione
1760 2254 1857 2338 di—

273 2327 486 2380 centis:
531 2327 642 2380 Nec
692 2324 895 2380 laicam
943 2325 999 2380 in
1056 2325 1166 2381 ﬁne
1209 2324 1666 2382 communionem
1696 2326 1857 2382 acci—

274 2398 427 2467 piat;
457 2401 509 2451 et
537 2398 635 2465 qui
651 2399 763 2451 sint
787 2412 1016 2451 canones
1045 2400 1368 2452 auctoritate
1392 2399 1636 2467 praditi.

274 2505 347 2559 Et
367 2504 474 2560 hoc
521 2518 632 2560 non
675 2504 1129 2574 pratereundum
1169 2505 1478 2562 existimo:
1531 2518 1680 2575 nam,
1715 2507 1856 2560 teste

203 2593 370 2648 beato
400 2605 542 2664 papa
567 2592 795 2649 Gelasio
828 2593 887 2649 in
909 2594 1150 2664 epistola
1180 2597 1249 2650 ad
1295 2594 1658 2650 Anastasium
1689 2595 1860 2664 impe-

204 2689 472 2753 ratorem,
504 2683 651 2738 nulli
677 2683 781 2738 alii
805 2696 1050 2739 canones
1079 2684 1422 2740 auctoritate
1449 2683 1675 2754 praditi
1699 2687 1854 2754 sunt,

205 2772 322 2826 nisi
365 2785 512 2842 quos
540 2771 858 2842 apostolica
894 2772 1056 2828 sedes
1098 2787 1204 2828 suo
1229 2773 1453 2843 judicio
1483 2770 1852 2829 roboraverit.

202 2862 564 2931 Quapropter
589 2862 909 2926 ostendant,
955 2862 1004 2917 si
1037 2862 1282 2932 possint,
1311 2863 1446 2934 quis
1475 2877 1543 2918 ex
1573 2860 1859 2931 apostoli—

1958 457 2329 512 verumetiam
2363 456 2434 512 ab
2473 456 2724 525 Arianis,
2761 470 2874 512 uno
2909 469 3005 512 ore
3037 457 3209 512 irrisa
3252 461 3422 526 atque
3453 456 3601 514 refu-

1958 548 2073 600 tata
2099 550 2204 600 est.
2234 546 2489 617 Denique
2521 546 2580 601 in
2610 545 2843 601 civitate
2868 545 3130 600 Corduba
3162 547 3220 601 in
3249 559 3358 616 qua
3391 547 3608 616 episco-

1962 641 2152 705 patum
2194 636 2402 705 tenuit,
2443 640 2570 705 post
2622 634 2953 704 hujusmodi
3001 649 3358 705 responsum,
3402 649 3603 691 nomen

1957 725 2083 794 ejus
2109 723 2257 780 infra
2275 725 2590 781 catholicos
2619 725 2917 795 episcopos
2936 730 3340 794 antecessores,
3366 724 3451 779 vel
3477 730 3590 793 pos

1956 812 2281 870 decessores
2309 814 2454 884 ejus,
2475 815 2711 870 minime
2742 813 3034 870 recitatur.

1956 919 2082 976 CAP.
2118 923 2260 977 XVI.
2294 953 2362 962 —
2391 923 2478 976 Ab
2504 923 2629 975 hinc
2647 923 2913 992 praelara
2943 926 3250 992 sequuntur
3271 922 3598 984 testimonia,

2029 994 2229 1062 quibus
2265 1010 2429 1064 papa
2477 996 2717 1048 Formosi
2771 995 3048 1049 ordinatio
3104 1000 3230 1048 rata
3280 999 3329 1048 et
3360 995 3601 1060 legitima

2029 1080 2140 1118 esse
2167 1070 2522 1119 monstratur.
2551 1067 2740 1120 Sancti
2767 1067 2958 1120 Leonis
2983 1081 3166 1136 papa,
3201 1066 3348 1136 quod
3373 1065 3604 1135 pseudo-

2028 1138 2264 1207 episcopi
2310 1139 2421 1191 sint
2457 1137 2776 1206 objiciendi,
2817 1143 2867 1193 et
2913 1154 3094 1193 eorum
3132 1139 3407 1192 ordinatio
3429 1138 3608 1208 possit

2028 1213 2154 1261 rata
2178 1211 2484 1263 consistere.

2028 1296 2198 1352 Nulla
2221 1298 2367 1353 ratio
2396 1298 2541 1354 sinit
2564 1302 2625 1354 ut
2648 1299 2797 1354 inter
2816 1299 3114 1370 episcopos
3138 1297 3473 1368 habeantur,
3502 1296 3606 1368 qui

1959 1398 2060 1440 nec
2088 1399 2121 1441 a
2167 1385 2397 1441 clericis
2443 1393 2579 1443 sunt
2625 1387 2812 1456 electi,
2857 1401 2957 1442 nec
2985 1401 3016 1442 a
3053 1386 3317 1456 plebibus
3343 1385 3606 1456 expetitii

1960 1488 2062 1529 nec
2109 1487 2142 1530 a
2183 1475 2636 1544 provincialibus
2677 1475 2964 1547 episcopis
2994 1489 3124 1532 cum
3178 1475 3605 1544 metropolitani

1955 1563 2179 1633 judicio
2209 1565 2546 1620 consecrati.
2587 1565 2743 1621 Unde
2771 1579 2900 1621 cum
2924 1579 3070 1635 saepe
3100 1564 3344 1636 quastio
3368 1564 3438 1620 de
3462 1563 3607 1618 male

1963 1660 2192 1724 accepto
2228 1653 2441 1710 honore
2481 1659 2770 1724 nascatur,
2805 1655 2940 1726 quis
2963 1654 3218 1726 ambigat
3248 1665 3607 1723 nequaquam

1965 1743 2098 1799 istis
2137 1742 2506 1802 tribuendum
2562 1760 2704 1816 esse,
2757 1746 2906 1816 quod
2959 1759 3070 1801 non
3114 1745 3385 1801 doceatur
3433 1741 3616 1798 fuisse

1961 1833 2274 1890 collatum?
2297 1835 2354 1889 Si
2378 1835 2477 1906 qui
2503 1843 2692 1891 autem
2717 1835 2915 1890 clerici
2938 1834 3008 1890 ab
3034 1835 3164 1890 istis
3183 1833 3614 1904 pseudoepisco-

1964 1922 2054 1992 pis
2087 1922 2144 1977 in
2176 1922 2448 1978 Ecclesiis
2472 1923 2725 1980 ordinati
2749 1927 2904 1992 sunt,
2958 1924 3058 1994 qui
3095 1923 3157 1977 ad
3203 1921 3467 1992 proprios
3497 1920 3613 1990 epi-

1963 2024 2162 2080 scopos
2206 2011 2585 2083 pertinebant,
2632 2016 2688 2067 et
2731 2012 3023 2068 ordinatio
3081 2025 3278 2067 eorum
3324 2015 3602 2066 consueto

1958 2099 2182 2170 judicio
2206 2101 2634 2170 prasidentium
2654 2099 2800 2158 facta
2816 2104 2922 2171 est,
2949 2105 3132 2171 potest
3151 2105 3270 2155 rata
3293 2098 3511 2168 haberi,
3530 2099 3611 2154 ita

1965 2195 2027 2246 ut
2071 2189 2128 2244 in
2163 2190 2308 2260 ipsis
2337 2191 2610 2247 Ecclesiis
2641 2196 3017 2263 perseverent.
3045 2190 3230 2246 Aliter
3257 2193 3446 2246 autem
3469 2201 3612 2244 vana

1966 2279 2219 2336 habenda
2245 2285 2331 2336 est
2368 2281 2601 2354 creatio,
2647 2295 2772 2352 qua
2803 2295 2904 2337 nec
2943 2280 3066 2337 loco
3098 2277 3335 2337 fundata
3369 2282 3475 2350 est,
3509 2290 3612 2334 nec

1963 2370 2305 2426 auctoritate
2337 2371 2578 2427 munita.

1961 2478 2087 2534 CAP.
2115 2478 2278 2552 XVII.
2313 2510 2383 2519 —-
2412 2479 2600 2533 Sancti
2644 2479 2890 2548 Gregorii
2933 2494 3114 2549 papa,
3173 2479 3306 2552 quia
3334 2479 3475 2552 sicut
3508 2476 3612 2552 def

2033 2567 2142 2604 nuo
2169 2551 2438 2620 baptizari
2466 2553 2754 2620 quisquam
2784 2567 2891 2605 non
2905 2548 3103 2620 potest,
3139 2551 3219 2604 ita
3258 2549 3434 2602 denuo
3454 2549 3514 2600 in
3553 2548 3615 2600 id

2034 2624 2213 2747 ipsuEm
2236 2624 2558 2746 (tronsccrari,
2587 2623 2662 2676 ad
2697 2625 2958 2677 Joannem
2987 2623 3292 2692 episcopum
3318 2621 3615 2674 Ravenna-

2037 2696 2107 2747 tis
2181 2710 2236 2747 cc
2262 2696 2401 2747 esia.

2037 2696 2107 2747 tis
2133 2696 2401 2748 Ecclesia.

2040 2783 2184 2839 Illud
2216 2789 2404 2839 autem
2429 2784 2578 2854 quod
2614 2783 2834 2852 dicitis,
2869 2788 2932 2840 ut
2973 2783 3024 2839 is
3045 2782 3144 2854 qui
3177 2781 3480 2837 ordinatus
3509 2783 3615 2850 est,

1969 2873 2177 2929 iterum
2199 2874 2520 2944 ordinetur,
2549 2873 2711 2929 valde
2737 2873 3052 2929 ridiculum
3076 2877 3179 2942 est,
3213 2876 3268 2926 et
3293 2870 3362 2925 ab
3397 2867 3612 2941 ingenii

203 2951 292 3006 cis
322 2949 612 3021 I'atribus,
646 2951 798 3021 quod
831 2951 1005 3007 Osius
1035 2951 1208 3023 dixit,
1245 2972 1270 3004 α
1297 2965 1399 3007 nec
1427 2953 1485 3006 in
1518 2952 1627 3006 ﬁne
1654 2949 1856 3005 laicam

1984 2963 2141 3018 restri
2204 2963 2664 3019 consideratione
2709 2967 3064 3030 extraneum,
3113 2961 3228 3016 nisi
3275 2959 3420 3015 forte
3457 2957 3608 3028 quod

206 3039 666 3097 communionem
716 3040 984 3113 accipiat,
1020 3060 1046 3090 υ
1099 3041 1426 3098 θνωθνθνίί·
1459 3042 1526 3096 Et
1567 3040 1703 3112 (Ima
1747 3039 1859 3096 mle
1895 3034 1941 3094 Ο
1968 3052 2286 3124 exemplum
2331 3052 2399 3107 ad
2463 3053 2710 3107 medium
2755 3051 3084 3118 deducitur,
3136 3051 3205 3104 de
3244 3063 3356 3119 quo
3409 3053 3464 3103 et
3513 3047 3613 3102 ille

204 3129 432 3201 aliquid
451 3130 747 3186 ostendere
770 3129 1005 3186 minime
1027 3136 1285 3202 possunt,
1307 3136 1485 3187 restat
1503 3129 1858 3198 utejusmodi

205 3217 492 3288 deﬁnitio,
527 3231 637 3274 non
664 3217 968 3291 catholica,
1003 3219 1122 3289 sed,
1157 3224 1222 3275 ut
1243 3219 1464 3275 dictum
1487 3225 1591 3292 est,
1620 3218 1862 3276 Cathara

209 3314 392 3364 SOHEt.

206 3413 339 3470 CAP.
374 3415 496 3470 XN.
526 3445 599 3455 —
622 3415 734 3481 Quo
763 3419 868 3486 ﬁne
913 3431 1072 3471 suum
1122 3431 1310 3486 sapere
1363 3414 1521 3470 Osius
1565 3415 1853 3470 conclusit.

285 3523 560 3579 Praterea
593 3524 743 3594 quod
786 3523 974 3579 adhuc
1022 3524 1092 3579 de
1133 3524 1272 3580 Osio
1303 3522 1727 3592 subjiciendum
1754 3526 1860 3592 est,

213 3613 489 3682 quoniam
524 3611 782 3669 homines
807 3627 1030 3683 sumus,
1080 3626 1191 3668 non
1217 3612 1433 3682 absque
1460 3611 1618 3682 gravi
1645 3611 1866 3682 gemitu

211 3701 534 3770 exprimere
554 3715 876 3771 possumus.
899 3703 1010 3757 Iste
1029 3701 1306 3756 nimirum
1323 3701 1498 3756 Osius
1511 3698 1866 3756 Cordubensi

213 3791 486 3846 Ecclesia
533 3789 766 3860 prafuit
786 3791 1048 3862 antistes,
1086 3789 1183 3860 qui
1215 3789 1500 3860 quondam
1540 3788 1870 3860 apostolica

215 3880 374 3936 sedis
416 3880 826 3950 apocrisarius,
870 3894 984 3936 una
1031 3893 1160 3935 cum
1201 3878 1503 3934 Vincentio
1545 3883 1602 3933 et
1644 3878 1870 3937 Victore

219 3969 590 4040 presbyteris,
621 3975 816 4026 sancto
860 3975 914 4024 et
945 3981 1148 4040 magno
1175 3967 1404 4024 Nicano
1433 3965 1702 4023 interfuit
1725 3981 1872 4022 con—

215 4059 376 4114 cilio.
411 4059 776 4116 Postmodum
807 4073 937 4115 vero
976 4058 1368 4114 Sardicensem
1411 4057 1709 4127 synodum,
1738 4070 1868 4112 cum

220 4147 440 4219 ingenti
463 4148 866 4218 episcoporum
897 4161 1133 4203 numero
1159 4143 1364 4201 fecisse
1390 4145 1619 4214 legitur,
1651 4142 1747 4198 ubi
1780 4157 1872 4198 ca-

219 4236 404 4306 pitula
432 4251 556 4308 qua
603 4251 702 4308 per
731 4251 857 4293 eum
895 4237 1212 4292 decurrunt
1242 4238 1456 4291 statuta
1483 4232 1732 4288 fuerunt.
1768 4232 1870 4287 Hic

217 4330 408 4380 autem
458 4339 640 4396 usque
692 4324 760 4380 ad
797 4323 1118 4380 Constantii
1161 4321 1526 4393 imperatoris
1557 4325 1781 4392 tempus
1809 4320 1869 4376 in

221 4427 458 4483 corpore
501 4414 734 4470 mansit.
790 4416 900 4470 Iste
953 4413 1183 4485 quidem
1233 4411 1602 4469 Constantius
1645 4411 1870 4467 Arianae

223 4503 474 4572 perﬁdia
510 4504 795 4574 particeps
825 4503 1069 4559 exstitit.
1103 4503 1239 4558 Orta
1272 4501 1468 4572 itaque
1497 4500 1870 4558 altercatione

220 4593 496 4649 adversus
517 4594 766 4650 eamdem
789 4593 1072 4662 haeresim,
1092 4591 1440 4663 episcopalis
1460 4590 1670 4663 legatio
1697 4589 1871 4645 missa

219 4686 306 4737 est
338 4682 407 4737 ad
437 4679 637 4738 Osium
684 4681 744 4737 in
784 4682 1057 4752 Hispania
1092 4685 1535 4738 commorantem
1561 4698 1576 4750 ;
1605 4679 1872 4748 dixitque

219 4770 285 4824 ad
315 4783 484 4826 eum:
527 4771 610 4824 Tu
657 4771 757 4841 qui
784 4770 1026 4826 Nicana
1057 4771 1274 4842 synodo
1312 4783 1562 4840 prasens
1604 4765 1871 4836 adfuisti,

216 4858 334 4913 dic.
379 4871 590 4928 quaso,
643 4857 962 4915 Omousion
1013 4859 1189 4915 sicuti
1245 4871 1347 4914 nos
1395 4855 1668 4912 catholici
1725 4859 1874 4910 recte

217 4945 577 5018 conﬁtemur,
618 4947 672 5003 id
709 4954 794 5004 est
839 4949 1016 5004 unius
1059 4962 1188 5004 cum
1214 4949 1379 5002 Patre
1406 4943 1750 5002 substantia
1777 4944 1878 4999 Fi-

219 5037 384 5094 lium.
419 5037 522 5107 An,
549 5038 724 5094 sicuti
751 5039 953 5095 Ariani
989 5039 1274 5111 garriunt,
1304 5036 1700 5107 Omoiousion,
1722 5035 1871 5106 quod

214 5133 302 5184 est
329 5127 549 5184 similis
565 5142 693 5184 cum
711 5129 875 5185 Patre
906 5129 1243 5185 substantia
1261 5128 1494 5198 Filium,
1525 5126 1761 5183 trecenti
1786 5126 1878 5182 de-

215 5232 338 5274 cem
363 5223 426 5274 et
454 5225 582 5275 octo
617 5220 810 5275 Patres
848 5218 1108 5276 conﬁteri
1145 5218 1566 5274 decreverunt?
1591 5217 1723 5286 Qui,
1757 5216 1876 5272 sive

219 5321 319 5376 per
351 5307 579 5379 longam
616 5312 836 5363 atatem
875 5307 1190 5377 desipiens,
1225 5320 1327 5362 seu
1353 5311 1504 5361 certe
1541 5319 1644 5376 pro
1675 5318 1879 5361 assen-

215 5398 440 5452 tatione
490 5396 776 5467 principis
835 5410 1172 5467 responsum
1233 5395 1462 5452 dedisse
1519 5395 1876 5466 perhibetur,

218 5491 528 5557 utramque
583 5491 797 5557 partem
843 5492 992 5543 recte
1045 5487 1360 5555 intendere,
1437 5499 1562 5555 qua
1621 5484 1878 5540 confessa

216 5573 406 5631 fuerit
441 5576 562 5632 sive
594 5576 930 5649 Omousion,
959 5577 1078 5633 sive
1104 5575 1503 5632 Omoiousion.
1541 5575 1720 5644 Cujus
1741 5588 1881 5630 sen-

585 5692 816 5749 Pnaon.
857 5693 1109 5750 CXXIX.

1965 3143 2261 3214 judicatus
2297 3146 2401 3207 est,
2443 3141 2542 3212 qui
2590 3140 2701 3195 tale
2750 3139 2974 3209 aliquid
3023 3137 3225 3193 fecisse
3254 3137 3608 3206 perhibetur.

1969 3232 2134 3288 Absit
2172 3245 2204 3286 a
2249 3229 2605 3285 fraternitate
2634 3234 2818 3283 vestra
2849 3228 2933 3283 sic
2972 3241 3206 3296 sapere:
3241 3225 3396 3280 sicut
3424 3231 3614 3280 autem

1973 3321 2295 3390 baptizatus
2338 3318 2529 3387 semel,
2574 3317 2784 3373 iterum
2829 3316 3107 3386 baptizari
3143 3329 3250 3370 non
3291 3315 3493 3379 debet;
3539 3314 3620 3367 ita

1971 3415 2335 3466 consecratus
2361 3407 2552 3478 semel,
2584 3407 2643 3462 in
2666 3407 2860 3463 eodem
2882 3406 3085 3461 ordine
3113 3404 3317 3460 iterum
3344 3415 3454 3458 non
3472 3401 3623 3457 valet

1973 3511 2317 3555 consecraru

1973 3608 2100 3662 CAP.
2132 3607 2326 3662 XVIII.
2356 3638 2429 3648 —
2454 3607 2605 3661 Unde
2630 3621 2799 3675 supra
2829 3607 2887 3658 in
2913 3603 3209 3658 canonibus
3235 3600 3615 3672 apostolorum.

2046 3716 2104 3771 Si
2138 3715 2270 3786 quis
2313 3715 2636 3786 episcOpus,
2670 3717 2770 3770 aut
2816 3711 3124 3783 presbyter,
3176 3714 3278 3766 aut
3319 3708 3618 3778 diaconus,

1978 3807 2282 3862 secundam
2313 3819 2513 3860 manus
2547 3802 2970 3874 impositionem
2991 3800 3274 3870 acceperit
3302 3797 3372 3853 ab
3402 3798 3621 3867 aliquo,

1976 3897 2295 3966 deponatur
2334 3899 2390 3950 et
2421 3895 2560 3964 ipse,
2609 3898 2663 3948 et
2709 3892 2806 3964 qui
2838 3905 2967 3948 eum
2998 3889 3266 3946 ordinare
3299 3886 3622 3944 tentaverit.

1977 3987 2115 4040 Nam
2143 3999 2238 4041 eos
2288 3985 2386 4055 qui
2433 3984 2504 4040 ab
2559 3983 2893 4053 huiusmodi
2943 3980 3218 4050 baptizati
3267 3976 3502 4048 fuerint,
3537 3975 3623 4032 vel

1978 4076 2146 4131 etiam
2193 4074 2468 4142 ordinati,
2516 4088 2696 4145 neque
2741 4073 2953 4143 ﬁdeles,
2991 4085 3172 4142 neque
3213 4069 3456 4126 clericos
3505 4080 3628 4124 esse

1981 4165 2256 4237 possibile
2276 4170 2377 4219 est.

1978 4276 2106 4332 CAP.
2147 4273 2298 4328 XIX.
2334 4303 2408 4313 —
2449 4272 2739 4327 Anastasii
2779 4287 2960 4341 papa,
3009 4271 3156 4340 quod
3198 4287 3283 4325 eos
3328 4285 3462 4338 quos
3498 4272 3626 4338 post

2052 4347 2452 4402 damnationem
2501 4359 2676 4406 suam,
2726 4345 2811 4396 vel
2865 4344 3178 4411 baptizavit,
3228 4341 3312 4394 vel
3350 4341 3627 4394 ordinavit

1899 4385 1957 4449 D
2049 4385 2306 4481 Χαιρέας,
2354 4417 2511 4471 nulla
2551 4385 2785 4470 Iasionis
2822 4385 3002 4483 portio
3048 4385 3306 4480 attingat,
3345 4411 3420 4465 ad
3459 4410 3630 4464 Ana—

2051 4492 2280 4545 stasium
2312 4491 2706 4558 imperatorem.

2050 4582 2190 4635 Nam
2204 4579 2414 4636 secund
2427 4593 2516 4634 um
2531 4577 2796 4633 Ecclesia
2813 4575 3108 4632 catholica
3127 4572 3623 4642 consuetudinem,

1983 4670 2435 4730 sacratissimum
2459 4668 2788 4724 serenitatis
2808 4672 2919 4722 tua
2937 4669 3132 4736 pectus
3149 4669 3437 4736 agnoscat,
3474 4665 3623 4736 quod

1983 4763 2207 4820 nullum
2233 4761 2302 4815 de
2324 4759 2436 4830 his,
2466 4758 2550 4814 vel
2579 4771 2720 4828 quos
2739 4757 3050 4827 baptizavit
3079 4756 3340 4823 Aeacius,
3367 4756 3450 4812 vel
3484 4769 3628 4826 quos

1983 4852 2304 4908 sacerdotes
2333 4850 2453 4905 sive
2496 4847 2715 4902 Levitas
2745 4846 3060 4902 secundum
3104 4859 3349 4901 canones
3389 4846 3633 4901 ordina—

1983 4944 2084 5009 vit,
2121 4939 2280 4996 nulla
2309 4953 2406 4994 eos
2435 4952 2502 4994 ex
2536 4937 2766 4992 nomine
2792 4935 2985 4989 Acacii
3027 4935 3214 5005 portio
3255 4934 3510 4990 Iasionis
3535 4940 3631 4990 at—

1985 5033 2190 5103 tingat,
2212 5028 2360 5100 quod
2387 5027 2624 5084 forsitan
2650 5039 2746 5096 per
2771 5024 3034 5095 iniquum
3054 5024 3267 5080 tradita
3290 5024 3630 5080 sacramenti

1985 5121 2168 5193 gratia
2213 5119 2406 5176 minus
2459 5117 2621 5173 ﬁrma
2672 5116 2952 5172 videatur.
2997 5117 3134 5171 Nam
3175 5121 3231 5171 et
3285 5115 3629 5187 baptismum

1986 5210 2134 5281 quod
2166 5209 2362 5280 procul
2396 5207 2457 5263 ﬁt
2485 5205 2554 5262 ab
2578 5207 2852 5276 Ecclesia,
2885 5207 3004 5262 sive
3033 5205 3104 5261 ab
3135 5205 3415 5274 adultero,
3449 5204 3566 5259 sive
3595 5218 3625 5259 a

1987 5300 2162 5356 fratre
2195 5299 2371 5356 fuerit
2392 5299 2607 5369 datum,
2629 5297 2694 5353 ad
2717 5296 3121 5368 percipientem
3152 5312 3360 5353 munus
3381 5293 3634 5364 pervenit

1991 5390 2314 5446 illibatum:
2350 5389 2486 5460 quia
2517 5402 2622 5444 vox
2667 5388 2766 5443 illa
2794 5403 2920 5458 qua
2951 5389 3146 5444 sonuit
3168 5402 3266 5457 per
3287 5383 3624 5441 columbam.

1991 5493 2211 5537 omnem
2251 5478 2526 5534 maculam
2561 5479 2822 5534 humana
2855 5476 3193 5548 pollutionis
3218 5471 3490 5538 excludit,
3519 5483 3629 5540 qua

1991 5570 2316 5627 declaratur
2356 5581 2421 5624 ac
2465 5567 2704 5637 dicitur,
2759 5588 2783 5618 τ(
2831 5566 2932 5619 llic
2979 5571 3064 5618 est
3123 5561 3225 5631 qui
3275 5559 3518 5628 baptizat
3573 5559 3632 5614 in

3278 5671 3346 5729 34
