4076 6154
481 241 616 304 4067

1270 241 1565 298 APPEND.
1612 240 1707 297 AD
1743 238 1904 296 SEC.
1948 237 2044 294 IX.
2071 266 2146 278 —
2180 233 2536 291 AUCTORES
2571 233 2742 290 ANNI
2780 233 3076 290 INCERTI.

3745 227 3884 288 4068

475 365 698 436 Spiritu
753 370 809 421 et
866 364 996 437 igne
1065 363 1276 436 (Matth.
1326 381 1412 437 ιιι,
1463 368 1632 420 Marc.
1686 378 1725 433 ι,
1770 365 1927 417 Joan.
1972 359 2027 433 ι).
2088 377 2113 409 ››
2141 360 2199 420 Α
2228 370 2449 412 summa
2489 354 2830 411 deliberatio
2870 353 2990 410 haec
3033 350 3166 421 fuit,
3211 355 3274 407 ut
3303 363 3448 422 quos
3481 351 3746 406 Bonosus
3782 364 3882 406 or-

477 457 616 511 Nam
656 455 705 511 si
738 453 1053 510 visibiliter
1099 454 1242 511 solis
1273 455 1446 510 istius
1477 454 1648 524 radii,
1689 465 1819 508 cum
1868 464 1966 521 per
1996 448 2118 504 loca
2226 445 2546 510 dinaverat,
2601 458 2669 500 ne
2729 457 2857 500 cum
2912 456 2979 498 eo
3035 445 3409 506 remanerent,
3453 453 3519 496 ac
3562 439 3725 495 fieret
3775 453 3881 494 non

481 543 845 624 fmtidissima
893 543 1211 614 transeun‘t,
1246 544 1469 601 nullius
1513 546 1811 599 contactus
1857 537 2121 608 inquina—

479 634 632 690 tione
664 629 1042 701 maculantur,
1076 633 1254 689 multo
1286 633 1468 704 magis
1500 631 1664 687 illius
1686 630 1784 701 qui
1821 629 1995 683 istum
2027 626 2126 681 vi—

478 723 703 779 sibilem
733 721 1070 778 fecitvirtus
1095 723 1254 777 nulla
1287 721 1598 782 ministerii
1630 718 1973 790 indignitate
1997 728 2125 770 con-

479 812 748 882 tingitur.
783 814 920 866 Nam
947 818 1002 865 et
1025 811 1200 867 Judas
1223 825 1351 867 cum
1402 809 1578 867 fuerit
1611 809 1926 878 sacrilegus
1955 810 2127 874 atque

486 900 602 973 fur,
637 900 922 972 quidquid
942 901 1060 972 egit
1079 901 1229 957 inter
1253 901 1543 972 apostolos
1562 914 1662 970 pro
1677 898 1960 970 dignitate
1983 906 2132 950 com-

427 1061 433 1069 .
490 991 682 1058 missa,
729 989 1002 1046 beneﬁcia
1053 1004 1150 1060 per
1203 991 1504 1062 indignum
1551 990 1682 1045 data
1720 987 1878 1043 nulla
1926 999 1994 1040 ex
2027 983 2132 1038 hoc

486 1081 829 1137 detrimenta
877 1085 1195 1151 senserunt,
1247 1080 1570 1134 declarante
1601 1078 1707 1134 hoc
1738 1077 1863 1146 ipso
1892 1073 2133 1130 Domino

491 1168 960 1225 manifestissima
1007 1181 1159 1238 voce,
1209 1187 1234 1219 «
1284 1167 1496 1222 Scriba:
1538 1172 1594 1222 et
1643 1165 1913 1220 Phariszei
1959 1175 2133 1232 super

487 1259 812 1316 cathedram
846 1257 1021 1327 Moysi
1067 1257 1357 1324 sederunt,
1405 1271 1530 1326 qua:
1558 1255 1763 1311 dicunt
1787 1253 1977 1315 facite,
2006 1266 2132 1323 qua:

487 1353 676 1403 autem
719 1345 958 1407 faciunt.
1011 1344 1193 1401 facere
1232 1344 1429 1415 nolite,
1481 1344 1682 1400 dicunt
1731 1343 1881 1398 enim
1931 1346 1988 1396 et
2019 1354 2130 1396 non

486 1434 708 1492 faciunt
735 1433 947 1505 (Matth.
971 1434 1158 1508 XXIII).
1205 1451 1230 1485 ι)
1262 1433 1556 1504 Quidquid
1588 1445 1722 1505 ergo
1748 1432 1805 1486 in
1832 1430 2130 1487 hominum

487 1522 803 1595 profectum
863 1524 1111 1595 quilibet
1141 1523 1199 1578 in
1242 1522 1496 1579 Ecclesia
1542 1535 1642 1592 pro
1689 1520 1875 1577 oﬁicio
1905 1520 2133 1576 videtur

487 1615 733 1685 Operari,
770 1614 874 1669 hoc
896 1619 1079 1670 totum
1101 1611 1345 1682 complet
1376 1617 1432 1667 et
1464 1611 1665 1681 implet
1685 1609 2017 1666 divinitatis
2041 1607 2134 1664 ef—

2233 534 2514 591 mediocre
2552 533 2906 602 scandalum,
2934 531 3187 588 ordinati
3221 530 3632 599 reciperentur.

2231 659 2358 713 CAP.
2395 658 2596 712 XXIII.
2640 688 2709 696 —
2745 657 2967 713 Nicaena
3006 655 3248 722 synodus
3280 654 3495 707 clericos
3526 655 3626 722 qui
3674 653 3887 706 cathan‘

2663 729 2940 790 dicuntur,
2973 729 3052 780 ita
3082 727 3252 794 recipi
3276 725 3450 793 jubet.

2310 835 2386 891 De
2416 835 2510 890 his
2539 834 2637 905 qui
2673 848 2732 890 se
2753 833 3048 890 nominant
3079 831 3363 899 catharos,
3394 831 3449 885 id
3482 834 3589 902 est,
3610 831 3886 900 mundos,

2241 927 2288 981 si
2318 926 2545 996 quando
2571 923 2802 979 veniant
2837 923 2902 977 ad
2936 921 3245 977 Ecclesiam
3269 919 3633 988 catholicam,
3674 919 3889 989 placuit

2242 1019 2438 1070 sancto
2467 1020 2522 1069 et
2561 1026 2764 1084 magno
2795 1011 3064 1080 concilio,
3115 1015 3178 1065 ut
3223 1010 3655 1079 impositionem
3693 1023 3890 1065 manus

2242 1103 2608 1173 accipientes,
2633 1101 2718 1158 sic
2747 1102 2802 1156 in
2827 1101 3038 1156 clerico
3071 1104 3454 1170 permaneant.

2240 1230 2349 1285 CAP
2399 1229 2597 1284 XXIV.
2631 1258 2705 1268 —
2727 1230 2801 1281 De
2841 1227 3101 1280 Anatolio
3132 1225 3254 1279 licet
3296 1225 3433 1279 male
3470 1224 3753 1294 ordinato,
3805 1230 3893 1277 ta-

2772 1314 2895 1352 men
2949 1313 3056 1350 non
3111 1297 3352 1366 expulso.

2312 1407 2517 1463 Sancto
2544 1407 2810 1462 Flaviano
2848 1403 3486 1472 ConstantinOpolitano
3517 1402 3800 1473 episcopo
3827 1402 3894 1458 ob

2242 1495 2582 1552 catholicam
2621 1495 2786 1550 ﬁdem
2831 1494 2889 1548 in
2920 1491 3192 1549 exsilium
3234 1491 3548 1561 destinato,
3592 1489 3894 1545 Anatolius

2241 1599 2307 1642 eo
2336 1586 2558 1641 vivente
2589 1585 2650 1640 in
2679 1584 2804 1654 ejus
2826 1583 2949 1639 loco
2979 1581 3283 1638 ordinatus
3312 1586 3416 1636 est.
3447 1579 3527 1634 Ad
3561 1593 3733 1650 quem
3757 1592 3896 1634 san-

724 1668 804 1759 Ita
835 1703 954 1773 ille,
987 1668 1084 1773 per
1110 1668 1275 1773 quem
1305 1668 1577 1756 Christus
1606 1700 1887 1770 loquitur,
1919 1698 2136 1754 Paulus
2157 1697 2215 1759 ’Β
2244 1681 2372 1773 9t“?
2433 1687 2576 1744 papa
2629 1675 2734 1773 Ῑλξθο
2775 1673 2862 1773 Ea
2904 1671 3206 1772 {oqunur‘
3253 1671 3555 1773 Ρθθθῗδθῗθ
3579 1668 3750 1768 ,θηίω
3800 1675 3898 1773 ίξ¹⁰

487 1793 746 1849 afﬁrmat.
784 1813 809 1844 α
855 1794 970 1864 Ego
1018 1791 1292 1862 plantavi,
1335 1790 1538 1860 Apollo
1575 1789 1804 1862 rigavit,
1847 1789 1941 1844 sed
1987 1789 2136 1843 Deus

491 1885 902 1940 incrementum
947 1881 1126 1937 dedit.
1168 1883 1383 1951 Itaque,
1427 1893 1609 1950 neque
1639 1879 1738 1950 qui
1786 1878 2006 1948 plantat
2051 1881 2138 1932 est

488 1972 753 2044 aliquid;
788 1985 968 2043 neque
993 1971 1093 2042 qui
1128 1971 1297 2042 rigat,
1328 1969 1424 2026 sed
1449 1969 1548 2040 qui
1573 1969 1981 2024 incrementum
2016 1967 2134 2035 dat,

488 2066 637 2119 Deus
666 2059 712 2133 (Ι
749 2061 869 2116 Cor.
899 2060 1003 2134 ιιι).
1041 2079 1066 2110 »
1095 2061 1140 2115 Α
1164 2061 1278 2116 Deo
1324 2064 1513 2136 autem
1542 2072 1655 2115 non
1683 2057 1965 2129 quaeritur
2005 2055 2138 2126 quis

488 2153 572 2208 vel
604 2151 797 2222 qualis
838 2151 1145 2222 praedicet;
1175 2150 1269 2206 sed
1323 2164 1490 2220 quem
1535 2148 1823 2219 praedicet,
1874 2151 1938 2203 ut
1977 2145 2140 2201 invi—

486 2243 590 2299 dos
618 2242 790 2297 etiam
821 2241 962 2296 bene
995 2241 1288 2297 Christum
1320 2239 1632 2310 praedicare
1673 2237 1988 2308 conﬁrmet,
2023 2247 2137 2307 quo

491 2331 639 2387 malo
667 2329 937 2386 diabolus
961 2330 1083 2400 ipse
1106 2330 1360 2399 dejectus
1385 2335 1490 2384 est.

487 2438 614 2493 CAP.
642 2439 768 2492 XX.
801 2436 1178 2504 —Ejusdem,
1215 2436 1361 2504 quod
1397 2437 1531 2489 mali
1571 2434 1710 2488 bona
1746 2432 2134 2503 ministrando,

559 2509 668 2563 sibi
697 2503 1066 2562 tantummodo
1100 2503 1344 2569 noceant,
1375 2523 1468 2560 nec
1507 2507 1759 2560 Ecclesia:
1793 2503 2137 2559 sacramenta

559 2581 961 2634 commaculent.

561 2687 688 2743 Ideo
714 2701 847 2757 ergo
886 2691 942 2741 et
974 2686 1066 2742 hic
1113 2686 1376 2757 Aeacius,
1417 2687 1586 2756 cujus
1635 2698 1836 2741 nomen
1881 2684 2134 2739 dicimus

491 2788 633 2846 es;e,
660 2774 1028 2844 riticendum,
1064 2775 1208 2831 male
1249 2774 1394 2830 bona
1423 2773 1825 2843 ministrando,
1859 2771 1971 2827 sibi
2001 2778 2137 2828 tan-

488 2864 780 2919 tummodo
842 2864 1058 2919 nocuit.
1119 2865 1257 2919 Nam
1324 2861 1658 2919 inviolabile
1714 2865 2132 2918 sacramentum

489 2954 638 3024 quod
673 2966 772 3024 per
819 2952 984 3008 illum
1015 2953 1212 3010 datum
1257 2958 1360 3023 est,
1411 2951 1549 3008 aliis
1578 2950 1981 3022 perfectionem
2017 2965 2134 3007 sua:

490 3042 726 3098 virtutis
752 3041 1027 3114 obtinuit,
1072 3044 1125 3098 ei
1161 3047 1348 3098 autem
1381 3040 1587 3098 obfuit.
1623 3042 2011 3111 Quorumdam
2041 3055 2138 3097 au-
2165 3046 2214 3112 Ο

488 3137 600 3188 tem
630 3132 690 3186 in
715 3134 937 3188 tantum
960 3145 1019 3188 se
1043 3132 1301 3188 extendit
1328 3131 1558 3188 curiosa
1581 3131 1860 3200 suspicio,
1896 3134 1959 3186 ut
1986 3129 2139 3184 ima-

487 3224 738 3296 ginetur,
772 3223 1008 3293 probato
1036 3235 1068 3276 a
1097 3234 1237 3292 papa
1267 3221 1454 3278 Felice
1476 3220 1724 3291 judicio,
1760 3224 1953 3291 postea
1982 3218 2137 3276 inef—

482 3313 735 3370 ﬁcaciter
787 3312 845 3368 in
889 3311 1282 3380 sacramentis,
1347 3325 1473 3381 quae
1518 3309 1763 3368 Aeacius
1812 3309 2133 3380 usurpavit,

483 3403 704 3474 egisse;
736 3416 802 3459 ac
840 3403 1078 3473 perinde
1125 3415 1222 3458 eos
1264 3404 1532 3470 metuere,
1587 3400 1686 3470 qui
1719 3398 1803 3456 vel
1844 3399 1902 3454 in
1928 3411 2138 3455 conse-

484 3492 863 3562 crationibus,
929 3491 1014 3547 vel
1065 3492 1122 3546 in
1182 3490 1546 3558 baptismate,
1595 3488 1868 3559 mysteria
1922 3487 2136 3543 tradita

483 3585 874 3651 susceperunt.
912 3583 1052 3636 Nam
1101 3577 1370 3648 superbia
1404 3590 1625 3646 semper
1670 3576 1806 3646 sibi,
1862 3589 1975 3632 non
2000 3575 2139 3632 aliis

480 3667 631 3725 facit
663 3669 908 3726 ruinam.

553 3777 680 3830 CAP.
727 3774 881 3829 XXI.
937 3803 1010 3813 —
1065 3772 1214 3827 Unde
1253 3788 1422 3842 supra
1481 3771 1566 3842 S.
1602 3770 1905 3838 Augustini
1951 3775 2137 3825 contra

892 3841 1334 3898 Parmenianum’
1365 3841 1728 3896 Donatistam.

555 3949 714 4018 Quod
737 3953 923 4005 autem
958 3949 1017 4003 in
1047 3948 1197 4004 libro
1227 3949 1534 4019 Sapientiae
1558 3947 1790 4022 legitur,
1828 3970 1854 4002 «
1881 3948 2137 4020 Spiritus

487 4043 719 4098 sanctus
757 4039 1084 4109 disciplina:
1128 4038 1362 4110 eﬁ'ugiet
1411 4039 1627 4111 ﬁctum,
1660 4044 1716 4095 et
1750 4038 1971 4096 auferet
2015 4053 2075 4095 se
2103 4053 2135 4094 a

488 4127 943 4202 cogitationibus
983 4141 1106 4198 quae
1155 4129 1291 4184 Sunt
1339 4128 1464 4184 sine
1492 4128 1782 4185 intellectu
1812 4127 1958 4198 (Sap.
1995 4127 2072 4201 1);
2107 4146 2132 4178 ››

493 4220 573 4275 ita
597 4217 1036 4289 intelligendum
1066 4222 1172 4288 est,
1198 4222 1262 4273 ut
1291 4218 1443 4274 desit
1473 4217 1650 4274 saluti
1673 4218 1816 4287 ejus,
1867 4217 2141 4272 ministe-

489 4309 634 4364 rium
685 4313 869 4362 tamen
915 4320 1026 4362 non
1071 4306 1314 4377 deserat,
1349 4306 1501 4376 quod
1575 4319 1674 4375 per
1709 4318 1839 4360 eum
1894 4304 2136 4360 salutem

487 4400 756 4467 operatur
797 4393 1064 4450 aliorum.
1107 4394 1266 4449 Unde
1295 4394 1378 4449 ait
1429 4393 1779 4463 Apostolus:
1814 4411 1839 4444 α
1885 4392 1944 4448 Si
1984 4394 2138 4449 enim
2164 4386 2218 4447 D

489 4485 684 4542 volens
714 4485 818 4541 hoc
849 4482 1017 4554 facio,
1063 4483 1373 4539 mercedem
1416 4479 1632 4552 habeo;
1683 4481 1733 4536 si
1760 4485 1949 4538 autem
1983 4481 2143 4538 invi-

490 4581 605 4645 tus,
631 4574 986 4645 dispensatio
1018 4572 1163 4628 mihi
1189 4571 1408 4628 credita
1439 4575 1525 4626 est
1566 4569 1613 4640 (Ι
1637 4571 1755 4626 Cor.
1789 4571 1887 4644 ix).
1931 4590 1957 4622 ››
1985 4572 2062 4626 Ac
2088 4571 2138 4626 si

491 4665 684 4720 dicat:
717 4663 840 4717 illis
867 4661 1096 4732 prodest
1126 4659 1340 4732 quibus
1381 4659 1487 4716 hoc
1510 4659 1800 4732 dispenso,
1832 4674 1945 4718 non
1995 4660 2139 4717 mihi

495 4752 595 4822 qui
629 4751 796 4806 ﬁctus
819 4764 966 4805 sum.

563 4857 689 4914 CAP.
744 4857 920 4911 XXII.
965 4886 1034 4895 —
1099 4856 1253 4922 Quod
1291 4858 1577 4913 Bonosiaci
1629 4860 1811 4914 clerici
1863 4875 1983 4914 eum
2026 4860 2141 4914 suis

708 4929 1000 4983 honoribus
1031 4929 1144 4983 sint
1179 4931 1396 5001 recepti,
1423 4932 1722 4986 Innocentii
1747 4947 1923 5002 papae.

565 5038 792 5094 Certum
831 5040 917 5092 est
962 5037 1110 5106 quod
1144 5037 1440 5094 Bonosiaci
1474 5037 1728 5094 haeretici
1770 5037 2139 5109 comparandi

496 5133 633 5184 sunt
659 5124 891 5195 Judatis,
919 5138 985 5180 eo
1016 5126 1166 5196 quod
1187 5125 1479 5182 Christum
1509 5127 1682 5182 Deum
1708 5140 1776 5182 ex
1802 5128 1989 5183 Patris
2013 5126 2144 5184 sub-

498 5215 710 5274 stantia
757 5220 888 5270 ante
936 5213 1143 5270 saecula
1179 5221 1402 5286 negent,
1453 5215 1607 5272 sicut
1651 5215 1830 5272 Judaei
1877 5217 1978 5287 qui
2017 5218 2143 5287 ejus

499 5305 861 5362 divinitatem
894 5309 1241 5375 negaverunt
1268 5309 1325 5360 et
1349 5309 1574 5376 negant.
1607 5303 1761 5359 Unde
1789 5318 2144 5376 consequens

500 5401 586 5452 est
632 5399 696 5450 ut
741 5392 1114 5463 participium
1158 5391 1550 5448 damnationis
1597 5406 1726 5447 cum
1767 5392 1852 5449 eis
1900 5393 2144 5451 habeant

499 5497 742 5554 quorum
800 5494 1050 5537 errorem
1116 5480 1327 5536 imitati
1383 5486 1534 5536 sunt.
1587 5481 1656 5536 Et
1705 5480 1890 5537 infra:
1941 5484 2141 5550 Anysii

501 5572 702 5628 fratris
759 5570 1045 5642 quondam
1107 5570 1291 5625 nostri
1365 5569 1728 5641 aliorumque
1785 5573 2141 5630 sacerdotum

2245 1764 2421 1820 beatae
2459 1763 2743 1819 memoriae
2773 1761 3062 1830 Flaviano,
3109 1765 3340 1829 propter
3375 1757 3770 1813 defensionem
3797 1771 3896 1812 ca-

2248 1853 2475 1910 tholica:
2512 1852 2776 1908 veritatis
2818 1851 3016 1920 ejecto,
3065 1863 3177 1904 non
3224 1847 3509 1902 immerito
3555 1846 3900 1902 credebatur

2247 1943 2396 2013 quod
2447 1941 2806 1997 ordinatores
2849 1939 2934 1995 tui
2981 1943 3180 1993 contra
3234 1943 3564 1992 sanctorum
3608 1949 3897 1991 canonum

2249 2030 2517 2086 instituta
2548 2029 2880 2084 viderentur
2924 2026 3017 2082 sui
3063 2025 3312 2081 similem
3361 2038 3742 2080 consecrasse.
3792 2024 3896 2079 Sed

2246 2117 2436 2174 adfuit
2463 2117 2859 2174 misericordia
2890 2116 3014 2186 Dei,
3065 2115 3123 2169 in
3176 2114 3280 2170 hoc
3329 2120 3383 2168 te
3427 2114 3683 2185 diligens
3725 2120 3899 2184 atque

2247 2207 2610 2276 conﬁrmans,
2636 2211 2701 2262 ut
2731 2205 2898 2261 malis
2926 2203 3233 2275 principiis
3250 2202 3390 2258 bene
3411 2203 3680 2271 utereris,
3708 2209 3767 2257 et
3789 2215 3898 2256 non

2249 2302 2302 2352 te
2327 2296 2550 2366 judicio
2572 2295 2865 2350 hominum
2901 2299 3248 2364 provectum,
3282 2291 3377 2345 sed
3410 2290 3509 2346 Dei
3542 2289 3900 2361 benignitate

2248 2389 2612 2441 monstrares.
2645 2383 2803 2452 Quod
2837 2396 2964 2437 vere
2987 2382 3066 2437 ita
3109 2379 3506 2449 accipiendum
3534 2383 3643 2449 est,
3676 2379 3726 2433 si
3753 2379 3901 2433 hanc

2246 2475 2431 2530 divini
2467 2473 2723 2530 muneris
2743 2473 2987 2545 gratiam
3040 2471 3155 2526 alia
3185 2469 3497 2526 offensione
3529 2482 3641 2524 non
3669 2468 3896 2537 perdas.

2246 2565 2346 2620 llis
2393 2578 2526 2636 ergo
2570 2562 2799 2618 relectis
2837 2561 3132 2631 capitulis,
3182 2573 3214 2616 o
3275 2559 3520 2629 justitiaa
3563 2557 3898 2625 dilectores,

2244 2653 2495 2710 audistis
2521 2653 2828 2721 liquidius,
2849 2651 2997 2722 quod
3017 2663 3049 2706 a
3081 2647 3584 2720 pseudoepiscopis
3603 2647 3902 2702 ordinatio

2247 2743 2391 2798 facta
2424 2743 2603 2814 possit
2624 2747 2748 2797 rata
2767 2741 3099 2796 consistere.
3131 2737 3586 2795 Audistisetiam
3608 2737 3751 2806 quia
3778 2737 3906 2791 sic—

2245 2838 2310 2888 ut
2370 2832 2478 2887 den
2535 2847 2567 2888 o
2613 2832 2860 2902 quisque
2908 2829 3187 2899 baptizari
3239 2841 3350 2883 non
3414 2825 3602 2892 debet,
3675 2824 3757 2879 ita
3806 2838 3906 2880 nec

2243 2923 2430 2979 denuo
2466 2924 2524 2975 in
2566 2921 2760 2976 eodem
2803 2919 3006 2976 ordine
3047 2916 3370 2974 consecrari
3416 2919 3624 2985 potest.
3661 2914 3904 2969 Nihilo-

2248 3011 2441 3066 minus
2469 3015 2658 3066 autem
2688 3009 2961 3076 audistis,
2997 3007 3147 3079 quod
3179 3019 3276 3062 eos
3307 3018 3452 3076 quos
3477 3002 3728 3059 Aeacius
3775 3008 3907 3072 post

2245 3100 2667 3156 damnationem
2696 3113 2858 3155 suam
2885 3097 3196 3166 ordinavit,
3226 3095 3383 3151 nulla
3415 3094 3607 3163 portio
3641 3092 3908 3148 laesionis

2246 3189 2524 3261 attigerit,
2553 3204 2618 3246 eo
2645 3189 2794 3259 quod
2832 3187 2966 3243 mali
2997 3187 3145 3243 bona
3172 3184 3575 3253 ministrando,
3616 3183 3735 3238 sibi
3770 3188 3908 3237 tan-

2247 3279 2538 3336 tummodo
2611 3284 2867 3348 noceant,
2924 3275 3312 3332 ministerium
3376 3277 3567 3329 autem
3610 3271 3906 3327 maculare

2248 3383 2359 3425 non
2402 3367 2642 3439 possint,
2678 3367 2828 3438 quod
2879 3365 3094 3421 talibus
3123 3364 3330 3420 oﬁiciis
3371 3362 3628 3433 Spiritus
3666 3367 3905 3416 sanctus

2249 3458 2551 3530 praisideat
2573 3463 2796 3512 auctor.
2821 3456 2956 3512 Inde
2984 3454 3260 3510 nimirum
3282 3457 3368 3508 est
3393 3451 3541 3522 quod
3572 3451 3898 3514 Bonosiaci,

2249 3547 2348 3619 qui
2380 3547 2448 3602 ad
2476 3544 2816 3601 catholicam
2843 3542 3152 3598 Ecclesiam
3195 3540 3382 3596 redire
3411 3539 3748 3607 voluerunt,
3775 3551 3898 3593 cum

2249 3637 2376 3692 suis
2399 3634 2716 3691 honoribus
2738 3633 2948 3706 recepti
2976 3637 3131 3688 sunt.
3158 3631 3292 3686 Inde
3308 3629 3480 3684 etiam
3498 3633 3554 3682 et
3572 3628 3897 3692 Novatiani,

2249 3730 2314 3781 ut
2346 3723 2572 3780 fuerant
2595 3723 2869 3792 ordinati,
2896 3735 2994 3792 per
3025 3733 3227 3776 manus
3255 3717 3691 3788 impositionem
3726 3717 3903 3771 susci-

2248 3815 2506 3886 piuntur.
2559 3813 2864 3868 Anatolius
2915 3823 3164 3882 quoque,
3208 3814 3273 3864 ut
3300 3808 3522 3862 dictum
3566 3813 3675 3875 est,
3725 3804 3901 3876 magis

2246 3904 2563 3976 sacrilegus
2595 3903 2824 3959 invasor
2871 3915 3040 3974 quam
3085 3899 3391 3970 episcopus
3424 3896 3538 3952 fuit
3570 3895 3898 3962 ordinatus,

2246 4005 2300 4052 et
2343 4002 2529 4052 tamen
2568 4009 2600 4050 a
2639 4001 2833 4049 sancto
2879 4004 3022 4062 papa
3076 3993 3258 4046 Leone
3298 4001 3409 4044 non
3463 3987 3898 4051 condemnatur,

2247 4089 2340 4144 sed
2370 4088 2563 4158 potius
2587 4086 2943 4153 admonetur,
2974 4085 3255 4152 quatenus
3280 4075 3692 4133 sacerdotalem
3734 4073 3901 4130 beni—

2248 4179 2519 4250 gnitatem
2573 4175 2689 4230 alia
2733 4172 3044 4229 oﬁ‘ensioue
3083 4182 3197 4225 non
3248 4167 3464 4238 perdat.
3520 4166 3592 4222 Et
3638 4165 3741 4220 isti
3804 4161 3898 4233 qui

2248 4265 2431 4324 sunt?
2459 4265 2544 4341 vel
2568 4265 2736 4335 cujus
2764 4260 3107 4334 magisterii,
3126 4259 3360 4327 cujusve
3381 4255 3781 4325 auctoritatis,
3807 4253 3900 4324 qui

2249 4371 2464 4418 sacram
2496 4354 2916 4413 ordinationem
2947 4365 2979 4405 a
3008 4347 3292 4406 catholico
3331 4346 3455 4402 viro
3489 4345 3899 4406 ministratam,

2249 4455 2304 4507 et
2348 4445 2615 4518 pluribus
2657 4443 2828 4499 annis
2871 4443 2983 4496 Deo
3010 4439 3257 4494 ﬁdeliter
3285 4433 3684 4504 famulantem,
3718 4439 3776 4487 et
3805 4445 3904 4487 ec—

2250 4537 2574 4595 clesiastica
2614 4533 2796 4590 oﬁicia
2841 4530 3170 4586 Christiano
3200 4526 3408 4598 populo
3448 4524 3899 4590 ministrantem,

2253 4641 2363 4685 non
2394 4625 2676 4683 catholice
2695 4623 2790 4680 sed
2825 4619 3139 4692 apostolice
3163 4616 3490 4673 subvertere
3517 4613 3792 4668 nituntur
3809 4611 3838 4665 ἲ

2675 4733 2803 4788 CAP.
2832 4731 3006 4786 XXV.
3038 4757 3110 4767 —
3128 4730 3203 4782 De
3232 4725 3465 4779 Liberio.

2320 4845 2463 4916 Quis
2490 4842 2644 4900 enim
2685 4839 2902 4897 nesciat
2931 4835 3082 4908 quod
3133 4832 3418 4901 Liberius,
3455 4830 3569 4885 heu
3603 4827 3749 4900 prob
3795 4827 3907 4883 do—

2250 4935 2372 4993 lori
2403 4934 2629 4990 Arianae
2659 4929 2859 4986 haeresi
2893 4922 3324 4995 subscripserit,
3354 4926 3411 4976 et
3433 4933 3532 4990 per
3549 4919 3678 4989 ejus
3706 4922 3908 4973 trans-

2251 5024 2602 5098 gressionem
2649 5017 3063 5076 nefandissima
3117 5013 3333 5070 scelera
3390 5009 3514 5065 sint
3559 5007 3904 5072 commissa;

2253 5096 2565 5172 multitudo
2594 5123 2823 5184 quoque
2857 5106 3215 5164 sacerdotum
3244 5106 3302 5159 et
3323 5099 3672 5156 clericorum
3717 5096 3908 5150 inter-

2253 5207 2397 5264 fecta
2423 5206 2501 5262 sit
2537 5210 2594 5260 et
2623 5200 2896 5272 martyrio
2927 5202 3234 5254 coronata:
3272 5190 3497 5248 residui
3539 5202 3673 5245 vero
3696 5186 3908 5242 catho—

2253 5297 2353 5353 lici
2382 5309 2493 5352 non
2517 5293 2702 5350 solum
2722 5291 2794 5346 ab
2824 5285 3119 5354 Ecclesiis,
3144 5282 3240 5340 sed
3271 5281 3443 5337 etiam
3471 5292 3504 5334 a
3529 5276 3755 5334 balneis
3784 5290 3910 5346 pro-

2255 5387 2427 5445 hibiti
2453 5386 2588 5442 sint.
2620 5381 2884 5440 Liberius
2908 5384 3093 5434 autem
3121 5375 3380 5446 apostata
3406 5368 3596 5426 factus
3616 5367 3764 5422 vixit
3795 5379 3910 5421 an-

2255 5493 2359 5536 nos
2387 5492 2504 5547 sex,
2545 5472 2940 5531 ordinationes
2986 5473 3173 5524 tamen
3199 5475 3343 5536 quas
3371 5459 3512 5516 fecit
3556 5458 3617 5528 in
3644 5469 3750 5512 sua
3778 5461 3911 5547 sta-

2247 5545 2500 5629 bilitatev
2531 5564 2982 5638 permanserunt.
3036 5560 3149 5614 Nec
3199 5555 3449 5622 mirum;
3501 5561 3696 5606 revera
3744 5545 3906 5602 enim
