4068 6178
197 228 224 287 4
233 230 351 288 069

925 236 1185 295 AUXILH
1223 239 1313 294 DE
1349 238 1580 299 ORDIN.
1622 241 1670 298 A
1725 242 2049 306 FORMOSO
2087 250 2188 307 PP.
2230 252 2464 312 FACTIS
2511 258 2692 316 LIBRI
2729 261 2886 322 DUO.

3466 267 3488 326 4
3499 268 3604 328 070

191 343 404 445 .ludas,
434 345 700 445 quamvis
720 344 816 445 fur
835 352 893 404 et
923 350 1266 445 sacrilegus,
1293 370 1418 426 qua:
1444 356 1756 415 salubriter
1780 360 1861 416 in-
1884 359 1944 420 A
1967 361 2140 420 Porro
2181 366 2252 423 de
2281 370 2411 426 sede
2457 372 2524 427 ad
2557 375 2765 445 sedem,
2815 377 2899 433 vel
2929 378 3000 434 de
3041 380 3272 438 civitate
3300 383 3370 439 ad
3397 384 3611 442 civita-
3641 365 3644 367 ’

197 438 293 487 ter
314 432 604 503 paostolos
624 435 822 507 gessit,
845 438 1149 509 quisquam
1176 443 1515 516 redarguere
1538 461 1648 503 non
1679 461 1858 504 ausus

194 520 338 577 fuit.

191 611 331 666 CAP.
365 613 565 668 XXVI.
595 642 662 651 —
689 612 844 679 Quod
887 616 1082 685 Vigilii
1113 621 1484 680 ordinationes
1520 642 1672 681 nemo
1692 644 1856 682 remo-

774 719 896 758 vere
937 722 1106 762 ausus
1154 712 1281 777 fuit.

271 789 418 844 Hinc
443 793 532 846 est
562 792 711 862 quod
743 791 946 865 Vigilii
979 797 1373 856 ordinationes
1401 815 1563 859 nemo
1593 818 1856 862 commo—

191 891 327 933 vere
356 891 540 936 ausus
567 885 670 936 est.
723 883 898 938 Istum
947 897 1189 957 namque
1232 889 1382 945 scias
1421 905 1544 948 esse
1573 894 1851 964 Vigilium

193 967 299 1038 qui
325 969 492 1038 prius
521 969 812 1026 Bonifacio
846 986 1003 1042 papm
1030 973 1277 1033 insidias
1319 980 1556 1036 molitus
1585 987 1689 1054 est,
1721 997 1854 1054 qua-

192 1062 371 1113 tenus
393 1071 461 1114 eo
489 1058 712 1115 vivente
747 1062 1120 1130 apostolicam
1165 1066 1505 1137 dignitatem
1536 1071 1851 1144 sacrilegus

189 1145 506 1202 obtineret.
549 1147 677 1218 Sed,
732 1149 1032 1206 resistente
1059 1158 1280 1225 senatu,
1326 1156 1437 1212 tale
1483 1159 1621 1229 quid
1668 1158 1851 1216 facere

190 1234 440 1290 minime
460 1236 665 1306 potuit.
701 1238 1066 1296 Postmodum
1097 1255 1228 1299 vero
1254 1244 1448 1301 solitis
1480 1247 1850 1304 machinatio-

190 1322 374 1380 nibus
398 1324 706 1380 Silverium
738 1340 938 1396 papam
974 1330 1289 1398 apostolica
1325 1333 1608 1405 dignitate
1636 1348 1849 1407 exspo-

187 1410 340 1468 liare
365 1426 671 1484 aggressus
699 1420 802 1471 est.
837 1416 996 1486 Quod
1027 1418 1127 1474 ille
1155 1421 1637 1495 animadvertens,
1665 1424 1847 1480 advo-

186 1502 342 1557 catis
366 1503 675 1573 episcopis,
721 1504 1064 1562 auctoritate
1093 1509 1277 1564 sancti
1323 1509 1578 1580 Spiritus
1619 1516 1676 1568 et
1702 1527 1847 1584 apo-

186 1591 401 1648 stolica
429 1596 722 1664 potestate,
752 1606 882 1648 eum
924 1593 1080 1652 velut
1106 1597 1496 1654 Simoniacum
1527 1605 1584 1656 et
1628 1601 1846 1658 invaso-

187 1693 310 1736 rem
337 1681 723 1738 anathematis
739 1683 990 1738 vinculis
1015 1684 1312 1757 obligavit,
1347 1694 1401 1743 et
1425 1688 1542 1759 ille,
1571 1696 1634 1746 ut
1659 1696 1843 1747 mente
1879 1693 1930 1754 B

183 1775 550 1840 conceperat,
605 1784 705 1840 per
761 1771 1113 1842 imperialem
1165 1777 1496 1848 potentiam,
1551 1778 1843 1850 simulque

186 1858 370 1914 falsos
397 1864 586 1931 testes,
628 1861 887 1916 eumdem
920 1862 1297 1931 apostolicum
1333 1866 1551 1922 Patrem
1579 1867 1842 1938 nequiter

185 1949 611 2018 condemnavit,
641 1950 994 2006 monachicis
1023 1952 1300 2024 vestibus,
1333 1959 1388 2009 et
1411 1955 1479 2010 ad
1518 1957 1749 2012 Pontias
1780 1956 1840 2013 in

185 2037 466 2096 exsilium
488 2038 818 2107 destinavit,
845 2045 1175 2097 sustentans
1195 2055 1324 2099 eum
1355 2057 1494 2113 pane
1517 2045 1844 2103 tribulatio-

186 2131 285 2186 nis
308 2133 368 2184 et
387 2141 534 2199 aqua
561 2128 878 2198 angustiae;
904 2129 1101 2200 ibique
1129 2137 1391 2190 mortuus
1420 2138 1506 2190 est
1547 2148 1614 2190 ac
1642 2136 1844 2205 sepul-

186 2225 308 2287 tus,
329 2222 388 2273 et
416 2216 708 2274 confessor
737 2216 970 2274 effectus
1019 2223 1142 2288 est;
1189 2221 1255 2276 ad
1289 2223 1456 2292 cujus
1503 2236 1713 2293 corpus
1743 2225 1842 2280 in-

187 2309 346 2364 ﬁrmi
378 2307 744 2363 sanabantur.
773 2307 1040 2380 Vigilius,
1065 2314 1251 2364 autem
1285 2312 1667 2368 anathematis
1688 2314 1842 2370 nexi-

186 2398 300 2453 bus
324 2397 530 2452 merito
562 2397 844 2466 irretitus,
881 2396 1118 2468 insuper
1147 2403 1204 2454 et
1251 2399 1551 2458 homicidii
1597 2403 1840 2459 crimine

193 2487 538 2543 nominatim
565 2485 895 2556 infamatus,
929 2486 1148 2543 nefario
1176 2501 1322 2545 ausu
1350 2504 1408 2546 se
1432 2505 1631 2561 papam
1660 2491 1842 2548 insti—

186 2576 322 2631 tuit.
355 2576 400 2631 Ο
445 2575 789 2630 ineffabilem
813 2576 912 2631 Dei
957 2577 1218 2646 pietatem
1247 2578 1259 2630 l
1294 2579 1564 2650 Vigilius,
1595 2581 1694 2650 qui
1722 2581 1838 2650 jam

187 2665 529 2735 desperatus
554 2671 694 2736 erat,
745 2670 1006 2721 servatur
1034 2666 1100 2722 ad
1156 2667 1570 2736 paenitentiam.
1623 2669 1846 2724 Anthié

189 2769 349 2810 mum
381 2755 605 2810 scilicet
627 2755 956 2811 haereticum
988 2756 1369 2826 patriarcham
1399 2771 1564 2828 quem
1591 2758 1839 2814 reconci-

173 2844 333 2902 Jiare
348 2845 753 2914 spoponderat,
775 2845 1149 2901 reconciliare
1175 2845 1391 2916 nolens,
1417 2847 1584 2919 longo
1605 2848 1832 2917 exsilio,

184 2933 472 3005 longaque
499 2933 807 2990 aﬂlictione
835 2941 1166 3003 maceratus,
1209 2935 1383 3007 digna
1405 2935 1574 2992 factis
1600 2938 1830 3008 recepit,

182 3030 240 3077 et
264 3023 352 3077 sic
372 3023 600 3079 demum
628 3024 885 3093 procula
935 3023 1119 3093 patria
1148 3023 1455 3080 defunctus
1505 3025 1724 3096 quievit
1771 3027 1831 3081 in
1868 3020 1917 3082 C

183 3113 448 3168 Domino.
477 3112 884 3168 Ordinationes
914 3119 1099 3168 tamen
1128 3114 1273 3183 ejus,
1311 3120 1374 3169 ut
1393 3114 1613 3169 dictum
1636 3119 1743 3186 est,
1776 3114 1834 3170 in

182 3214 289 3256 sua
346 3200 661 3257 stabilitate
705 3206 1053 3257 manserunt.
1100 3203 1225 3257 Haec
1254 3203 1406 3257 enim
1459 3217 1584 3272 quze
1620 3203 1691 3259 de
1731 3204 1838 3260 Sil-

184 3290 345 3345 verio
379 3297 436 3345 et
479 3290 691 3361 Vigilio
725 3290 1048 3361 retulimus,
1085 3293 1290 3360 partim
1346 3291 1403 3346 in
1444 3292 1704 3362 synodali
1730 3293 1838 3348 de-

185 3384 343 3433 creto
373 3378 625 3448 ejusdem
657 3378 913 3450 Stlverii,
964 3379 1171 3449 partim
1207 3379 1265 3433 in
1317 3379 1638 3436 Pontiﬁcali
1684 3381 1837 3436 libro

186 3467 491 3524 habentur.

184 3577 315 3630 CAP.
350 3575 572 3632 XXVII.
599 3606 674 3616 —
702 3576 843 3642 Quia
862 3581 1078 3646 excepto
1124 3575 1331 3629 Liberii
1357 3577 1658 3647 sacrilegio,
1692 3577 1837 3646 quod

251 3668 549 3735 pessimum
569 3672 666 3729 est,
705 3667 942 3734 Vigilius
966 3666 1163 3735 pejora
1192 3667 1522 3720 commisisse
1555 3667 1838 3734 dignosci-

258 3760 354 3808 tur
372 3772 535 3825 quam
554 3758 856 3811 Formosus.

258 3863 363 3917 Ilis
391 3863 469 3918 ita
493 3863 562 3918 de
599 3863 935 3933 compendio
976 3862 1312 3934 prrelibatis,
1348 3863 1666 3932 percontari
1698 3862 1838 3917 libet

187 3951 326 4022 quis
367 3951 569 4008 borum
617 3953 903 4008 deteriora
931 3951 1328 4008 commiserit?
1366 3953 1668 4007 Formosus
1699 3951 1840 4020 qui-

187 4041 339 4112 dem,
373 4046 438 4096 ut
466 4042 650 4111 aiunt,
679 4041 1018 4098 ambitionis
1048 4055 1219 4097 causa
1251 4039 1322 4095 ab
1352 4040 1665 4111 episcopali
1707 4040 1838 4096 sede

187 4131 255 4186 ad
308 4130 689 4200 apostolicum
735 4131 1004 4188 thronum
1051 4129 1367 4186 translatus
1412 4135 1518 4185 est.
1565 4129 1725 4198 Quod
1784 4128 1835 4184 si

187 4219 504 4290 objecerint
541 4221 865 4291 depositum
902 4220 1100 4291 fuisse,
1136 4225 1192 4275 et
1241 4219 1600 4290 postmodum
1634 4232 1842 4274 recon—

1969 456 2075 544 tem
2107 456 2406 528 episcopos
2435 462 2758 533 transferri,
2790 470 2846 520 et
2877 467 2934 521 in
2962 468 3347 527 decretalibus
3376 473 3610 544 litteris,

1964 539 2037 596 ob
2063 547 2479 621 necessitatem,
2508 551 2592 606 vel
2634 552 2706 608 ob
2739 553 3048 611 utilitatem
3103 571 3434 616 concessum
3463 539 3614 634 legi-4

1964 642 2109 698 mus,
2139 639 2193 689 et
2225 635 2506 704 plurimos
2553 641 2930 714 sacerdotum,
2981 645 3153 700 etiam
3195 653 3440 720 sanctos,
3498 649 3609 706 tale

1961 719 2101 789 quid
2131 723 2316 793 egisse
2347 739 2458 783 non
2483 729 2724 786 dubium
2765 737 2868 787 est.
2904 734 2983 788 Ex
3014 733 3229 804 quibus
3253 719 3436 793 exstat
3465 737 3605 793 bea-

1963 812 2056 864 tus
2103 810 2416 884 Gregorius
2469 819 2876 892 Nazianzenus,
2933 827 2997 877 ut
3053 836 3226 893 supra
3275 825 3583 882 retulimus

1960 898 2084 954 Hinc
2135 909 2344 975 autem,
2399 908 2647 976 prudens
2707 910 2900 979 lector,
2956 925 3066 968 non
3129 913 3257 969 ideo
3309 914 3607 983 praelibare

1960 988 2311 1054 studuimus,
2366 1000 2430 1050 ut
2489 998 2760 1069 cuiquam
2833 1001 3190 1056 sacerdotum
3237 1003 3309 1057 de
3350 1003 3482 1058 sede
3537 1004 3604 1058 ad

1960 1076 2168 1150 sedem,
2204 1081 2288 1136 vel
2333 1082 2402 1137 de
2430 1085 2663 1141 civitate
2693 1087 2760 1142 ad
2797 1088 3108 1159 civitatem,
3136 1091 3345 1146 mutari
3380 1090 3604 1146 licitum

1958 1177 2080 1222 esse
2109 1168 2388 1241 dicamus,
2423 1174 2518 1228 sed
2567 1181 2630 1230 ut
2678 1189 2880 1232 manus
2913 1177 3338 1247 impositionem
3370 1179 3542 1234 etiam
3575 1193 3603 1233 a

1959 1257 2462 1330 pseudoepiscopis
2501 1263 2908 1337 ministratam,
2933 1272 3138 1339 ratam,
3165 1273 3222 1323 et
3247 1269 3460 1338 justam
3481 1281 3604 1324 esse

1957 1345 2308 1404 testimoniis
2335 1351 2854 1419 comprobaremus.

1953 1507 2081 1562 CAP.
2111 1508 2378 1584 __XXYIII.
2421 1539 2495 1551 —
2525 1511 2694 1584 Quod
2745 1515 2843 1581 qui
2879 1529 3042 1584 papa:
3097 1517 3337 1571 Formosi
3384 1533 3598 1572 sacram
3647 1501 3652 1504 ’

2025 1579 2420 1653 ordinationem
2457 1583 2597 1636 nihil
2624 1579 2771 1646 esse;
2791 1579 2900 1639 υεΓ
2913 1579 3089 1653 fuisse
3126 1592 3404 1651 causatur,
3439 1589 3605 1642 Chri—

2024 1651 2219 1705 stianae
2266 1652 2622 1720 religionissit
2648 1651 2919 1711 inimicus;

2021 1809 2143 1880 Qua
2171 1811 2240 1867 de
2268 1826 2326 1868 re
2357 1813 2456 1883 qui
2504 1813 2793 1884 praefatam
2838 1817 3281 1889 ordinationem,
3311 1816 3510 1874 falsam
3543 1823 3600 1874 et

1952 1899 2177 1955 inanem
2217 1913 2339 1956 esse
2364 1902 2447 1958 vel
2481 1901 2661 1958 fuisse
2690 1904 3043 1976 contingunt,
3077 1920 3256 1977 eoque
3277 1907 3601 1962 sacerdotes

1953 2001 2016 2044 ac
2045 1987 2243 2044 levitas
2264 1992 2678 2049 consecrandos
2707 2006 2828 2048 esse
2849 1994 3254 2064 dogmatizant,
3278 1995 3416 2065 quid
3435 1995 3593 2050 aliud

1952 2091 2121 2148 quam
2145 2079 2323 2134 Italiae
2349 2081 2630 2152 regiones,
2681 2080 2845 2154 longe
2893 2083 3136 2156 lateque,
3182 2097 3308 2139 ecce
3329 2085 3444 2153 jam
3472 2084 3598 2138 cir-

1952 2167 2097 2222 citer
2143 2167 2350 2240 viginti
2411 2183 2609 2239 annos,
2664 2170 2879 2242 absque
2935 2172 3263 2228 Christiana
3317 2172 3596 2243 religione

1950 2255 2166 2311 vixisse
2187 2257 2496 2327 garriunt?
2517 2258 2596 2313 Ac
2621 2273 2717 2328 per
2739 2259 2864 2330 hoc,
2896 2261 3033 2331 quid
3056 2261 3214 2316 aliud
3251 2265 3444 2331 restat,
3475 2260 3592 2315 nisi

1923 2342 2019 2397 ‘ab
2047 2344 2326 2413 ejusmodi
2356 2346 2643 2417 episcOpis
2693 2361 2790 2417 per
2821 2349 3142 2404 universam
3172 2349 3391 2404 Italiam
3422 2348 3596 2403 dedi-

1947 2437 2085 2487 cata:
2115 2433 2388 2504 ecclesiae,
2438 2434 2644 2490 altaria
2681 2443 3025 2507 consecrata,
3059 2442 3112 2492 et
3143 2437 3452 2492 chrismata
3492 2449 3595 2492 so-

1950 2521 2214 2577 lemniter
2230 2523 2518 2594 instituta,
2541 2538 2776 2593 prorsus
2795 2526 3087 2596 perierint.
3107 2526 3390 2581 Similiter
3405 2532 3593 2580 autem

1949 2615 2061 2666 tam
2094 2611 2164 2666 ab
2194 2612 2483 2682 episcopis
2513 2627 2681 2683 quam
2722 2628 2752 2668 a
2784 2616 3006 2671 caeteris
3032 2615 3444 2678 sacerdotibus,
3477 2613 3596 2670 fon-

1949 2705 2032 2755 tes
2057 2699 2114 2754 in
2143 2701 2537 2757 remissionem
2573 2709 2928 2772 peccatorum
2963 2703 3326 2775 sanctiﬁcati,
3361 2708 3415 2759 et
3448 2703 3596 2758 mis—

1947 2802 2138 2844 sarum
2171 2790 2445 2846 solemnia
2481 2799 2592 2846 tam
2652 2791 2711 2846 in
2754 2793 3076 2848 Dominicis
3101 2793 3306 2848 diebus
3333 2806 3500 2863 quam
3531 2792 3589 2846 in

1945 2878 2526 2951 aliisfestivitatibus,
2542 2879 2777 2951 frustra,
2795 2886 2857 2936 ut
2872 2881 3287 2952 blasphemant,
3309 2880 3593 2937 celebrata

1947 2968 2081 3023 sint.
2129 2967 2462 3023 Oblationes
2509 2983 2736 3039 quoque
2763 2975 2875 3023 tam
2912 2985 3012 3039 pro
3043 2971 3190 3025 vivis
3222 2984 3388 3040 quam
3417 2970 3589 3025 etiam

1948 3069 2048 3125 pro
2075 3054 2384 3127 defunctis,
2420 3057 2568 3126 quod
2602 3057 2765 3112 dictu
2787 3056 2946 3112 nefas
2983 3064 3088 3127 est,
3119 3063 3387 3127 tanquam
3423 3071 3596 3128 nuga-

1946 3158 2038 3199 ces
2061 3143 2354 3214 perierint.
2391 3145 2684 3200 Matutinaa
2718 3158 2819 3199 seu
2849 3145 3203 3214 vespertinae,
3236 3159 3302 3199 ac
3350 3145 3598 3214 reliqua-

1946 3247 2070 3288 rum
2105 3245 2299 3301 preces
2353 3233 2643 3302 horarum,
2677 3231 2834 3287 velut
2883 3233 3088 3302 inepta:
3118 3245 3229 3288 non
3261 3232 3380 3286 sint
3407 3244 3593 3286 exau-

1944 3323 2111 3390 ditae;
2139 3321 2437 3376 levitarum
2460 3334 2524 3376 ac
2545 3321 3028 3376 subdiaconorum
3055 3319 3239 3376 ofﬁcia
3267 3320 3324 3374 in
3345 3332 3588 3375 vacuum

1944 3411 2344 3468 administrata
2377 3411 2496 3465 sint
2528 3409 2796 3465 universa
2825 3409 3078 3466 Ecclesia
3109 3425 3235 3481 quae
3259 3409 3394 3466 huic
3424 3409 3592 3464 ordi—

1945 3500 2166 3556 nationi
2201 3498 2534 3570 synodicum
2563 3498 2810 3568 praebuit
2833 3511 3150 3568 assensum,
3187 3499 3401 3568 pariter
3432 3496 3594 3566 peri-

1945 3591 2200 3659 clitetur,
2230 3588 2443 3658 quippe
2473 3601 2583 3643 non
2630 3587 2816 3643 solum
2859 3587 2959 3658 qui
2993 3586 3234 3657 faciunt,
3264 3586 3358 3642 sed
3386 3590 3443 3641 et
3489 3586 3589 3655 qui

1945 3679 2312 3736 consentiunt
2366 3692 2533 3748 prava
2591 3676 2954 3744 facientibus,
3007 3677 3245 3747 parilem
3295 3675 3594 3744 excipiunt

1945 3767 2280 3824 vindictam.
2302 3767 2346 3822 Ο
2369 3766 2816 3835 incomparabile
2839 3765 3206 3837 sacrilegium
3229 3765 3242 3819 l
3275 3764 3416 3833 Quis
3437 3764 3590 3818 enim

1947 3860 2016 3915 de
2047 3857 2388 3913 timentibus
2411 3857 2587 3911 Deum
2627 3855 2810 3926 :equis
2839 3854 3081 3910 auribus
3124 3855 3226 3909 hoc
3254 3853 3456 3909 audire
3484 3867 3593 3922 po—

1947 3948 2102 4018 terit,
2138 3952 2200 4002 ut
2231 3959 2341 4001 non
2365 3946 2558 4000 statim
2588 3945 2915 4000 Christiano
2949 3943 3068 3998 zelo
3099 3948 3417 3999 commotus
3438 3956 3597 3998 scan-

1947 4035 2276 4092 dalizetur‘?
2301 4037 2496 4088 Nonne
2527 4033 2783 4104 linguam
2814 4033 2971 4088 illam
3003 4047 3129 4102 qua:
3150 4032 3366 4089 talibus
3388 4031 3594 4101 impli-

1948 4131 2112 4181 catur
2164 4122 2537 4192 blasphemiis
2569 4121 2775 4177 melius
2817 4120 3003 4176 fuerat
3035 4121 3424 4191 particulatim
3464 4120 3591 4176 dari

1948 4213 2170 4283 avibus,
2197 4225 2366 4283 quam
2395 4211 2453 4265 in
2485 4215 2698 4264 tantam
2726 4223 3092 4280 prorumpere
3112 4211 3397 4265 vesaniam
3415 4209 3442 4263 ?
3461 4209 3594 4264 Sci-

187 4310 475 4382 ciliatum,
506 4311 768 4367 noverint
798 4311 935 4381 quia
964 4309 1200 4379 plurimi
1247 4308 1605 4364 sacerdotum
1657 4307 1840 4377 depo-
1871 4344 1923 4404 D
1950 4319 2077 4359 mus
2101 4302 2251 4358 enim
2291 4300 2426 4372 quia
2472 4298 2828 4404 necessitatis
2857 4311 3050 4404 causa,
3099 4299 3272 4399 etiam
3307 4298 3454 4352 laico
3484 4297 3593 4404 b‘a-

188 4401 294 4454 siti
343 4398 596 4471 fuerunt,
642 4405 698 4456 et
747 4401 1106 4470 postmodum
1147 4397 1527 4466 reconciliati,
1578 4397 1840 4476 reconci-

189 4490 345 4559 liati,
381 4490 636 4560 inquam,
683 4503 795 4545 non
837 4490 1026 4546 denuo
1081 4488 1140 4544 in
1196 4488 1447 4558 idipsum
1497 4486 1835 4542 consecrati.

187 4579 416 4650 Quippe
451 4579 610 4636 aliud
644 4585 730 4636 est
782 4579 1198 4649 reconciliatio,
1241 4583 1298 4634 et
1345 4577 1503 4633 aliud
1535 4588 1840 4632 consecra—

191 4670 295 4725 tio.
320 4671 463 4723 Nam
511 4669 611 4740 qui
641 4669 811 4726 semel
838 4675 1227 4740 consecratur,
1259 4668 1448 4724 denuo
1476 4667 1534 4722 in
1584 4665 1838 4735 idipsum

189 4759 516 4814 consecrari
581 4773 693 4815 non
765 4765 979 4831 potest;
1055 4757 1420 4815 reconciliari
1475 4761 1663 4811 tamen
1744 4767 1844 4824 per

186 4850 426 4921 dignam
466 4848 914 4906 satisfactionem
949 4853 1150 4920 potest.
1179 4849 1379 4903 Nonne
1414 4846 1565 4916 quod
1601 4841 1841 4914 plurimi

187 4939 553 4996 sacerdotum
587 4944 713 5010 post
741 4939 1157 5010 depositionem
1213 4935 1569 4993 reconciliati
1613 4934 1752 4998 sint,
1784 4933 1844 4987 in

186 5029 548 5085 authenticis
571 5029 835 5099 apicibus
856 5029 1208 5086 sufﬁcienter
1248 5026 1492 5082 habetur
1511 5026 1539 5080 ?
1561 5025 1720 5094 Quod
1755 5025 1844 5081 le-

188 5119 462 5190 gentibus
489 5119 780 5190 liquidius
801 5125 970 5191 patet.
1015 5120 1116 5174 His
1139 5130 1381 5188 namque
1405 5115 1650 5187 digestis
1675 5114 1844 5187 Vigi-

187 5209 334 5265 lium
380 5207 796 5266 nefandissima
846 5212 1217 5280 perpetrasse,
1257 5207 1307 5262 si
1340 5205 1602 5261 homines
1645 5203 1840 5273 silent,

189 5299 302 5368 ipsi
349 5298 525 5354 etiam
572 5298 793 5368 lapides
845 5297 1194 5354 clamabunt.
1265 5295 1445 5365 Cujus
1495 5292 1842 5349 exsecrabile

188 5387 379 5443 scelus
405 5401 572 5443 nemo
605 5387 824 5443 imitari
849 5385 1029 5444 ausus
1054 5390 1160 5456 est,
1186 5385 1272 5442 vel
1292 5382 1547 5453 audebit,
1581 5383 1695 5437 nisi
1722 5395 1844 5452 par-

187 5477 372 5549 ticeps
395 5477 583 5534 factus
605 5477 770 5534 illius
801 5477 901 5548 qui
932 5476 1114 5533 dicit:
1157 5495 1184 5528 α
1210 5476 1417 5531 Ponam
1443 5473 1630 5528 sedem
1662 5486 1838 5527 meam

186 5569 257 5625 ad
283 5568 656 5640 Aquilonem,
679 5573 734 5623 et
772 5581 869 5623 ero
890 5567 1106 5624 similis
1133 5563 1433 5621 Altissimo
1460 5561 1602 5634 (Isa.
1637 5563 1836 5632 x1v).»

1951 4393 2163 4464 ptizare
2187 4391 2337 4446 licet.
2371 4390 2475 4445 Sed
2498 4388 2655 4444 aliud
2683 4391 2788 4458 est,
2812 4386 3070 4458 periculo
3101 4388 3302 4442 mortis
3331 4390 3586 4456 urgente,
3651 4427 3658 4435 .

1952 4483 2160 4539 laicum
2193 4495 2356 4551 posse
2385 4480 2522 4534 dare
2553 4478 2853 4548 baptisma,
2886 4482 2943 4532 et
2965 4477 3130 4547 longe
3162 4473 3590 4543 incomparabi—

1951 4573 2083 4627 liter
2101 4571 2258 4641 aliud
2289 4575 2394 4639 est,
2429 4569 2495 4624 ad
2527 4568 2879 4623 sacerdotum
2916 4579 3108 4636 preces
3136 4578 3200 4620 ac
3233 4562 3594 4618 benedictio—

1950 4677 2068 4733 nes,
2097 4667 2152 4716 et
2181 4659 2557 4716 chrismatum
2599 4655 3003 4724 admixtiones,
3037 4661 3092 4710 et
3127 4655 3265 4710 cleri
3297 4666 3363 4708 ac
3391 4651 3587 4722 p0puli

1952 4753 2169 4808 votivas
2194 4747 2612 4819 responsiones,
2639 4746 2824 4802 fontes
2848 4746 2905 4800 in
2929 4745 3320 4801 remissionem
3347 4752 3594 4814 peccato-

1955 4856 2079 4898 rum
2112 4839 2516 4905 sanctitlcatos,
2547 4835 2697 4890 nihil
2723 4849 2977 4905 prorsus,
3005 4841 3068 4891 ut
3096 4835 3192 4890 isti
3220 4835 3437 4903 volunt,
3466 4848 3594 4890 san-

1954 4929 2325 4986 ctiﬂcationis
2379 4925 2669 4981 habuisse.
2739 4924 2884 4993 Quis
2937 4925 3042 4980 hoc
3108 4924 3222 4979 nisi
3288 4924 3594 4980 haereticus

1953 5019 2336 5093 dogmatizare
2359 5013 2613 5072 audeat?
2645 5016 2710 5069 Et
2733 5014 2864 5084 quis
2894 5013 3034 5068 talia
3067 5026 3165 5082 per
3196 5012 3592 5080 hujuscemodi

1953 5127 2016 5170 os
2043 5110 2321 5181 loquitur,
2343 5106 2458 5162 nisi
2480 5106 2550 5161 de
2577 5119 2690 5176 quo
2717 5103 2994 5160 Dominus
3019 5103 3194 5158 dicit:
3225 5123 3252 5155 α
3278 5103 3376 5158 Ille
3416 5103 3596 5158 homi-

1952 5202 2078 5257 cida
2118 5206 2240 5255 erat
2268 5197 2338 5253 ab
2375 5195 2569 5261 initio,
2617 5201 2674 5250 et
2721 5194 2778 5249 in
2811 5193 3048 5249 veritate
3097 5205 3208 5247 non
3250 5193 3428 5257 stetit,
3457 5189 3592 5260 quia

1951 5291 2163 5348 veritas
2202 5301 2312 5344 non
2351 5292 2438 5342 est
2484 5286 2542 5340 in
2582 5298 2686 5351 eo;
2725 5297 2854 5339 cum
2919 5282 2972 5337 lo
2996 5281 3179 5352 [uitur
3234 5278 3588 5335 mendacium

1949 5395 2018 5436 ex
2063 5379 2315 5449 propriis
2359 5376 2640 5447 loquitur,
2695 5374 2832 5446 quia
2887 5373 3144 5442 mendax,
3173 5376 3228 5427 et
3279 5373 3436 5440 pater
3463 5367 3589 5434 ejus

1952 5469 2142 5539 (Joan.
2179 5466 2338 5536 vui).
2360 5484 2384 5515 n
