4076 6154
185 329 329 390 4073

912 333 1178 390 AUXILII
1215 335 1305 391 DE
1341 334 1576 392 ORDIN.
1615 333 1662 390 Α
1702 333 2021 392 FORMOSO
2059 337 2160 394 PP.
2207 337 2442 398 FACTIS
2481 343 2659 400 LIBRI
2696 345 2854 402 DUO.

3445 349 3582 408 4074

181 479 302 534 cit:
331 501 356 531 α
382 480 646 537 Minister
665 482 764 538 Dei
793 487 879 539 est
901 483 1008 540 tibi
1029 485 1088 539 ίη
1111 483 1321 541 bonum
1346 485 1539 556 (ωειλ.)
1564 504 1590 536 ι,
1607 486 1722 542 ρω-
1740 487 1833 542 ad.
1859 466 1920 527 A
1941 467 2229 526 viviﬁcare
2259 471 2488 544 nititur,
2522 474 2622 546 qui
2655 489 2811 531 reum
2842 477 3130 547 supplicio
3158 477 3447 536 absolvere
3477 495 3581 538 co-

181 569 273 624 dit
302 571 363 623 in
395 571 611 636 bonum,
647 573 762 628 nisi
796 573 935 644 quia
965 573 1227 631 minister
1249 575 1350 631 Dei
1380 589 1491 632 non
1523 581 1609 632 est
1635 575 1741 632 tibi
1773 577 1832 632 in
1912 561 2132 614 ὐθῑυν-
2373 577 2378 580 ’

185 658 398 715 malum
420 659 450 714 ‘2

179 785 312 841 CAP.
359 787 588 842 XXXV.
633 817 706 828 —
751 791 826 843 De
873 788 1213 843 observanda
1264 793 1834 855 emcommunicatione,

256 859 490 982 etdqugd
517 859 676 913 aliud
704 861 816 913 sint
846 861 1186 930 pontiﬁcales
1212 862 1383 924 sedes,
1425 866 1476 916 et
1512 863 1671 916 aliud
1699 880 1838 933 pre-

255 944 302 982 Si
349 945 413 983 en
443 945 514 984 es.

256 1057 534 1112 Praeterea
575 1057 624 1112 si
659 1070 763 1112 nos
794 1057 1180 1114 Ecclesiarum
1225 1062 1479 1128 pastores
1517 1060 1586 1116 de
1624 1060 1841 1117 nostris

182 1145 604 1203 offensionibus
637 1148 794 1216 juste
835 1147 921 1202 vel
976 1148 1188 1217 injuste
1230 1147 1486 1220 obligare
1529 1150 1838 1221 voluerint,

177 1236 336 1305 juste
367 1234 652 1304 videlicet,
683 1235 733 1290 si
767 1240 961 1291 nostra
995 1238 1352 1306 praecesserit
1381 1239 1589 1308 culpa;
1625 1239 1841 1308 injuste

184 1338 337 1394 vero,
387 1325 435 1379 si
484 1339 597 1380 non
645 1323 1021 1382 habuerimus
1066 1326 1311 1396 culpam.
1359 1327 1516 1383 Talis
1563 1327 1842 1400 obligatio

185 1413 511 1469 rectissime
541 1412 900 1470 formidanda
930 1421 1035 1484 est,
1069 1421 1126 1471 et
1161 1416 1610 1488 diligentissime
1640 1417 1845 1473 obser-

183 1504 388 1573 vanda,
421 1503 606 1559 donec
646 1517 744 1574 per
779 1505 904 1574 ejus
935 1505 1036 1575 qui
1077 1504 1358 1577 obligavit
1399 1506 1838 1578 indulgentiam,

183 1591 407 1648 absolvi
458 1606 793 1648 mereamur.
840 1595 1052 1663 Nempe
1099 1593 1259 1650 aliud
1305 1599 1442 1650 sunt
1486 1595 1840 1666 pontiﬁcales

183 1683 367 1744 sedes.
402 1687 460 1737 et
489 1682 647 1738 aliud
679 1683 1064 1753 praesidentes.
1098 1684 1343 1740 Proinde
1372 1684 1553 1741 honor
1575 1689 1632 1740 et
1655 1685 1842 1757 digni-

183 1775 271 1828 tas
292 1772 472 1828 unius
487 1773 770 1842 cujusque
787 1772 941 1828 sedis
958 1773 1300 1844 regulariter
1315 1772 1663 1830 observanda
1681 1779 1836 1830 sunt.

182 1862 761 1918 Praesidentesautem
777 1861 826 1917 si
847 1862 1236 1934 deviaverunt,
1262 1877 1359 1934 per
1378 1863 1543 1920 devia
1560 1863 1836 1934 sequendi

185 1963 296 2006 non
334 1957 494 2020 sunt,
531 1951 638 2007 hoc
680 1957 785 2021 est,
828 1951 877 2007 si
919 1958 1118 2008 contra
1161 1952 1324 2008 fidem
1366 1952 1452 2008 vel
1497 1952 1839 2008 catholicam

186 2039 525 2111 religionem
578 2053 741 2112 agere
783 2041 1082 2111 coeperint,
1127 2041 1186 2096 in
1232 2041 1446 2097 talibus
1484 2055 1580 2096 eos
1618 2055 1842 2111 nequa-

185 2141 356 2198 quam
386 2129 551 2199 sequi
578 2127 869 2186 debemus.
906 2131 966 2185 In
993 2129 1086 2185 his
1111 2134 1300 2185 autem
1328 2143 1454 2200 quae
1482 2130 1592 2185 rite
1612 2129 1836 2200 dicunt,

183 2217 414 2272 etiamsi
452 2231 561 2273 non
603 2216 835 2288 faciant,
879 2218 1127 2274 libenter
1168 2218 1254 2275 eis
1283 2218 1515 2276 obedire
1544 2218 1832 2275 debemus.

183 2305 326 2360 Hinc
367 2311 455 2361 est
498 2307 648 2377 quod
690 2306 884 2363 botros
924 2321 1175 2379 carpere,
1209 2312 1265 2364 et
1293 2307 1490 2378 spinas
1519 2321 1713 2364 cavere
1748 2307 1840 2363 de-

185 2391 409 2450 bemus.

253 2536 382 2592 CAP.
415 2537 666 2593 XXXVI.
690 2567 765 2578 —
785 2541 862 2593 De
897 2539 1108 2607 injusta
1135 2541 1378 2610 pastoris
1416 2539 1760 2607 obligatione.

258 2663 464 2717 Beatus
513 2675 757 2732 namque
796 2661 1175 2734 Hieronymus
1216 2677 1504 2734 exponens
1542 2662 1834 2735 Evangelii

185 2750 512 2820 capitulum
539 2767 551 2803 :
578 2771 603 2801 ‹‹
635 2750 1001 2822 Quaecunque
1029 2752 1410 2824 alligaveritis
1435 2767 1607 2824 super
1628 2758 1834 2809 terram

183 2845 357 2895 erunt
409 2839 581 2910 ligata
624 2844 680 2895 et
725 2840 784 2894 in
831 2840 994 2909 coelo,
1039 2846 1096 2896 et
1142 2855 1497 2912 quacunque
1544 2841 1836 2899 solveritis

183 2942 360 2998 super
391 2933 622 2994 terram,
652 2934 823 2983 erunt
853 2929 1041 2985 soluta
1073 2929 1133 2985 in
1164 2930 1306 2986 coelo
1334 2931 1552 3000 (Matth.
1585 2933 1774 2999 xvm),
1806 2948 1832 2980 »

176 3017 304 3072 ait:
342 3019 518 3073 Istum
551 3017 738 3073 locum
770 3031 879 3074 non
910 3018 1296 3090 intelligentes
1321 3019 1599 3090 episcopi,
1632 3026 1688 3075 et
1719 3034 1836 3090 pre-

2083 665 2210 720 CAP.
2245 667 2520 725 XXXVII.
2559 702 2626 711 -
2671 673 2823 727 Unde
2851 687 3021 742 supra
3050 674 3109 726 in
3138 673 3438 731 Salomone.

2014 771 2176 828 Sicut
2196 775 2318 831 avis
2342 777 2400 832 in
2426 779 2780 835 contrarium
2806 779 3023 850 volans,
3046 787 3100 835 et
3121 793 3316 850 passer
3341 783 3588 852 quilibet

1945 860 2174 934 vadens,
2224 863 2306 919 sic
2369 866 2732 923 maledictum
2787 867 3000 924 frustra
3056 868 3361 940 prolatum,
3417 885 3589 942 super

1949 947 2114 1005 illum
2146 952 2246 1021 qui
2271 946 2431 1009 misit
2457 955 2822 1013 maledictum
2849 956 3064 1013 frustra
3091 957 3395 1029 prolatum,
3419 973 3592 1030 super

1951 1036 2116 1094 illum
2149 1041 2248 1112 qui
2284 1042 2442 1099 misit
2470 1043 2636 1114 illud,
2668 1046 2853 1100 veniet
2885 1044 3156 1114 (Proverb.
3192 1047 3374 1116 xxvr).

2303 1149 2432 1205 CAP.
2463 1151 2766 1208 XXXVIII.
2789 1182 2862 1192 —
2884 1154 3017 1206 Item
3042 1154 3242 1208 ibidem

2020 1255 2228 1310 Anima
2280 1273 2402 1326 qua
2455 1259 2742 1322 benedicit,
2800 1261 3274 1332 impinguabitur;
3325 1263 3426 1333 qui
3484 1277 3600 1320 au-

1950 1346 2062 1399 tem
2116 1343 2331 1401 frustra
2383 1346 2698 1419 maledicit,
2759 1349 2879 1418 ipse
2928 1349 2988 1406 in
3037 1350 3438 1408 maledictione
3485 1352 3597 1408 erit

1949 1431 2224 1501 (Proverb.
2263 1435 2364 1504 ιι).

1948 1539 2077 1594 CAP.
2126 1539 2389 1596 XXXIX.
2422 1571 2496 1582 —
2529 1542 2681 1597 Unde
2709 1558 2879 1612 supra
2917 1546 3096 1598 sancti
3125 1544 3373 1613 Gregorii
3414 1564 3596 1618 papa.

2021 1649 2082 1702 In
2105 1647 2262 1703 omni
2289 1652 2478 1704 autem
2507 1649 2656 1720 quod
2686 1650 2755 1705 de
2777 1649 2943 1706 nobis
2968 1656 3128 1706 extra
3151 1651 3391 1722 dicitur,
3418 1668 3604 1710 recur-

1950 1750 2073 1792 rere
2111 1737 2180 1793 ad
2209 1749 2419 1793 arcana
2453 1738 2660 1793 mentis
2687 1738 2961 1794 debemus
2988 1759 3003 1809 ;
3035 1745 3091 1794 et
3129 1740 3179 1795 si
3213 1754 3408 1797 omnes
3439 1743 3602 1798 vitu—

1874 1805 1921 1866 Β
1951 1831 2166 1896 perent,
2193 1825 2340 1881 liber
2369 1831 2455 1881 est
2485 1832 2671 1881 tamen
2701 1841 2866 1897 quem
2899 1805 3253 1883 conscientia
3286 1843 3396 1885 non
3424 1843 3602 1888 accu—

1950 1920 2054 1971 sat.
2085 1915 2231 1985 Quia
2257 1920 2312 1970 et
2337 1915 2385 1970 si
2415 1929 2610 1970 omnes
2638 1915 2891 1986 laudent,
2919 1916 3066 1972 liber
3095 1931 3218 1972 esse
3246 1931 3356 1974 non
3393 1927 3596 1990 potest,

1949 2006 1998 2060 si
2033 2005 2185 2061 hunc
2213 2003 2566 2059 conscientia
2597 2010 2847 2060 accusat.

2031 2111 2158 2167 CAP.
2189 2111 2304 2166 XL.
2337 2140 2407 2150 —
2435 2113 2510 2166 De
2539 2113 2841 2166 universali
2879 2112 3116 2168 Concilio
3152 2116 3504 2183 expectando.

2020 2222 2143 2275 Haec
2175 2219 2358 2292 igitur
2378 2219 2800 2289 scripturarum
2828 2219 3082 2292 collatio,
3113 2220 3376 2278 fortassis
3403 2237 3596 2294 super,

1948 2322 2122 2365 vacua
2153 2307 2498 2379 quibusdam
2531 2308 2780 2379 videtur,
2811 2321 2878 2365 eo
2909 2310 3057 2380 quod
3087 2309 3154 2365 ad
3185 2325 3434 2380 praesens
3466 2317 3601 2367 tem-

1951 2412 2056 2468 pus
2078 2410 2189 2452 non
2212 2396 2308 2465 sit,
2330 2397 2430 2468 qui
2454 2395 2747 2467 aequitatis
2766 2397 3063 2467 depromat
3075 2398 3388 2467 judicium.
3405 2401 3598 2470 Neque

1946 2485 2096 2540 enim
2108 2485 2353 2554 justitiaa
2368 2485 2609 2555 palmam
2624 2477 2775 2555 apud
2789 2499 2887 2542 eos
2898 2485 3595 2560 obtinerepossumus,qui

1946 2580 2142 2630 contra
2171 2587 2293 2644 nos,
2329 2573 2441 2643 ipsi
2473 2573 2587 2629 sibi
2621 2579 2758 2630 sunt
2777 2575 3008 2644 judices
3035 2579 3092 2631 et
3122 2582 3312 2647 testes,
3344 2576 3598 2646 pariter-

1947 2677 2056 2734 que
2084 2662 2388 2718 causidici.
2422 2662 2682 2718 Attamen
2709 2663 2875 2732 juxta
2906 2663 3056 2719 beati
3087 2664 3417 2735 Hieronymi
3459 2679 3599 2722 sen-

1946 2751 2204 2821 tentiam,
2228 2751 2491 2807 canimus
2522 2750 2689 2807 nobis
2721 2755 2775 2806 et
2807 2752 3041 2823 nostris,
3075 2752 3320 2824 scilicet,
3355 2759 3420 2809 ut
3449 2753 3598 2810 bono

1945 2841 2139 2896 animo
2182 2841 2386 2909 simus,
2430 2845 2486 2896 et
2528 2839 2736 2896 bonam
2779 2853 2882 2896 nos
2931 2855 3157 2897 causam
3206 2841 3431 2912 habere,
3484 2857 3596 2899 non

1946 2930 2116 2986 nobis
2159 2930 2255 2985 sed
2301 2929 2518 2984 sanctis
2559 2929 2829 2985 Patribus
2873 2931 3190 3001 credamus,
3235 2930 3598 2988 observantes

1945 3018 2096 3089 quod
2126 3017 2405 3086 scriptum
2430 3022 2551 3072 est:
2587 3038 2612 3068 ‹‹
2644 3018 2702 3072 Si
2729 3017 2983 3086 Spiritus
3011 3024 3341 3088 potestatem
3376 3019 3598 3075 haben—

176 3106 422 3177 sbyteri,
449 3105 672 3177 aliquid
707 3106 821 3162 sibi
857 3108 926 3163 de
957 3107 1372 3165 Pharisazorum
1399 3113 1703 3164 assumunt
1730 3124 1837 3165 su—
1863 3117 1912 3180 α
1946 3108 2024 3163 tis
2069 3106 2328 3162 ascendit
2376 3119 2549 3176 super
2596 3110 2669 3175 te,
2722 3106 2907 3162 locum
2962 3113 3125 3163 tuum
3174 3122 3244 3163 ne
3290 3107 3596 3164 demiseris

179 3195 446 3266 percilio,
505 3200 569 3251 ut
613 3195 699 3251 vel
749 3196 1019 3251 damnent
1079 3197 1429 3263 innocentes,
1481 3197 1564 3251 vel
1620 3196 1835 3252 solvere
1945 3198 2140 3266 (Eccle.
2172 3197 2252 3259 χ).
2303 3214 2329 3246 ι›
2379 3196 2448 3250 Et
2497 3193 2666 3257 illud,
2704 3197 2842 3249 Tene
2893 3196 3038 3264 quod
3085 3196 3267 3260 habes,
3319 3210 3389 3252 ne
3441 3196 3596 3252 alius

177 3284 390 3340 noxios
412 3298 472 3340 se
489 3284 867 3351 arbitrentur,
892 3299 1020 3340 cum
1043 3286 1193 3355 apud
1216 3287 1393 3342 Deum
1418 3298 1528 3341 non
1551 3285 1836 3341 sententia
1944 3287 2179 3356 accipiat
2219 3301 2472 3339 coronam
2502 3289 2654 3338 tuam
2693 3283 2886 3354 (Apoc.
2923 3284 3027 3356 ιιι).
3057 3285 3300 3355 Ideoque
3334 3285 3391 3341 in
3424 3299 3591 3343 sacro

175 3374 564 3444 sacerdotum,
609 3375 704 3430 sed
757 3387 984 3430 reorum
1029 3375 1147 3429 vita
1187 3380 1495 3444 quaaratur.
1532 3376 1656 3430 lltec
1696 3389 1836 3430 san-
1944 3375 2145 3431 ordine
2175 3387 2290 3445 quo
2319 3373 2636 3429 consecrati
2671 3386 2871 3428 sumus
2902 3379 3314 3445 permanentes,
3350 3381 3594 3444 praesto—

171 3469 309 3520 ctus
348 3464 748 3534 Hieronymus.
791 3463 894 3518 Per
929 3463 1262 3533 pr0phetam
1303 3477 1529 3534 quoque
1570 3462 1828 3518 dicitur:
1945 3463 2152 3532 lamur,
2215 3462 2562 3518 universalis
2611 3461 2844 3518 concilii
2890 3461 3286 3531 aequissimum
3335 3477 3590 3533 examen,

176 3573 203 3603 α
235 3552 663 3608 Mortificabant
691 3551 915 3608 animas
941 3567 1066 3623 quae
1097 3565 1209 3607 non
1243 3552 1590 3621 moriuntur,
1615 3557 1670 3607 et
1695 3551 1833 3607 vivi-
1941 3557 2175 3608 auctore
2220 3550 2322 3607 illo
2351 3551 2419 3607 ad
2463 3565 2627 3622 quem
2659 3550 2969 3606 clamantes
3005 3550 3278 3620 dicimus,
3319 3553 3588 3622 Exsurge,

171 3641 428 3698 ﬁcabant
473 3641 698 3697 animas
754 3655 876 3713 qua:
927 3655 1038 3696 non
1093 3641 1294 3696 vivunt
1345 3641 1556 3709 (Ezech.
1598 3641 1745 3710 xm).
1801 3659 1826 3689 ι)
1939 3640 2199 3711 Domine,
2259 3645 2315 3696 et
2357 3641 2558 3709 judica
2613 3654 2836 3694 causam
2893 3644 3042 3693 tuam
3097 3639 3269 3710 (Psal.
3330 3643 3584 3712 Lxxm):

168 3731 298 3786 Non
335 3731 673 3788 morientem
707 3731 919 3801 quippe
951 3730 1276 3801 mortificat,
1313 3735 1376 3786 ut
1406 3734 1638 3784 sanctus
1665 3729 1828 3784 docet
1937 3729 2034 3785 cui
2079 3734 2168 3785 est
2197 3728 2380 3786 honor
2409 3733 2464 3784 et
2493 3727 2677 3800 gloria
2715 3741 2814 3798 per
2845 3727 3072 3783 inﬁnita
3102 3728 3310 3784 saecula
3340 3729 3587 3787 saeculo—

167 3820 515 3892 Gregorius,
563 3821 662 3892 qui
705 3821 925 3891 justum
968 3821 1220 3892 damnat,
1273 3824 1331 3876 et
1380 3833 1494 3876 non
1537 3818 1824 3874 victurum
1939 3833 2088 3874 rum.

999 4150 1905 4273 EJUSDEM
2019 4148 2794 4268 AUXILII

1470 4381 1555 4423 DE
1614 4379 1838 4424 EADEM
1901 4377 2286 4432 QUzESTIONE

507 4547 1066 4622 TRACTATUS
1147 4546 1310 4641 QUI
1407 4547 1936 4624 INFENSOR
2017 4549 2160 4619 ET
2244 4546 2788 4620 DEFENSOR
2867 4541 3259 4616 DICITUR

1497 4809 2258 4880 PR/EFATIUNCULA.

1029 4988 1135 5052 Ad
1185 4990 1450 5053 modum
1508 4985 2084 5068 interrogationis
2141 4987 2206 5049 et
2257 4981 2739 5065 responsionis.

161 5285 539 5352 Interrogatio
569 5299 731 5352 super
769 5284 853 5337 his
883 5283 978 5351 qui
1005 5283 1185 5351 primo
1211 5298 1313 5352 per
1351 5284 1480 5345 vim,
1509 5288 1695 5353 postea
1726 5299 1831 5338 υο-
1857 5283 1911 5345 D
1942 5279 2213 5352 primitus
2232 5277 2539 5334 violentam
2566 5289 2770 5334 manus
2792 5275 3215 5348 impositionem
3236 5275 3579 5345 acceperint,

376 5357 618 5410 luntarie
640 5357 699 5408 in
729 5355 910 5409 eodem
938 5354 1131 5408 ordine
1154 5356 1451 5408 consecrati
1479 5359 1622 5408 sunt.

1962 5384 2006 5425 1c
2033 5382 2130 5439 per
2151 5369 2257 5424 hoc
2278 5367 2674 5438 hujuscemodi
2699 5366 3007 5423 noluerunt
3029 5364 3190 5436 fungi
3219 5363 3539 5420 sacerdotio
3565 5379 3577 5414 :

239 5463 462 5520 Vellem
502 5461 650 5518 scire
684 5460 822 5531 quid
854 5459 926 5516 de
957 5459 1079 5516 illis
1117 5473 1368 5531 congrua
1417 5459 1830 5516 deliberatione
1943 5457 2300 5529 postmodum
2341 5471 2474 5513 vero
2511 5456 2912 5526 aequanimiter
2951 5455 3279 5510 ministrare
3309 5449 3581 5506 sacerdo-

166 5553 527 5611 censendum
567 5549 774 5621 sit,qui
811 5549 996 5619 primo
1028 5553 1092 5605 ut
1121 5549 1306 5619 aiunt,
1345 5562 1442 5619 per
1471 5548 1603 5616 vim,
1636 5557 1825 5617 postea
1939 5549 2084 5605 tium
2117 5546 2483 5617 praebuerunt
2503 5560 2834 5603 assensum:
2872 5542 3263 5613 nunquidnam
3294 5538 3355 5592 in
3385 5538 3576 5593 eodem

169 5646 231 5700 in
274 5643 473 5700 eodem
514 5641 718 5698 ordine
744 5639 1068 5696 voluntarie
1093 5637 1409 5696 consecrati
1439 5637 1624 5693 sunt?
1651 5639 1820 5708 Esto;
1937 5638 2157 5708 ordine,
2201 5636 2261 5692 in
2291 5650 2406 5708 quo
2438 5635 2656 5692 dudum
2694 5648 2792 5704 per
2827 5633 2942 5688 vim
2981 5627 3294 5686 consecrati
3329 5625 3578 5699 fuerant,
