4068 6178
439 311 578 372 40Ἱὸ

1236 313 1523 370 ΑΡΡΕΝΙ).
1566 312 1659 367 ΑΙ)
1697 312 1856 368 SIEC.
1907 313 2002 368 IX.
2043 341 2113 350 —
2151 311 2506 368 AUCTORES
2543 310 2715 366 ΑΝΝΙ
2753 311 3044 368 INCERTI.

3716 310 3860 369 4076

439 440 647 499 iterum
678 440 1001 496 consecrari
1030 438 1400 496 debuerunt?
1428 440 1624 494 Nonne
1649 438 1813 506 juxta
1845 441 2081 492 sancto-
2111 436 2168 495 A
2198 439 2558 508 proﬁtentur.
2603 439 2762 496 Unde
2806 442 3079 512 quoniam
3107 441 3368 514 quolibet
3399 440 3564 499 modo
3611 439 3857 496 formam

437 542 564 583 rum
598 529 824 584 Patrum
858 528 1273 595 deﬁnitionem,
1307 527 1391 582 sic
1422 527 1697 581 nimirum
1728 526 1974 580 cavenda
1999 529 2086 580 est

437 617 684 673 secunda
717 631 919 672 manus
947 617 1264 687 impositio,
1295 615 1770 686 quemadmodum
1799 614 2087 669 secundus

433 706 719 761 cavendus
748 713 833 760 est
863 705 1230 775 baptismus?
1259 705 1362 759 Sed
1412 704 1578 759 aiunt
1607 718 1620 755 :
1657 703 1846 757 Prima
1888 702 2090 758 illius-

440 795 591 850 modi
621 794 996 862 consecratio,
1028 794 1295 864 quamvis
1319 806 1350 847 a
1372 792 1657 848 catholico
1693 792 1978 861 pontiﬁce,
2012 797 2090 846 ta-

441 898 566 938 men
596 883 843 938 violenta
877 881 1007 940 fuit.
1042 891 1097 938 et
1137 889 1427 952 pr0pterea
1470 896 1570 953 pro
1614 881 1801 936 nihilo
1831 881 2088 935 ducenda

439 977 542 1026 est.
574 971 696 1042 Dic,
728 985 938 1042 quteso,
965 970 1012 1024 si
1044 971 1330 1040 quispiam
1362 984 1460 1039 per
1485 969 1596 1024 vim
1622 968 1884 1023 fortassis
1910 967 2091 1037 bapti-

439 1069 599 1117 zatus
622 1059 796 1116 fuerit
822 1061 1022 1116 nolens
1041 1060 1270 1114 credere
1299 1060 1356 1114 in
1381 1059 1696 1127 Christum,
1727 1056 2085 1128 postmodum

441 1163 572 1204 vero
601 1162 660 1203 se
689 1149 746 1202 in
773 1162 900 1202 eum
930 1148 1156 1202 credere
1185 1147 1507 1203 voluntarie
1539 1147 1856 1216 proﬁtetur,
1884 1157 2092 1216 ergone

2195 527 2563 600 baptismatis
2582 533 2925 602 acceperint,
2955 532 3282 603 baptizandi
3309 547 3419 590 non
3448 536 3605 594 sunt,
3631 533 3732 587 sed
3763 545 3862 600 per

2199 632 2402 675 manus
2447 621 2874 690 impositionem
2923 622 3137 678 virtute
3170 622 3426 692 Spiritus
3465 621 3653 676 sancti
3690 633 3858 690 quem

2197 707 2268 763 ab
2311 709 2596 764 haereticis
2629 711 2888 780 accipere
2920 725 3030 766 non
3065 711 3374 780 potuerint,
3415 709 3729 766 catholicis
3758 723 3860 764 co—

2200 797 2437 868 pulandi
2468 805 2622 854 sunt.
2656 800 2854 854 Nonne
2883 799 3041 855 vides
3070 799 3204 871 quia
3232 801 3396 854 Pater
3421 804 3659 854 sanctus
3683 798 3856 853 etiam

2198 887 2268 943 ab
2302 887 2516 959 ignotis
2542 887 2830 944 haereticis
2853 889 3170 959 baptizatos
3199 903 3306 945 non
3334 889 3542 944 iterum
3568 888 3861 958 baptizan-

2197 977 2302 1032 dos
2323 990 2464 1046 esse,
2491 979 2585 1032 sed
2617 991 2714 1048 per
2737 991 2938 1033 manus
2961 979 3388 1048 impositionem
3411 978 3636 1047 suscipi
3653 976 3861 1046 jubet?

2199 1065 2579 1122 Recolendum
2623 1067 2796 1122 etiam
2846 1067 2995 1136 quod
3045 1073 3280 1122 sanctus
3322 1067 3606 1122 Genesius
3655 1067 3862 1121 Arela—

2203 1155 2384 1210 tensis
2413 1157 2736 1226 episcopus,
2773 1170 2902 1212 cum
2934 1162 3084 1212 esset
3114 1155 3346 1223 histrio,
3378 1157 3546 1212 ﬁctus
3569 1162 3628 1211 et
3656 1156 3861 1212 ludens

443 1237 632 1293 ἀθηυο
681 1235 1060 1305 baptizandus
1111 1235 1244 1292 est?
1290 1239 1411 1292 Νοη
1463 1237 1542 1291 ita
1592 1235 1843 1305 sapiebat
1893 1234 2093 1290 beatus
2202 1243 2527 1314 baptizatus
2548 1244 2877 1316 fuerit;sed
2905 1246 3132 1317 cognita
3157 1245 3418 1315 veritate,
3441 1260 3568 1316 quae
3589 1246 3860 1301 Christus

444 1324 762 1379 Alexander
802 1324 1145 1394 patriarcha,
1193 1325 1423 1394 quando
1466 1329 1701 1379 sanctus
1742 1323 2096 1378 Athanasius
2204 1333 3146 1405 est,sinebaptismatisiteratione
3163 1334 3496 1390 christiana:
3516 1335 3860 1406 ﬁdei,quam

444 1413 634 1469 adhuc
663 1414 961 1483 βυθΐυιυδς
986 1415 1078 1469 sed
1111 1414 1312 1484 “lique
1333 1415 1446 1482 iam
1476 1413 1821 1484 baptizatus:
1845 1413 1914 1467 ad
1939 1425 2096 1467 0mm
2208 1437 2267 1478 se
2309 1424 2537 1478 credere
2577 1422 2863 1479 fallaciter
2899 1425 3295 1494 sp0ponderat,
3338 1423 3621 1478 veraciter
3660 1424 3864 1479 adhae-

449 1503 645 1572 maris,
673 1503 838 1574 quasi
863 1505 1146 1574 sacerdos,
1173 1517 1498 1574 quanquam
1523 1503 1792 1572 ludendo,
1820 1515 1946 1557 vere
1973 1514 2100 1571 pue-

2211 1513 2304 1569 sit.
2334 1513 2438 1568 Sed
2471 1504 2594 1568 ais:
2631 1513 2860 1568 Parvuli
2893 1513 3188 1583 baptizati,
3227 1513 3276 1568 si
3312 1513 3368 1567 in
3405 1527 3574 1582 parva
3608 1514 3866 1568 moriun-

449 1592 608 1648 rulos
638 1592 967 1662 baptizavit.
1010 1590 1158 1660 Quid
1216 1592 1425 1661 plura?
1457 1593 1686 1662 Vellem,
1723 1599 1784 1648 ut
1830 1589 2100 1661 prmfatus

2211 1608 2304 1658 tur
2327 1607 2510 1670 tritate,
2536 1617 2646 1658 non
2667 1602 2910 1658 dubium
2937 1611 3023 1658 est
3045 1605 3190 1674 quod
3220 1603 3468 1673 paradisi
3500 1603 3714 1674 gaudia
3745 1618 3866 1673 par.

450 1697 598 1750 sum,
630 1681 699 1736 de
741 1681 1071 1751 hujusmodi
1106 1681 1389 1737 sententia
1418 1682 1486 1737 ad
1520 1688 1730 1738 certam
1779 1681 2100 1751 pertingere

2211 1691 2311 1746 tim
2350 1691 2705 1762 percipiant;
2739 1691 2838 1747 ille
2870 1696 3057 1747 autem
3095 1691 3194 1763 qui
3239 1690 3524 1762 perfectus
3561 1697 3730 1747 aetate
3769 1707 3868 1761 per

452 1771 765 1826 veritatem.
803 1771 1156 1840 Propositam
1198 1783 1331 1842 ergo
1363 1771 1735 1841 qu:rstionem
1781 1770 1880 1841 qui
1917 1769 2093 1839 novit,

2211 1781 2322 1836 vim
2354 1781 2677 1850 baptizatus
2701 1789 2807 1851 est,
2841 1780 2890 1838 si
2921 1781 3082 1851 prius
3109 1795 3175 1836 ex
3210 1781 3315 1836 hac
3344 1781 3460 1836 vita
3493 1781 3867 1837 subtrahitur

451 1859 658 1915 obnixe
675 1859 842 1914 nobis
855 1857 1233 1928 praesentibus
1248 1858 1279 1912 d
1293 1858 1800 1929 ignanteraperiat,
1821 1857 2090 1928 quoniam

2213 1884 2380 1940 quam
2396 1870 2718 1926 voluntarie
2730 1871 2923 1926 credat
2938 1871 2994 1925 in
3012 1871 3325 1941 Christum,
3343 1871 3605 1941 nunquid
3617 1885 3743 1926 nam
3763 1885 3865 1940 pro

455 1949 604 2004 inter
636 1947 766 2002 illos
796 1947 1040 2016 accipiet
1076 1960 1366 2016 coronam,
1398 1948 1468 2002 de
1498 1946 1714 2017 quibus
1743 1947 1965 2002 Danieli
2000 1961 2099 2016 per
2209 1972 2274 2014 eo
2307 1964 2574 2030 umquam
2609 1974 2709 2030 pro
2738 1959 2891 2016 ﬁdeli
2919 1961 3196 2015 orandum
3223 1960 3356 2015 est?
3383 1961 3702 2014 praesertim
3729 1974 3864 2015 cum

449 2037 711 2107 angelum
736 2035 974 2092 dicitur.
1000 2058 1024 2088 «
1047 2035 1155 2105 Qui
1176 2042 1364 2092 autem
1387 2036 1540 2092 docti
1565 2035 1781 2091 fuerint
1799 2034 2100 2108 fulgebunt
2206 2051 2448 2106 Joannes
2473 2049 2769 2119 apostolus
2791 2050 2983 2106 dicat;
3013 2070 3039 2100 α
3064 2051 3161 2105 Est
3189 2055 3482 2119 peccatum
3504 2049 3572 2104 ad
3598 2057 3861 2118 mortem,

454 2126 618 2196 quasi
663 2125 1102 2195 ﬁrmamentum,
1143 2130 1199 2180 et
1245 2125 1342 2195 qui
1382 2125 1450 2180 ad
1491 2125 1781 2195 justitiam
1825 2125 2102 2182 erudiunt

457 2214 694 2282 multos,
764 2213 927 2285 quasi
1005 2213 1184 2270 stellae
1258 2213 1316 2268 in
1385 2219 1686 2284 perpetuas
1751 2215 2100 2270 aeternitates

450 2306 614 2373 (Dan.
653 2302 772 2377 xu).
810 2321 836 2353 ι)
1926 2317 1939 2324 κ

1127 2393 1437 2461 Responsio.

524 2499 707 2568 Hujus
739 2498 1079 2569 quaestionis
1104 2513 1274 2555 ansas
1305 2497 1606 2555 manifesta
1633 2499 1782 2555 ratio
1811 2499 2096 2556 dissolvit.

458 2587 618 2642 Dicis
647 2588 800 2643 enim
831 2589 880 2643 si
914 2589 1203 2660 quispiam
1236 2588 1435 2644 nolens
1464 2589 1692 2644 credere
1724 2588 1783 2644 in
1808 2589 2100 2646 Christum

459 2691 558 2748 per
578 2677 690 2731 vim
715 2677 1036 2746 baptizatus
1058 2677 1254 2748 fuerit,
1275 2684 1329 2734 et
1350 2678 1707 2748 postmodum
1732 2679 1788 2733 in
1809 2679 2100 2735 Christum

455 2766 684 2820 credere
696 2767 1039 2837 acquieseet,
1058 2769 1317 2838 nunquid
1341 2767 1546 2823 iterum
1566 2767 1944 2837 baptizandus
1956 2767 2105 2823 erit?

456 2853 710 2909 Minime.
739 2855 1072 2924 Exemplum
1098 2857 1167 2911 de
1192 2857 1451 2926 parvulis
1481 2871 1660 2925 sume,
1692 2856 1790 2928 qui
1819 2871 1947 2912 cum
1971 2856 2106 2912 alie-

455 2942 548 2996 nis
592 2943 860 2998 manibus
899 2942 1258 3014 deferuntur,
1301 2951 1579 3015 quantum
1624 2946 1680 3000 in
1721 2945 1807 2999 eis
1836 2951 1941 3013 est,
1985 2950 2102 3000 toto

453 3031 663 3087 annisu
699 3032 1076 3100 reluctantur,
1109 3047 1177 3088 ne
1211 3033 1269 3088 in
1296 3033 1663 3103 baptismatis
1703 3032 1916 3089 fontem
1950 3048 2105 3088 mer-

454 3127 678 3190 gantur.
713 3120 816 3176 Sed
849 3134 976 3176 cum
1009 3122 1077 3176 ad
1109 3121 1442 3176 rationalem
1477 3122 1776 3178 scientiam
1808 3108 2104 3192 pertinxe-

453 3208 571 3264 rint
600 3205 1026 3282 [pervenerint],
1049 3211 1276 3265 etiamsi
1307 3211 1593 3266 recordari
1621 3217 1904 3282 nequeant
1932 3224 2104 3281 quan-

449 3297 523 3352 do
557 3297 830 3367 baptizati
875 3305 1029 3368 sunt,
1076 3298 1447 3354 narrantibus
1479 3305 1664 3354 tamen
1709 3299 2104 3355 indubitanter

451 3386 716 3457 credunt,
738 3387 1218 3442 etChristianiam
1241 3386 1577 3458 religionem
1599 3387 1812 3457 absque
1831 3386 2101 3456 baptismi

452 3476 759 3532 iteratione
789 3477 976 3532 colere
1008 3476 1318 3546 incipiunt.
1365 3476 1508 3530 llinc
1549 3477 1698 3546 quod
1732 3477 1931 3531 beatus
1962 3489 2102 3545 papa

455 3566 560 3621 Leo
579 3566 764 3622 dicit:
790 3567 847 3621 Si
874 3565 1028 3621 nulla
1059 3565 1309 3620 existant
1332 3565 1549 3620 indicia
1575 3566 1724 3620 inter
1752 3565 2105 3635 propinquos

453 3659 509 3706 et
559 3653 895 3723 familiares,
950 3653 1108 3709 nulla
1159 3653 1309 3708 inter
1353 3653 1594 3708 clericos
1644 3659 1815 3722 atque
1861 3653 2101 3721 vicinos,

455 3743 670 3813 quibus
703 3743 786 3812 hi,
818 3742 887 3796 de
920 3741 1133 3810 quibus
1164 3740 1466 3810 quaeritur,
1499 3740 1771 3808 baptizati
1806 3741 1986 3796 fuisse
2013 3741 2108 3796 do-

457 3837 716 3899 ceantur,
748 3830 1030 3900 agendum
1062 3833 1146 3883 est
1190 3835 1253 3883 ut
1284 3834 1676 3891 renascantur,
1711 3843 1780 3884 ne
1809 3830 2107 3887 manifeste

461 3925 709 3990 pereant,
740 3919 838 3988 qui
873 3917 1022 3986 quod
1057 3930 1167 3971 non
1195 3917 1521 3973 ostenditur
1547 3923 1790 3990 gestum,
1820 3919 1967 3975 ratio
1995 3934 2104 3976 non

459 4009 603 4065 sinit
625 4013 688 4064 ut
708 4007 970 4062 videatur
994 4005 1280 4060 iteratum.
1311 4007 1390 4062 De
1410 4005 1503 4062 his
1522 4011 1712 4062 autem
1737 4008 1836 4078 qui
1860 4022 1926 4064 ex
1944 4008 2108 4064 Afri—

456 4111 542 4167 ca,
585 4096 670 4151 vel
711 4109 778 4150 ex
820 4093 1167 4149 Mauritania
1202 4093 1461 4164 veniunt,
1495 4099 1552 4151 et
1581 4096 1871 4168 nesciunt,
1903 4098 1962 4152 in
1995 4113 2108 4168 qua

459 4192 610 4243 secta
638 4189 774 4239 sunt
803 4183 1102 4252 baptizati,
1131 4195 1240 4259 non
1269 4197 1328 4239 se
1355 4183 1672 4254 baptizatos
1697 4187 1980 4256 nesciunt,
2009 4187 2105 4242 sed

461 4277 628 4346 cujus
660 4274 788 4330 ﬁdei
823 4271 1040 4328 fuerint
1071 4272 1170 4343 qui
1201 4286 1298 4328 eos
1328 4272 1759 4342 baptizaverunt
1789 4288 1848 4328 se
1889 4277 2109 4331 nescire

2130 3085 2178 3148 C

2211 2151 2321 2193 non
2348 2152 2448 2208 pro
2472 2138 2574 2195 illo
2597 2138 2727 2195 dico
2752 2145 2815 2194 ut
2833 2138 2966 2210 quis
2989 2143 3145 2211 roget
3165 2139 3215 2208 (Ι
3232 2141 3388 2192 Joan.
3410 2138 3490 2209 ν).
3513 2154 3539 2188 a
3560 2139 3865 2194 Peccatum

2213 2229 2424 2299 quippe
2465 2229 2532 2284 ad
2579 2233 2838 2298 mortem,
2882 2234 2946 2284 ut
2982 2228 3067 2283 ait
3103 2227 3485 2300 Augustinus,
3536 2231 3622 2282 est
3670 2227 3866 2296 ﬁdem,

2211 2331 2337 2389 qua:
2381 2332 2481 2388 per
2521 2317 2888 2374 dilectionem
2929 2323 3218 2387 operatur,
3266 2317 3526 2372 deserere
3569 2331 3757 2388 usque
3797 2317 3867 2371 ad

2211 2413 2470 2464 mortem.
2500 2408 2685 2477 Hujus
2711 2407 3054 2479 quaestionis
3081 2408 3265 2464 nodus
3304 2405 3384 2462 ita
3409 2406 3673 2463 solvitur.
3719 2409 3874 2462 Par—

2211 2497 2364 2554 vulis
2387 2502 2680 2568 propterea
2703 2510 2814 2552 non
2837 2501 2924 2553 est
2947 2497 3372 2567 imputandum,
3402 2497 3551 2568 quod
3577 2496 3875 2552 reluctan-

2211 2594 2294 2644 tes
2343 2587 2714 2658 nolentesque
2753 2586 3119 2656 baptizantur
3161 2585 3300 2656 quia
3351 2587 3590 2642 necdum
3637 2586 3877 2642 ratione

2214 2675 2297 2730 uti
2341 2682 2599 2746 possunt,
2631 2675 2868 2730 necdum
2905 2673 3038 2729 boni
3089 2673 3292 2729 malive
3329 2674 3665 2730 distantiam
3694 2688 3879 2730 nosse

2212 2763 2418 2818 valent.
2457 2763 2577 2818 lllis
2604 2769 2792 2818 autem
2827 2762 2925 2833 qui
2956 2763 3272 2835 legitimam
3313 2769 3532 2819 aetatem
3563 2764 3877 2832 habentes,

2212 2868 2312 2925 per
2331 2854 2446 2908 vim
2471 2853 2744 2924 baptizati
2769 2859 2926 2924 sunt,
2955 2853 3003 2908 si
3034 2854 3198 2924 prius
3226 2855 3755 2924 morianturquam
3788 2869 3890 2910 vo-

2213 2942 2463 2998 luntarie
2496 2942 2554 2998 in
2585 2941 2879 2996 Christum
2918 2942 3173 3003 credant,
3207 2943 3334 2998 ideo
3372 2943 3694 3012 baptismus
3725 2959 3884 3012 pro-

2210 3032 2372 3086 desse
2400 3045 2510 3086 non
2544 3034 2746 3100 potest,
2778 3043 2878 3085 nec
2923 3045 3023 3100 pro
3057 3031 3143 3086 eis
3169 3031 3446 3086 orandum
3483 3036 3587 3100 est,
3629 3032 3780 3101 quia
3826 3039 3884 3087 et

2215 3119 2460 3174 rationis
2482 3134 2715 3188 capaces
2747 3117 3000 3189 fuerunt,
3034 3124 3090 3173 et
3113 3119 3448 3175 distantiam
3485 3121 3634 3174 inter
3665 3134 3882 3175 verum

2211 3214 2266 3263 et
2294 3207 2501 3263 falsum
2532 3207 2736 3263 habere
2772 3213 3097 3277 potuerunt.
3138 3209 3238 3263 His
3262 3222 3396 3280 ergo
3430 3209 3500 3263 de
3523 3210 3888 3277 compendio

2214 3297 2550 3368 praelibatis,
2570 3297 2895 3352 evidentius
2917 3302 3067 3366 patet
3091 3303 3153 3352 ut
3181 3297 3280 3353 ille
3301 3298 3400 3367 qui
3424 3312 3520 3368 per
3545 3297 3661 3352 vim
3682 3298 3888 3368 bapti-

2213 3393 2374 3443 zatus
2407 3392 2512 3455 est,
2557 3386 2607 3441 si
2652 3391 2844 3456 postea
2887 3387 2944 3441 in
2980 3386 3273 3441 Christum
3317 3387 3545 3442 credere
3587 3386 3882 3458 voluerit,

2216 3476 2592 3546 baptizandus
2615 3475 2821 3530 iterum
2845 3489 2954 3531 non
2983 3476 3079 3546 sit,
3110 3476 3203 3532 sed
3232 3476 3413 3547 magis
3437 3477 3790 3549 hortandus,
3818 3485 3884 3532 ut

2215 3566 2364 3635 quod
2395 3565 2615 3620 invitus
2637 3565 2911 3635 suscepit,
2939 3565 3182 3620 amando
3203 3571 3257 3621 et
3282 3567 3566 3635 operando
3595 3581 3796 3637 usque.
3821 3569 3883 3623 in

2216 3654 2382 3709 ﬁnem
2414 3653 2724 3709 custodiat.
2760 3653 2944 3723 Igitur
2974 3668 3072 3724 per
3100 3653 3246 3709 hanc
3273 3643 3576 3709 formulam
3609 3655 3881 3728 intelligi

2215 3743 2388 3798 datur
2431 3749 2495 3798 ut
2537 3743 2636 3813 qui
2684 3755 2909 3797 sacrum
2948 3743 3206 3798 ordinem
3261 3743 3478 3798 invitus
3525 3745 3777 3814 accepit,
3827 3747 3880 3800 si

2220 3831 2577 3900 postmodum
2633 3831 2965 3886 ministrare
3013 3831 3279 3898 voluerit,
3336 3831 3586 3887 ulterius
3632 3834 3755 3901 jam
3821 3835 3880 3889 in

2216 3920 2409 3976 eodem
2449 3921 2651 3977 ordine
2678 3933 2788 3976 non
2819 3921 2898 3975 sit
2922 3921 3362 3989 consecrandus,
3402 3921 3495 3976 sed
3529 3923 3728 3991 potius
3766 3925 3882 3978 ad-

2220 4011 2552 4077 monendus,
2596 4015 2660 4065 ut
2703 4010 2851 4080 quod
2895 4023 2994 4079 per
3027 4010 3137 4064 vim
3179 4016 3411 4066 coactus
3450 4012 3732 4080 suscepit,
3781 4027 3884 4082 per

2217 4100 2584 4156 dilectionem
2611 4104 2932 4155 reverenter
2957 4098 3287 4154 ministrare
3312 4099 3560 4155 studeat.

2679 4223 2924 4293 Ea‘plicit
2946 4224 3397 4292 preﬁxtiuncula.

1724 4592 2133 4664 EPISTOLA
2210 4597 2539 4666 PR/EVIA
2555 4642 2574 4660 .

1500 4767 1608 4830 Ad
1663 4770 1940 4832 Leonem
1985 4767 2340 4833 Nolanum
2399 4770 2806 4851 episwpum.

1957 4941 2358 4950 .—_—___

538 5055 1028 5115 Reverendissimo
1056 5061 1265 5117 domno
1297 5064 1457 5117 LEONI
1505 5069 1713 5118 sancta:
1739 5063 1968 5118 Nolana:
1999 5065 2112 5118 Ec—
2140 5064 2194 5124 D
2224 5065 2400 5135 viros,
2424 5079 2736 5136 eorumque
2761 5067 3022 5122 consulta
3044 5067 3196 5136 apud
3226 5067 3505 5136 rescripta
3535 5064 3614 5140 [te
3637 5065 3875 5139 scripta],

466 5143 654 5200 clesite
685 5149 912 5214 praesuli
941 5150 1213 5204 Auxluus
1246 5150 1305 5205 in
1332 5152 1571 5207 Domino
1595 5152 1856 5207 salutem.

537 5234 711 5291 Missa
752 5235 1036 5306 legatione
1074 5239 1290 5294 asseris
1317 5245 1369 5294 te
1398 5241 1680 5296 violentas
1710 5241 1826 5310 pati
1871 5254 2114 5310 oppres—

467 5323 677 5394 siones,
712 5330 774 5379 ut
793 5324 1116 5394 episcopale
1137 5328 1542 5396 sacerdotium,
1572 5329 1721 5399 quod
1746 5329 1883 5384 olim
1911 5346 1942 5384 a
1971 5343 2111 5400 papa

466 5414 732 5470 Formoso
763 5414 1089 5483 suscepisti,
1124 5416 1290 5484 quasi
1327 5416 1475 5470 nihil
1509 5417 1605 5488 sit,
1644 5417 1875 5473 irritum
1909 5417 2104 5476 facias.

464 5501 583 5570 Qua
622 5518 689 5558 ex
731 5517 900 5560 causa
941 5502 1141 5558 fateris
1173 5517 1225 5560 te
1263 5505 1520 5562 miriﬁca:
1550 5507 1798 5563 solertia:
1844 5509 2104 5581 Francos,

467 5603 677 5646 necnon
707 5597 761 5646 et
792 5592 1190 5649 Beneventana:
1219 5593 1476 5649 civitatis
1509 5595 1720 5665 peritos
1744 5596 2106 5655 consuluisse

2223 5154 2488 5225 retinere,
2524 5169 2646 5224 quae
2689 5159 2775 5210 est
2806 5155 3135 5224 hujusmodi
3169 5157 3689 5226 transgressionem
3715 5172 3884 5211 com-

2225 5243 2450 5298 mittere
2485 5242 2785 5300 manifesta
2823 5244 3042 5300 ratione
3073 5244 3436 5314 prohibeant.
3475 5247 3886 5302 Nihilominus

2223 5337 2407 5388 autem
2441 5333 2600 5403 cogis
2642 5347 2727 5388 me
2751 5333 3195 5403 objectionibus,
3232 5348 3378 5404 quas
3402 5334 3686 5392 adversus
3708 5349 3883 5391 eum-

2220 5423 2344 5478 dem
2372 5424 2697 5477 Formosum
2725 5436 2923 5492 papam
2947 5423 3186 5493 ejusque
3207 5423 3613 5480 ordinationes
3639 5426 3879 5496 quidam

2218 5511 2522 5580 objiciunt,
2559 5511 2846 5583 dialogico
2887 5511 3173 5567 schemate
3218 5511 3468 5568 breviter
3507 5516 3878 5584 respondere.

2217 5601 2347 5656 Misi
2390 5601 2537 5671 quod
2575 5602 2690 5671 jam
2739 5601 2797 5656 in
2845 5601 3122 5671 opusculo
3148 5603 3432 5672 ejusmodi
3473 5604 3884 5661 altercationis
