4068 6178
201 311 356 374 4071

929 321 1196 384 AUXILII
1232 327 1323 382 DE
1361 326 1593 385 0RDIN.
1635 327 1684 384 Α
1720 327 2044 390 FORMOSO
2089 335 2188 390 PP.
2241 336 2476 397 PACTIS
2524 295 2704 400 LlllRl
2740 346 2898 404 DUO.

3477 356 3616 418 4078

195 448 482 555 eausatus
521 457 674 555 su‘m.
719 443 980 555 Attamen
1020 449 1163 548 quia
1204 451 1275 507 de
1307 466 1419 555 una
1449 454 1579 555 auri
1623 456 1862 555 materia
1891 459 1951 520 A
1972 470 2082 514 non
2111 460 2598 530 perihermeuiaea
2627 467 2943 542 subtilitas,
2974 478 3170 544 utpote
3201 480 3301 549 qui
3331 480 3611 555 discipuli

193 532 450 588 diversae
474 547 577 590 con
588 533 864 591 ﬁciuntur
883 537 1121 610 species,
1148 555 1273 610 quae
1292 541 1541 600 diversis
1563 543 1859 602 hominum

198 619 608 676 voluntatibus
627 621 902 693 placeant,
918 626 1412 686 orationibustuis
1429 629 1632 703 fultus,
1653 631 1858 690 faciam

200 709 359 779 quod
403 710 676 782 hortaris,
719 712 794 767 ita
827 713 1108 772 duntaxat
1135 724 1198 774 ut
1225 719 1284 774 in
1318 733 1660 792 unaquaque
1695 723 1862 794 obje—

197 797 402 854 ctione
430 805 775 869 praenotetur
801 801 1076 874 lnfensor,
1099 811 1156 862 et
1176 810 1545 878 responsione
1567 810 1853 868 Defensor.

200 887 330 941 Non
383 887 476 942 hic
509 888 974 961 syllOgismorum
1013 901 1308 964 quaeratur
1342 903 1499 954 arcta
1536 899 1854 970 conclusio,

1969 551 2526 642 sumuspiseatoris,
2566 554 2672 612 hoc
2699 563 2802 627 est,
2843 564 3088 630 apostoli
3121 567 3288 623 Petri.
3326 571 3394 626 Et
3423 551 3614 642 quan-

1969 651 2138 732 quam
2181 639 2240 732 in
2270 641 2396 710 ejus
2431 644 2695 702 navicula
2737 648 3054 721 sedeamus,
3089 639 3474 725 tempestatem
3508 677 3616 732 pa-

1968 728 2167 798 timur,
2197 729 2526 789 invocantes
2545 737 2968 795 Dominatorem
2986 743 3265 817 omnium,
3292 753 3355 802 ut
3372 728 3609 821 imperet

1965 817 2152 872 ventis
2179 822 2238 874 et
2267 821 2432 892 mari,
2465 826 2520 878 et
2550 823 2648 880 ﬁat
2676 828 3074 898 tranquillitas
3103 846 3321 906 magna.

204 1041 3584 1106 ——————“__,______

1448 1224 1840 1295 INCIPUT
1933 1228 2347 1302 TEXTUS.

1705 1401 2113 1416 ξ

198 1524 410 1618 mih-‘1:
445 1527 1370 1618 τρξξρείψετιξξῃᾳιὶρφαίψξραρα
1398 1534 1683 1618 Formosus
1710 1535 1861 1618 fecit,
1897 1533 1948 1596 Β
1979 1541 2075 1609 tet,
2117 1541 2344 1600 scilicet
2383 1549 2447 1601 ut
2488 1547 2794 1618 episcopus
2830 1550 2902 1606 de
2942 1551 3176 1609 civitate
3217 1555 3285 1612 ad
3333 1556 3620 1614 civitatem

277 1601 408 1650 rata
439 1601 488 1650 et
529 1598 769 1664 legitima
798 1613 909 1653 esse
943 1598 1304 1669 probabiliter
1331 1603 1670 1665 ostendatur,
1701 1598 1864 1658 etiam

278 1670 331 1721 si
372 1670 484 1737 ipse
528 1670 833 1733 Formosus,
876 1677 935 1724 ut
973 1674 1152 1734 aiunt,
1198 1689 1304 1727 non
1342 1675 1444 1728 rite
1489 1676 1663 1741 fuerit
1705 1676 1865 1730 ordi-

279 1744 468 1793 natus.

278 1905 572 1958 Issenson.
600 1903 923 1974 Formosus,
959 1906 1193 1975 prepria
1223 1906 1423 1963 relicta
1455 1921 1654 1980 uxore,
1685 1909 1858 1965 aliam

204 1991 476 2061 abstulit,
523 1992 628 2048 hoc
658 1999 762 2060 est,
814 1993 1014 2050 relicto
1060 1996 1418 2068 episcopatu,
1452 1997 1546 2054 his
1576 1999 1676 2069 qui
1711 2005 1862 2055 recte

204 2082 518 2137 ordinandi
542 2089 705 2138 erant
733 2084 1103 2153 apostolicam
1135 2085 1378 2141 abstulit
1405 2088 1614 2157 sedem,
1644 2093 1698 2143 et
1721 2102 1860 2158 pro-

207 2176 403 2240 pterea
436 2171 712 2242 reprobus
730 2178 785 2228 et
809 2173 976 2229 ﬁctus
994 2187 1117 2230 esse
1137 2174 1518 2246 dignoscitur.
1547 2179 1855 2234 Dnrnnson.

205 2262 333 2315 Non
367 2260 510 2315 mihi
544 2275 696 2316 cura:
724 2267 809 2316 est
837 2263 974 2332 quid
1009 2261 1187 2319 fuerit
1224 2265 1549 2337 Formosus,
1584 2268 1678 2323 sed
1709 2269 1858 2338 quod

207 2349 503 2404 ordinatio
546 2363 715 2420 quam
757 2349 892 2406 fecit
931 2357 1053 2408 rata
1083 2358 1138 2408 et
1167 2352 1423 2425 legitima
1464 2369 1587 2410 esse
1618 2355 1863 2412 indubi-

207 2442 401 2492 tanter
429 2445 629 2507 pateat.
665 2442 776 2494 INF.
808 2442 1110 2497 Formosus
1138 2455 1248 2498 non
1276 2441 1390 2498 fuit
1421 2457 1582 2514 papa,
1620 2444 1862 2515 ideoque

206 2526 505 2582 ordinatio
549 2541 716 2598 quam
763 2528 898 2584 fecit
933 2544 1034 2599 pro
1067 2531 1254 2587 nihilo
1297 2531 1556 2588 ducenda
1587 2540 1688 2589 est.
1724 2535 1852 2589 Der.

206 2616 332 2670 Non
365 2615 549 2672 solum
599 2617 657 2671 in
689 2617 938 2673 Romano
985 2632 1176 2690 regno,
1225 2620 1318 2674 sed
1352 2620 1524 2676 etiam
1571 2622 1768 2692 procul
1798 2623 1858 2677 in

208 2703 474 2759 barbaris
503 2706 836 2761 nationibus
860 2707 1219 2778 divulgatum
1245 2713 1351 2779 est,
1375 2710 1526 2779 quod
1554 2712 1859 2767 Formosus

210 2807 312 2863 per
336 2807 615 2850 annorum
641 2796 954 2866 curricula,
989 2797 1342 2866 apostolicus
1368 2797 1546 2854 fuerit
1579 2800 1852 2869 pontifex.

1977 1644 2088 1686 non
2127 1633 2525 1706 transferatur,
2557 1643 2614 1692 et
2643 1638 2694 1693 si
2729 1639 3044 1697 translatus
3082 1643 3502 1702 ordinationem
3532 1647 3623 1704 fe-

1973 1719 2138 1790 cerit,
2187 1721 2311 1790 ipsa
2357 1724 2648 1781 ordinatio
2699 1741 2936 1797 prorsus
2981 1729 3039 1785 in
3081 1731 3315 1788 irritum
3354 1736 3619 1792 ducatur.

1969 1809 2102 1864 Der.
2149 1811 2253 1867 llic
2296 1813 2528 1882 quidem
2577 1817 2762 1872 nodus
2808 1818 2866 1873 in
2903 1821 3079 1887 junco
3125 1823 3466 1890 quaerendus
3509 1840 3621 1882 non

1970 1905 2073 1954 est.
2127 1899 2272 1968 Quis
2318 1902 2508 1957 videat
2560 1905 2708 1973 quod
2761 1907 3089 1975 hujusmodi
3138 1910 3422 1982 deﬁnitio,
3470 1915 3620 1971 nihil

1970 1987 2345 2045 obscuritatis
2387 1990 2605 2062 habeat,
2648 1997 2703 2048 et
2736 1995 2883 2049 nihil
2916 1996 3075 2052 aliud
3122 1998 3370 2069 intelligi
3415 2003 3618 2072 possit,

1972 2077 2088 2132 nisi
2123 2093 2358 2147 prorsus
2401 2081 2634 2137 irritum
2664 2083 2912 2140 ducatur
2943 2085 3066 2154 hoc,
3104 2087 3251 2157 quod
3284 2088 3355 2144 de
3382 2089 3616 2148 civitate

1971 2167 2040 2222 ad
2085 2167 2376 2224 civitatem
2435 2169 2836 2228 transferatur.
2889 2174 2966 2228 De
3021 2175 3385 2233 ordinatione
3446 2195 3615 2250 quam

1971 2253 2108 2311 fecit
2142 2257 2292 2313 nihil
2333 2259 2568 2316 omnino
2608 2261 2820 2332 tetigit,
2859 2263 3010 2332 quod
3047 2278 3290 2336 sequens
3331 2269 3616 2326 articulus

1972 2345 2338 2404 manifestius
2365 2349 2617 2405 declarat
2639 2350 2858 2422 dicens,
2893 2353 2960 2408 Et
2986 2354 3327 2412 restituatur
3351 2358 3618 2415 Ecclesiae

1970 2434 2066 2489 cui
2089 2434 2203 2491 fuit
2222 2437 2548 2508 episeOpus,
2572 2444 2672 2496 aut
2695 2441 3007 2512 presbyter,
3030 2447 3133 2498 aut
3151 2444 3434 2502 diaconus
3451 2448 3618 2503 ordi-

1971 2529 2157 2578 natus.
2181 2525 2240 2580 Si
2263 2539 2396 2597 ergo
2419 2528 2752 2584 restituitur
2769 2530 3038 2586 Ecclesia:
3061 2533 3157 2588 cui
3181 2531 3295 2589 fuit
3313 2535 3619 2605 episcopus

1969 2611 2292 2685 ordinatus,
2315 2616 2602 2672 erdlnatio
2621 2631 2790 2689 quam
2812 2625 2950 2675 tunc
2967 2619 3122 2690 fecit,
3143 2623 3427 2692 quomodo
3451 2625 3618 2680 irrita

1969 2715 2092 2757 esse
2117 2710 2302 2774 potest
2325 2705 2353 2759 ?
2374 2708 2488 2761 INF.
2518 2709 2844 2778 Formosus,
2872 2715 2937 2765 ut
2963 2710 3111 2781 dixi,
3141 2712 3310 2767 ﬁctus
3334 2718 3389 2768 et
3416 2728 3622 2784 repro—

1968 2794 2078 2850 bus
2107 2807 2330 2850 saerum
2358 2796 2616 2852 ordinem
2647 2797 2728 2852 ibi
2757 2811 2866 2854 non
2896 2798 3121 2867 habuit,
3149 2803 3434 2870 quomodo
3457 2803 3615 2872 aliis,

207 2884 277 2938 Et
314 2883 533 2938 idcirco
570 2885 640 2940 de
681 2884 1018 2956 longinquis
1048 2892 1327 2942 terrarum
1363 2888 1626 2956 partibus
1657 2890 1856 2946 clerici
1890 2877 1939 2942 C
1970 2887 2114 2938 teste
2157 2895 2300 2952 papa
2343 2885 2696 2955 Innocentio,
2749 2885 2951 2958 largiri
3002 2887 3192 2956 potuit
3231 2889 3259 2942 ἱ)
3294 2891 3427 2945 Der.
3470 2893 3617 2963 Papa

207 2972 278 3026 ad
308 2973 695 3042 apostolorum
726 2973 928 3029 limina
956 2984 1342 3046 properantes,
1372 2991 1588 3033 sacram
1617 2979 1862 3033 ordina-

211 3061 450 3131 tionem,
493 3068 555 3116 ut
584 3062 762 3117 moris
798 3068 902 3133 est,
937 3063 1008 3118 ab
1043 3077 1110 3120 eo
1149 3066 1439 3136 percipere
1487 3068 1853 3124 studuerunt.

208 3151 322 3204 INF.
375 3150 584 3205 Tenuit
630 3151 861 3221 quidem
916 3153 1289 3222 apostolicam
1343 3155 1706 3225 dignitatem,
1759 3157 1854 3210 sed

209 3239 400 3306 ﬁctus,
433 3252 498 3293 ac
531 3239 806 3308 reprobus
839 3246 895 3295 et
927 3255 1039 3296 non
1076 3241 1333 3312 legitime
1365 3243 1687 3299 ordinatus.
1720 3246 1851 3299 DEF.

206 3329 329 3382 Non
352 3328 420 3383 ad
443 3341 527 3383 me
546 3329 792 3398 pertinet
813 3335 1140 3384 utrumnam
1164 3335 1313 3386 recte
1336 3329 1511 3387 fuerit
1531 3332 1853 3404 ordinatus,

205 3417 302 3472 sed
353 3417 598 3486 pertinet
621 3417 690 3472 ad
721 3432 808 3472 me
847 3423 912 3474 ut
940 3419 1232 3474 ordinatio
1272 3433 1438 3490 quam
1487 3419 1624 3476 fecit
1655 3427 1774 3478 rata
1801 3428 1859 3478 et

204 3505 463 3575 legitima
505 3518 628 3561 esse
657 3505 947 3576 liquidius
984 3508 1340 3563 ostendatur.
1375 3509 1485 3564 INF.
1525 3510 1582 3565 Si
1618 3511 1858 3566 Formo—

202 3610 304 3650 sus
336 3595 504 3650 ﬁctus
545 3609 611 3650 ac
653 3595 929 3664 reprobus
973 3595 1104 3665 fuit,
1152 3598 1444 3654 ordinatio
1485 3613 1651 3670 quam
1697 3599 1852 3671 feeit,

202 3697 314 3754 qua
343 3685 565 3739 ratione
595 3689 746 3740 stare
775 3686 1034 3754 poterit?
1053 3688 1183 3741 Der.
1214 3687 1318 3742 Illa
1347 3688 1614 3745 videlicet
1635 3691 1856 3746 ratione

200 3784 316 3842 qua
359 3773 766 3828 sanctissimus
806 3775 911 3829 Leo
954 3787 1096 3843 papa
1135 3777 1364 3831 censuit
1404 3782 1467 3832 ut
1509 3779 1856 3848 pseudoepi-

200 3862 358 3931 seopi
411 3861 785 3934 abjiciantur,
831 3868 887 3918 et
931 3863 1225 3920 ordinatio
1267 3878 1462 3921 eorum
1512 3869 1691 3937 possit
1733 3875 1854 3926 rata

198 3951 551 4020 consistere;
583 3964 800 4006 necnon
830 3957 884 4006 et
909 3952 1008 4007 illa
1041 3953 1264 4009 ratione
1295 3968 1407 4024 qua
1439 3969 1580 4025 papa
1605 3957 1856 4013 Anasta—

199 4040 326 4096 sius
369 4040 733 4095 conﬁrmavit
780 4046 842 4096 ut
893 4042 1310 4113 ordinationes,
1359 4058 1502 4114 quas
1550 4046 1854 4104 haereticus

198 4129 463 4194 Aeacius,
493 4128 663 4184 etiam
697 4134 996 4200 postquam
1027 4131 1333 4187 damnatus
1353 4137 1457 4202 est,
1483 4131 1636 4201 fecit,
1663 4134 1721 4188 in
1750 4149 1852 4191 sua

1970 2971 2339 3026 Innocentius
2369 2971 2475 3027 hoc
2506 2972 2577 3027 de
2613 2973 2902 3030 haereticis
2942 2977 3203 3045 protulit,
3247 2980 3396 3048 quod
3431 2984 3618 3037 tamen

1970 3072 2080 3114 non
2119 3059 2189 3114 de
2227 3059 2499 3116 omnibus
2545 3060 2833 3118 haereticis
2869 3065 3269 3133 accipiendum
3300 3073 3423 3139 est;
3452 3071 3619 3139 juxta

1968 3148 2116 3218 quod
2145 3148 2266 3217 ipse
2286 3148 2629 3205 Bonosiacos
2647 3149 2909 3220 clericos,
2937 3165 3082 3221 quos
3103 3159 3286 3209 tamen
3309 3162 3612 3227 antequam

1964 3237 2354 3307 damnaretur,
2395 3239 2650 3294 Bonosus
2686 3239 3072 3310 ordinaverat,
3113 3256 3242 3298 eum
3274 3244 3400 3298 suis
3431 3245 3620 3302 hono—

1967 3326 2131 3381 ribus
2154 3325 2332 3395 recipi
2356 3339 2652 3381 assensum
2689 3327 2956 3397 praebuit.
2991 3331 3103 3384 INF.
3131 3330 3308 3386 Miror
3328 3345 3440 3402 qua
3463 3331 3618 3388 fron-

1964 3419 2020 3470 te
2047 3415 2432 3485 dogmatizare
2475 3421 2634 3484 potes
2680 3421 2764 3478 ut,
2812 3417 3113 3486 reproboto
3156 3419 3444 3493 Formoso,
3489 3423 3616 3491 ejus

1965 3503 2255 3559 ordinatio
2280 3503 2594 3560 consistere
2614 3505 2815 3576 possit,
2842 3520 2973 3561 cum
3002 3507 3251 3563 membra
3283 3509 3615 3567 nullomodo

1967 3593 2093 3648 sine
2113 3593 2300 3662 capite
2328 3593 2701 3649 consistant?
2724 3596 2792 3650 Et
2819 3599 2882 3650 ut
2905 3595 3131 3666 aliquid
3163 3597 3292 3666 plus
3319 3597 3611 3667 objiciam,

1968 3681 2184 3751 quibus
2209 3695 2343 3753 ergo
2370 3682 2782 3752 impudendum
2813 3689 2899 3739 est
2924 3687 3075 3755 quod
3102 3687 3408 3742 Formosus
3438 3686 3614 3743 fallax

1965 3783 2030 3825 ac
2057 3770 2334 3840 reprobus
2359 3770 2490 3834 fuit,
2514 3772 2565 3827 si
2588 3766 2713 3841 ejus
2736 3773 3028 3828 ordinatio
3057 3774 3280 3830 illibata
3307 3777 3568 3845 persistit
3586 3776 3615 3830 ‘I

1964 3861 2095 3914 Der.
2131 3860 2385 3916 Romano
2417 3860 2642 3916 scilicet
2669 3861 2824 3916 clero
2849 3874 2914 3916 ac
2942 3862 3174 3931 populo,
3203 3864 3303 3933 qui
3334 3878 3461 3920 eum
3488 3865 3614 3921 ele-

1964 3953 2190 4019 gerunt,
2223 3954 2396 4019 atque
2424 3950 2604 4004 donec
2631 3948 2872 4020 advixit,
2909 3963 3006 4019 per
3046 3952 3237 4007 omnia
3279 3953 3609 4025 participes,

1966 4036 2364 4105 imputandum
2387 4044 2492 4092 est.
2517 4037 2658 4092 Mihi
2677 4045 2866 4094 autem
2885 4038 2984 4109 qui
3002 4039 3074 4094 de
3091 4039 3426 4111 longinquis
3443 4049 3615 4098 terra-

1964 4138 2091 4180 rum
2124 4125 2331 4194 spatiis
2359 4126 2427 4180 ad
2464 4125 2854 4194 apostolorum
2890 4127 3094 4182 limina
3135 4127 3425 4197 profectus
3459 4145 3606 4199 sum,

197 4216 520 4272 stabilitate
539 4223 949 4286 permanerent.
972 4217 1379 4275 Ordinationes
1396 4234 1620 4291 quoque
1639 4222 1851 4277 Liberii
1885 4219 1936 4279 D
1963 4219 2020 4269 ει
2067 4228 2284 4270 sacram
2337 4215 2780 4285 ordinationem.
2829 4221 2892 4271 ιιι
2935 4217 3113 4272 moris
3153 4224 3258 4286 εει,
3317 4220 3499 4292 magis
3538 4220 3612 4275 ab

201 4305 465 4360 innocua:
497 4311 951 4375 permanserunt,
983 4307 1096 4361 imo
1122 4313 1178 4362 et
1205 4308 1402 4379 Vigilii
1437 4309 1848 4381 ordinationes,

200 4394 300 4465 qui
335 4408 447 4449 non
480 4393 665 4450 solum
697 4394 1062 4450 Simoniacus
1095 4395 1341 4467 invasor,
1376 4399 1471 4453 sed
1503 4399 1675 4454 etiam
1706 4414 1854 4456 ana-

198 4483 472 4537 thematis
493 4483 737 4538 nexibus
761 4483 964 4538 merito
989 4484 1270 4555 irretitus,
1290 4491 1489 4541 eontra
1509 4489 1848 4544 canonicum

199 4571 304 4640 fas,
332 4577 420 4626 est
449 4572 770 4627 ordinatus.
800 4572 959 4640 Quod
991 4573 1069 4627 ita
1093 4573 1190 4642 sit,
1228 4588 1366 4643 pene
1396 4577 1622 4631 cunctis
1653 4577 1850 4649 legen-

199 4659 359 4714 tibus
401 4666 596 4714 notum
637 4666 741 4715 est.
784 4660 989 4715 Sancto
1030 4674 1274 4732 namque
1314 4663 1582 4719 Flaviano
1623 4671 1851 4735 propter

197 4747 539 4803 catholicam
564 4749 728 4804 ﬁdem
760 4749 818 4804 in
840 4749 1111 4804 exsilium
1133 4750 1438 4822 destinato,
1463 4753 1766 4809 Anatolius
1791 4755 1848 4810 in

194 4837 321 4904 ejus
369 4835 493 4892 loco
530 4837 602 4892 ab
645 4838 935 4894 haereticis
977 4838 1278 4894 ordinatus
1321 4846 1426 4909 est,
1470 4855 1571 4897 nec
1601 4848 1786 4898 tamen
1817 4857 1849 4899 a

195 4931 396 4980 sancto
441 4939 582 4996 papa
629 4927 814 4982 Leone
855 4928 1161 4982 damnatus
1197 4933 1303 4998 est,
1352 4930 1446 4985 sed
1494 4931 1844 4988 admonitus.

195 5015 305 5068 INF.
339 5016 401 5070 In
428 5015 678 5071 concilio
703 5016 932 5071 Nieatno
962 5015 1254 5085 praeﬁxum
1284 5017 1544 5089 habetur,
1576 5026 1640 5076 ut
1662 5021 1734 5076 de
1757 5022 1850 5076 ei—

194 5103 371 5158 vitate
408 5103 480 5158 ad
514 5103 803 5159 civitatem
852 5117 962 5159 non
1004 5104 1326 5174 episcepus,
1379 5120 1492 5163 non
1534 5109 1844 5180 presbyter,

197 5205 306 5246 non
332 5191 619 5248 diaconus
643 5191 1084 5248 transferantur.
1110 5193 1168 5248 Si
1202 5195 1336 5264 quis
1354 5202 1542 5252 autem
1571 5197 1682 5253 tale
1708 5199 1845 5268 quid

193 5293 359 5352 agere
390 5282 714 5351 tentaverit,
746 5287 802 5336 et
833 5295 890 5336 se
923 5281 1321 5350 hujuscemodi
1355 5286 1583 5355 negotio
1624 5287 1852 5342 manci—

197 5370 436 5439 paverit,
476 5369 582 5424 hoc
618 5368 829 5425 factum
864 5383 1100 5439 prorsus
1137 5370 1196 5425 in
1231 5371 1461 5429 irritum
1491 5373 1758 5446 ducatur,
1791 5382 1849 5430 et

195 5459 544 5514 restituatur
560 5459 826 5514 Ecclesia:
838 5459 933 5514 cui
951 5457 1398 5530 fuitepiscopus,
1412 5467 1512 5516 aut
1532 5463 1842 5534 presbyter,

189 5554 292 5602 aut
315 5548 602 5604 diaconus
636 5548 960 5604 ordinatus.
1001 5549 1146 5604 Sane
1173 5550 1320 5620 quod
1348 5550 1450 5620 ait,
1489 5553 1602 5607 Hoc
1632 5550 1842 5608 factum

193 5650 436 5706 prorsus
453 5637 514 5692 in
538 5637 772 5693 irritum
793 5637 1058 5708 ducatur,
1083 5643 1393 5708 utrumque
1415 5638 1664 5713 intelligi
1687 5655 1848 5711 opor-

1962 4303 2221 4372 apostolo
2252 4305 2416 4360 Petro
2447 4317 2615 4374 quam
2648 4303 2719 4358 ab
2761 4304 2888 4372 ejus
2917 4305 3146 4361 Vieario
3186 4309 3413 4377 suscepi
3447 4326 3461 4376 ;
3494 4309 3609 4364 imo

1960 4405 1992 4445 a
2029 4398 2225 4448 sancto
2261 4393 2504 4463 Spiritu,
2535 4399 2595 4448 ut
2637 4392 2838 4447 beatus
2877 4407 3016 4462 papa
3055 4396 3220 4450 docet
3244 4396 3604 4464 Anastasius,

1959 4481 2031 4536 ab
2056 4482 2147 4537 his
2169 4483 2269 4552 qui
2294 4497 2444 4538 sanae
2466 4483 2674 4539 mentis
2700 4488 2854 4552 sunt,
2884 4481 3033 4536 nihil
3059 4483 3461 4540 ascribendum
3484 4499 3606 4541 esse

1957 4570 2309 4625 decernitur.
2334 4573 2444 4626 lar.
2469 4572 2610 4628 Nolo
2630 4570 2930 4627 verborum
2953 4569 3237 4638 ambages,
3261 4573 3356 4627 sed
3379 4572 3428 4628 si
3453 4573 3608 4629 vales

1957 4661 2133 4716 certis
2161 4660 2331 4716 rebus
2355 4661 2606 4730 ostende,
2635 4661 2886 4731 qualiter
2906 4673 2937 4714 a
2963 4660 3094 4715 ﬁcto
3115 4667 3172 4715 et
3197 4661 3436 4731 reprobo
3462 4677 3608 4718 con—

1957 4757 2241 4804 secratore
2269 4749 2450 4819 possit
2478 4750 2768 4804 ordinatio
2793 4751 2952 4819 justa
2981 4755 3037 4804 et
3065 4749 3265 4806 idonea
3295 4750 3437 4806 ﬁeri.
3468 4753 3599 4806 Der.

1954 4841 2014 4895 Si
2045 4841 2222 4909 judex
2249 4838 2542 4909 :equitatis
2569 4838 2811 4908 adesset,
2851 4840 2967 4908 jam
3000 4844 3054 4894 te
3083 4839 3296 4896 vietum
3337 4842 3609 4897 ostende-

1961 4937 2062 4984 ret.
2093 4928 2499 4999 Nunquidnam
2522 4927 2741 4983 oblitus
2765 4942 2826 4983 es
2851 4928 3182 4984 testimonia
3208 4944 3334 5000 qua:
3360 4929 3610 4988 breviter

1959 5018 2028 5072 de
2057 5022 2254 5072 sancto
2295 5029 2436 5085 papa
2475 5017 2674 5076 Leone,
2715 5021 2774 5070 et
2801 5015 3127 5086 Anastasio,
3161 5025 3218 5072 et
3253 5018 3324 5073 de
3355 5019 3604 5085 Liberio,

1961 5105 2286 5176 pariterque
2330 5103 2564 5174 Vigilio,
2612 5103 2785 5159 etiam
2823 5109 2880 5158 et
2921 5103 2991 5158 de
3024 5105 3290 5161 Anatolio
3332 5107 3608 5164 contuli?

1957 5197 2067 5249 Inr.
2103 5193 2347 5248 Aeacius
2367 5193 2477 5248 rite
2497 5192 2801 5249 ordinatus
2821 5191 2956 5262 fuit,
2984 5198 3040 5248 et
3067 5192 3193 5250 ideo
3219 5195 3345 5264 ejus
3364 5196 3604 5252 ordina-

1958 5284 2145 5340 tiones
2190 5284 2450 5339 innocuze
2495 5288 2948 5352 permanserunt.
2993 5283 3126 5338 DEF.
3171 5286 3293 5354 Ipse
3329 5284 3602 5338 nimirum

1955 5373 2259 5428 decretalis
2281 5378 2490 5441 textus,
2517 5369 2883 5427 manifestius
2902 5373 3156 5427 ostendit
3175 5373 3322 5442 quod
3348 5368 3601 5439 pontifex

1957 5462 2294 5517 Anastasius
2345 5461 2415 5516 de
2463 5461 2589 5515 illis
2636 5460 2946 5531 baptizatis
2987 5459 3383 5526 ordinatisque
3424 5457 3598 5519 dicat,

1957 5565 2102 5622 quos
2151 5551 2454 5605 hereticus
2495 5550 2758 5619 Aeacius,
2810 5557 3108 5618 postquam
3153 5559 3185 5599 a
3233 5557 3372 5614 papa
3416 5543 3602 5600 Felice

1955 5642 2260 5697 damnatus
2284 5645 2388 5707 est,
2423 5639 2733 5709 baptizavit
2756 5643 2813 5692 et
2838 5635 3144 5692 ordinavit.
3176 5632 3460 5689 Similiter
3487 5647 3601 5691 au-
