4068 6178
401 286 424 342 4
433 283 539 343 079

1185 281 1476 338 ΑΡΡΕΝΙ).
1519 279 1613 334 ΑΙ)
1649 275 1810 333 ΞΕΟ.
1854 275 1950 332 ΙΧ.
1991 305 2053 316 -—-

2165 273 2456 330 LICTORES
2493 273 2680 332 ΑΝΝῙ.
2726 275 3016 333 INCERTI.

3667 272 3809 332 1080

403 413 512 464 tem
557 411 613 462 et
648 405 720 461 de
762 405 988 462 Liberio
1031 405 1130 476 qui
1174 405 1400 460 Arianae
1447 403 1646 459 haeresi
1697 399 2128 470 subscripsitA
2157 407 2242 458 tra
2291 404 2728 461 Parmenianum
2779 406 3132 462 Donatistam
3178 405 3259 460 ita
3307 403 3545 474 exponit
3583 421 3596 457 ε
3641 401 3805 472 Quod

402 496 761 553 sentiendum
792 501 896 551 est.
927 497 1045 550 .lam
1074 508 1204 550 vero
1223 495 1292 550 de
1320 492 1535 565 Vigilio
1566 492 1705 562 quid
1736 489 2042 545 dicendum

403 593 508 651 est,
533 586 629 657 qui
662 599 770 640 non
802 585 986 640 solum
1009 583 1369 639 Simoniacus
1397 583 1643 650 invasor,
1673 578 2042 636 verumetiam

405 675 706 731 homicidii
731 688 882 744 reus,
905 679 961 728 et
988 673 1222 741 insuper
1241 684 1272 725 a
1299 683 1441 740 papa
1460 668 2044 738 Silveriojustissime

399 764 928 832 anathematizatus,
975 761 1348 829 eumdemque
1394 758 1773 828 apostolicum
1823 758 2040 812 Patrem

395 853 700 908 Silverium
736 854 794 907 in
826 851 1094 906 exsilium
1133 848 1446 904 destinavit
1477 866 1490 918 ;
1524 853 1578 903 et
1609 848 1657 902 si
1700 846 2042 917 sacrilegum

395 956 591 1014 papam
618 942 895 1010 instituit,
917 940 1310 995 ordinationes
1333 943 1514 993 tamen
1539 950 1682 1008 quas
1700 935 1852 1005 fecit,
1881 947 2042 990 nemo

395 1045 674 1087 removere
709 1045 885 1086 ausus
919 1029 1051 1083 fuit.

387 1156 512 1210 CAP.
566 1157 630 1210 lI.
681 1185 749 1193 ——
791 1154 1116 1209 Testi-monia
1166 1167 1286 1220 quae
1320 1167 1473 1220 papa
1521 1149 1853 1203 Anastasius
1905 1163 2042 1201 con-

464 1228 593 1281 tulit
631 1229 688 1279 in
732 1227 1097 1292 defensionem
1137 1223 1543 1276 ordinationum
1578 1237 1714 1290 quas
1759 1221 2040 1274 hec-reticus

461 1300 593 1364 fecit
628 1298 882 1352 Aeacius.

468 1408 579 1460 Ixr.
619 1406 761 1459 Dum
804 1401 1052 1458 membra
1097 1401 1222 1456 sine
1257 1399 1464 1468 capite,
1501 1404 1564 1453 ut
1594 1396 1861 1468 prmfatus
1891 1409 2040 1465 sum,

395 1494 711 1550 consistere
738 1492 972 1547 minime
1000 1490 1243 1561 possint,
1275 1488 1472 1544 mirari
1507 1501 1618 1543 non
1647 1485 1868 1542 suiﬁcio
1894 1499 2045 1555 qua—

398 1583 532 1638 liter
562 1583 679 1637 ficti
711 1581 1070 1637 ordinatores
1096 1585 1249 1634 ratas
1273 1577 1667 1633 ordinationes
1696 1574 1912 1630 edicere
1939 1587 2046 1628 va—

401 1672 572 1727 leant.
601 1674 731 1726 Der.
765 1670 1025 1740 Qualiter
1057 1669 1162 1724 hoc
1189 1667 1312 1724 ﬁeri
1347 1666 1530 1736 possit
1562 1665 1870 1734 praedictus
1896 1677 2047 1733 pon—

399 1759 542 1816 tifex
558 1761 896 1816 Anastasius
914 1757 1311 1828 probabilibus
1326 1755 1538 1811 astruit
1553 1753 1931 1810 documentis.
1949 1751 2048 1806 Ait

401 1851 551 1906 enim
600 1852 750 1905 inter
791 1854 1011 1917 caetera,
1075 1846 1389 1903 secundum
1438 1844 1705 1900 Ecclesia:
1751 1842 2046 1898 catholicae

397 1939 894 2007 consuetudinem,
940 1937 1162 1994 nullum
1196 1935 1267 1990 de
1303 1934 1395 1988 his
1435 1934 1519 1989 vel
1559 1947 1700 2003 puos
1738 1931 2049 2001 baptizavit

399 2029 665 2098 Aeacius,
698 2029 781 2084 vel
817 2042 960 2098 quos
991 2027 1313 2084 sacerdotes
1343 2024 1462 2079 sive
1497 2021 1698 2078 levitas
1732 2020 2047 2076 secundum

400 2131 644 2174 canones
667 2117 974 2185 ordinavit,
1004 2115 1164 2170 nulla
1184 2127 1280 2169 eos
1301 2127 1370 2169 ex
1391 2112 1620 2168 nomine
1641 2109 1833 2165 Acacii
1861 2108 2048 2179 portio

403 2209 659 2264 Iaasionis
699 2207 964 2278 attingat.
1004 2205 1148 2260 Hinc
1187 2207 1273 2259 est
1311 2202 1460 2273 quod
1501 2201 1852 2271 baptismum
1898 2197 2046 2269 quod

404 2297 600 2367 procul
635 2295 698 2350 tit
724 2294 794 2350 ab
835 2293 1105 2364 Ecclesia,
1154 2292 1273 2347 sive
1314 2290 1386 2346 ab
1429 2288 1710 2358 adultero,
1743 2288 1830 2343 vel
1861 2301 1894 2342 a
1924 2285 2051 2342 fure

401 2385 579 2442 fuerit
602 2386 820 2452 datum,
849 2383 914 2438 ad
943 2381 1368 2452 percipientem,
1397 2393 1607 2436 munus
1639 2376 1897 2447 pervenit
1921 2375 2051 2430 illi-

402 2473 616 2530 batum.
645 2471 790 2538 Quia
816 2485 922 2527 vox
950 2471 1052 2525 illa
1077 2484 1203 2540 qua:
1225 2469 1422 2525 sonuit
1449 2481 1548 2537 per
1566 2465 1896 2521 Columbam
1919 2477 2051 2519 om-

406 2575 532 2617 nem
557 2561 834 2614 maculam
865 2559 1125 2613 humanae
1148 2555 1490 2626 pollutionis
1514 2553 1790 2612 excludit.
1815 2564 1925 2622 qua
1945 2552 2054 2606 de-

383 2650 660 2704 claratur
679 2661 744 2702 ac
763 2647 1001 2713 dicitur,
1030 2664 1056 2694 «
1083 2645 1188 2699 Hic
1208 2649 1294 2699 est
1319 2645 1418 2714 qui
1449 2642 1717 2712 baptizat,
1744 2641 1802 2695 in
1827 2639 2052 2709 Spiritu

405 2744 462 2794 et
505 2738 633 2808 igne
678 2736 893 2805 (Matth.
948 2748 1010 2788 Ill
1056 2736 1279 2798 ;Marc.
1317 2747 1331 2787 ι
1372 2751 1388 2797 ;
1437 2735 1592 2785 Joan.
1645 2730 1706 2800 1).
1751 2747 1776 2778 ››
1823 2729 1962 2782 Nam
2002 2727 2052 2782 si

405 2823 721 2880 visibiliter
742 2822 882 2878 solis
906 2820 1078 2876 istius
1102 2819 1272 2887 radii,
1295 2832 1424 2874 cum
1448 2831 1547 2888 per
1569 2817 1690 2872 loca
1709 2815 2054 2872 fetidissima

407 2917 727 2980 transeunt,
757 2910 979 2965 nullius
999 2913 1297 2964 contactus
1320 2907 1726 2977 inquinatione
1756 2904 2056 2960 maculan—

407 3008 544 3070 tur;
575 3001 754 3056 multo
787 2999 968 3070 magis
1000 2997 1165 3052 illius
1197 3011 1322 3067 quae
1355 2997 1530 3052 istum
1563 2993 1852 3050 visibilem
1879 2993 2052 3048 solem

2154 498 2340 547 autem
2389 495 2668 565 scriptum
2709 501 2814 562 est,
2851 516 2878 546 (ι
2918 496 3172 565 Spiritus
3201 501 3435 550 sanctus
3472 493 3807 563 disciplina:

2154 579 2388 654 eﬁ‘ugiet
2413 584 2628 655 fictum,
2656 603 2681 634 ››
2713 586 2792 641 ita
2815 585 3251 656 intelligendum
3274 590 3361 640 est
3384 589 3446 640 ut
3463 585 3619 640 desit
3639 582 3809 638 salu-

2155 669 2199 723 ti
2245 673 2416 739 ejus;
2448 673 2836 731 ministerium
2881 679 3066 729 tamen
3108 687 3220 729 non
3261 674 3507 735 deserat,
3549 686 3664 742 quo
3706 685 3808 741 per

2155 775 2283 817 eum
2317 762 2558 818 salutem
2590 768 2860 832 operatur
2889 763 3157 819 aliorum.
3191 763 3350 818 Unde
3379 762 3528 819 dicit
3553 762 3810 830 Aposto-

2155 851 2246 907 lus
2277 869 2290 906 :
2328 871 2353 903 α
2384 852 2442 907 Si
2474 853 2628 908 enim
2668 853 2862 909 volens
2894 853 3000 908 hoc
3033 852 3200 922 facio,
3237 851 3548 908 mercedem
3579 850 3762 905 habeo
3792 868 3809 916 ς

2151 941 2209 995 Si
2232 947 2420 997 autem
2449 942 2686 1008 invitus,
2710 943 3064 1012 dispensatio
3091 943 3234 998 mihi
3263 941 3481 998 credita
3502 945 3589 996 est
3609 940 3658 1007 (Ι
3677 940 3806 994 Cor.

2153 1032 2253 1101 Ix).
2293 1049 2317 1080 »
2350 1032 2428 1086 Ac
2457 1032 2506 1086 si
2534 1032 2724 1087 dicat:
2759 1032 2880 1087 illis
2908 1032 3155 1101 prodest,
3189 1031 3402 1102 quibus
3430 1031 3534 1085 hoc
3557 1030 3817 1098 dispen—

2151 1132 2234 1190 so,
2267 1133 2377 1176 non
2409 1120 2552 1175 mihi
2573 1121 2673 1192 qui
2701 1121 2867 1176 [lctus
2897 1135 3045 1177 sum.
3069 1123 3182 1176 lNF.
3205 1121 3362 1190 Quod
3382 1119 3636 1188 Spiritus
3660 1130 3814 1173 san—

2152 1215 2280 1266 ctus
2312 1209 2698 1265 ministerium
2735 1210 2852 1265 ﬁcti
2885 1209 3198 1265 sacerdotis
3231 1223 3339 1265 non
3367 1209 3610 1275 deserat,
3637 1206 3806 1261 aliud

2155 1299 2298 1355 mihi
2325 1299 2533 1355 exhibe
2559 1298 2974 1355 testimonium.
3009 1301 3139 1354 Der.
3171 1299 3322 1354 Idem
3349 1297 3715 1369 Augustinus
3747 1295 3812 1349 in

2153 1388 2512 1457 expositione
2557 1388 2614 1442 in
2661 1390 2952 1455 Joannem,
3004 1387 3102 1444 ubi
3148 1387 3428 1443 Dominus
3479 1385 3824 1454 baptizatus

2154 1483 2258 1546 est,
2286 1476 2461 1532 latius
2481 1490 2548 1532 ex
2569 1490 2636 1532 eo
2660 1477 3031 1546 apertiusque
3055 1477 3333 1545 disputat.
3357 1473 3656 1529 Ordinatio
3683 1471 3828 1543 igi-

2156 1570 2250 1620 tur
2281 1579 2450 1635 quam
2484 1565 2684 1622 beatus
2715 1566 3020 1621 Formosus
3052 1564 3206 1633 fecit,
3242 1564 3389 1635 quod
3424 1569 3542 1618 rata
3566 1568 3626 1618 et
3652 1561 3830 1630 legi-

2155 1653 2295 1709 tima
2317 1654 2413 1720 sit,
2436 1660 2584 1710 recte
2608 1654 3073 1726 intelligentibus
3092 1667 3221 1709 ecce
3241 1651 3596 1709 satisfactum
3621 1650 3830 1704 habe—

2076 1724 2130 1785 Β
2158 1744 2270 1796 tur.
2299 1744 2460 1798 Nunc
2480 1755 2600 1812 age,
2625 1742 2718 1798 dic
2742 1724 2956 1812 quibus
2975 1741 3337 1797 documentis
3356 1741 3442 1797 vel
3466 1754 3572 1810 qua
3593 1745 3831 1794 aucto-

2157 1831 2326 1886 ritate
2345 1830 2632 1901 praefatam
2651 1832 3071 1887 ordinationem
3087 1830 3412 1887 subvertere
3429 1830 3592 1885 nitim
3605 1830 3717 1899 ini,
3737 1834 3826 1895 et,

2158 1921 2306 1993 quod
2329 1927 2416 1976 est
2439 1921 2712 1984 deterius,
2740 1921 2798 1976 in
2821 1921 3015 1977 eodem
3039 1922 3217 1992 gradu
3244 1922 3448 1976 iterum
3470 1933 3832 1976 consecrare

2160 2024 2269 2066 non
2298 2009 2623 2066 formidatis
2647 2009 2675 2064 ‘?
2697 2013 2809 2066 INF.
2839 2010 3017 2066 Omne
3043 2012 3193 2080 quod
3222 2009 3427 2065 falsum
3453 2023 3573 2065 esse
3599 2010 3832 2064 decer—

2160 2099 2322 2154 nitur
2361 2099 2769 2155 destruendum
2813 2104 2919 2170 est,
2954 2106 3008 2154 et
3043 2105 3338 2169 propterea
3381 2098 3830 2154 ordinationem

2161 2188 2320 2244 illam
2341 2189 2562 2244 destrui
2581 2194 2824 2260 oportet,
2848 2188 2984 2259 quia
3007 2187 3149 2244 falsa
3168 2195 3274 2244 est.
3296 2190 3370 2242 Et
3385 2187 3832 2242 ordinationem

2161 2293 2287 2348 qua:
2308 2291 2436 2334 vera
2461 2283 2547 2333 est
2568 2277 2905 2349 unicuique,
2932 2282 3102 2347 prout
3123 2277 3271 2332 ratio
3294 2276 3558 2347 postulat,
3587 2277 3840 2345 imper—

2162 2366 2264 2421 tiri
2297 2366 2613 2422 studemus.
2637 2367 2769 2421 Dsr.
2799 2365 2974 2423 Video
3006 2373 3059 2422 te
3087 2366 3299 2436 puerili
3321 2366 3630 2422 certamine
3651 2365 3731 2420 ad
3761 2379 3839 2420 ea

2163 2470 2288 2527 quae
2313 2457 2429 2526 jam
2459 2456 2725 2512 discussa
2756 2461 2911 2525 sunt,
2945 2460 3002 2511 et
3031 2456 3381 2512 testimoniis
3419 2456 3836 2525 comprobata,

2163 2545 2526 2614 impudenter
2548 2558 2856 2601 recurrere.
2881 2545 3041 2614 Quod
3067 2545 3192 2600 ideo
3215 2544 3379 2614 quasi
3402 2557 3642 2599 securus
3661 2543 3836 2614 agis,

2164 2635 2302 2704 quia
2331 2635 2487 2688 deest
2502 2633 2768 2702 justitiai,
2797 2648 3014 2689 censor.
3049 2633 3224 2689 Adest
3251 2640 3436 2688 tamen
3460 2632 3624 2687 Isaiae
3656 2633 3840 2686 vati-

2163 2722 2404 2792 cinium,
2443 2743 2468 2772 α
2502 2723 2592 2777 Vae
2623 2723 2723 2792 qui
2753 2722 2955 2777 dicitis
3001 2722 3208 2777 bonum
3244 2723 3472 2791 malum,
3507 2728 3562 2776 et
3596 2721 3839 2776 malum

2165 2812 2397 2874 bonum,
2429 2817 2699 2881 ponentes
2725 2811 2986 2868 tenebras
3011 2812 3213 2881 lucem,
3239 2817 3296 2866 et
3316 2811 3496 2866 lucem
3523 2810 3838 2875 tenebras,

2167 2906 2438 2970 ponentes
2483 2914 2740 2956 amarum
2790 2902 2850 2956 in
2897 2901 3084 2971 dulce,
3129 2908 3185 2957 et
3231 2900 3399 2956 dulce
3447 2901 3505 2955 in
3549 2913 3838 2956 amarum

2165 2992 2297 3058 (Isa.
2337 2991 2414 3061 ν).
2451 3008 2476 3040 ››

408 3090 544 3147 fecit
568 3091 755 3146 virtus
777 3088 934 3144 nulla
959 3087 1272 3142 ministerii
1299 3085 1645 3157 indignitate
1671 3083 2050 3154 contingitur.

2165 3096 2292 3152 CAP.
2344 3098 2430 3152 IV.
2481 3127 2556 3138 —
2605 3098 2759 3163 Quod
2811 3098 3156 3153 Constantini
3207 3097 3473 3165 Neophyti
3531 3095 3844 3149 ordinatio

408 3186 547 3239 Nam
572 3186 629 3236 et
649 3179 825 3235 Judas
844 3192 973 3233 cum
996 3176 1175 3233 fuerit
1199 3175 1518 3247 sacrilegus
1538 3181 1710 3244 atque
1736 3172 1850 3244 fur,
1877 3172 2057 3243 quid-

409 3273 548 3343 quid
581 3269 701 3342 egit
741 3269 891 3323 inter
931 3265 1223 3336 apostolos
1264 3279 1366 3334 pro
1404 3263 1690 3334 dignitate
1727 3263 2052 3329 commissa,

408 3360 681 3418 beneﬁcia
709 3371 808 3428 per
830 3357 1133 3428 indignum
1154 3355 1286 3410 data
1311 3353 1470 3410 nulla
1495 3367 1562 3408 ex
1586 3353 1693 3408 hoc
1713 3351 2057 3406 detrimenta

410 3455 730 3507 senserunt.
786 3446 880 3501 Sic
928 3445 1046 3514 ille,
1103 3457 1201 3513 per
1251 3457 1416 3514 quem
1459 3442 1727 3498 Christus
1773 3440 2054 3511 loquitur,

412 3539 624 3594 Paulus
667 3535 953 3591 afﬁrmat:
1001 3554 1028 3586 «
1073 3535 1187 3603 Ego
1251 3531 1524 3601 plantavi,
1578 3529 1779 3598 Apollo
1825 3528 2057 3605 rigavit,

411 3628 562 3681 Deus
590 3629 778 3678 autem
822 3622 1234 3676 incrementum
1273 3617 1452 3672 dedit.
1497 3619 1694 3686 Itaque
1734 3628 1917 3684 neque
1956 3613 2058 3683 qui

416 3713 634 3782 plantat
660 3717 749 3766 est
777 3708 1024 3778 aliquid,
1056 3720 1238 3776 neque
1269 3705 1370 3774 qui
1404 3705 1571 3775 rigat,
1606 3703 1702 3759 sed
1737 3701 1837 3772 qui
1867 3702 2062 3757 incre-

415 3806 667 3855 mentum
707 3799 824 3866 dat,
858 3799 1007 3852 Deus
1045 3795 1096 3863 (Ι
1125 3795 1242 3848 Cor.
1291 3794 1398 3861 in).
1437 3813 1461 3844 α
1500 3793 1545 3847 Α
1578 3794 1691 3848 Deo
1729 3797 1917 3846 autem
1950 3805 2058 3846 non

415 3889 696 3960 quaeritur
725 3885 880 3956 quis,
914 3883 999 3939 vel
1033 3883 1226 3953 qualis
1258 3880 1548 3951 pra-dicet,
1582 3881 1678 3936 sed
1711 3895 1878 3952 quem
1913 3894 2064 3950 prae—

413 3979 586 4047 dicet,
629 3981 692 4031 ut
741 3973 969 4030 invidos
1008 3973 1180 4028 etiam
1231 3972 1371 4027 bene
1412 3971 1704 4027 Christum
1755 3970 2065 4041 praedicare

416 4069 732 4132 conﬁrmet,
789 4077 902 4132 quo
957 4061 1124 4118 modo
1166 4061 1434 4117 diabolus
1484 4061 1607 4131 ipse
1653 4061 1909 4130 dejectus
1955 4064 2059 4115 est.

419 4157 549 4212 Ideo
573 4167 704 4224 ergo
735 4157 790 4208 et
817 4152 932 4222 hic,
961 4152 1127 4221 cujus
1153 4165 1356 4208 nomen
1385 4150 1640 4206 dicimus
1663 4163 1787 4205 esse
1809 4149 2063 4206 reticen—

425 4246 585 4313 dum,
619 4243 762 4298 male
791 4242 938 4298 bona
965 4241 1348 4297 ministrando
1378 4240 1492 4295 sibi
1527 4239 1921 4296 tantummodo
1953 4251 2066 4293 no-

420 4335 580 4391 cuit:
613 4346 740 4388 nam
775 4329 1114 4386 inviolabile
1141 4333 1559 4386 sacramentum
1590 4327 1740 4398 quod
1772 4341 1869 4396 per
1897 4326 2059 4382 illum

413 4425 610 4480 datum
633 4427 719 4478 est
735 4420 872 4476 aliis
892 4419 1291 4490 perfectionem
1314 4431 1432 4472 sua:
1452 4415 1690 4471 virtutis
1711 4415 1984 4486 obtinuit,
2009 4416 2062 4471 ei

414 4517 604 4568 autem
637 4509 842 4567 obfuit.
891 4508 1276 4575 Quorumdam
1309 4509 1498 4560 autem
1531 4517 1590 4559 se
1621 4505 1681 4560 in
1713 4510 1933 4560 tantum
1960 4519 2063 4560 ex-

417 4600 602 4654 tendit
617 4599 845 4655 curiosa
863 4595 1140 4666 suspicio,
1164 4600 1227 4650 ut
1246 4594 1612 4665 imaginetur,
1634 4593 1854 4663 prolato
1871 4608 1902 4650 a
1923 4608 2064 4664 papa

418 4687 603 4742 Felice
641 4687 888 4755 judicio,
938 4691 1129 4753 postea
1174 4682 1523 4740 ineﬁ‘caciter
1567 4683 1625 4739 in
1669 4685 2060 4754 sacramentis,

418 4788 545 4844 quae
575 4773 816 4828 Aeacius
855 4773 1177 4843 usurpavit,
1217 4773 1420 4845 egisse,
1451 4787 1515 4829 ac
1550 4773 1784 4843 perinde
1813 4787 1911 4829 eos
1941 4787 2066 4828 me-

417 4869 596 4932 tuere,
626 4862 726 4933 qui
751 4861 834 4918 vel
864 4861 922 4918 in
943 4861 1498 4933 consecrationibus,
1522 4863 1607 4919 vel
1637 4864 1697 4918 in
1719 4862 2064 4934 baptismate

418 4950 742 5006 ministeria
781 4951 993 5008 tradita
1032 4956 1427 5023 susceperunt.

415 5059 541 5114 CAP.
605 5059 692 5112 III.
741 5087 814 5099 —-
856 5059 1125 5123 Quomodo
1181 5059 1422 5128 Spiritus
1479 5064 1700 5112 sanctus
1757 5060 2063 5129 disciplinae

485 5130 714 5255 Effugia:
789 5133 993 5198 ﬁctum,
1075 5135 1254 5184 tamen
1327 5131 1445 5197 ejus
1519 5132 1886 5185 ministerium
1952 5147 2061 5185 non

528 5217 718 5255 esera.
1351 5231 1354 5235 ~

528 5217 718 5256 eserat.
1351 5231 1354 5235 ~

488 5310 600 5362 INF.
645 5305 938 5377 Quomodo
969 5319 1104 5378 ergo
1151 5307 1209 5362 in
1251 5307 1400 5362 libro
1435 5307 1741 5377 Sapientiae
1779 5309 2059 5379 scriptum

415 5404 518 5469 est,
557 5419 582 5450 α
609 5396 864 5468 Spiritus
893 5401 1128 5451 sanctus
1155 5396 1484 5466 disciplina:
1504 5396 1737 5469 eﬂ'ugiet
1768 5398 1983 5470 ﬁctum,
2007 5405 2062 5456 et

415 5485 635 5543 auferet
664 5500 723 5542 se
752 5499 784 5540 a
823 5484 1274 5557 cogitationibus
1315 5500 1440 5556 quae
1486 5492 1622 5541 sunt
1661 5485 1787 5542 sine
1827 5487 2062 5544 intelle-

330 5608 331 5611 η
418 5582 515 5630 ctu
541 5576 569 5630 ‘?
593 5596 624 5625 ι»
654 5575 808 5646 (δίῳ.
839 5575 905 5645 ι.)
935 5576 1065 5631 DEF.
1111 5575 1227 5630 Hoc
1265 5573 1466 5632 beatus
1509 5575 1869 5645 Augustinus
1915 5591 2061 5634 con-

2363 3175 2551 3223 contra-
2593 3174 2798 3224 statuta
2839 3170 2936 3225 SS.
2978 3171 3203 3223 Patrum
3244 3169 3485 3238 deposzta
3521 3169 3613 3222 sit.

2239 3259 2350 3312 INF.
2382 3260 2504 3313 Non
2531 3257 2638 3313 tibi
2669 3272 2874 3314 novum
2903 3259 3184 3326 videatur,
3214 3257 3264 3312 si
3294 3258 3461 3313 fictus
3485 3256 3842 3324 ordinatur,

2169 3348 2495 3417 projicitur,
2543 3349 2782 3418 ejusque
2828 3347 3121 3403 ordinatio
3163 3345 3462 3402 refutatur.
3511 3345 3842 3416 Siquidem

2165 3436 2596 3505 Constantinus,
2630 3442 2694 3492 ut
2721 3437 2780 3491 in
2812 3435 3132 3492 Pontiticali
3167 3435 3316 3491 libro
3349 3435 3574 3506 legitur,
3610 3435 3723 3504 qui
3762 3450 3845 3492 ex

2170 3524 2317 3581 laico
2353 3530 2580 3594 repente
2612 3526 2952 3596 neophytus,
2988 3525 3290 3595 validaque
3330 3538 3499 3580 manu
3532 3530 3841 3593 armatus,

2169 3614 2539 3684 apostolicam
2581 3615 2768 3670 sedem
2800 3615 3066 3684 nequiter
3105 3615 3336 3682 invasit,
3378 3613 3681 3683 depositus
3709 3623 3841 3684 est,

2168 3709 2225 3758 et
2257 3703 2337 3758 ita
2366 3703 2690 3774 damnatus,
2725 3708 2789 3760 ut
2817 3705 2990 3759 etiam
3022 3703 3210 3759 oculis
3249 3703 3569 3772 privaretur
3602 3720 3617 3756 :
3651 3703 3844 3759 ordi—

2171 3791 2458 3847 nationem
2496 3805 2627 3848 vero
2659 3807 2825 3862 quam
2857 3791 2994 3848 fecit
3025 3793 3083 3848 in
3117 3791 3395 3862 pristinos
3428 3792 3844 3861 deposuerunt

2173 3881 2402 3952 gradus.
2447 3882 2713 3952 Episcopi
2755 3895 2998 3952 namque
3040 3882 3247 3937 iterum
3281 3895 3314 3936 a
3345 3894 3488 3951 papa
3527 3881 3845 3951 Stephano

2172 3972 2486 4026 consecrati
2529 3977 2682 4026 sunt.
2726 3972 2803 4026 De
2845 3969 3190 4041 presbyteris
3229 3984 3362 4026 vero
3389 3976 3445 4026 et
3471 3969 3844 4027 diaconibus

2173 4059 2465 4128 praeﬁxum
2497 4064 2600 4128 est,
2631 4060 2767 4116 utsi
2799 4060 3014 4116 civium
3042 4074 3276 4116 suorum
3306 4059 3510 4116 electio
3534 4059 3730 4128 vellet,
3773 4062 3841 4116 in

2173 4149 2396 4206 eosdem
2438 4151 2648 4220 gradus
2685 4149 2756 4204 de
2795 4149 3008 4219 quibus
3049 4149 3297 4219 depositi
3337 4154 3491 4215 sunt,
3541 4149 3762 4205 iterum
3806 4166 3844 4206 a

2175 4250 2316 4307 papa
2375 4238 2660 4308 Stephano
2716 4243 3235 4308 consecrarentur;
3269 4238 3348 4294 ita
3412 4238 3699 4293 duntaxat
3771 4249 3844 4295 ut

2168 4326 2543 4396 jurejurando
2585 4327 3000 4397 promitterent,
3047 4333 3330 4398 quatenus
3372 4327 3440 4382 ad
3480 4328 3840 4398 ampliorem

2099 4461 2144 4517 υ
2176 4414 2445 4475 honorem
2493 4418 2609 4486 jam
2655 4417 2986 4473 nullatenus
3035 4424 3524 4488 promoverentur,
3569 4432 3641 4473 ne
3685 4419 3841 4476 talis

2173 4519 2334 4561 error
2369 4519 2465 4576 per
2497 4507 2770 4576 injuriam
2813 4506 3143 4576 pullularet.
3187 4506 3522 4562 Statuerunt
3549 4507 3725 4562 etiam
3769 4516 3840 4565 nt

2174 4600 2379 4651 cuncta
2417 4595 2806 4651 ecclesiastica
2849 4600 3201 4652 sacramenta
3242 4611 3369 4666 quae
3405 4597 3838 4654 Constantinus

2175 4692 2481 4756 peregerat,
2560 4686 2816 4740 iteranda
2884 4690 3077 4741 essent
3140 4684 3358 4756 absque
3418 4685 3707 4756 baptismo
3773 4697 3840 4743 et

2172 4776 2496 4831 chrismate.
2530 4777 2658 4830 Der.
2685 4777 2985 4845 Nunquam
3011 4775 3332 4843 exemplum
3357 4789 3390 4832 a
3413 4775 3584 4832 malis
3604 4785 3694 4833 est
3717 4793 3838 4835 su-

2173 4866 2459 4921 mendum.
2482 4867 2562 4920 Ex
2587 4865 2678 4921 his
2697 4865 2850 4920 enim
2873 4879 2998 4934 qua:
3021 4865 3077 4919 in
3103 4864 3500 4922 voluminibus
3527 4866 3831 4939 leguntur,

2171 4967 2236 5009 ea
2261 4954 2618 5011 solummodo
2651 4953 2931 5009 imitanda
2957 4953 3041 5008 Vel
3068 4951 3328 5009 facienda
3359 4958 3496 5010 sunt
3521 4969 3653 5026 quae
3676 4956 3834 5012 bona

2171 5057 2293 5098 esse
2317 5042 2648 5113 probantur,
2671 5042 2817 5097 mala
2833 5047 3024 5098 autem
3047 5042 3276 5111 penitus
3292 5045 3643 5100 exsecranda
3666 5052 3831 5115 sunt,

2169 5137 2226 5187 et
2255 5132 2488 5188 omnino
2527 5131 2790 5187 cavenda.
2837 5131 2972 5186 Inde
3001 5136 3089 5186 est
3113 5131 3260 5201 quod
3297 5130 3438 5186 Abel
3460 5132 3661 5200 justus
3691 5134 3829 5190 lau-

2169 5222 2358 5292 datur,
2405 5227 2460 5277 et
2498 5219 2633 5276 Abel
2666 5220 2954 5290 parricida
3001 5217 3342 5295 [fratricida]
3383 5222 3832 5279 condemnatur.

2173 5312 2324 5380 Inde,
2359 5311 2614 5382 inquam,
2646 5315 2732 5366 est
2763 5311 2914 5382 quod
2945 5310 3144 5366 Sixtus
3180 5310 3455 5380 martyrio
3488 5318 3827 5380 coronatur,

2171 5408 2228 5456 et
2262 5400 2524 5456 Liberius
2553 5401 2764 5456 Ariano
2803 5400 3126 5456 colluvione
3167 5399 3510 5456 maculatur.
3542 5399 3836 5468 Quocirca

2170 5490 2580 5546 Constantinus
2593 5489 2692 5559 qui
2710 5489 3046 5558 necphytus,
3067 5489 3359 5559 armisque
3375 5489 3832 5560 circumseptus,

2169 5578 2541 5648 apostolicam
2573 5577 2688 5634 sibi
2715 5576 3042 5634 cathedram
3076 5578 3397 5649 usurpavit,
3419 5579 3554 5649 jure
3578 5580 3834 5636 damna—
