4068 6178
237 337 375 396 4084

956 339 1222 396 AUXILII
1256 340 1346 394 DE
1384 338 1614 396 0RDIN.
1657 333 1704 390 Α
1741 335 2065 393 FORMOSO
2112 338 2212 393 PP.
2264 337 2498 393 FACTIS
2544 337 2724 394 LIBRI
2774 336 2935 394 DUO.

3517 327 3656 390 4082

235 469 334 521 tus
377 468 551 536 atque
588 466 844 536 dejectus
890 470 993 522 est.
1020 467 1139 521 Jam
1182 480 1312 523 vero
1359 465 1507 538 quod
1543 476 1671 520 eum
1703 460 1892 518 oculis
1918 459 1974 519 A
2005 459 2055 515 ri
2083 465 2141 516 et
2164 476 2331 519 suum
2363 476 2527 535 agere
2565 461 2814 519 ocium
2846 463 3132 532 praecepit,
3177 459 3414 529 ejusque
3439 467 3656 524 corpu-

237 554 564 623 privarunt,
616 569 728 612 non
784 555 1160 625 apostolicum
1211 556 1305 611 sed
1356 553 1733 624 apostaticum
1787 552 1888 605 est.

231 644 674 700 Ordinationem
707 659 935 716 quoque
958 646 1083 714 ejus
1109 659 1220 701 non
1254 643 1624 722 rectitudinis
1654 639 1894 705 intuitu,

234 735 334 790 sed
379 735 614 791 invidia:
659 735 778 790 zelo
808 740 1006 791 contra
1036 740 1361 791 sanctorum
1392 736 1620 788 Patrum
1661 727 1904 787 sanctio.

235 837 361 893 nes,
415 824 472 879 in
509 824 787 894 pristinos
834 825 1221 892 deposuerunt
1263 824 1494 896 gradus,
1549 822 1820 877 addentes
1849 820 1904 870 et

231 914 564 982 juramento
603 914 1080 984 constringentes,
1124 919 1188 968 ut
1218 913 1416 968 nullus
1453 913 1523 968 de
1555 905 1905 981 presbyteris

233 1020 304 1060 ac
349 1003 696 1059 diaconibus
731 1003 801 1059 ad
841 1003 1167 1073 superiores
1211 1002 1424 1073 gradus
1454 1003 1897 1071 promoveretur'

234 1097 298 1148 1n
326 1107 441 1164 qua
470 1091 886 1148 deliberatione
916 1092 1056 1162 quid
1109 1091 1269 1147 aliud
1301 1090 1550 1161 intelligi
1572 1090 1746 1145 datur
1783 1087 1897 1143 nisi

236 1182 654 1238 retributionis
673 1181 864 1248 timor,
899 1180 1144 1242 scilicet,
1170 1194 1238 1234 ne
1259 1179 1486 1250 quando
1508 1179 1574 1234 ad
1606 1178 1899 1248 festigium

236 1271 572 1341 apostolicae
600 1269 906 1340 dignitatis
948 1268 1192 1324 ~~rovecti
1215 1281 1375 1324 suam
1411 1267 1769 1323 vindicarent
1804 1267 1904 1321 in—

231 1362 454 1432 juriam
473 1360 501 1413 ‘?
530 1362 640 1415 INF.
672 1359 1005 1414 Istiusmodi
1035 1358 1343 1415 vindictam
1369 1363 1663 1428 propterea
1692 1355 1902 1412 inferre

238 1451 636 1517 decreverunt,
670 1452 733 1502 ut
766 1446 1136 1502 ambitionem
1179 1461 1211 1502 a
1243 1461 1402 1503 sacro
1441 1446 1644 1502 ordine
1672 1445 1902 1515 penitus

239 1543 625 1607 amputarent.
674 1538 804 1590 Der.
843 1535 1005 1590 Sicut
1035 1536 1267 1591 morbus
1302 1549 1412 1591 non
1443 1535 1591 1590 valet
1619 1534 1900 1604 expellere

242 1627 529 1697 morbum,
585 1627 662 1681 ita
694 1639 794 1681 nec
841 1624 1047 1680 vitium
1099 1631 1281 1694 potest
1324 1625 1624 1681 excludere
1666 1623 1894 1678 vitium.

239 1719 410 1786 Bene,
442 1717 697 1787 inquam,
730 1715 889 1784 bene,
935 1716 1084 1786 quod
1115 1715 1457 1785 neophytum
1484 1714 1554 1769 ab
1583 1712 1897 1783 apostolica

2008 550 2228 606 sculum
2258 553 2407 622 quod
2446 552 2813 623 pertinaciter
2837 551 3076 620 ejectum
3103 548 3290 605 fuerat
3317 558 3446 602 cum
3471 542 3657 599 exsul-

2013 639 2226 696 tatione
2246 643 2314 698 ad
2335 642 2706 712 apostolicam
2737 639 2989 696 tumbam
3015 637 3262 694 reduxit.

2011 762 2137 818 CAP.
2172 766 2232 819 V.
2275 796 2347 806 —
2375 766 2528 831 Quod
2566 767 2806 835 ejusdem
2827 762 3298 834 praevaricationis
3334 756 3659 835 Vsit_iterata

2083 829 2430 900 consecratio,
2511 829 2667 906 cuius
2724 829 3197 907 prévaﬁcationis
3265 834 3342 884 est
3403 829 3660 881 iteratum

2083 907 2368 976 baptisma.

2081 1017 2193 1072 Inr.
2228 1020 2400 1074 Estne
2429 1018 2653 1090 aliquid
2686 1024 2882 1074 contra
2913 1015 3253 1072 catholicam
3299 1010 3575 1096 regulam,
3609 1008 3659 1063 si

2013 1107 2314 1178 quisquam
2352 1108 2411 1164 in
2445 1109 2640 1164 eodem
2670 1108 2872 1163 ordine
2915 1108 3124 1161 iterum
3164 1107 3531 1159 consecratus
3560 1097 3662 1155 fu-

2010 1197 2164 1252 erit?
2181 1199 2313 1252 DEF.
2349 1199 2611 1267 Ejusdem
2635 1196 2833 1267 procul
2857 1194 3036 1251 dubio
3064 1190 3554 1264 praevaricationis
3575 1193 3662 1244 est

2013 1287 2214 1342 iterata
2240 1288 2613 1358 consecratio,
2645 1287 2813 1356 cujus
2845 1282 3332 1355 praevaricationis
3360 1287 3447 1336 est
3479 1281 3661 1335 itera—

2011 1380 2130 1431 tum
2151 1376 2450 1446 baptisma.
2479 1379 2588 1432 INF.
2613 1375 2756 1444 Quis
2778 1373 3082 1431 hocdicit‘?
3102 1375 3232 1428 Der.
3255 1372 3495 1427 Sanctus
3516 1382 3656 1439 papa

2007 1463 2320 1536 Gregorius
2365 1466 2433 1520 ad
2475 1467 2740 1520 Joannem
2790 1465 3116 1532 episcopum
3159 1459 3503 1516 Ravennatis
3547 1460 3660 1513 Ec—

2009 1554 2198 1610 clesiae
2223 1555 2479 1624 scripsit,
2506 1555 2738 1610 dicens:
2777 1552 2926 1609 Illud
2951 1553 3100 1622 quod
3125 1551 3345 1619 dicitis,
3373 1555 3436 1604 ut
3457 1549 3556 1619 qui
3575 1562 3660 1603 or-

2008 1643 2244 1699 dinatus
2290 1651 2376 1699 est
2407 1644 2614 1699 iterum
2655 1643 2972 1709 ordinetur,
3006 1641 3167 1696 valde
3207 1639 3518 1694 ridiculum
3551 1643 3658 1705 est,

2008 1739 2062 1788 et
2092 1733 2162 1788 ab
2207 1734 2421 1806 ingenii
2452 1734 2625 1789 vestri
2657 1731 3119 1789 consideratione
3157 1735 3508 1798 extraneum,
3543 1726 3659 1781 nisi

240 1806 594 1863 celsitudine
623 1806 1013 1875 projecerunt;
1056 1805 1151 1860 sed
1189 1801 1488 1894 manifeste
1510 1803 1578 1894 in
1604 1805 1690 1857 eis
1713 1813 1899 1871 pecca-
1923 1802 1976 1864 Β
2009 1820 2152 1878 forte
2183 1801 2330 1894 quad
2356 1824 2676 1892 exemplum
2706 1823 2772 1877 ad
2809 1821 3057 1877 medium
3089 1819 3416 1886 deducitur,
3449 1817 3518 1872 de
3548 1829 3661 1886 quo

241 1901 452 1951 verunt
481 1895 619 1964 quid
649 1895 959 1950 secundum
987 1907 1232 1950 canones
1273 1891 1523 1948 ordinati
1554 1890 1798 1958 fuerant,
1843 1896 1898 1946 et
2007 1917 2062 1967 et
2084 1912 2182 1968 me
2201 1890 2502 1981 "judicatus
2522 1890 2632 1980 εει,
2660 1911 2757 1980 qui
2790 1910 2902 1964 tale
2923 1908 3145 1979 aliquid
3175 1906 3378 1962 fecisse
3405 1903 3664 1974 perhihe.

241 2001 342 2042 eos
365 1987 652 2055 deponere
673 1998 783 2040 non
825 1983 1227 2049 formidarunt,
1270 1997 1478 2053 eosque
1510 1981 1729 2037 nefario
1752 1995 1899 2038 ausu

2009 2007 2122 2057 tur.
2152 2002 2316 2057 Absit
2363 2001 2573 2056 etenim
2603 2015 2634 2055 a
2683 1999 3040 2054 fraternitate
3082 2001 3265 2051 vestra
3304 1995 3389 2049 sic
3443 2006 3656 2062 sapere.

246 2076 460 2131 iterum
488 2075 547 2129 in
569 2075 761 2130 eadem
801 2073 1162 2130 ordinatione
1186 2072 1600 2129 consecrandos
1625 2084 1748 2126 esse
1777 2074 1902 2126 sta—

2034 2092 2169 2147 iicut
2194 2096 2382 2148 autem
2402 2090 2724 2160 baptizatus
2741 2086 2911 2143 semel
2932 2087 2991 2141 in
3012 2086 3204 2141 eodem
3232 2083 3433 2138 ordine
3452 2083 3659 2136 iterum

245 2170 502 2221 tuerunt.
560 2164 834 2234 Alioquin
885 2163 1098 2219 frustra
1149 2162 1553 2218 sanctissimus
1599 2162 1707 2216 Leo
1760 2173 1900 2231 papa

244 2255 477 2311 censuit
507 2259 570 2310 ut
601 2253 1069 2324 pseudoepiscopi
1103 2251 1476 2321 abjiciantur,
1509 2255 1564 2306 et
1591 2265 1786 2307 eorum
1819 2265 1906 2306 or-

243 2345 476 2401 dinatio
521 2349 641 2399 rata
684 2343 999 2399 consistere
1051 2341 1254 2412 possit,
1300 2343 1531 2398 Frustra
1576 2341 1728 2397 enim
1762 2353 1905 2410 papa

235 2433 588 2489 Anastasius
644 2432 886 2502 praaﬁxit
935 2436 997 2487 ut
1050 2430 1445 2487 ordinationes
1486 2429 1680 2487 Acacii
1746 2429 1906 2485 nulla

249 2523 442 2593 portio
487 2521 742 2577 Iasionis
784 2521 1106 2592 attingeret.
1148 2521 1268 2575 Imo
1305 2524 1362 2574 et
1409 2519 1621 2576 Liberii
1667 2517 1909 2574 ordina-

249 2611 461 2681 tiones,
487 2617 659 2681 atque
682 2609 884 2682 Vigilii
912 2609 1386 2679 consecrationes,
1423 2607 1638 2664 frustra
1670 2606 1908 2662 illibatre

251 2704 707 2771 permanserunt.
738 2701 960 2755 Numne
994 2703 1119 2770 post
1151 2698 1442 2768 apostolos
1475 2697 1609 2767 quis
1636 2697 1694 2751 in
1724 2695 1910 2750 Eccle-

249 2791 340 2846 sia
387 2791 566 2858 major
597 2788 930 2845 beatissimo
965 2801 1105 2858 papa
1151 2789 1351 2857 Leone,
1397 2787 1465 2842 ad
1497 2786 1684 2854 cujus,
1716 2790 1780 2839 ut
1829 2785 1907 2839 ita

250 2879 462 2948 dicam,
491 2878 773 2934 caelestem
802 2877 1078 2948 rugitum,
1110 2875 1324 2932 diversi
1351 2889 1416 2930 ac
1438 2874 1632 2944 plures
1653 2871 1906 2928 haeretici

251 2967 517 3025 exterriti
549 2973 684 3023 sunt
706 2972 876 3037 atque
901 2963 1129 3037 fugati?
1157 2967 1267 3020 Nec
1289 2977 1433 3034 papa
1458 2962 1795 3019 Anastasius
1822 2965 1910 3016 est.

253 3057 727 3126 contemnendus,
756 3056 852 3126 qui
881 3068 1018 3111 suos
1045 3054 1357 3110 decretales
1394 3053 1587 3124 apices
1613 3050 1910 3121 evangeli—

2011 2181 2196 2250 debet,
2227 2181 2307 2235 ita
2337 2182 2704 2236 consecratus
2730 2175 2901 2232 semel
2931 2175 2987 2229 in
3017 2174 3209 2230 eodem
3229 2172 3430 2228 ordine
3453 2171 3658 2226 iterum

2013 2270 2332 2325 consecrari
2368 2283 2478 2325 non
2517 2267 2684 2323 valet.
2716 2268 2828 2322 Hoc
2868 2265 3064 2334 itaque
3094 2275 3201 2317 non
3235 2261 3421 2316 solum
3461 2259 3664 2314 beatus

2013 2359 2324 2431 Gregorius
2353 2358 2448 2414 sed
2476 2357 2647 2414 etiam
2674 2368 2919 2412 canones
2945 2356 3228 2409 testantur
3251 2348 3660 2419 apostolorum.

2014 2449 2255 2504 Sanctus
2304 2461 2547 2518 namque
2599 2446 2856 2502 Isidorus
2901 2444 2960 2498 in
3022 2439 3353 2512 praefatione
3400 2435 3662 2493 canonici

2018 2537 2248 2608 collegii
2266 2536 2654 2606 apostolorum
2678 2547 2923 2589 canones
2949 2529 3308 2600 recipiendos
3329 2541 3451 2582 esse
3467 2525 3668 2581 contir-

2019 2631 2152 2681 mat.
2179 2626 2339 2694 Quod
2382 2625 2431 2680 si
2456 2624 2725 2694 cuiquam
2757 2622 3046 2692 displicet,
3081 2618 3238 2686 velit,
3267 2617 3433 2686 nolit,
3462 2616 3669 2685 Grego-

2019 2715 2162 2782 rius,
2191 2715 2359 2784 cujus
2385 2713 2699 2769 auctoritas
2741 2713 2812 2768 ad
2855 2711 3038 2766 instar
3081 2707 3224 2763 solis
3255 2707 3316 2761 in
3342 2709 3459 2760 tota
3488 2701 3670 2773 fulget

2015 2805 2288 2875 Ecclesia,
2323 2803 2679 2872 respuendus
2705 2814 2816 2856 non
2845 2805 2948 2856 est.
2985 2799 3096 2854 INF.
3136 2797 3314 2866 Major
3341 2798 3427 2850 est
3466 2792 3669 2848 conci—

2021 2895 2229 2950 liorum
2262 2893 2577 2949 auctoritas
2609 2905 2779 2961 quam
2814 2891 2992 2946 unius
3019 2901 3175 2958 papae
3203 2883 3494 2955 Gregorii.
3515 2883 3666 2936 Der.

2018 2987 2310 3054 Nusquam
2370 2982 2583 3052 legitur
2639 2980 2787 3050 quod
2857 2978 3139 3033 catholica
3197 2972 3551 3030 consecratio
3610 2971 3669 3026 in

2018 3073 2212 3128 eodem
2235 3071 2437 3126 ordine
2469 3071 2676 3124 iterum
2707 3067 2832 3122 dari
2865 3067 3061 3135 possit.
3096 3066 3372 3119 Caeterum
3404 3062 3569 3130 longe
3591 3059 3675 3114 in-

253 3148 362 3216 θίδν
399 3146 613 3216 Pariter
640 3145 976 3216 ³Ρ⁰⁸ί⁰¹ίθί³
1021 3143 1386 3211 ίθδίίῐηοηίίδς
1437 3141 1745 3230 τοδοτδνξί·
1797 3142 1908 3230 Nec
1936 3126 1984 3187 Ο
2017 3158 2484 3230 comparabiliter
2532 3156 2738 3211 melius
2786 3126 2986 3209 beatus
3027 3151 3339 3222 Gregorius
3385 3126 3674 3203 concilio-

256 3235 661 3293 sanctissimus
717 3247 860 3304 papa
914 3233 1228 3304 Gregorius
1265 3237 1352 3288 est
1391 3229 1904 3300 parvipendendus,

257 3324 360 3396 qui
389 3324 625 3393 scripsit
647 3326 710 3378 ut
725 3323 878 3378 sicut
904 3321 1222 3391 baptismus
1248 3319 1443 3375 iterari
1468 3331 1580 3374 non
1609 3317 1796 3387 debet,
1830 3316 1911 3370 ita

257 3427 360 3470 nec
391 3412 742 3468 consecratio
768 3410 966 3466 iterari
993 3409 1190 3465 valeat.
1234 3409 1589 3478 Quapropter
1613 3406 1663 3462 si
1706 3405 1906 3460 horum

256 3504 492 3558 Patrum
521 3505 733 3556 statuta
770 3499 1119 3556 observanda
1154 3512 1265 3554 non
1313 3503 1468 3568 sunt,
1524 3495 1622 3552 ubi
1663 3498 1750 3550 est
1777 3505 1911 3564 ergo

259 3592 411 3662 quod
461 3590 740 3660 scriptum
778 3593 885 3659 est,
947 3609 974 3642 α
1023 3590 1102 3644 Ne
1147 3585 1590 3659 transgrediaris
1637 3583 1914 3640 terminos

259 3681 554 3751 antiquos,
616 3693 761 3750 quos
823 3683 1138 3749 posuerunt
1189 3683 1378 3747 patres
1434 3676 1586 3731 tui?
1635 3674 1909 3743 (Proverb.

258 3771 434 3840 χχιι.)
455 3789 482 3820 ››
509 3771 576 3825 Ει
599 3769 911 3838 apostolus,
945 3789 970 3819 ‹‹
991 3767 1146 3824 Licet
1167 3780 1288 3838 nos,
1311 3770 1414 3823 aut
1428 3764 1756 3836 angelusfde
1771 3764 1915 3821 caelo

258 3860 421 3916 aliud
444 3859 610 3915 vobis
633 3858 1123 3929 evangelizaverit,
1151 3870 1317 3927 quam
1340 3856 1490 3927 quod
1513 3855 1917 3927 evangelizavi-

261 3962 410 4017 mus,
444 3947 746 4003 anathema
771 3947 893 4003 sit?
925 3965 950 3995 ››
996 3945 1200 4015 (Galat.
1237 3946 1304 4014 ι.)
1328 3947 1440 4000 Inr.
1473 3944 1633 4013 Quod
1661 3944 1916 4013 ejusdem

260 4036 540 4106 neophyti
575 4035 863 4092 ordinatio
892 4040 1091 4091 contra
1129 4038 1342 4088 statuta
1385 4034 1614 4088 Patrum
1658 4033 1918 4103 deposita

261 4127 361 4195 sit,
392 4127 451 4181 in
487 4125 806 4182 Pontiﬁcali
837 4124 986 4180 libro
1015 4135 1344 4193 expressum
1385 4121 1625 4177 minime
1655 4121 1913 4177 habetur.

260 4214 423 4283 Quod
455 4220 646 4270 autem
698 4226 840 4284 papa
888 4212 1209 4282 Stephanus
1235 4210 1567 4266 Formosum
1622 4217 1753 4279 post
1795 4211 1922 4279 ejus

261 4303 486 4360 obitum
520 4303 870 4373 deposuerit,
920 4308 975 4357 et
1017 4300 1166 4370 quod
1216 4299 1498 4354 neminem
1549 4313 1618 4354 ex
1659 4298 1752 4354 his
1776 4313 1922 4370 quos

265 4393 417 4449 idem
445 4393 748 4448 Formosus
777 4390 1140 4446 ordinaverat
1159 4401 1349 4444 secum
1370 4388 1428 4442 in
1449 4387 1700 4444 Ecclesia
1721 4388 1917 4444 vestiri

2021 3263 2146 3305 rum
2166 3248 2310 3304 scita
2341 3246 2733 3303 considerasse
2751 3247 2921 3313 atque
2941 3239 3293 3296 intellexisse
3307 3235 3674 3307 dignoscitur

2021 3352 2190 3408 quam
2219 3337 2478 3392 homines
2518 3333 2699 3390 nostri
2743 3330 3037 3401 temporis,
3082 3328 3324 3397 ideoque
3371 3324 3459 3380 illi
3508 3335 3673 3378 nemo

2022 3425 2404 3498 praeferendus
2428 3429 2530 3480 est.

2090 3535 2216 3588 CAP.
2245 3533 2331 3586 VI.
2355 3561 2427 3571 -—
2443 3529 2595 3596 Quod
2623 3527 2863 3596 ejusdem
2882 3520 3450 3596 prmaricationissif
3474 3519 3674 3596 ite-retu

2093 3589 2478 3671 consecratio,"
2490 3589 2660 3667 cujus.
2706 3589 3178 3671 pravdricqtionis
3238 3593 3368 3644 sunt
3415 3589 3671 3649 haeretici,

2095 3679 2191 3745 qui
2216 3666 2502 3730 catholicos
2527 3666 2866 3740 rebaptizare
2894 3666 3117 3721 audent.

2096 3783 2207 3837 INF.
2261 3782 2522 3836 Iteratam
2574 3777 2634 3833 in
2682 3776 2875 3831 eodem
2929 3771 3110 3845 gradu
3165 3765 3673 3833 consecrationem,

2025 3871 2192 3940 cujus
2211 3865 2698 3940 pravaricationis
2721 3877 2843 3919 esse
2871 3865 3036 3932 putas
3054 3859 3082 3913 ?
3097 3860 3231 3913 Der.
3248 3859 3370 3912 Non
3399 3852 3672 3925 putative,

2027 3960 2123 4015 sed
2154 3957 2432 4013 veraciter
2459 3955 2600 4023 scio,
2626 3953 2776 4024 quod
2802 3949 3055 4021 ejusdem
3081 3941 3573 4017 praevaricationis
3603 3945 3681 3995 sit
3711 3957 3714 3960 ί

2029 4047 2232 4102 iterata
2249 4043 2623 4111 consecratio,
2647 4041 2814 4110 cujus
2838 4033 3328 4108 praevaricationis
3344 4035 3480 4088 sunt
3512 4030 3688 4085 haere-

2031 4135 2132 4191 tici
2178 4145 2373 4190 omnes
2403 4131 2502 4201 qui
2548 4128 2864 4185 catholicos
2905 4124 3257 4194 rebaptizare
3304 4121 3537 4178 audent.
3593 4117 3681 4172 An

2032 4230 2216 4280 mente
2242 4220 2458 4278 excidit
2509 4219 2645 4289 quia
2693 4217 2847 4272 sicut
2891 4214 3061 4270 semel
3102 4212 3426 4282 baptizatus
3469 4210 3679 4264 iterum

2031 4311 2309 4384 baptizari
2356 4323 2465 4367 non
2504 4306 2689 4377 debet,
2729 4305 2808 4360 ita
2851 4307 2906 4358 et
2953 4302 3054 4373 qui
3099 4301 3268 4357 semel
3316 4300 3682 4355 consecratus

2031 4407 2116 4459 est
2147 4403 2205 4458 in
2235 4400 2430 4457 eodem
2460 4398 2663 4454 ordine
2689 4395 2806 4464 jam
2837 4389 3159 4447 consecrari
3197 4401 3308 4444 non
3349 4385 3535 4442 valet?
3564 4385 3675 4437 Inr.

266 4482 612 4552 permiserit,
647 4479 886 4550 plurimi
914 4478 1190 4534 recolunt.
1219 4479 1352 4532 Der.
1383 4478 1446 4532 In
1471 4477 1665 4532 eodem
1693 4478 1911 4533 Pontiﬁ-

2034 4495 2186 4548 Itane
2241 4487 2555 4545 levioribus
2583 4483 2816 4541 offensis
2866 4479 3055 4536 oritur
3090 4474 3373 4531 haresis‘?
3413 4475 3542 4527 Dzr.
3588 4471 3684 4525 Pa-

265 4571 376 4628 cali
412 4571 563 4626 libro
589 4569 868 4639 scriptum
901 4567 1161 4628 habetur,
1197 4567 1347 4636 quod
1389 4565 1660 4622 Liberius
1695 4566 1922 4622 Arianae

268 4660 470 4715 haeresi
490 4657 917 4728 subscripserit,
943 4657 1037 4712 sed
1066 4669 1176 4712 non
1201 4655 1282 4711 ibi
1313 4655 1573 4712 additum
1596 4656 1746 4726 quod
1781 4656 1924 4712 male

269 4749 488 4805 fecerit.
523 4750 633 4804 Nec
648 4749 718 4804 de
737 4747 954 4818 Vigilio
978 4745 1239 4802 additum
1269 4753 1355 4801 est
1376 4747 1526 4817 quod
1555 4746 1699 4802 male
1720 4746 1920 4818 egerit,

267 4841 326 4896 in
357 4852 426 4895 eo
463 4839 610 4908 quod
659 4837 966 4893 Silverium
999 4836 1322 4905 pontiﬁcem
1357 4848 1525 4890 suum
1560 4834 1620 4888 in
1652 4835 1924 4892 exsilium

263 4927 599 4996 destinavit,
627 4930 682 4981 et
724 4939 784 4981 se
813 4923 1190 4994 apostolicum
1234 4923 1512 4978 instituit.
1555 4922 1659 4978 Sed
1691 4936 1788 4978 eos
1817 4923 1927 4978 ad—

264 5031 472 5073 versus
499 5015 802 5071 interdicta
822 5014 1249 5084 Scripturarum
1271 5012 1456 5085 egisse
1478 5025 1640 5068 nemo
1659 5012 1921 5082 ambigit.

265 5109 400 5164 Ideo
423 5111 484 5163 et
505 5107 575 5162 de
599 5107 962 5161 ordinatione
993 5101 1212 5174 praefati
1243 5102 1628 5170 Constantini,
1655 5103 1804 5173 quod
1838 5116 1930 5157 ne-

267 5199 468 5268 quiter
491 5196 750 5266 deposita
780 5195 959 5251 fuerit
986 5193 1368 5250 sentiendum.
1399 5194 1571 5248 Porro
1603 5193 1752 5262 quod
1786 5190 1930 5246 For—-

270 5299 497 5342 mosum
544 5291 671 5355 post
713 5291 948 5340 mortem
986 5282 1334 5353 deposuerit,
1373 5281 1520 5336 nihil
1573 5279 1926 5336 ordinationi

269 5390 442 5448 quam
475 5373 612 5430 fecit
645 5373 1008 5444 praejudicari
1049 5378 1251 5442 potest,
1287 5371 1370 5427 uti
1401 5371 1516 5439 jam
1539 5369 1809 5438 superius
1835 5381 1931 5424 se—

271 5465 470 5520 riatim
497 5463 848 5519 inculcatum
879 5467 982 5518 est.
1019 5463 1126 5517 Eos
1153 5471 1394 5528 namque
1435 5470 1578 5527 quos
1610 5457 1931 5526 Stephanus

273 5567 468 5610 secum
488 5552 545 5608 in
571 5551 824 5607 Ecclesia
845 5550 1044 5606 vestiri
1069 5547 1386 5620 prohibuit,
1416 5559 1557 5615 papa
1578 5545 1929 5616 Theodorus,

273 5642 376 5713 qui
405 5641 610 5712 utique
630 5641 701 5697 de
725 5639 980 5696 Formosi
1007 5637 1369 5695 ordinatione
1393 5648 1505 5691 non
1537 5632 1669 5706 fuit,
1692 5638 1749 5690 et
1769 5633 1935 5690 vesti-

2033 4592 2234 4636 rumne
2278 4577 2385 4631 tibi
2435 4576 2682 4639 videtur,
2741 4570 2972 4626 irritum
3022 4565 3204 4621 facere
3256 4567 3682 4619 sacrosanctum

2035 4666 2421 4725 ministerium
2461 4677 2560 4733 per
2584 4662 2734 4733 quod
2769 4659 2979 4716 divinae
3005 4653 3310 4737 Trinitatis
3339 4652 3480 4708 fides
3509 4649 3687 4720 perci-

2036 4759 2194 4830 pitur
2227 4760 2283 4810 et
2323 4753 2650 4809 Christiana
2683 4749 2889 4821 religio
2934 4744 3326 4802 indesinenter
3355 4740 3603 4830 colitur,
3630 4745 3688 4795 et

2035 4846 2199 4920 quasi
2234 4845 2338 4901 hoc
2370 4855 2482 4898 non
2523 4838 2788 4902 sufﬁciat,
2823 4839 3082 4893 iteratam
3117 4846 3321 4889 manus
3352 4829 3688 4902 impositio-

2036 4949 2162 4992 nem
2193 4929 2616 5002 superadjicere
2641 4941 2752 4982 non
2781 4921 3233 4995 pertimescitis?

2104 5041 2227 5097 CAP.
2265 5040 2376 5094 VII.
2403 5067 2475 5076 —
2503 5034 2658 5101 Quod
2676 5035 2854 5087 minor
2877 5031 3058 5102 culpa,
3085 5045 3251 5098 quam
3275 5031 3474 5084 iterata
3499 5040 3690 5102 conse—

2105 5113 2297 5173 cratio,
2373 5100 2530 5175 inf-rd
2599 5107 2867 5160 haereseon
2932 5100 3302 5157 denotationes
3378 5100 3690 5154 inveniatur

2111 5184 2368 5237 admista.

2113 5277 2224 5329 INF.
2269 5268 2612 5327 Incredibile
2653 5265 2797 5322 mihi
2833 5264 3060 5321 videtur
3111 5270 3176 5320 ut
3201 5275 3422 5319 errores
3447 5258 3544 5328 qui
3578 5268 3688 5310 non

2041 5373 2454 5434 usquequaque
2482 5357 2638 5414 noxii
2654 5363 2790 5413 sunt
2813 5355 2963 5411 inter
2980 5353 3277 5410 haereticas
3297 5345 3690 5434 denotationes

2042 5431 2406 5509 annumerari
2456 5452 2683 5519 queant.
2740 5447 2872 5500 Der.
2926 5446 3168 5501 Sanctus
3219 5435 3579 5509 Augustinus
3631 5431 3691 5486 in

2045 5541 2194 5598 libro
2244 5540 2315 5596 de
2361 5536 2685 5593 Haeresibus
2740 5535 2820 5590 ita
2872 5532 3289 5588 commemorat.
3359 5519 3690 5577 Coluthiani

2050 5629 2326 5699 haeretici,
2358 5641 2391 5683 a
2413 5627 2657 5699 quodam
2688 5622 2932 5680 Colutho
2967 5617 3110 5674 dicti
3143 5618 3298 5685 sunt,
3328 5610 3427 5684 qui
3466 5609 3696 5668 dicebat
