4068 6178
345 289 482 349 4083

1123 289 1436 345 ΑΡΡΕΝΒ..
1479 287 1574 346 AD
1609 289 1770 346 ΒΕΘ.
1813 291 1908 346 IX.
1945 320 2020 332 -—
2054 289 2410 349 AUCTORES
2446 293 2618 350 ANNI
2659 291 2950 349 INCERTI.

3610 287 3755 346 4084

341 421 516 476 Deum
558 434 669 476 non
700 420 882 477 facere
916 421 1083 490 mala,
1114 425 1313 476 contra
1345 419 1489 476 illud
1521 419 1670 490 quod
1703 417 1983 487 scriptum
2017 405 2077 478 Λ
2100 388 2834 490 Caeterumautemjustitia!
2864 417 3617 490 praevaricatoresimitandi
3639 430 3754 473 non

342 515 446 582 est,
495 512 610 580 Ego
639 525 764 566 sum
795 513 946 567 Deus
988 524 1187 566 creans
1214 510 1360 566 mala
1406 510 1518 579 (Isa
1548 507 1700 578 xcv).
1734 506 1986 564 Floriani

345 613 572 670 quoque
618 613 650 654 a
683 600 931 670 Florino,
978 601 1078 670 qui
1127 613 1160 654 a
1207 599 1498 655 contrario
1548 597 1775 653 dicebat
1811 597 1989 652 Deum

344 703 568 744 creasse
599 690 767 760 mala,
795 694 994 746 contra
1021 690 1077 746 id
1097 689 1247 760 quod
1269 688 1488 744 dictum
1521 692 1628 756 est,
1661 687 1816 742 Fecit
1839 687 1990 741 Deus

345 778 558 845 omnia,
602 783 658 834 et
709 792 837 834 ecce
883 778 1028 834 bona
1085 777 1248 834 valde
1299 776 1454 845 (Gen.
1501 778 1562 847 ι).
1619 774 1698 831 Ac
1739 788 1835 845 per
1884 774 1989 830 hoc

309 867 606 937 quamvis
651 869 940 924 contraria
989 869 1139 923 inter
1176 880 1236 922 se
1281 867 1554 935 dicentes,
1608 870 1792 921 tamen
1823 862 1989 918 ambo

341 957 562 1028 divinis
592 957 843 1028 eloquiis
875 956 1235 1012 resistebant.
1267 956 1432 1010 Creat
1461 955 1614 1010 enim
1639 955 1791 1010 Deus
1819 951 1986 1021 mala,

345 1019 934 1116 pwnas’justissimas
983 1045 1310 1116 irrogando,
1364 1045 1512 1115 quod
1553 1042 1835 1099 Coluthus
1879 1019 1991 1096 non

344 1135 588 1205 videbat,
634 1148 743 1190 non
792 1139 981 1190 autem
1027 1133 1204 1188 malas
1254 1132 1498 1188 creando
1549 1135 1785 1188 naturas
1821 1134 1994 1201 atque

344 1223 716 1293 substantias,
771 1224 828 1278 in
875 1228 1152 1294 quantum
1201 1227 1339 1277 sunt
1385 1225 1604 1277 natura:
1630 1225 1802 1292 atque
1849 1217 1995 1275 sub—

2100 512 2252 577 sunt,
2270 509 2434 578 juxta
2453 511 2601 579 quod
2625 509 2970 566 Mathathias
2984 509 3162 565 dicit:
3195 528 3222 559 α
3243 510 3310 564 Et
3339 508 3389 563 si
3411 520 3612 563 omnes
3626 520 3761 562 con-

2101 596 2359 652 sentiunt
2380 599 2499 669 regi
2521 598 2822 671 Antiocho,
2852 614 2954 671 ego
2978 605 3034 655 et
3062 600 3268 655 domus
3295 598 3478 669 patris
3503 597 3615 651 mei
3640 608 3754 652 non

2099 686 2522 743 consentiemus
2555 688 2609 756 (Ι
2631 689 2806 744 Much.
2833 689 2918 758 ll).
2949 706 2976 738 n
3014 689 3118 743 Per
3153 687 3490 758 Prophetam
3524 697 3758 757 quoque

2096 771 2351 831 dicitur:
2404 797 2430 828 cr
2463 777 2591 833 Noli
2623 778 2879 834 aemulari
2930 778 3082 834 inter
3129 776 3528 848 malignantes,
3565 787 3758 846 neque

2097 864 2400 921 aemulatus
2419 865 2602 922 fueris
2628 866 2899 924 facientes
2925 867 3265 938 inquitatem
3284 867 3452 934 (Psal.
3474 867 3701 934 xxxvn).
3723 882 3753 912 ι

2098 953 2368 1024 Tempore
2413 955 2596 1027 igitur
2635 957 2989 1013 sanctissimi
3031 956 3218 1012 Patris
3251 955 3576 1025 Athanasii,
3613 966 3760 1023 pene

2103 1042 2410 1099 universus
2440 1043 2600 1100 orbis
2621 1046 2691 1101 ad
2721 1046 2991 1102 Arianam
3020 1044 3281 1101 haeresim
3311 1057 3372 1100 se
3395 1042 3664 1113 contulit,
3699 1047 3762 1097 et

2101 1134 2289 1186 tamen
2342 1134 2678 1203 paucissimi
2738 1135 2797 1190 in
2849 1134 3134 1191 catholica
3177 1134 3288 1191 ﬁde
3331 1138 3762 1204 perseveranta

2101 1219 2359 1277 victoria;
2389 1222 2632 1292 palmam
2661 1226 2952 1280 consecuti
2989 1227 3143 1282 sunt.
3629 1230 3632 1232 ’

344 1313 589 1382 stantiae,
620 1313 704 1369 uti
742 1313 1012 1370 Florinus
1037 1311 1288 1368 errabat.

412 1421 540 1477 CAP.
574 1424 710 1478 VIII.
733 1453 806 1462 —
827 1421 1109 1476 Adversus
1129 1437 1215 1476 eos
1247 1421 1344 1490 qui
1369 1435 1425 1474 se
1445 1424 1705 1474 excusant
1728 1419 1988 1473 dicentes:

520 1495 689 1549 Inviti
726 1494 901 1548 denuo
952 1496 1012 1547 in
1037 1494 1254 1562 idpsum
1286 1493 1581 1546 consecrati
1608 1506 1812 1546 sumus.

417 1586 526 1639 INF.
582 1585 640 1638 Si
672 1597 832 1653 aequa
876 1583 1033 1638 lance
1065 1587 1332 1651 pensetur
1379 1595 1553 1636 sacra:
1607 1579 1995 1635 ordinationis
2175 1580 2285 1634 lsr.
2335 1581 2455 1650 Qua
2504 1581 2728 1638 ratione
2771 1580 2937 1637 fateri
2969 1595 3146 1638 ausus
3173 1596 3234 1638 es
3265 1587 3328 1636 ut
3362 1579 3460 1652 qui
3495 1578 3669 1637 semel
3707 1587 3774 1635 et

348 1673 596 1742 iteratio,
629 1685 738 1728 non
769 1671 936 1736 mihi,
964 1672 1058 1727 sed
1094 1671 1182 1726 illi
1206 1670 1606 1726 ascribendum
1639 1675 1745 1737 est,
1777 1669 1878 1739 qui
1907 1681 1994 1724 me
2107 1665 2313 1724 iterum
2361 1670 2419 1724 in
2461 1672 2654 1727 eodem
2705 1677 3071 1728 consecratus
3101 1671 3279 1728 fuerit
3322 1685 3355 1726 a
3379 1685 3538 1726 sacro
3570 1668 3773 1725 mini—

348 1763 586 1834 primam
617 1775 819 1832 negare
847 1767 902 1816 et
945 1761 1252 1816 secundam
1282 1759 1766 1815 consecrationem
1797 1757 1994 1814 susci-
2025 1750 2075 1810 B
2103 1757 2279 1813 sterio
2299 1759 2378 1813 sit
2414 1759 2846 1816 excludendus?
2869 1762 2999 1815 Dsr.
3034 1763 3156 1818 Non
3179 1775 3211 1816 a
3249 1760 3598 1830 memetipso,
3633 1758 3772 1830 sed,

347 1867 476 1923 pere
499 1851 794 1920 compulit.
820 1852 950 1904 Der.
971 1850 1268 1904 ODomine
1287 1849 1682 1912 universorum
1703 1848 1989 1918 Magister,
2106 1850 2169 1900 ut
2199 1861 2372 1916 supra
2404 1848 2644 1902 relatum
2691 1854 2796 1917 est,
2829 1862 2860 1903 a
2907 1849 3069 1905 beato
3111 1850 3410 1920 Gregorio,
3443 1861 3657 1903 necnon
3710 1850 3777 1901 et

345 1943 484 2014 quid
527 1955 592 1997 ac
627 1941 733 1996 hoc
758 1939 910 1995 dicis
938 1939 966 1993 ?
996 1959 1022 1991 ι(
1062 1939 1247 1994 Sinite
1286 1938 1438 2007 illos,
1467 1938 1599 1993 (εωοί
1633 1942 1788 2007 sunt,
1819 1938 1995 1992 duces
2104 1937 2493 2004 apostolorum
2524 1937 2863 2008 canonibus,
2899 1939 3010 1994 tale
3049 1939 3188 2010 quid
3218 1939 3494 1994 audenter
3511 1937 3773 2006 protuli.

343 2043 639 2086 caicorum.
694 2029 753 2083 Si
793 2041 976 2083 caecus
1017 2041 1164 2082 caeco
1196 2028 1468 2082 ducatum
1521 2030 1766 2096 praestet,
1810 2039 1995 2082 nonne
2105 2025 2772 2096 INF.Ergonequidenuo
2790 2026 3115 2098 baptizatus
3135 2018 3780 2085 fueritChristianitate

343 2119 508 2176 ambo
540 2119 598 2174 in
648 2117 862 2174 foveam
899 2116 1158 2172 cadunt?
1192 2135 1217 2166 ››
1245 2116 1463 2186 (Matth.
1498 2118 1620 2186 xv.)
1650 2117 1797 2187 Ergo
1831 2116 1995 2185 juxta

347 2210 490 2265 hanc
514 2207 742 2264 Domini
776 2207 1136 2276 sententiam,
1181 2207 1250 2262 ad
1285 2206 1428 2261 male
1458 2204 1782 2261 faciendum
1809 2210 1866 2260 et
1895 2206 1993 2275 qui

343 2299 506 2358 ducit
539 2303 596 2354 et
636 2299 736 2370 qui
771 2298 1036 2369 sequitur
1074 2297 1206 2352 caeci
1235 2302 1390 2364 sunt,
1423 2301 1480 2350 et
1520 2295 1722 2351 merito
1758 2300 1998 2366 uterque

347 2389 405 2444 in
436 2387 650 2445 foveam
693 2387 1083 2444 damnationis
1136 2387 1367 2442 cadunt.
1401 2386 1483 2440 Tu
1522 2390 1712 2441 autem
1744 2399 1841 2440 vas
1875 2385 2001 2440 ele-

343 2478 575 2549 ctionis,
606 2493 704 2548 per
720 2491 884 2547 quem
901 2475 1166 2532 Christus
1193 2475 1471 2545 loquitur,
1497 2475 1635 2545 quid
1659 2475 1811 2530 dicis
1827 2473 1856 2528 ?
1876 2476 1998 2531 Non

343 2569 516 2622 solum
561 2569 658 2636 qui
687 2579 855 2634 prava
885 2567 1119 2632 faciunt,
1169 2565 1264 2619 sed
1301 2568 1354 2619 et
1391 2565 1487 2632 qui
1525 2565 1866 2617 consentiunt
1896 2565 2000 2630 fa—

344 2655 627 2716 cientibus,
657 2654 813 2719 digni
839 2651 1176 2708 ‘eﬂiciuntur
1222 2657 1389 2706 morte
1425 2657 1693 2720 perpetua
1723 2650 1892 2720 (Rom.
1930 2651 1992 2716 ι).

345 2748 454 2801 ιΝπ.
499 2743 645 2812 Quid
687 2756 821 2812 ergo
860 2742 1134 2797 adversus
1175 2755 1273 2797 eos
1315 2741 1594 2812 agendum
1641 2747 1746 2803 est.
1779 2740 1997 2810 quibus

345 2833 611 2889 resistere
647 2830 883 2886 minime
924 2829 1277 2900 possumus?
1332 2831 1462 2883 DEF.
1512 2828 1658 2884 Illud
1709 2829 1859 2898 quod
1911 2828 1996 2884 ait

2103 1326 2231 1382 CAP.
2259 1328 2332 1382 X.
2363 1359 2436 1370 —
2479 1331 2546 1385 Ut
2579 1333 2677 1401 qui
2721 1331 2882 1386 semel
2926 1335 2978 1386 et
3013 1333 3209 1385 iterum
3245 1332 3304 1384 in
3346 1330 3526 1385 eodem
3571 1328 3764 1396 gradu

2175 1406 2516 1526 gonsiecratus
2593 1407 2672 1457 est
2744 1420 2781 1457 α
2846 1417 3000 1458 sacro
3044 1403 3346 1457 ministerio
3408 1403 3482 1456 sit
3555 1401 3769 1456 exclu-

2207 1487 2280 1526 -en
2323 1489 2406 1528 us.

2109 2116 2404 2186 pellendus
2425 2115 2557 2171 est?
2580 2118 2712 2171 Der.
2746 2118 3136 2188 Nequaquam,
3165 2119 3260 2174 sed
3284 2119 3441 2175 aliud
3471 2125 3553 2175 est
3575 2118 3786 2188 bapti-

2107 2210 2288 2275 zatus,
2319 2205 2481 2260 aliud
2512 2211 2898 2261 consecratus.
2931 2207 3134 2262 Omnis
3158 2209 3312 2262 enim
3345 2209 3442 2279 qui
3470 2220 3782 2263 consecra-

2107 2301 2202 2350 tus
2218 2300 2306 2350 est
2329 2294 2676 2364 baptismum
2697 2296 2836 2351 dare
2861 2301 3064 2366 potest,
3091 2310 3200 2352 non
3223 2303 3408 2352 tamen
3440 2298 3632 2354 omnis
3654 2297 3777 2368 qui

2106 2385 2432 2454 baptizatur
2479 2386 2967 2441 consecrationem
2999 2387 3084 2442 vel
3125 2386 3240 2441 sibi
3270 2387 3474 2442 habere
3496 2387 3581 2443 vel
3621 2387 3786 2443 aliis

2105 2475 2242 2529 dare
2279 2477 2480 2542 potest.
2515 2473 2658 2528 Hinc
2697 2479 2784 2529 est
2823 2476 2973 2545 quod
3005 2475 3277 2545 baptizati
3311 2475 3541 2548 bigami,
3573 2477 3624 2532 si
3654 2490 3789 2531 ne-

2106 2563 2344 2618 cessitas
2379 2563 2680 2632 incumbit,
2726 2563 3016 2633 baptizare
3065 2570 3326 2635 possunt,
3371 2579 3595 2622 sacrum
3627 2580 3785 2622 vero

2103 2651 2360 2707 ordinem
2388 2651 2664 2707 canonice
2683 2652 2942 2722 accipere
2973 2660 3280 2724 nequeunt.
3304 2654 3574 2710 Cernisne
3605 2656 3783 2726 quod

2105 2740 2425 2810 baptismus
2457 2741 2526 2796 ad
2555 2740 2720 2796 ﬁdem
2753 2743 3056 2812 pertineat,
3089 2744 3444 2801 consecratio
3468 2750 3658 2800 autem
3696 2747 3784 2802 ad

2105 2829 2493 2885 ministerium
2525 2844 2621 2898 per
2651 2831 2801 2901 quod
2832 2831 2956 2900 ipsa
2991 2833 3130 2888 fides
3153 2833 3469 2903 percipitur
3497 2838 3550 2889 et
3581 2834 3791 2889 Chri-

341 2923 628 2978 Salvator:
680 2919 924 2976 «Nolite
954 2920 1156 2974 timere
1180 2934 1277 2975 eos
1317 2919 1416 2990 qui
1449 2919 1722 2975 occidunt
1759 2931 1990 2988 corpus,
2105 2919 2290 2974 stiana
2329 2918 2534 2989 religio
2571 2919 2936 2975 celebratur?
2979 2923 3041 2976 Et
3084 2922 3302 2978 idcirco
3334 2913 3430 2994 qui
3471 2925 3785 2992 ejusmodi

343 3013 589 3067 animam
639 3015 828 3066 autem
871 3023 982 3065 non
1033 3014 1273 3078 possunt
1302 3008 1577 3064 occidere.
1636 3008 1736 3062 Sed
1801 3008 1995 3076 potius
2044 3079 2073 3080 ﬂ
2105 3008 2473 3080 sacrilegium
2497 3009 3005 3077 incurrit,asacro
3029 3011 3456 3067 ministerioest
3474 3025 3793 3069 removen-

342 3115 473 3157 eum
502 3101 697 3156 timete
743 3099 840 3170 qui
873 3103 1056 3168 potest
1083 3104 1140 3153 et
1167 3098 1415 3153 animam
1448 3102 1504 3152 et
1533 3110 1742 3166 corpus
1764 3098 1996 3166 perdere
2028 3079 2077 3140 (ἶ
2106 3099 2233 3154 dus.
2279 3079 2435 3154 Adde
2464 3099 2635 3153 etiam
2679 3099 2831 3168 quod
2871 3098 3088 3169 absque
3117 3099 3420 3170 baptismo,
3468 3102 3668 3157 nullus
3712 3103 3790 3159 in

345 3191 403 3247 in
435 3191 748 3261 gehennam
780 3189 1000 3258 (Matth.
1032 3188 1114 3258 x).
1151 3205 1176 3236 »
2107 3201 2341 3259 regnum
2362 3188 2632 3243 caelorum
2662 3187 2878 3243 intrare
2912 3189 3126 3258 possit:
3159 3194 3214 3244 et
3245 3189 3373 3246 ideo
3393 3190 3483 3245 bis
3511 3190 3794 3261 baptiza-

411 3298 538 3352 CAP.
570 3297 666 3353 Ιχ,
709 3327 782 3337 _
804 3297 1086 3350 Adversus
1117 3310 1202 3348 eos
1250 3295 1347 3363 qui
1382 3294 1605 3347 dicunt:
1654 3295 1776 3351 Non
1803 3295 1996 3363 perdet
2104 3283 2224 3332 tum
2290 3292 2322 3332 a
2386 3276 2825 3332 Christianitate
2873 3279 3224 3348 sequestrari
3281 3279 3584 3336 nefarium.
3638 3283 3782 3336 INF.

675 3371 818 3423 Deus
862 3367 1268 3420 multitudinem
1301 3370 1662 3434 peccatorum.
2103 3367 2432 3422 Sacerdotes
2480 3366 2580 3436 qui
2625 3371 2878 3436 tempore
2923 3369 3340 3437 persecutionis
3388 3379 3784 3440 negaverunt=

412 3461 524 3514 INF.
548 3457 822 3528 Nunquid
851 3470 1048 3512 omnes
1073 3456 1173 3526 qui
1217 3455 1472 3511 Formosi
1506 3454 1993 3510 consecrationem
2104 3455 2230 3511 suis
2261 3455 2580 3510 honoribus
2604 3469 2714 3510 non
2760 3460 2898 3510 sunt
2925 3456 3252 3526 exspoliati.
3293 3458 3394 3512 Isti
3420 3472 3572 3528 ergo,
3617 3473 3792 3528 pro—

343 3548 492 3602 nihil
519 3561 641 3603 esse
678 3544 920 3616 professi
948 3549 1106 3614 sunt,
1138 3550 1193 3599 et
1237 3544 1296 3598 in
1327 3544 1521 3600 eodem
1552 3544 1754 3598 ordine
1785 3544 1990 3598 iterum
2106 3551 2227 3614 pter
2270 3544 2530 3598 iteratam
2586 3557 2786 3600 manus
2842 3544 3290 3616 impositionem,
3356 3560 3388 3601 a
3428 3548 3790 3605 sacerdotio

341 3636 656 3692 consecrati
706 3641 863 3704 sunt,
894 3635 962 3690 ad
1017 3634 1238 3688 inferna
1292 3631 1774 3702 praecipitantur?
1802 3633 1995 3700 Neque
2107 3633 2389 3703 quomodo
2417 3637 2554 3688 sunt
2591 3633 2978 3688 excludendi?
3005 3635 3136 3688 Der.
3174 3634 3358 3690 Aliter
3394 3641 3497 3702 est,
3526 3649 3659 3691 nam
3695 3639 3790 3693 de

341 3727 492 3781 enim
541 3727 692 3780 Deus
735 3728 950 3778 tantam
975 3722 1396 3791 episcoporum,
1428 3721 1885 3791 presbyterorum
1916 3725 1996 3774 at-
2105 3721 2498 3778 sacerdotibus
2529 3722 2630 3792 qui
2662 3729 2915 3790 tempore
2938 3725 3358 3792 persecutionis
3389 3732 3782 3796 negaverunt,

343 3828 452 3884 que
470 3813 771 3868 levitarum
790 3811 1221 3866 multitudinem
1247 3810 1480 3879 perdet?
1499 3813 1626 3864 Der.
1649 3809 1823 3878 Quasi
1846 3811 1995 3864 Deus
2103 3825 2216 3866 non
2250 3824 2418 3881 parva
2443 3811 2721 3866 distantia
2741 3817 2828 3866 est
2859 3811 3010 3866 inter
3034 3827 3131 3868 eos
3161 3813 3260 3883 qui
3293 3813 3506 3884 absque
3537 3815 3788 3883 pericu.

342 3903 409 3957 ad
462 3899 853 3970 quorumlibet
905 3899 1339 3954 multitudinem
1392 3898 1479 3954 vel
1526 3898 1994 3954 numerositatem
2106 3899 2180 3955 lis
2199 3907 2255 3955 et
2279 3913 2375 3956 eos
2405 3901 2504 3970 qui
2532 3900 2780 3956 violenta
2807 3902 3176 3970 oppressione
3203 3908 3561 3974 negaverunt.
3594 3904 3780 3972 Quod

342 3989 634 4060 respiciat,
666 3993 723 4042 et
747 4001 858 4044 non
891 3988 1084 4057 potius
1108 3987 1176 4042 ad
1204 4001 1302 4043 eos
1324 3988 1395 4042 de
1426 3986 1640 4057 quibus
1662 3987 1783 4056 ipse
1815 3986 1996 4057 loqui-

341 4086 468 4134 tur:
500 4079 594 4132 Ad
612 4094 768 4148 quem
783 4079 1070 4146 respiciam
1093 4079 1204 4131 nisi
1227 4079 1304 4132 ad
1321 4077 1594 4134 humilem
1625 4081 1682 4132 et
1711 4077 1996 4146 quietum,

2106 3990 2186 4044 ita
2220 3988 2316 4059 sit,
2351 3988 2515 4043 testis
2544 3993 2630 4044 est
2663 3989 2998 4058 Ancyranus
3037 4004 3218 4045 canon
3251 3991 3392 4058 (can.
3433 3988 3483 4060 i)
3509 3991 3726 4047 dicens
3762 4015 3778 4048 :

2104 4077 2421 4148 Presbyteri
2470 4077 2850 4148 immolantes,
2891 4083 2948 4133 et
2979 4078 3186 4134 iterum
3218 4078 3500 4134 luctamen
3530 4080 3786 4136 adeun-

341 4173 398 4223 et
421 4167 714 4222 timentem
744 4181 1012 4221 sermones
1042 4181 1183 4220 meos
1210 4166 1238 4220 ?
1260 4166 1390 4234 (Isa.
1419 4166 1599 4235 LXVI.)
1618 4166 1686 4220 Et
1718 4165 1777 4219 in
1809 4167 2000 4220 Evan—
2107 4173 2209 4234 tes,
2253 4168 2302 4222 si
2347 4179 2457 4222 non
2491 4180 2589 4235 per
2620 4166 2952 4223 illusionem
2984 4167 3262 4237 aliquam,
3291 4169 3385 4224 sed
3423 4183 3490 4223 ex
3515 4170 3785 4227 veritate

343 4256 493 4328 gelio
518 4275 531 4312 :
559 4257 758 4324 Nolite,
785 4255 997 4326 inquit,
1032 4257 1218 4310 timere
1255 4256 1496 4324 pusillus
1543 4270 1694 4321 grew,
1739 4257 1997 4322 quoniam
2105 4256 2380 4323 fecerunt,
2428 4268 2541 4323 nec
2577 4261 2706 4310 ante
2759 4262 3042 4326 parentes,
3076 4270 3178 4312 nec
3219 4256 3543 4312 ail‘ectantes
3583 4263 3784 4329 atque

340 4348 663 4418 complacuit
700 4348 856 4400 Patri
879 4350 1054 4400 vestro
1091 4345 1224 4398 dare
1249 4344 1398 4398 vobis
1429 4359 1655 4410 regnum
1683 4343 1834 4410 (Luc.
1865 4344 1990 4412 xu).
2105 4345 2428 4413 suadentes,
2469 4347 2533 4398 ut
2567 4344 2928 4400 aestimentur
2951 4345 3184 4415 quidem
3212 4346 3514 4402 tormentis
3541 4349 3777 4415 aptari,

339 4437 487 4507 Quid
509 4435 889 4507 plura?Quod
910 4436 1059 4490 Deus
1079 4432 1444 4489 multitudini
1471 4431 1990 4501 prmvaricatorum.
2025 4447 2079 4508 D
2107 4433 2202 4488 sed
2260 4433 2352 4487 his
2390 4433 2520 4486 visu
2545 4437 2732 4486 tamen
2777 4439 2834 4487 et
2866 4432 3066 4489 habitu
3108 4433 3341 4503 subjici,
3391 4433 3493 4489 hos
3536 4434 3782 4503 placuit

342 4527 458 4581 nisi
481 4523 1130 4595 poenitentiamegerint,
1153 4535 1262 4578 non
1283 4526 1494 4590 parcat,
1519 4520 1992 4589 audiapostolum
2107 4521 2375 4577 honorem
2435 4520 2665 4591 quidem
2711 4521 2958 4576 retinere
3000 4522 3245 4592 propriae
3311 4522 3483 4592 sedis,
3551 4522 3779 4580 offerre

342 4614 566 4668 Petrum
597 4615 877 4669 dicentem
904 4628 916 4665 :
954 4612 1016 4666 Si
1044 4613 1185 4664 enim
1225 4612 1368 4664 Deus
1398 4610 1607 4677 angelis
1639 4610 1992 4679 peccantibus
2103 4623 2232 4665 vero
2257 4617 2358 4666 aut
2386 4609 2604 4679 alloqui
2639 4610 2932 4679 populum.
2961 4615 3063 4666 aut
3109 4611 3345 4666 omnino
3375 4611 3779 4667 sacerdotali-

340 4717 450 4754 non
473 4703 734 4771 pepercit,
763 4702 857 4754 sed
880 4699 1204 4754 rudentibus
1229 4701 1439 4766 inferni
1463 4699 1750 4761 detractos,
1778 4701 1838 4752 in
1869 4704 1994 4752 tar—
2102 4697 2210 4753 bus
2241 4697 2400 4769 fungi
2435 4697 2662 4767 ofﬁciis,
2694 4711 2806 4753 non
2840 4699 3030 4753 licere.

342 4793 523 4843 tarum
566 4789 800 4842 tradidit
843 4787 1166 4842 cruciandos
1211 4790 1271 4842 in
1309 4789 1596 4857 judicium
1641 4790 1913 4842 reservari
1943 4793 1993 4843 et
2100 4807 2232 4859 [tam
2273 4821 2340 4858 ea;
2363 4806 2588 4860 εοηοίιίο
2632 4807 2872 4868 Niceno,
2915 4805 2980 4858 de
3026 4805 3112 4860 his
3151 4808 3250 4876 qui
3276 4809 3335 4861 in
3359 4809 3776 4876 persecutioni-

341 4878 600 4944 originali
625 4877 828 4931 mundo
862 4893 969 4931 non
993 4879 1254 4947 pepercit,
1293 4878 1389 4932 sed
1411 4883 1656 4932 octavum
1679 4879 1790 4933 Noe
1809 4879 1993 4946 justi—
2173 4878 2270 4930 bus
2309 4881 2662 4945 negaverunt,
2709 4882 2760 4930 et
2818 4877 3162 4946 postmodum
3213 4880 3273 4931 in
3332 4877 3470 4932 clero
3517 4883 3776 4948 promoti

342 4968 431 5021 tie
465 4982 767 5035 pmconem
808 4967 1117 5029 custodiuit,
1161 4968 1431 5022 diluvium
1459 4967 1661 5020 mundo
1698 4969 1990 5036 impiorum
2168 4953 2314 5002 δαπί-

340 5055 625 5117 inducens,
676 5056 977 5125 exemplum
1029 5071 1231 5118 eorum,
1277 5059 1374 5125 qui
1419 5057 1584 5124 impie
1622 5057 1801 5108 acturi
1837 5061 1985 5118 sunt,
2166 5056 2525 5126 Quicumque
2553 5056 2623 5111 de
2669 5055 2849 5124 lapsis
2879 5056 2946 5112 ad
2983 5055 3243 5112 ordinem
3277 5056 3474 5112 clerici
3504 5060 3765 5126 promoti

335 5143 649 5215 ponensﬂl
692 5144 834 5197 Petr.
866 5145 951 5213 Il).
994 5146 1151 5213 Item,
1183 5145 1231 5199 si
1265 5146 1413 5200 Deus
1451 5144 1519 5199 ad
1554 5143 1986 5198 multitudinem
2097 5150 2233 5200 sunt
2254 5158 2353 5213 per
2385 5144 2765 5215 ignorantiam
2794 5144 2880 5199 vel
2909 5158 3009 5215 per
3039 5145 3437 5201 ordinantium
3459 5146 3768 5202 dissimu-

345 5233 723 5305 malignorum
757 5232 1084 5300 respiceret,
1118 5238 1200 5288 tot
1234 5232 1418 5287 millia
1457 5232 1753 5286 hominum
1788 5231 1845 5285 in
1881 5232 1989 5286 de-
2098 5234 2386 5300 lationem,
2420 5234 2524 5288 hoc
2553 5232 2958 5289 ecclesiasticae
3000 5247 3111 5289 non
3142 5234 3480 5303 praejudicat
3519 5236 3764 5307 regulae,

345 5329 494 5379 serto
519 5324 655 5378 Sina
686 5335 796 5376 non
828 5317 1248 5390 prostravisset,
1301 5327 1472 5390 atque
1503 5320 1722 5375 utinam
1750 5334 1988 5389 corpore
2095 5322 2312 5394 cogniti
2336 5335 2580 5392 namque
2607 5322 2986 5390 deponantur.
3022 5322 3123 5378 His
3156 5323 3347 5394 itaque
3383 5323 3648 5395 digestis,
3680 5327 3764 5380 ad

345 5419 564 5469 tantum
597 5417 653 5468 et
688 5426 798 5468 non
829 5410 1054 5471 animal
1090 5410 1246 5465 Unde
1287 5409 1345 5464 in
1372 5409 1625 5478 Epistula
1653 5410 1810 5464 Juda:
1837 5410 1988 5482 legi—

345 5508 470 5558 tur:
527 5505 702 5563 Jesus,
729 5501 994 5572 pupulum
1027 5499 1196 5555 Israel
1225 5499 1290 5552 de
1320 5503 1468 5552 terra
1497 5500 1718 5568 Egypti
1740 5499 1981 5568 salvans,

345 5592 576 5646 secundo
629 5606 715 5647 eos
763 5593 860 5660 qui
888 5607 998 5644 non
1039 5589 1389 5643 crediderunt
1421 5587 1670 5657 perdidit
1697 5589 1876 5657 (Iuda
1903 5589 1982 5658 v).

2097 5410 2424 5466 memoriam
2468 5410 2616 5465 redit
2647 5411 2795 5480 quod
2835 5424 2976 5480 papa
3007 5412 3374 5467 Innocentius
3423 5413 3760 5474 Rusticum.

2096 5500 2195 5570 qui
2231 5500 2432 5554 iterata
2480 5499 2845 5556 ordinatione
2890 5499 3182 5570 presbyter
3221 5499 3456 5557 eﬁ‘ectus
3497 5508 3604 5572 est,
3639 5518 3764 5559 no—

2097 5588 2272 5644 luerit
2315 5588 2374 5642 in
2413 5588 2666 5645 Ecclesia
2711 5589 2968 5645 retineri.
2998 5589 3244 5659 Scripsit
3270 5590 3422 5645 enim
3456 5591 3758 5648 Marciano
