4068 6178
288 297 434 358 4085

1029 302 1292 360 AUXILII
1326 301 1417 358 DE
1453 297 1685 357 ORDIN.
1727 295 1776 356 Α
1813 296 2134 392 FORMQSO
2177 301 2280 356 PP.
2321 301 2552 359 FACTIS
2591 304 2769 360 LIBRI
2807 305 2962 362 DUO.

3562 307 3701 369 4086

283 427 560 498 episcopo
588 427 909 498 Naisitano,
942 430 1142 488 dicens
1169 425 1349 501 (epist.
1377 429 1503 501 21}:
1532 433 1594 488 In
1624 431 1935 488 Ravennati
1962 416 2022 480 A
2049 427 2266 487 fuerint
2302 433 2690 504 conjurantes,
2724 439 2827 490 aut
2863 437 3278 507 conspirantes,
3311 444 3410 496 aut
3450 439 3698 496 insidias

285 517 430 574 urbe
453 518 598 574 mihi
624 519 962 590 constituto,
991 526 1219 591 propter
1237 521 1476 578 Romani
1506 522 1704 593 populi
1738 536 1940 579 neces-

283 608 490 665 sitates
527 608 926 677 creberrimas,
967 611 1312 669 Germanius
1345 613 1444 684 qui
1477 627 1538 670 se
1564 614 1773 670 asserit
1803 627 1938 684 pre—

282 699 580 769 sbyterum
621 705 793 769 atque
830 701 1148 770 Lupentius
1188 704 1286 773 qui
1328 717 1388 760 se
1425 704 1728 760 diaconum
1769 704 1934 773 dicit,

283 791 602 846 multorum
647 790 854 846 talium
903 792 1070 862 quasi
1120 793 1401 864 legatione
1445 799 1726 865 suscepta,
1776 809 1938 865 prece

283 878 436 950 fusa,
468 879 696 936 dolores
729 881 994 952 proprios
1017 883 1336 953 exprimere
1367 885 1743 956 gestiverunt,
1775 899 1940 941 asse-

280 977 477 1026 rentes
513 983 573 1026 se
605 970 834 1040 quidem
869 971 1153 1027 Ecclesias
1184 972 1243 1027 in
1280 973 1615 1029 dilectionis
1655 979 1765 1030 tuae
1794 988 1940 1030 con—

279 1059 524 1115 stitutas
551 1058 844 1128 parochiis
866 1060 1131 1128 retinere,
1161 1063 1256 1118 sed
1289 1066 1444 1118 tuam
1476 1063 1936 1120 communionem

281 1164 398 1206 non
429 1149 685 1219 potuisse
712 1150 939 1216 mereri,
965 1164 1028 1206 ea
1060 1151 1327 1207 videlicet
1353 1152 1574 1208 ratione
1599 1167 1711 1224 qua
1732 1153 1940 1210 Rusti-

279 1240 417 1295 cius
441 1239 674 1309 quidam
708 1239 960 1308 nomine,
995 1239 1200 1295 iterata
1225 1240 1606 1310 ordinatione,
1643 1241 1942 1312 presbyte-

282 1328 438 1383 rium
473 1327 854 1397 :~uscepisset:
889 1333 946 1383 et
974 1342 1083 1383 non
1113 1328 1220 1384 levi
1254 1329 1658 1399 impedimento
1689 1331 1771 1400 ﬂt,
1799 1332 1935 1388 dum

280 1423 385 1474 aut
415 1416 505 1472 illi
529 1417 724 1473 dolent
749 1417 1079 1487 hujusmodi
1109 1418 1392 1474 hominem
1424 1420 1485 1475 in
1505 1420 1758 1476 Ecclesia
1789 1421 1939 1476 reti-

280 1507 432 1575 neri,
467 1512 566 1562 aut
600 1507 698 1562 ille
727 1506 814 1562 sic
846 1521 1077 1576 peccare
1114 1508 1318 1563 debere
1359 1509 1418 1564 in
1449 1509 1567 1565 alio
1595 1510 1932 1577 arbitretur,

279 1597 765 1666 quemadmodum
799 1595 858 1651 in
889 1609 949 1651 se
973 1597 1235 1667 agnoscit
1264 1611 1387 1653 esse
1414 1603 1722 1667 peccatum.
1753 1599 1936 1654 Simi-

277 1684 418 1744 liter
446 1691 636 1742 autem
657 1690 713 1741 et
745 1685 889 1741 illud
916 1686 1298 1754 recolendum,
1329 1687 1478 1758 quod
1503 1692 1521 1710 '
1543 1687 1935 1744 subhabeatur

2051 527 2321 591 ponentes
2350 524 2638 594 episcopis
2657 531 2757 580 aut
2781 525 3030 597 clericis,
3060 529 3270 598 gradus
3297 530 3564 599 proprius
3588 532 3700 588 ab—

2043 611 2305 680 jiciatur.
2337 614 2609 671 Cernisne
2640 629 2812 687 quam
2844 616 3082 673 sublimi
3123 620 3467 675 auctoritate
3495 621 3694 678 clerici

2048 701 2116 756 de
2161 703 2378 772 quibus
2419 718 2602 761 sermo
2655 710 2890 763 exortus
2938 711 3042 777 est,
3097 707 3246 762 inter
3293 709 3601 781 sacrilegos
3643 715 3699 767 et

2050 791 2194 846 male
2235 795 2565 863 conjuratos
2606 795 2726 851 sint
2766 795 3030 867 habendi,
3065 801 3122 852 et
3159 798 3434 854 canonico
3471 798 3697 868 judicio

2049 882 2390 952 reprobandi
2415 882 2443 936 ?

2046 990 2173 1045 CAP.
2221 992 2342 1046 XII.
2383 1021 2458 1032 —
2494 994 2561 1048 Ut
2602 994 2677 1048 ad
2713 995 2981 1061 synodum
3028 1009 3150 1063 quae
3185 997 3472 1056 mani/este
3511 998 3701 1049 contra

2118 1063 2436 1187 flat/tolicam
2491 1067 2872 1120 rectitudinem
2929 1067 3045 1134 agit
3109 1081 3219 1120 non
3272 1069 3346 1122 sit
3404 1082 3700 1122 occurren-

2161 1151 2265 1187 um.

2161 1151 2265 1189 um.

2118 1225 2230 1278 INF.
2255 1221 2636 1294 'Apostolicus
2668 1226 2923 1296 pontifex
2956 1227 3177 1283 vocavit
3209 1231 3262 1283 te
3290 1229 3358 1283 ad
3393 1229 3693 1299 synodum,

2049 1316 2109 1366 tu
2150 1326 2280 1368 vero
2317 1314 2635 1382 jussionem
2677 1317 2802 1385 ejus
2841 1321 3209 1372 contemnens
3246 1332 3546 1373 occurrere
3586 1331 3698 1374 no-

2047 1400 2232 1456 luisti.
2258 1404 2387 1456 DEF.
2408 1403 2465 1458 Si
2489 1404 2802 1475 aliquando
2817 1407 2885 1462 ad
2905 1419 3093 1461 vocem
3118 1406 3240 1476 lupi
3263 1409 3526 1463 cucurrit
3549 1408 3692 1478 ovis,

2045 1493 2101 1544 et
2129 1504 2232 1561 ego
2263 1493 2330 1547 ad
2371 1493 2647 1562 synodum
2691 1494 2848 1548 illam
2890 1508 3191 1551 occurrere
3228 1496 3421 1553 debui.
3470 1498 3573 1552 Hic
3611 1502 3696 1553 est

2045 1580 2195 1649 quod
2223 1580 2479 1637 Salvator
2499 1582 2617 1639 ait:
2652 1604 2678 1635 (ι
2711 1583 2853 1639 Oves
2877 1589 3158 1654 pastorem
3181 1591 3523 1657 sequuntur,
3558 1586 3696 1656 quia

2045 1669 2240 1725 sciunt
2269 1684 2458 1726 vocem
2489 1673 2614 1740 ejus
2643 1672 2931 1740 ;alienum
2961 1678 3172 1744 autem,
3207 1688 3317 1730 non
3351 1680 3693 1744 sequuntur,

279 1742 431 1845 papa
459 1775 794 1845 Gregorius,
826 1775 896 1830 ad
926 1775 1196 1830 Joannem
1227 1742 1562 1846 episcopum

2048 1757 2140 1813 sed
2175 1757 2406 1829 fugiunt
2427 1760 2496 1815 ab
2519 1774 2604 1831 eo,
2635 1762 2770 1831 quia
2797 1776 2907 1817 non
2941 1742 3223 1818 noverunt
3249 1742 3446 1818 vocem
3470 1742 3699 1819 alieno?

277 1864 551 1920 Ecclesiae
571 1863 850 1933 scribens,
877 1864 1023 1919 dicit
1049 1881 1060 1918 :
1083 1863 1229 1920 Illud
1255 1867 1403 1936 quod
1428 1866 1647 1933 dicitis,
1674 1871 1738 1922 ut
1761 1867 1811 1922 is
1832 1867 1934 1937 qui

277 1953 587 2010 ordinatus
611 1959 696 2009 est
723 1953 929 2024 iterum
953 1953 1271 2020 ordinetur,
1299 1954 1460 2010 valde
1482 1955 1796 2012 ridiculum
1827 1961 1932 2023 est,

277 2048 339 2098 et
367 2041 439 2097 ab
472 2041 691 2112 ingenii
723 2042 893 2098 vestri
935 2042 1394 2099 consideratione
1431 2049 1782 2113 extraneum,
1818 2044 1932 2100 nisi

279 2129 430 2186 forte
455 2131 604 2201 quod
638 2131 959 2201 exemplum
981 2133 1050 2187 ad
1081 2132 1331 2188 medium
1361 2133 1692 2202 deducitur,
1724 2135 1794 2190 de
1820 2148 1934 2205 quo

279 2227 340 2276 et
366 2220 465 2276 ille
498 2221 797 2290 judicatus
825 2227 930 2286 est,
965 2221 1066 2292 qui
1095 2221 1207 2278 tale
1243 2221 1465 2292 aliquid
1502 2221 1704 2278 fecisse
1731 2223 1934 2293 perhi—

279 2309 469 2364 betur.
522 2311 721 2365 Nonne
765 2309 926 2365 vides
968 2309 1118 2380 quod
1167 2309 1564 2379 hujuscemodi
1606 2317 1936 2383 transgres-

279 2413 461 2466 sores,
503 2404 559 2454 et
591 2399 707 2469 jam
747 2399 898 2470 apud
937 2399 1255 2456 anteriores
1299 2401 1492 2457 Patres
1529 2402 1646 2471 jam
1683 2402 1930 2471 judicati

277 2487 404 2543 sint
426 2487 455 2541 ?

277 2595 410 2650 CAP.
447 2595 544 2650 ΧΙ.
585 2625 660 2668 -έ
693 2597 760 2650 Ut
777 2596 1157 2664 juramentum
1191 2601 1338 2668 quod
1374 2600 1450 2654 ad
1475 2601 1649 2654 scelus
1684 2603 1935 2657 commit-

497 2667 718 2721 tendum
751 2670 1005 2738 pertinet,
1046 2685 1154 2724 non
1192 2667 1266 2726 sit
1303 2672 1715 2727 observandum.

351 2757 466 2811 INF.
513 2757 652 2811 Cum
696 2771 918 2812 summo
963 2758 1219 2826 pontiﬁci
1262 2761 1320 2817 in
1366 2760 1637 2817 omnibus
1678 2761 1758 2816 sit
1794 2761 1937 2818 obe—

276 2845 580 2916 diendum,
609 2850 670 2900 tu
697 2858 726 2899 e
747 2845 1040 2902 contrario
1069 2846 1221 2901 dicis
1248 2852 1310 2902 ut
1337 2849 1668 2920 quicunque
1688 2864 1754 2905 ex
1779 2851 1932 2908 clero

279 2949 342 2990 se
369 2934 458 2989 illi
485 2935 810 3005 juramento
834 2935 1267 3004 constrinxerit,
1293 2942 1576 3007 quatenus
1596 2939 1664 2993 ad
1691 2939 1930 2995 subver«

280 3026 510 3080 tendam
554 3024 974 3080 ordinationem
1014 3026 1245 3096 adjutor
1282 3027 1511 3097 existat,
1544 3029 1822 3085 canonico
1855 3030 1932 3085 sit

2048 1861 2172 1902 rum
2205 1848 2384 1916 (Joan.
2415 1851 2494 1917 κ).
2534 1869 2559 1898 ι)
2589 1848 2673 1905 An
2703 1865 2814 1906 non
2841 1857 2977 1906 sunt
3004 1852 3147 1921 lupi,
3184 1867 3294 1908 non
3329 1859 3465 1909 sunt
3493 1853 3692 1922 alieni,

2047 1937 2145 2007 qui
2174 1935 2461 2006 prmfatam
2489 1938 2910 1994 ordinationem
2939 1940 3348 2012 subvertentes,
3379 1940 3493 1996 fere
3519 1947 3693 1997 totam

2044 2026 2264 2080 ltaliam
2313 2039 2343 2081 a
2394 2027 2663 2096 pluribus
2713 2028 2882 2083 annis
2927 2028 3104 2083 veluti
3158 2042 3429 2099 paganam
3479 2029 3696 2100 absque

2040 2113 2254 2169 Christi
2276 2115 2554 2186 religione
2571 2115 2784 2171 vixisse
2803 2115 3522 2186 blasphemant‘?Dominus
3538 2119 3692 2174 enim

2042 2203 2195 2259 dixit
2223 2210 2279 2259 et
2305 2203 2477 2260 fecit:
2515 2207 2699 2260 Bonus
2728 2207 2923 2260 Pastor
2946 2209 3187 2260 animam
3217 2223 3372 2261 suam
3405 2208 3567 2277 ponit
3585 2224 3691 2278 pro

2043 2294 2231 2347 ovibus
2262 2295 2376 2348 suis
2420 2293 2585 2363 (Ibid.
2588 2295 2635 2364 ),
2678 2309 2776 2350 vos
2806 2309 2836 2350 e
2866 2296 3158 2351 contrario
3200 2296 3532 2352 Dominicas
3563 2311 3693 2352 oves

2045 2380 2267 2451 lupinis
2295 2383 2567 2438 dentibus
2597 2397 2708 2440 non
2737 2388 2958 2439 tantum
2989 2398 3246 2454 corpore,
3280 2383 3399 2454 sed,
3434 2386 3584 2454 quod
3607 2391 3694 2441 est

2045 2469 2360 2541 infelicius,
2385 2476 2438 2526 et
2459 2472 2650 2528 anima
2670 2474 2992 2543 discerpere
3014 2487 3124 2529 non
3146 2473 3506 2529 erubescitis.
3534 2475 3689 2530 Istud

2041 2567 2129 2614 est
2151 2561 2298 2630 quod
2324 2561 2523 2618 beatus
2548 2563 2862 2634 Gregorius
2891 2563 3090 2619 dolens
3115 2562 3262 2618 dicit
3289 2580 3301 2616 :
3327 2563 3695 2618 Considerate

2044 2649 2182 2718 quid
2207 2649 2276 2704 de
2297 2650 2569 2722 gregibus
2594 2655 2820 2722 agatur,
2844 2651 3072 2723 quando
3096 2650 3216 2720 lupi
3247 2655 3503 2720 pastores
3527 2650 3690 2720 fiunt,

2043 2744 2242 2794 contra
2282 2753 2425 2814 quos
2454 2741 2554 2795 Dei
2589 2755 2784 2813 greges
2826 2740 3121 2796 custodire
3164 2739 3501 2796 debuerant.
3540 2739 3696 2794 Con—

2044 2828 2277 2898 tempsit
2325 2843 2628 2900 properare
2665 2830 2732 2884 ad
2780 2829 3090 2886 concilium
3127 2849 3138 2884 :
3171 2830 3240 2884 ad
3285 2827 3454 2900 quale
3491 2827 3694 2884 conci—

2046 2917 2187 2972 lium
2219 2917 2503 2974 ?Scilicet
2543 2919 2642 2974 ubi
2683 2920 2934 2975 secundo
2972 2918 3312 2988 baptismate
3351 2917 3689 2987 baptizarer,

2042 3019 2107 3060 ac
2131 3019 2228 3075 per
2256 3007 2360 3061 hoc
2384 3021 2493 3062 non
2518 3007 2874 3079 purificatus,
2905 3009 2999 3062 sed
3027 3008 3452 3063 contaminatus
3475 3007 3696 3061 existe—

273 3114 505 3183 judicio
557 3113 910 3184 plectendus.
962 3081 1104 3169 DEF.’

2048 3109 2180 3150 rem.
2213 3095 2588 3164 Quamobrem
2623 3095 2933 3152 salubriter
2962 3096 3104 3166 elegi
3138 3110 3266 3151 cum
3294 3096 3469 3150 David
3503 3094 3694 3151 verbis

281 3202 434 3258 nulli
485 3216 736 3273 unquam
784 3204 1050 3272 potestati
1097 3203 1601 3273 obtemperandum
1642 3211 1746 3274 est,
1795 3207 1931 3276 quia

279 3291 408 3346 odit
440 3291 719 3346 Dominus
749 3306 945 3347 omnes
975 3292 1075 3362 qui
1108 3297 1418 3362 operantur
1461 3293 1848 3364 iniquitatem,
1877 3299 1934 3349 et

280 3380 481 3448 perdet
520 3392 617 3434 eos
657 3379 756 3450 qui
802 3380 1120 3451 loquuntur
1160 3381 1517 3437 mendacium
1553 3382 1719 3450 (Psal.
1755 3383 1832 3452 v).
1865 3385 1934 3438 Et

276 3468 631 3538 Apostolus:
665 3471 787 3525 Non
821 3471 995 3524 solum
1033 3473 1130 3538 qui
1159 3484 1329 3540 prava
1356 3472 1593 3538 faciunt,
1631 3471 1725 3525 sed
1758 3476 1808 3525 et
1837 3473 1933 3541 qui

276 3561 623 3613 consentiunt
642 3560 991 3626 facientibus,
1015 3560 1173 3627 (ligni
1187 3559 1515 3616 eﬁiciuntur
1534 3567 1700 3614 morte
1728 3575 1934 3630 perpe-

278 3653 378 3703 tua
403 3649 575 3714 (Rom.
603 3649 663 3718 ι).
692 3650 800 3703 lue.
825 3647 1218 3718 Quisquamne
1244 3649 1928 3720 ﬁdeliumjuramentum,

278 3737 431 3806 quod
462 3737 632 3792 semel
664 3737 1054 3808 spoponderit,
1088 3738 1325 3793 audebit
1356 3739 1547 3794 liciter
1579 3739 1809 3794 irritum
1839 3738 1933 3794 fa—

277 3839 409 3880 cere
429 3826 456 3879 ‘?
477 3828 606 3881 Der.
638 3828 1030 3883 Juramentum
1059 3828 1208 3898 quod
1232 3841 1264 3882 a
1293 3832 1518 3896 peccato
1543 3829 1795 3884 alienum
1822 3834 1926 3892 est,

280 3915 646 3984 praevaricari
704 3929 813 3971 non
852 3915 1036 3971 debet.
1097 3917 1487 3972 Juramentum
1541 3922 1730 3972 autem
1777 3917 1926 3987 quod

282 4004 533 4075 pertinet
568 4005 635 4059 ad
677 4005 865 4060 scelus
907 4005 1398 4074 committendum,
1442 4005 1731 4061 observari
1775 4003 1931 4061 nefas

277 4099 385 4148 est.
436 4093 507 4148 Ut
553 4096 753 4148 caetera
796 4094 1080 4162 omittam,
1130 4094 1306 4149 David
1347 4094 1415 4148 ad
1464 4107 1656 4164 preces
1701 4093 1928 4165 Abigail

281 4183 488 4252 ﬂexus,
524 4182 826 4238 remissius
854 4182 1028 4254 elegit
1060 4183 1377 4252 perjurium
1414 4181 1726 4253 incurrere,
1760 4195 1929 4252 quam

283 4271 665 4327 homicidium
696 4275 1034 4341 perpetrare.
1061 4273 1306 4328 Herodes
1325 4278 1512 4327 autem
1541 4273 1677 4342 quia
1701 4272 1759 4326 in
1781 4272 1933 4341 jure-

275 4362 529 4430 jurando
548 4361 953 4417 discretionem
977 4361 1182 4417 habere
1204 4361 1472 4433 neglexit,
1499 4361 1800 4417 homicidii
1825 4361 1934 4416 ba-

2040 3187 2096 3237 et
2124 3188 2255 3238 actu
2288 3197 2488 3238 canere
2520 3202 2536 3237 :
2572 3205 2597 3234 α
2631 3186 2751 3239 Νοη
2784 3183 2904 3239 sedi
2939 3183 2996 3237 in
3027 3182 3278 3238 concilio
3308 3183 3602 3251 vanitatis,
3636 3189 3692 3236 et

2041 3285 2167 3326 cum
2203 3272 2403 3342 iniqua
2431 3271 2762 3344 gerentibus
2793 3285 2903 3326 non
2934 3270 3185 3326 introibo
3215 3289 3226 3325 :
3257 3270 3412 3326 odivi
3444 3284 3692 3341 congre—

2043 3359 2271 3430 gatione
2329 3361 2733 3432 malignorum,
2780 3367 2836 3415 et
2878 3373 3006 3414 cum
3069 3359 3269 3430 impiis
3322 3372 3433 3414 non
3484 3359 3689 3414 sedebo

2041 3449 2209 3515 {PsaL
2246 3449 2402 3519 xxv).
2435 3468 2461 3497 »

2038 3554 2163 3609 CAP.
2212 3557 2356 3611 XIII.
2397 3587 2473 3596 —
2510 3557 2664 3622 Quod
2704 3558 3121 3627 praepositorum
3163 3556 3335 3624 culpae
3377 3570 3470 3608 nec
3508 3570 3688 3608 omnes

2292 3629 2529 3695 legenda
2566 3631 2676 3682 sint
2717 3646 2810 3682 nec
2848 3643 3027 3682 omnes
3072 3627 3435 3681 denudanda.

2113 3735 2222 3788 lur.
2259 3735 2700 3805 Praepositorum
2731 3735 2914 3804 culpze
2938 3735 3103 3803 juxta
3130 3732 3501 3788 reverentiam
3530 3731 3690 3786 tilio-

2041 3837 2166 3878 rum
2191 3826 2323 3893 Noe,
2346 3837 2377 3878 a
2403 3824 2657 3880 subditis
2677 3823 3032 3880 denudanda:
3054 3836 3164 3878 non
3189 3827 3344 3888 sunt,
3369 3821 3466 3876 sed
3496 3820 3692 3890 potius

2039 3915 2311 3984 tegendae.
2340 3915 2473 3967 DEF.
2507 3913 2838 3984 Exemplum
2870 3913 2995 3967 Sem
3021 3917 3079 3968 et
3103 3911 3327 3980 Japhet,
3358 3909 3417 3964 in
3449 3923 3516 3964 eo
3538 3909 3689 3979 quod

2039 4003 2222 4072 patris
2263 4003 2507 4057 verenda
2549 4007 2969 4072 cooperuerunt
3009 4001 3164 4069 (Gen.
3205 4000 3310 4070 1x),
3344 3998 3694 4054 discretione

2039 4091 2328 4160 adjuncta,
2359 4090 2439 4145 ita
2466 4104 2569 4145 nos
2595 4091 2814 4145 imitari
2839 4095 3082 4160 oportet,
3113 4095 3177 4144 ut
3199 4102 3299 4144 nec
3319 4089 3388 4143 ad
3410 4088 3690 4152 dextram,

2042 4194 2144 4236 nec
2171 4181 2239 4236 ad
2268 4179 2566 4235 sinistram
2593 4178 2882 4233 declinare
2912 4179 3228 4234 videamur.
3256 4175 3377 4244 Qua
3407 4176 3478 4230 de
3503 4189 3565 4230 re
3593 4187 3694 4230 nec

2041 4284 2236 4326 omnes
2259 4268 2693 4340 praepositorum
2719 4267 2902 4336 culpae
2925 4267 3175 4338 tegendae
3196 4272 3350 4330 sunt,
3376 4279 3478 4320 nec
3497 4277 3694 4319 omnes

2039 4360 2414 4417 denudanda.
2447 4359 2519 4415 Ut
2543 4363 2744 4414 caetera
2774 4357 3057 4426 omittam,
3085 4357 3190 4412 illa
3221 4355 3497 4411 nimirum
3522 4353 3692 4423 culpa

284 4451 544 4506 rathrum
574 4451 840 4506 incurrit.
869 4449 1129 4523 Attende,
1157 4430 1412 4522 inquam,
1437 4430 1575 4522 quid
1599 4465 1667 4506 ex
1688 4451 1794 4507 hoc
1817 4451 1934 4506 Isi—
1957 4430 2014 4506 Β
2043 4464 2168 4520 qua:
2204 4449 2502 4506 catholica:
2546 4447 2814 4519 religioni
2855 4445 3049 4514 otﬁcit,
3097 4446 3147 4500 si
3188 4445 3359 4500 aliter
3399 4441 3690 4498 emendari

281 4540 464 4596 dorus
506 4545 778 4611 censeat;
810 4541 893 4596 ait
939 4541 1092 4596 enim
1132 4556 1144 4594 :
1183 4541 1305 4596 Non
1352 4546 1439 4596 est
1480 4541 1932 4596 conservandum

281 4635 702 4686 sacramentum
735 4630 885 4701 quod
919 4629 1064 4685 male
1088 4634 1145 4685 et
1169 4630 1395 4687 incaute
1427 4630 1810 4700 promittitur,
1831 4645 1936 4685 ve-

283 4716 397 4772 luti
431 4717 480 4772 si
515 4717 803 4787 quispiam
848 4718 1122 4773 adulterae
1168 4724 1494 4789 perpetuam
1538 4733 1668 4775 cum
1698 4733 1762 4774 ea
1807 4733 1936 4774 ma-

283 4807 459 4862 nendi
490 4807 654 4863 fidem
680 4807 1037 4878 polliceatur,
1067 4808 1430 4864 tolerabilius
1449 4812 1536 4863 est
1561 4822 1671 4864 non
1697 4809 1934 4878 implere

281 4903 722 4966 sacramentum,
769 4895 918 4967 quod
967 4909 1294 4966 permanere
1340 4895 1398 4952 in
1449 4896 1638 4967 stupri
1689 4896 1926 4968 ﬂagitio.

279 4986 400 5040 INF.
435 4984 835 5053 Hujuscemodi
879 4983 1228 5042 testimoniis
1266 4999 1376 5041 non
1417 4986 1560 5042 satis
1599 4991 1836 5057 apparet
1870 4990 1933 5040 ut

279 5074 534 5146 quisque
562 5088 663 5144 pro
691 5075 790 5131 tali
816 5076 1141 5144 juramento
1168 5089 1201 5130 a
1226 5089 1386 5131 sacro
1415 5077 1618 5131 ordine
1643 5077 1722 5132 sit
1744 5089 1936 5132 remo-

278 5165 522 5221 vendus.
551 5167 680 5220 Der.
709 5167 837 5220 Post
858 5165 1148 5220 Nicaenum
1171 5165 1484 5221 concilium
1505 5165 1937 5221 Chalcedonen-

277 5256 368 5310 sis
381 5253 634 5324 synodus
650 5254 1015 5309 auctoritatis
1033 5253 1240 5308 retinet
1257 5253 1519 5322 palmam.
1539 5254 1643 5310 Illa
1657 5255 1932 5310 nimirum

278 5345 511 5401 censuit
530 5344 729 5399 dicens
750 5362 762 5398 :
783 5343 1212 5413 Conjurationis
1231 5343 1315 5398 vel
1339 5345 1790 5413 conspirationis
1811 5346 1934 5400 cri-

280 5449 434 5492 men.
467 5441 523 5490 et
557 5433 628 5490 ab
657 5434 870 5489 exteris
911 5433 1136 5505 legibus
1164 5438 1251 5488 est
1281 5433 1517 5490 omnino
1550 5434 1928 5504 prohibitum,

282 5525 468 5580 multo
513 5523 698 5594 magis
727 5524 833 5579 hoc
874 5523 933 5578 in
974 5523 1224 5578 Ecclesia
1256 5522 1352 5577 Dei
1395 5537 1463 5578 ne
1503 5523 1598 5578 flat
1631 5525 1935 5579 admonere

282 5613 602 5670 conveniet.
645 5613 704 5668 Si
748 5612 848 5682 qui
888 5626 1022 5684 ergo
1060 5612 1257 5668 clerici
1300 5611 1383 5667 vel
1427 5612 1688 5668 monachi
1731 5616 1939 5683 reperti

2045 4552 2154 4596 non
2187 4543 2388 4610 potest,
2419 4538 2616 4609 procul
2643 4537 2823 4594 dubio
2851 4535 3192 4592 denudanda
3217 4538 3322 4602 est,
3353 4546 3422 4588 ne
3444 4545 3544 4602 per
3567 4544 3691 4586 eam

2047 4631 2260 4702 ignara:
2288 4630 2375 4685 vel
2402 4629 2696 4699 simplices
2723 4627 2928 4682 animae
2960 4630 3208 4696 pereant.
3241 4623 3510 4692 Quasdam
3543 4637 3696 4692 pra:-

2047 4719 2363 4790 positorum
2385 4719 2588 4788 culpae,
2615 4723 2758 4772 teste
2782 4715 3101 4772 Pontificali
3127 4713 3297 4782 libro,
3320 4713 3460 4769 adeo
3484 4727 3698 4782 super—

2044 4807 2356 4873 abundant,
2384 4811 2449 4860 ut
2472 4805 2737 4875 apicibus
2759 4806 3078 4872 tradantur,
3108 4804 3310 4874 utique
3333 4815 3443 4858 non
3469 4808 3532 4858 ut
3556 4802 3698 4857 imi—

2047 4900 2256 4967 tentur,
2287 4895 2382 4950 sed
2410 4901 2475 4951 ut
2498 4908 2531 4950 a
2560 4894 2804 4964 posteris
2831 4901 3156 4950 caveantur.
3191 4894 3400 4948 Notum
3427 4898 3513 4947 est
3537 4892 3689 4947 enim

2046 4985 2196 5054 quod
2236 4984 2382 5040 mala
2414 4983 2850 5054 praepositorum
2881 4982 3033 5036 actio
3063 4981 3410 5052 generaliter
3440 4980 3695 5037 subditis

2047 5081 2262 5140 noceat,
2308 5075 2456 5145 quod
2501 5078 2727 5144 peccata
2772 5073 2924 5143 regis
2969 5071 3290 5127 redundent
3333 5071 3391 5127 in
3433 5083 3690 5141 regnum.

2043 5164 2147 5220 Sed
2177 5179 2328 5221 nunc
2355 5164 2426 5220 de
2453 5163 2554 5219 illa
2579 5163 2749 5232 culpa
2779 5162 3108 5232 specialiter
3137 5175 3324 5217 sermo
3357 5160 3692 5230 frequenta-

2045 5257 2161 5325 tur,
2191 5268 2315 5326 quae
2339 5253 2704 5310 meticulosos
2725 5253 2809 5308 vel
2837 5252 3132 5322 simplices
3156 5253 3213 5307 in
3237 5251 3520 5308 catholica
3547 5247 3693 5300 reli—

2043 5347 2212 5419 gione
2251 5349 2539 5415 supputat.
2585 5346 2664 5399 Ita
2701 5343 2855 5398 enim
2897 5344 3066 5414 culpa
3102 5357 3210 5398 non
3245 5356 3277 5396 a
3313 5336 3564 5400 subditis
3605 5340 3691 5388 est

2041 5436 2348 5503 denudata,
2391 5434 2484 5489 sed
2530 5447 2562 5488 a
2607 5433 2732 5489 suis
2772 5432 3108 5488 auctoribus
3149 5428 3329 5497 magis
3365 5429 3682 5494 exagerata.

2041 5527 2155 5580 Nos
2182 5531 2370 5580 autem
2401 5523 2731 5580 istiusmodi
2757 5509 2915 5577 nexae
2942 5533 3042 5576 nec
3063 5516 3330 5584 favorem,
3360 5527 3459 5568 nec
3483 5525 3689 5566 assen—

2041 5627 2169 5671 sum
2193 5614 2483 5686 porrigere
2511 5614 2828 5678 audemus;
2855 5609 2949 5665 sed
2985 5605 3181 5676 procul
3206 5602 3277 5659 ab
3305 5615 3370 5657 ea
3394 5601 3689 5658 discedere
