4082 6168
449 282 586 342 4087

443 413 731 470 debemus.
778 411 1036 483 Denique
1084 411 1378 481 apostolus
1420 410 1652 479 Paulus,
1697 409 1796 481 qui
1841 408 2085 464 clamat:

445 495 749 558 Imitatores
780 504 885 555 mei
914 506 1075 555 estote
1107 501 1367 570 (Philipp.
1407 502 1514 569 ut),
1550 501 1608 554 in
1640 498 1842 554 faciem
1878 495 2097 552 restitit

443 590 831 661 apostolorum
849 589 1098 660 principi
1114 591 1294 655 Petro,
1311 589 1446 660 quia
1461 587 1932 658 reprehensibilis
1943 592 2092 652 erat;

444 693 510 735 eo
555 679 704 749 quod
753 679 996 750 gentiles
1042 679 1100 734 in
1150 679 1495 749 quibusdam
1536 677 1830 746 judaizare
1872 679 2096 746 cogeret

443 767 647 836 (Galat.
683 768 766 837 It).
796 767 955 836 Quod
986 767 1235 838 claviger
1256 767 1413 838 regni
1441 767 1712 822 caelorum
1739 765 1879 820 adeo
1902 763 2096 819 liben-

446 860 533 912 ter
566 857 838 926 suscepit,
879 862 941 912 ut
969 857 1021 911 ei
1056 857 1384 912 nullomodo
1428 855 1864 925 contradiceret,
1898 859 1954 908 et
1995 853 2095 908 in-

445 959 619 1016 super
646 946 772 1015 ejus
800 946 1138 1001 documenta
1173 946 1229 999 in
1262 960 1364 1001 sua
1395 945 1653 1000 laudaret
1681 943 1956 1013 Epistola.

444 1043 571 1108 CAP.
624 1053 766 1108 XIV.
820 1083 889 1092 —-
943 1055 1010 1107 Ut
1047 1053 1526 1106 excommunicatio
1578 1067 1698 1120 qua
1747 1050 1821 1103 ad
1871 1050 2090 1116 facinus

612 1125 1050 1178 com-mittendum
1066 1126 1304 1194 pertinet
1334 1139 1441 1176 non
1463 1125 1534 1176 sit
1562 1122 1920 1176 observanda.

514 1235 626 1288 INF.
667 1233 959 1302 Quomodo
998 1232 1412 1301 parvipendens
1445 1229 1815 1300 apostolicam
1859 1241 2093 1284 excom—

446 1322 909 1390 municationem,
952 1321 1237 1376 celebrare
1277 1321 1582 1377 missarum
1626 1319 1901 1375 solemnia
1941 1331 2094 1388 pra:-

443 1411 745 1481 sumpsisti
772 1411 799 1463 ‘l
823 1413 953 1465 DEF.
988 1411 1091 1465 Illa
1121 1410 1383 1481 equidem
1416 1407 1934 1465 excommunicatio
1966 1421 2092 1477 qua:

445 1501 514 1556 ad
557 1501 921 1571 sacrilegium
969 1500 1435 1556 committendum
1479 1500 1722 1569 pertinet
1757 1513 1864 1576 pro
1905 1498 2093 1554 nihilo

441 1589 700 1645 ducenda
730 1595 834 1660 est,
868 1595 922 1646 et
953 1589 1284 1644 nullatenus
1323 1589 1690 1644 observanda.
1727 1587 1948 1658 Quippe
1984 1586 2092 1642 sub

446 1678 842 1748 hujuscemodi
889 1679 1184 1733 occasione
1213 1678 1422 1750 c0gitis
1459 1692 1544 1733 me
1586 1691 1789 1749 negare
1821 1678 2093 1733 sacerdo—

445 1768 612 1839 tium,
639 1769 786 1839 quod
819 1769 1079 1837 eccejam
1105 1769 1339 1824 circiter
1360 1769 1566 1840 viginti
1593 1782 1774 1823 annos
1798 1782 1894 1837 per
1916 1773 2089 1823 totam

443 1857 754 1914 Ausoniam
781 1859 1011 1914 Domini
1035 1859 1349 1914 Salvatoris
1375 1859 1522 1930 regit
1542 1857 1872 1927 Ecclesium,
1901 1862 1957 1912 et
1979 1862 2091 1912 tam
2139 1892 2150 1899 -

446 1961 546 2016 pro
573 1947 718 2001 vivis
741 1960 912 2018 quam
942 1947 1112 2002 etiam
1145 1961 1243 2016 pro
1274 1945 1563 2002 defunctis
1588 1947 1977 2002 ecclesiastica
1999 1946 2094 2002 of-

447 2035 595 2106 ﬁcia,
631 2040 694 2091 ut
724 2035 901 2091 moris
929 2040 1034 2105 est,
1069 2035 1429 2106 frequentare
1461 2049 1571 2093 non
1604 2041 1807 2091 cessat.
1843 2037 1911 2090 Et
1940 2035 2089 2106 quod

441 2131 526 2180 est
564 2124 838 2193 deterius,
882 2125 1304 2180 consentientes
1345 2124 1507 2180 vobis
1550 2125 1756 2180 iterum
1800 2125 1858 2180 in
1899 2125 2092 2180 eodem

443 2212 622 2282 gradu
651 2225 984 2268 consecrare
1015 2224 1125 2267 non
1157 2209 1504 2268 formidatis.
1535 2213 1720 2268 Istane
1745 2212 2093 2268 observanda

441 2301 958 2358 excommunicatio
983 2301 1012 2355 ?

439 2407 566 2464 CAP.
629 2409 746 2464 XV.
798 2437 872 2449 —
922 2412 997 2463 De
1044 2424 1101 2462 eo
1168 2409 1315 2477 quod
1378 2410 1642 2478 scriptum
1695 2413 1828 2464 est:
1886 2429 1910 2460 ‹‹
1971 2408 2095 2464 Sive

499 2481 673 2604 jufte,
716 2483 826 2533 sive
862 2481 1067 2548 injuste
1107 2481 1305 2548 obliget
1348 2484 1559 2548 pastor,
1605 2482 1758 2548 gregi
1799 2481 2095 2534 timendum

513 2566 564 2604 es
598 2591 610 2602 .
645 2569 670 2598 »

471 2587 494 2592 -
513 2566 610 2604 ρει.
645 2569 670 2598 1)

512 2638 622 2692 INF.
658 2637 785 2693 Sive
810 2639 985 2707 juste,
1019 2638 1138 2693 sive
1170 2639 1401 2710 injuste,
1438 2645 1501 2696 ut
1526 2645 1760 2695 sanctus
1783 2637 2096 2710 Gregorius

442 2726 545 2796 ait,
578 2725 812 2797 obliget,
850 2732 1060 2797 pastor,
1089 2727 1245 2797 gregi
1274 2727 1586 2783 timendum
1620 2734 1724 2797 est,
1751 2741 1818 2782 ne
1851 2741 1948 2797 per
1971 2727 2098 2782 eia-

444 2814 657 2868 tionem
691 2814 925 2869 tumidae
965 2815 1426 2883 reprehensionis
1466 2815 1634 2886 culpa
1672 2830 1797 2886 quae
1829 2830 1940 2871 non
1976 2820 2097 2871 erat

445 2901 558 2956 fiat.
591 2904 720 2956 Dur.
746 2902 803 2956 Si
826 2902 895 2957 de
918 2903 1132 2957 nostris
1159 2904 1526 2975 negligentiis
1559 2906 1888 2975 nostrisque
1913 2903 2097 2960 olfen-

444 2991 709 3047 sionibus
729 2992 1242 3047 excommunicatio
1265 2991 1409 3048 facta
1427 2991 1624 3064 fuerit,
1649 2995 1883 3050 omnino
1905 2993 2096 3050 formi-

443 3080 626 3135 danda
671 3088 776 3148 est,
819 3087 874 3135 et
914 3094 1094 3151 usque
1132 3080 1199 3136 ad
1238 3081 1469 3153 dignam
1515 3081 1964 3138 satisfactionem
2005 3082 2090 3138 vel

446 3168 882 3240 indulgentiam.
919 3169 1148 3238 penitus
1173 3169 1540 3226 observanda.
1570 3171 1846 3226 Caeterum
1873 3185 2004 3226 vero
2031 3171 2089 3225 in

445 3257 538 3312 his
559 3272 683 3329 quae
711 3257 1010 3313 manifesta
1043 3259 1263 3314 ratione
1289 3261 1399 3314 Deo
1424 3259 1660 3315 inimica
1687 3273 1809 3315 esse
1839 3260 2092 3330 proban-

444 3351 558 3416 tur,
603 3346 826 3402 nullius
863 3347 1380 3404 excommunicatio
1423 3349 1722 3404 metuenda
1751 3355 1834 3404 est
1865 3349 1950 3404 vel
1982 3349 2094 3404 ob-

442 3436 734 3491 servanda.
765 3435 931 3490 Verbi
965 3436 1168 3507 gratia,
1204 3436 1253 3491 si
1288 3451 1374 3492 me
1403 3439 1470 3492 ad
1507 3438 1847 3508 perjurium,
1881 3436 2088 3493 falsum

444 3524 858 3593 testimonium,
901 3524 1268 3595 sacrilegium
1300 3525 1386 3581 vel
1419 3525 1817 3594 homicidium,
1857 3539 2093 3582 excom—

443 3613 789 3668 municando
831 3613 1129 3682 impulerit
1163 3631 1177 3682 ;
1213 3614 1610 3684 nunquidnam
1650 3614 1707 3668 in
1750 3614 1965 3669 talibus
2005 3613 2088 3668 vel

439 3714 635 3757 eorum
668 3700 985 3771 similibus,
1022 3701 1268 3770 pastoris
1292 3701 1809 3757 excommunicatio
1839 3702 2092 3758 timenda

441 3789 525 3844 vel
559 3789 817 3844 facienda
853 3803 978 3844 esse
1005 3789 1335 3845 decernitur
1359 3790 1387 3842 εἰ
1415 3790 1732 3844 Prazsertim
1774 3804 1904 3846 cum
1935 3791 2094 3846 dicat

439 3876 750 3946 Apostolus
780 3878 943 3932 :Non
985 3877 1159 3930 solum
1191 3880 1288 3946 qui
1323 3890 1492 3948 prava
1520 3880 1755 3944 faciunt,
1796 3881 1892 3934 sed
1915 3885 1966 3935 et
1995 3882 2093 3950 qui

440 3967 784 4019 consentiunt
810 3966 1142 4032 facientibus
1163 3966 1321 4032 digni
1339 3965 1668 4023 efﬁciuntur
1693 3974 1861 4024 morte
1887 3983 2093 4040 perpe-

443 4061 540 4110 tua
587 4052 760 4121 (Rom.
806 4055 849 4123 ι)
917 4055 1029 4108 Ιιιιιπ.
1081 4055 1235 4109 Hanc
1281 4054 1540 4125 Apostoli
1587 4058 1924 4120 sententiam
1965 4072 2092 4114 ecce

438 4143 554 4212 jam
577 4141 670 4196 bis
693 4141 941 4212 objicere
967 4155 1076 4198 non
1104 4143 1318 4198 vitasti.
1344 4146 1473 4199 DEF.
1498 4145 1556 4200 Si
1581 4148 1808 4216 quando
1835 4148 2092 4202 necessi-

443 4238 531 4287 tas
559 4230 862 4301 incumbit,
895 4244 1005 4287 non
1031 4231 1163 4287 dico
1185 4231 1276 4288 bis
1299 4239 1400 4288 aut
1426 4239 1528 4304 ter,
1559 4234 1652 4289 sed
1676 4235 1849 4289 etiam
1875 4235 2092 4290 centies

443 4334 621 4376 unum
647 4319 911 4390 idemque
931 4321 1322 4378 testimonium
1349 4322 1610 4377 sinistris
1634 4323 2087 4394 argumentatio-

1248 281 1538 340 APPEND.
1582 281 1676 338 AD
1709 281 1869 339 suac.
1914 279 2011 336 IX.
2053 310 2121 320 -
2158 265 2516 334 ᾹΟΟΤΟΒΕΞ
2555 277 2724 334 ANNI
2762 278 3056 334 INCERTI.

3652 281 3758 342 1088

2124 403 2179 466 Α
2210 404 2268 458 in
2312 416 2568 461 amarum
2615 405 2747 472 (Ιεα.
2793 405 2854 475 v)
2890 421 2915 453 ››
2953 421 2968 473 ;
2999 405 3056 459 et
3102 403 3241 460 illud
3278 421 3291 458 :
3329 425 3353 457 α
3384 405 3437 460 Si
3476 411 3761 476 separaveris

2208 493 2520 564 pretiosum
2547 509 2579 550 a
2609 495 2735 566 vili,
2765 495 2930 565 quasi
2963 508 3028 549 os
3056 507 3236 550 meum
3265 495 3376 550 eris
3401 493 3587 565 (Jerem.
3613 499 3689 569 xv)
3709 519 3760 570 n;

2203 589 2260 638 et
2299 583 2487 639 illud:
2522 605 2547 636 ‹‹
2589 585 2853 640 Minister
2891 585 2993 639 Dei
3040 588 3126 639 est
3169 583 3274 639 tibi
3317 584 3372 639 in
3416 585 3599 641 bonum
3631 587 3758 657 (lima.

2203 671 2350 741 xui).
2378 689 2404 720 η
2428 674 2647 728 Interea
2671 676 2728 728 et
2759 672 2864 728 hoc
2900 671 3280 741 recolendum,
3314 673 3557 742 quoniam
3582 675 3762 744 quidem

2206 759 2306 815 ille
2331 761 2431 830 qui
2463 761 2611 817 dicit
2637 779 2650 815 :
2680 763 2838 818 Juste
2862 776 2934 817 an
2961 763 3172 831 injuste
3199 760 3404 832 obliget
3430 761 3619 833 Pastor,
3645 767 3762 837 gregi

2203 849 2519 905 timendum
2551 856 2654 906 est.
2691 855 2814 923 Ipse
2838 853 2896 907 in
2926 851 3121 907 eodem
3149 849 3269 906 loco
3297 850 3434 905 dicit
3459 851 3588 906 :Sub
3610 866 3763 924 magno

2204 934 2587 991 moderamine
2628 942 2881 1005 pastores
2913 937 3179 994 Ecclesiae
3210 938 3292 994 vel
3332 939 3529 996 solvere
3561 942 3765 998 studeant

2199 1021 2285 1076 vel
2310 1022 2507 1094 ligare.
2541 1025 2879 1096 Plerumque
2899 1027 3186 1098 contingit
3211 1033 3273 1084 ut
3302 1028 3391 1084 hic
3411 1029 3604 1097 judieis
3625 1030 3762 1085 locum

2201 1115 2409 1182 teneat,
2434 1113 2534 1184 qui
2556 1114 2626 1169 ad
2656 1114 2842 1170 locum
2870 1115 2985 1170 vita
3013 1116 3249 1172 minime
3276 1118 3574 1187 concordat,
3594 1126 3640 1174 et
3658 1132 3766 1188 sape

2200 1200 2395 1271 agitur
2417 1208 2480 1258 ut
2501 1202 2584 1258 vel
2607 1203 2836 1258 damnet
2859 1204 3196 1270 immeritos,
3220 1206 3303 1262 vel
3324 1205 3462 1262 alios
3483 1205 3589 1278 ipse
3606 1207 3768 1278 ligatus

2203 1289 2402 1345 solvat.
2435 1291 2504 1346 Et
2545 1290 2693 1348 infra
2720 1307 2733 1345 :
2764 1292 3031 1350 Judicare
3073 1300 3260 1350 autem
3298 1296 3461 1367 digne
3486 1296 3549 1352 de
3573 1296 3769 1352 subditis

2203 1387 2512 1451 nequeunt,
2547 1381 2645 1451 qui
2678 1383 2735 1437 in
2763 1383 3130 1440 subditorum
3156 1386 3346 1442 causis
3369 1399 3465 1441 sua
3489 1385 3562 1440 vel
3585 1386 3690 1441 odia
3706 1386 3768 1440 vel

2201 1471 2444 1543 gratiam
2475 1478 2818 1542 sequuntur.
2866 1474 3023 1530 Unde
3055 1481 3204 1531 recte
3249 1489 3344 1545 per
3379 1475 3669 1544 Prophetam
3692 1475 3770 1530 di-

2199 1559 2384 1615 citur:
2410 1581 2436 1612 ς(
2461 1562 2877 1618 Mortificabant
2897 1564 3120 1620 animas
3142 1579 3267 1636 qua:
3289 1578 3395 1620 non
3421 1565 3714 1631 moriuntur,
3731 1570 3773 1618 et

2200 1649 2567 1706 vivificabaut
2605 1651 2829 1708 animas
2869 1668 2994 1724 quae
3026 1667 3137 1710 non
3170 1654 3368 1710 vivunt
3392 1653 3576 1724 (Ezech.
3608 1653 3723 1723 xm).
3750 1673 3770 1701 ι

2123 1731 2174 1792 Β
2203 1739 2491 1795 Postremo
2538 1746 2749 1807 autem,
2805 1755 2904 1798 nec
2956 1742 3100 1798 illud
3164 1743 3435 1799 oblivioni
3481 1743 3770 1808 tradendum,

2204 1829 2352 1897 quod
2399 1831 2606 1885 Doctor
2649 1830 2905 1901 gentium
2951 1831 3300 1903 redarguens
3346 1832 3464 1887 ait:
3501 1852 3523 1882 α
3552 1831 3644 1900 Qui
3672 1844 3773 1901 ergo

2202 1915 2382 1972 alium
2412 1918 2602 1986 doces,
2637 1925 2690 1975 te
2715 1919 2902 1989 ipsum
2936 1934 3046 1977 non
3077 1922 3288 1991 doces;
3315 1921 3409 1992 qui
3438 1920 3673 1991 praedicas
3691 1932 3771 1974 non

2204 2003 2536 2076 furandum,
2568 2007 2816 2077 furaris;
2841 2009 2938 2080 qui
2967 2010 3120 2066 dicis
3143 2024 3254 2066 non
3281 2009 3655 2078 mtechandum,
3678 2020 3772 2062 mue-

2204 2093 2397 2150 charis
2427 2114 2442 2166 ς
2473 2096 2573 2166 qui
2606 2096 2960 2155 abominaris
2991 2098 3166 2169 idola,
3203 2099 3549 2169 sacrilegium
3577 2095 3730 2152 facis?
3752 2113 3770 2143 ι

2202 2174 2369 2246 (Rom.
2406 2184 2490 2258 ιι.)
2517 2187 2584 2240 Et
2608 2187 2888 2243 Dominus
2919 2188 2977 2243 in
3009 2189 3352 2261 Evangelio:
3390 2209 3414 2240 α
3445 2186 3647 2255 Medico,
3673 2197 3773 2238 cura

2206 2277 2258 2328 te
2291 2273 2477 2342 ipsum
2508 2274 2657 2344 (Luc.
2693 2276 2788 2346 IV).
2825 2295 2850 2326 ››

2201 2379 2329 2436 CAP.
2363 2381 2620 2456 XVIL—
2643 2385 2718 2456 De
2759 2399 2816 2438 eo
2847 2385 2993 2456 quod
3034 2387 3297 2456 scriptum
3340 2390 3432 2447 est,
3461 2383 3651 2456 Omnia
3682 2392 3774 2451 qua:

2489 2453 2746 2510 dixerint
2779 2453 2958 2526 vobis,
3001 2453 3243 2528 servate,
3280 2462 3336 2513 et
3371 2455 3545 2512 facite.

2275 2560 2387 2614 INF.
2428 2559 2534 2615 Ubi
2566 2566 2652 2616 est
2685 2576 2818 2634 ergo
2849 2563 2994 2619 illud
3029 2563 3442 2637 evangelicum,
3475 2584 3498 2614 ιι
3526 2562 3678 2630 Supra
3700 2571 3778 2612 ca-

2207 2648 2465 2704 thedram
2497 2650 2674 2720 Moysi
2708 2652 2979 2707 sederunt
3007 2653 3224 2709 Scriba;
3253 2659 3307 2709 et
3337 2651 3604 2718 Phariszei,
3631 2646 3776 2703 omnia

2207 2751 2333 2808 qua:
2363 2737 2619 2793 dixerint
2649 2739 2812 2795 vobis
2841 2749 3059 2797 servate
3087 2747 3144 2797 et
3169 2741 3340 2797 facite
3365 2741 3393 2795 ‘l
3414 2739 3601 2812 (Matth.
3632 2733 3777 2803 χχιιι.)

2205 2826 2335 2879 DEF.
2371 2825 2575 2882 Omnia
2610 2828 2716 2883 hoc
2747 2829 2806 2883 in
2836 2829 2958 2886 loco
2989 2830 3349 2886 solummodo
3384 2831 3440 2885 in
3470 2829 3645 2884 bonam
3676 2837 3780 2894 par-

2207 2918 2316 2968 tem
2343 2915 2674 2983 accipienda
2706 2924 2876 2973 sunt:
2901 2918 3166 2989 alioquin
3197 2920 3374 2975 Judaei
3401 2919 3492 2988 qui
3513 2914 3777 2972 Scribarum

2205 3008 2260 3058 et
2283 3003 2697 3061 Pharisaeorum
2725 3007 2970 3064 consilio
2991 3014 3048 3063 et
3074 3009 3307 3066 hortatu
3328 3009 3604 3065 Dominum
3626 2999 3779 3059 cruci-

2129 3061 2178 3125 C
2206 3091 2471 3163 fixerunt,
2516 3094 2800 3152 immunes
2833 3110 2865 3151 a
2910 3102 3065 3154 tanto
3109 3099 3324 3154 scelere
3361 3111 3475 3154 esse
3507 3095 3776 3157 debuerant,

2202 3182 2297 3237 sed
2331 3197 2498 3253 quam
2546 3185 2796 3255 graviter
2834 3192 2890 3241 et
2921 3188 3019 3257 qui
3064 3187 3342 3245 dixerunt
3381 3192 3434 3242 et
3459 3186 3549 3258 qui
3577 3182 3779 3238 fecerunt

2203 3273 2576 3344 peccaverint,
2627 3280 2682 3329 et
2737 3275 3034 3346 Scriptura
3082 3282 3346 3349 testatur,
3396 3285 3450 3333 et
3496 3277 3546 3331 in
3588 3267 3778 3343 posteris

2200 3373 2395 3417 eorum
2442 3377 2625 3432 usque
2671 3363 2739 3418 ad
2795 3364 2960 3420 finem
3012 3368 3216 3422 mundi
3265 3367 3578 3438 protelatur.
3617 3360 3776 3432 Igitur,

2203 3450 2350 3520 quod
2379 3465 2543 3507 omne
2574 3466 2686 3508 non
2709 3467 2929 3524 semper
2957 3455 3025 3510 ad
3059 3461 3268 3527 totum,
3296 3457 3387 3512 sed
3415 3456 3703 3526 plerumque
3726 3445 3776 3501 ad

2205 3539 2506 3594 maximam
2546 3546 2760 3610 partem
2797 3540 3098 3612 referatur,
3141 3545 3310 3600 testis
3331 3549 3414 3600 est
3446 3543 3776 3608 Hieronymus,

2205 3626 2303 3682 ubi
2353 3629 2422 3684 ad
2473 3630 2778 3686 Damasum
2807 3631 2879 3687 de
2921 3630 3076 3704 frugi
3126 3639 3184 3688 et
3229 3634 3520 3690 luxurioso
3573 3629 3675 3686 tilio
3712 3624 3781 3680 dis

2205 3721 2384 3786 putat.

2269 3825 2395 3880 CAP.
2448 3825 2614 3882 XVII.
2643 3855 2717 3865 —
2746 3827 2900 3892 Quod
2939 3828 3014 3882 ad
3049 3831 3390 3897 peccandum
3438 3828 3627 3883 nullius
3663 3826 3782 3894 pote-

2641 3900 2772 3952 stati
2807 3901 2880 3952 sit
2912 3900 3408 3970 obtemperandum.

2273 3987 2384 4040 Iur.
2426 3986 2564 4042 Cum
2606 3987 2744 4043 aliis
2783 3989 3162 4058 potestatibus
3200 3990 3568 4046 resistendum
3593 3997 3684 4042 non
3707 3980 3780 4047 sit»

2201 4087 2267 4130 eo
2307 4075 2455 4144 quod
2490 4089 2600 4131 non
2641 4077 2720 4131 sit
2750 4071 2998 4145 potestas
3031 4078 3144 4134 nisi
3177 4092 3211 4133 a
3244 4081 3374 4148 Deo,
3412 4085 3465 4134 et
3496 4077 3587 4148 qui
3613 4068 3783 4129 resistit

2204 4163 2468 4233 potestati
2498 4164 2622 4231 Dei,
2654 4165 3008 4222 ordinationi
3051 4167 3279 4223 resistit
3304 4167 3468 4239 (Rom.
3500 4164 3649 4236 xm);
3674 4170 3783 4229 apo-

2202 4252 2418 4307 stolicae
2449 4253 2713 4323 potestati
2749 4269 2875 4325 quae
2903 4256 3099 4325 procul
3131 4256 3317 4313 dubio
3346 4269 3533 4312 omnes
3562 4255 3784 4308 humanas

2203 4347 2509 4409 potestates
2537 4341 2790 4406 excellit,
2834 4343 2892 4398 in
2936 4344 3208 4401 omnibus
3234 4360 3361 4417 quae
3381 4345 3535 4416 jubet
3560 4341 3785 4398 resisten—

443 4408 615 4465 nibus
660 4409 905 4465 fideliter
954 4423 1254 4480 opponam,
1301 4424 1403 4465 nec
1452 4411 1788 4479 immerito;
1829 4413 2090 4483 agonista

2200 4408 2336 4485 dum
2373 4443 2483 4486 non
2509 4436 2612 4486 est.
2645 4432 2776 4486 Der.
2821 4431 2986 4487 Omni
3024 4408 3288 4489 humana:
3321 4408 3574 4504 potestati
3609 4421 3782 4484 subditi

439 4498 591 4553 enim
631 4506 829 4555 contra
865 4499 1090 4555 diversa
1135 4499 1506 4554 inimicorum
1537 4500 1729 4568 jacula
1761 4515 1873 4557 uno
1905 4501 2093 4558 utitur

441 4588 655 4658 clypeo.
687 4591 795 4643 INF.
823 4589 1118 4658 Responde
1139 4587 1282 4642 mihi
1307 4589 1592 4657 quomodo
1613 4589 1888 4647 hactenus
1918 4605 2092 4661 super

443 4677 776 4748 pontiﬁcum
799 4676 1492 4734 excommunicationibus
1516 4678 1846 4736 istiusmodi
1867 4681 2092 4737 distin—

441 4764 688 4818 ctionem
737 4764 936 4819 nullus
983 4763 1167 4819 facere
1215 4767 1581 4836 praesumpsit
1621 4767 1648 4822 ‘2
1686 4769 1816 4823 Dur.
1869 4769 2090 4840 Ergone

441 4851 660 4908 oblitus
683 4865 742 4907 es
773 4852 1122 4923 testimonia,
1157 4853 1370 4923 quibus
1401 4855 1570 4924 paulo
1601 4857 1870 4926 superius
1892 4858 2092 4914 decla-

444 4947 626 4996 ratum
653 4947 756 5009 est,
786 4955 895 4998 non
917 4955 1040 4998 esse
1063 4943 1287 5014 iniquis
1300 4944 1667 5013 jussionibus
1687 4946 2091 5018 obtemperan-

441 5030 599 5101 dum,
635 5044 735 5086 nec
767 5031 1026 5087 sinistris
1055 5031 1282 5088 actibus
1319 5035 1790 5091 consentiendum
1816 5036 1845 5090 ‘l
1867 5037 2090 5093 Secun-

441 5119 577 5174 dum
601 5119 750 5190 quod
777 5119 835 5173 in
865 5119 1068 5176 iisdem
1089 5121 1441 5178 testimoniis
1472 5123 1718 5195 legitur:
1747 5145 1774 5175 α
1804 5125 2085 5194 Quoniam

443 5221 554 5264 non
579 5209 730 5265 Deus
754 5207 950 5264 volens
981 5209 1347 5280 iniquitatem
1382 5217 1443 5267 tu
1472 5225 1552 5267 es.
1581 5211 1790 5280 Odisti,
1823 5214 2084 5286 Domine,

439 5311 635 5354 omnes
677 5296 778 5369 qui
817 5303 1128 5368 operantur
1174 5299 1561 5372 iniquitatem,
1612 5301 1810 5371 perdes
1846 5315 1943 5358 eos
1982 5303 2082 5373 qui

441 5387 761 5458 loquuntur
809 5387 1168 5444 mendacium
1215 5388 1385 5457 (Psal.
1416 5390 1474 5459 v)
1505 5407 1520 5459 ;
1546 5408 1571 5438 ι)
1599 5396 1656 5445 et
1696 5389 1839 5445 illud
1873 5407 1886 5444 :
1921 5411 1947 5443 α
1993 5394 2084 5448 Vae

441 5475 541 5545 qui
572 5477 778 5532 dicunt
805 5475 1017 5532 bonum
1051 5477 1283 5546 malum,
1311 5482 1366 5532 et
1393 5477 1601 5533 malum
1634 5476 1867 5548 bonum,
1900 5485 1957 5535 et
1984 5480 2086 5536 lu-

439 5576 560 5618 cem
590 5565 870 5636 tenebras,
914 5570 1184 5635 ponentes
1221 5578 1478 5622 amarum
1516 5565 1576 5622 in
1605 5565 1792 5627 dulce.
1831 5573 1889 5623 et
1916 5569 2084 5626 dulce

2200 4532 2322 4574 esse
2368 4518 2658 4590 debemus,
2709 4526 2767 4575 et
2819 4534 2988 4590 quam
3048 4522 3295 4578 maxime
3347 4520 3666 4593 apostolicae.
3703 4510 3782 4568 Sed

2203 4608 2404 4678 utique
2444 4622 2553 4664 non
2587 4609 2647 4664 in
2680 4608 2802 4665 illis
2833 4623 2960 4680 qua:
2987 4611 3320 4667 Christiana
3352 4612 3440 4667 lex
3480 4607 3786 4666 abominatur

2197 4711 2265 4754 ac
2301 4697 2582 4768 prohibet,
2625 4704 2681 4754 et
2719 4700 2830 4755 Deo
2871 4699 3106 4754 inimica
3143 4714 3269 4757 esse
3309 4705 3685 4764 monstrantur,
3710 4688 3783 4746 cui

2198 4787 2344 4843 dicit
2369 4787 2682 4858 PrOpheta:
2718 4809 2743 4840 (ι
2771 4788 3051 4857 Quoniam
3081 4802 3190 4844 non
3224 4791 3418 4846 volens
3440 4792 3580 4845 Deus
3603 4780 3785 4853 iniqui-

2200 4881 2369 4933 tatem
2394 4881 2456 4932 tu
2481 4889 2558 4932 es.
2592 4895 2618 4926 »
2646 4875 2864 4932 «Odisti
2890 4896 2915 4927 υ
2948 4877 3187 4933 Domine
3214 4899 3242 4930 ‹‹
3275 4892 3466 4934 omnes
3487 4877 3578 4948 qui
3601 4879 3785 4943 Operam

2199 4971 2294 5020 tur
2313 4965 2699 5036 iniquitatem,
2725 4965 2924 5035 perdes
2947 4984 2972 5016 ιο
2995 4979 3092 5022 eos
3114 4987 3139 5017 α
3165 4967 3266 5038 qui
3288 4967 3593 5038 loquuntur
3611 4957 3787 5018 menda-

2197 5054 2352 5110 cium
2373 5052 2536 5124 (Psal.
2564 5055 2634 5126 v).
2673 5072 2698 5102 »
2727 5057 2795 5110 Et
2822 5055 2942 5125 ipse
2962 5056 3242 5111 Dominus
3273 5057 3342 5113 ad
3375 5054 3669 5121 Jeremiam,
3695 5069 3713 5097 α
3739 5043 3783 5100 Si

2198 5143 2551 5214 separaveris
2597 5161 2622 5192 ››
2666 5143 2880 5214 inquit,
2927 5164 2952 5195 α
2988 5145 3301 5213 pretiosum
3338 5159 3369 5200 a
3415 5144 3533 5214 vili,
3573 5137 3712 5213 quasi
3738 5147 3785 5188 os

2198 5247 2381 5288 meum
2419 5231 2535 5288 eris
2561 5231 2770 5302 (Jerem.
2810 5233 2924 5303 xv).
2963 5250 2988 5281 ››

2193 5340 2319 5394 CAP.
2367 5338 2559 5393 XVIII.
2613 5369 2685 5378 —
2730 5339 2884 5405 Quod
2924 5341 3084 5394 aliud
3131 5343 3242 5396 sint
3283 5339 3610 5411 pontiﬁcales
3646 5333 3782 5411 sedes.

2265 5416 2314 5465 et
2356 5411 2515 5464 aliud
2551 5403 2928 5481 praesidentes,
2975 5417 3025 5466 et
3059 5415 3186 5481 quia
3217 5403 3564 5482 pfwsidentes
3594 5421 3682 5477 per
3706 5403 3785 5456 de-

2263 5484 2355 5536 via
2383 5483 2646 5550 sequendi
2686 5498 2795 5536 non
2835 5485 2965 5537 sint.

2266 5573 2377 5626 lus.
2409 5570 2612 5626 Sancta
2637 5571 2888 5626 Romana
2915 5572 3167 5629 Ecclesia
3198 5585 3370 5642 super
3396 5567 3659 5626 Ecclesias
3681 5559 3784 5629 pri-
