4068 6178
297 220 323 279 4
332 221 444 281 089

1015 223 1282 282 AUXILII
1318 225 1408 281 DE
1441 215 1678 282 ORDIN.
1733 221 1782 278 Α
1819 221 2139 280 FORMOSO
2179 225 2276 281 PP.
2337 227 2570 285 FACTIS
2610 232 2790 290 LIBRI
2827 233 2985 289 DUO.

3574 233 3598 292 4
3607 233 3713 292 090

297 352 518 405 matum
554 350 725 419 tenet,
761 348 1236 420 ideoquejudicat
1268 365 1483 422 omnes,
1529 354 1584 407 et
1623 349 1748 419 ipsa
1786 364 1819 406 a
1853 347 2038 408 ne—A
2063 362 2161 405 nec
2189 350 2354 406 debet
2393 365 2493 408 nec
2530 358 2732 426 potest,
2777 357 2876 426 qui
2918 357 3032 426 jam
3077 357 3134 413 in
3176 357 3342 414 illius
3382 359 3712 429 estjudicio

297 438 455 492 mine
476 437 793 507 judicatur.
837 437 920 494 Tu
951 443 1139 495 autem
1173 441 1308 512 quis
1353 455 1433 513 es,
1462 441 1562 512 qui
1594 444 1792 496 contra
1826 453 1947 496 eam

295 527 558 597 loqueris
594 526 622 580 εἰ
664 527 798 582 Der.
839 526 1007 584 Absit
1055 536 1119 585 ut
1160 544 1262 603 ego
1321 531 1573 602 infimus,
1623 529 1708 586 vel
1759 529 1952 600 potius

295 616 534 686 vermis,
568 621 768 671 contra
799 629 920 672 eam
949 617 1175 688 loquar,
1209 620 1328 689 sed,
1361 627 1426 676 ut
1454 622 1603 676 Deus
1631 618 1948 688 donaverit,

296 705 482 776 magis
505 719 607 775 pro
635 718 718 760 ea.
752 706 973 775 Quaeso,
1000 707 1311 779 diligenter
1331 711 1559 766 attende
1588 710 1737 782 quod
1770 708 1956 764 dictu-

297 809 402 849 rus
428 807 553 848 sum
584 793 750 865 longe
783 795 1333 866 incomparabiliter.
1362 799 1535 856 Aliud
1564 803 1699 854 sunt
1731 795 1956 867 pontiﬁ-

293 882 452 938 cales
489 883 670 952 sedes,
726 883 885 940 aliud
942 886 1328 954 praesidentes.
1376 888 1620 944 Proinde
1667 887 1850 942 honor
1898 890 1954 940 et

293 972 558 1044 dignitas
598 972 1061 1045 uniuscujusque
1111 977 1264 1032 sedis
1306 976 1710 1033 venerabiliter
1752 975 1955 1031 obser-

294 1061 482 1116 vanda
515 1069 668 1117 sunt.
713 1062 1089 1120 Praesidentes
1122 1070 1310 1122 autem
1357 1067 1408 1122 si
1447 1065 1817 1136 deviaverint,
1858 1078 1955 1134 per

173 1213 192 1226 ν
295 1150 464 1206 devia
496 1152 772 1221 sequendi
805 1165 917 1207 non
963 1158 1136 1225 sunt;
1167 1155 1272 1210 hoc
1314 1160 1420 1227 est,
1467 1155 1516 1211 si
1543 1161 1742 1210 contra
1788 1154 1951 1210 fidem

295 1240 386 1295 vel
407 1240 749 1296 catholicam
779 1241 1115 1313 religionem
1137 1258 1303 1316 agere
1327 1245 1624 1315 coeperint,
1651 1245 1710 1299 in
1738 1243 1955 1299 talibus

296 1343 398 1385 eos
423 1329 737 1399 nequadam
761 1331 924 1401 sequi
952 1331 1245 1404 debemus,
1270 1334 1420 1404 quod
1446 1333 1780 1404 plerumque
1801 1333 1951 1403 apud

291 1417 988 1486 Constantinopolitanam
1015 1424 1071 1475 et
1102 1421 1543 1478 Alexandrinam
1570 1423 1757 1485 sedem
1776 1420 1954 1476 conti-

298 1507 420 1578 git:
446 1507 502 1561 in
525 1505 618 1561 his
648 1514 835 1563 autem
856 1510 1128 1579 qumjure
1143 1511 1366 1582 dicunt,
1391 1515 1449 1566 et
1477 1513 1526 1567 si
1563 1525 1673 1567 non
1707 1510 1950 1581 faciunt,

300 1593 552 1650 libenter
580 1595 666 1650 eis
691 1594 923 1652 obedire
956 1597 1246 1654 debemus.
1281 1599 1425 1654 Hinc
1463 1605 1549 1655 est
1579 1599 1729 1669 quod
1759 1597 1955 1652 botros

2061 439 2432 511 constitutus,
2465 442 2565 512 qui
2599 448 2683 498 est
2713 443 2888 512 judex
2926 446 3183 502 vivorum
3215 453 3270 502 et
3310 454 3664 504 mortuorum
3695 466 3710 518 ς

2063 529 2162 598 qui
2185 543 2295 586 non
2309 533 2622 588 secundum
2642 546 2714 588 au
2737 532 2902 589 litum
2926 535 3176 601 aurium,
3200 550 3381 607 neque
3399 539 3709 593 secundum

2063 619 2360 676 oculorum
2391 621 2668 678 intuitum
2708 623 2954 693 judicat,
2989 624 3083 679 sed
3112 627 3426 683 secundum
3466 627 3521 681 id
3559 628 3712 697 quod

2062 714 2314 763 scrutans
2349 711 2513 765 corda
2545 717 2594 765 et
2623 728 2776 766 renes
2815 715 2957 767 Deus
2995 709 3163 784 (Psal.
3199 714 3318 785 vn).
3353 717 3467 770 INF.
3500 716 3622 770 Non
3661 721 3714 770 te

2063 812 2401 869 cognoscere
2443 801 2650 878 pigeat,
2686 803 2970 873 quomodo
3003 817 3102 872 per
3126 816 3256 859 eum
3289 804 3346 858 in
3377 808 3571 859 sancta
3602 805 3716 860 Ec-

2063 886 2257 957 clesia,
2297 888 2395 944 ubi
2445 904 2666 946 summa
2703 891 3010 947 concordia
3059 906 3183 948 esse
3229 892 3418 964 debet,
3458 895 3713 950 scandali

2065 977 2438 1034 seminarium
2479 979 2558 1034 sit
2596 985 2875 1036 exortum.
2926 983 3056 1035 DEF.
3102 983 3430 1052 Formosus,
3466 987 3530 1037 ut
3567 981 3712 1053 dixi,

2065 1079 2174 1122 non
2207 1068 2274 1122 ad
2311 1082 2415 1139 me,
2448 1069 2502 1123 id
2537 1074 2640 1139 est,
2669 1070 2738 1125 ad
2766 1071 3188 1126 ordinationem
3221 1086 3390 1141 quam
3425 1069 3581 1138 fecit,
3617 1071 3711 1126 sed

2063 1155 2130 1210 ad
2173 1170 2269 1212 eos
2314 1157 2562 1226 pertinet
2601 1159 2699 1228 qui
2749 1172 2877 1214 eum
2921 1158 3234 1231 elegerunt,
3277 1159 3710 1230 ordinaveru::t,

2063 1245 2231 1316 eique
2295 1247 2474 1302 donec
2549 1247 2771 1303 advixit
2847 1248 3436 1311 communicaverunt,
3499 1254 3557 1304 et
3619 1262 3717 1319 per

2063 1335 2254 1389 omnia
2291 1335 2600 1406 participes
2629 1338 2980 1393 exstiterunt
3011 1356 3026 1408 ;
3057 1343 3328 1408 attamen,
3368 1336 3474 1407 fac,
3512 1343 3576 1394 ut
3607 1337 3714 1393 tibi

2066 1428 2280 1479 rectum
2321 1425 2568 1480 videtur.
2615 1427 2725 1480 INF.
2784 1427 3088 1482 Formosus
3135 1433 3262 1496 post
3297 1427 3714 1497 depositionem

2065 1526 2223 1568 suam
2243 1513 2547 1584 episcopus
2563 1528 2685 1571 esse
2709 1530 2818 1571 non
2843 1516 3052 1587 potuit,
3079 1521 3292 1586 quanto
3317 1517 3509 1572 minus
3536 1514 3717 1585 papa?

2063 1604 2196 1656 Der.
2249 1603 2410 1659 Sicut
2449 1618 2644 1660 verum
2693 1612 2777 1662 est
2824 1606 2972 1676 quod
3016 1605 3332 1674 apostolica
3375 1605 3718 1660 auctoritate
3789 1616 3798 1622 '

299 1698 537 1754 carpere
568 1690 624 1740 et
653 1684 850 1754 spinas
879 1699 1076 1742 cavere
1112 1687 1402 1756 jubemur.
1434 1688 1581 1757 Quid
1617 1687 1794 1744 multa
1826 1686 1853 1740 ἰ)
1883 1687 1955 1741 de
1983 1674 2034 1734 Β
2064 1691 2362 1761 depositus
2393 1691 2589 1762 fuerit,
2625 1694 2705 1749 ita
2731 1674 2924 1750 verum
2963 1700 3050 1750 est
3075 1695 3223 1765 quod
3257 1694 3574 1764 apostolica
3605 1707 3720 1749 au-

294 1772 638 1828 Pastoribus
655 1774 721 1828 ad
739 1774 1012 1844 populum
1034 1789 1229 1831 revoca
1243 1776 1639 1848 intentionem,
1660 1776 1760 1846 qui
1783 1775 1950 1846 dicit,

299 1883 329 1913 ‹‹
357 1862 623 1918 Minister
650 1863 749 1917 Dei
777 1869 862 1918 est
885 1863 990 1918 tibi
1028 1864 1086 1918 in
1118 1864 1325 1921 bonum
1369 1865 1540 1934 (Rom.
1572 1865 1716 1938 χιιι).
1753 1884 1777 1914 υ
1812 1867 1956 1919 Pro-

305 1957 500 2021 pterea
539 1951 843 2020 subjunxit
875 1972 900 2004 ‹‹
946 1953 1005 2008 in
1044 1953 1278 2026 bonum,
1317 1972 1343 2004 »
1383 1955 1520 2024 quia
1559 1954 1824 2010 minister
1853 1953 1952 2009 Dei

301 2054 420 2097 non
451 2044 538 2096 est
562 2039 669 2095 tibi
704 2040 762 2096 in
795 2041 1026 2098 malum.

295 2183 429 2258 Car.
463 2183 616 2258 XIX.
646 2213 730 2258 _—
756 2186 831 2237 De
864 2199 922 2238 co
953 2185 1099 2254 quod
1146 2189 1408 2256 scriptum
1437 2191 1550 2240 est:
1593 2186 1955 2258 Quaecunque

370 2255 694 2397 agatviritis
738 2269 911 2399 su)per
942 2263 1170 2328 terram,
1216 2255 1386 2314 erunt
1417 2258 1590 2330 ligata
1620 2255 1676 2314 et
1715 2259 1772 2313 in
1811 2255 1954 2315 coelo

448 2344 482 2380 a
572 2368 583 2380 .
620 2341 782 2382 χχιιι.

448 2341 583 2381 ann.
620 2341 782 2382 XVIII.

375 2451 488 2504 Inr.
521 2451 760 2522 Ligandi
793 2458 964 2523 atque
988 2453 1242 2509 solvendi
1269 2458 1516 2525 potestas
1546 2455 1815 2511 omnibus
1841 2455 1958 2525 epi-

299 2540 493 2610 scopis
517 2540 748 2596 ctelitus
769 2547 855 2596 est
883 2541 1088 2598 collata
1113 2561 1127 2612 ;
1157 2543 1442 2613 praecipue
1463 2548 1649 2599 tamen
1675 2543 1959 2613 apostolo-

300 2645 429 2686 rum
459 2630 698 2701 vicario,
722 2631 822 2701 qui
847 2631 1024 2686 vicem
1048 2632 1295 2701 apostoli
1320 2633 1490 2696 Petri,
1514 2637 1569 2688 et
1589 2633 1773 2688 claves
1795 2634 1952 2704 regni

297 2720 532 2775 caelitus
577 2724 747 2775 tenet.
791 2721 858 2775 Et
903 2720 1138 2791 idcirco,
1184 2721 1612 2792 quomodolibet
1668 2722 1951 2793 ligaverit,

300 2807 542 2879 ligatum
579 2809 710 2863 erit.
745 2809 877 2862 Dsr.
907 2811 1028 2863 Non
1063 2809 1143 2864 ita
1175 2811 1326 2879 sapit
1351 2810 1562 2865 divinae
1594 2809 1737 2881 legis
1764 2811 1956 2866 inter-

302 2911 432 2968 pres
485 2897 878 2968 Hieronymus.
949 2899 1246 2967 Exponens
1307 2899 1452 2955 illud
1502 2899 1888 2971 evangelicum
1932 2918 1947 2955 :

303 3008 329 3038 α
356 2987 722 3057 Qumcunque
759 2986 1078 3059 ligaveritis
1107 3003 1281 3058 super
1311 2994 1514 3044 terram
1562 2994 1731 3044 erunt
1777 2989 1953 3061 ligata
1985 2997 2036 3063 ο

297 3083 354 3131 et
400 3076 458 3130 in
498 3075 658 3145 caelo,
719 3080 776 3131 et
813 3091 1170 3148 quaecunque
1203 3077 1495 3133 solveritis
1533 3091 1705 3148 super
1743 3082 1950 3134 terram

296 3170 468 3221 erunt
500 3165 678 3220 solata
708 3172 763 3220 et
794 3166 855 3221 in
887 3167 1048 3237 ccelo,
1085 3185 1111 3217 »
1141 3169 1225 3222 ait
1255 3185 1268 3221 :
1302 3169 1480 3222 Istum
1512 3167 1699 3222 locum
1744 3167 1955 3224 intelli.

298 3260 495 3326 gentes
522 3254 777 3324 episcopi
809 3260 864 3310 et
898 3255 1211 3326 presbyteri
1245 3255 1470 3326 aliquid
1506 3255 1619 3311 sibi
1651 3262 1956 3313 assumunt

296 3344 369 3399 de
393 3343 809 3399 Pharisaeorum
824 3344 1156 3414 supercilio,
1192 3348 1255 3400 ut
1279 3344 1364 3400 vel
1396 3344 1666 3400 damnent
1693 3345 1957 3403 innocen-

299 3437 404 3501 tes,
452 3432 535 3487 vel
578 3432 794 3488 solvere
839 3433 1046 3490 noxios
1095 3447 1156 3490 se
1192 3434 1570 3505 arbitrentur,
1625 3449 1753 3491 cum
1801 3436 1951 3505 apud

298 3520 476 3574 Deum
524 3533 634 3576 non
684 3523 968 3579 sententia
1014 3523 1395 3594 sacerdotum,
1435 3523 1531 3578 sed
1569 3537 1793 3580 reorum
1838 3523 1956 3580 vita

299 3615 611 3680 quaeratur.
645 3613 757 3665 Nec
790 3611 933 3667 illud
969 3611 1348 3668 omittendum
1383 3613 1534 3684 quod
1569 3627 1667 3683 per
1705 3613 1957 3683 prophe-

297 3703 414 3752 tam
441 3698 662 3754 dicitur
689 3717 702 3753 :
736 3699 1154 3756 Mortiﬁcabant
1173 3701 1395 3766 animas
1414 3715 1538 3772 quae
1561 3715 1672 3757 non
1703 3701 1955 3757 moriun-

298 3792 418 3858 tur,
448 3793 506 3843 et
553 3789 923 3844 vivificabant
951 3790 1174 3846 animas
1206 3805 1330 3861 qum
1362 3805 1472 3846 non
1505 3792 1706 3847 vivunt
1735 3791 1946 3860 (Ezech.

296 3876 446 3946 xm).
481 3879 600 3933 Non
637 3878 968 3934 morientem
1001 3879 1214 3950 quippe
1246 3880 1569 3946 mortificat,
1628 3884 1690 3934 ut
1720 3885 1952 3935 sanctus

295 3966 463 4020 docet
479 3966 818 4036 Gregorius,
849 3968 947 4036 qui
975 3968 1197 4036 justum
1223 3967 1494 4038 damnat;
1523 3975 1580 4024 et
1608 3982 1719 4024 non
1758 3969 1954 4024 victu-

300 4068 428 4109 rum
447 4053 736 4111 vivificare
756 4056 985 4125 nititur,
1017 4057 1117 4127 qui
1134 4071 1291 4112 reum
1307 4071 1336 4113 a
1357 4058 1646 4128 supplicio
1661 4057 1952 4113 absolvere

297 4148 561 4199 conatur.
593 4146 727 4199 Item
755 4159 787 4200 a
807 4145 1132 4201 Salomone:
1167 4146 1331 4202 Sicut
1359 4148 1480 4202 avis
1513 4148 1571 4202 in
1598 4147 1949 4203 contrarium

295 4232 516 4301 volans,
550 4239 606 4288 et
636 4247 830 4303 passer
861 4234 1120 4305 quolibet
1150 4237 1359 4291 vadens
1388 4237 1569 4305 (Prov.
1614 4236 1832 4309 χχχνι),
1865 4236 1951 4291 sic

297 4322 668 4379 maledictum
701 4322 913 4379 frustra
931 4324 1239 4397 prolatum,
1273 4317 1446 4394 super
1467 4325 1633 4381 illum
1661 4325 1760 4397 qui
1791 4325 1953 4382 misit

299 4412 473 4482 illud,
519 4412 724 4467 veniet.
768 4415 904 4468 item
956 4413 1038 4468 ibi
1086 4433 1098 4468 :
1154 4434 1180 4466 ‹‹
1225 4415 1430 4469 Anima
1473 4430 1600 4485 qua:
1637 4413 1947 4485 benedicit,

298 4499 764 4572 impinguabitur
784 4501 962 4569 (Prov.
1000 4502 1081 4575 χι)
1107 4521 1122 4573 ;
1151 4522 1175 4553 ι)
1211 4517 1335 4574 qua:
1366 4506 1556 4560 autem
1579 4501 1793 4560 frustra
1826 4517 1955 4559 ma-

299 4589 520 4660 ledicit,
569 4590 693 4659 ipsa
721 4590 780 4646 in
810 4591 1212 4648 maledictione
1241 4593 1372 4648 erit.
1425 4595 1557 4648 item
1591 4592 1776 4648 sancti
1807 4592 1958 4648 Gre-

298 4679 450 4751 gorii
487 4693 641 4749 papa).
673 4698 686 4734 :
723 4683 782 4736 In
809 4681 964 4736 omni
997 4689 1183 4738 autem
1208 4683 1357 4753 quod
1389 4683 1460 4738 de
1490 4682 1658 4738 nobis
1689 4688 1849 4738 extra
1873 4683 1958 4743 di.

295 4769 476 4839 citur,
524 4781 816 4824 recurrere
862 4771 929 4825 ad
969 4783 1175 4827 arcana
1222 4779 1405 4828 mente
1441 4771 1760 4842 debemus;
1808 4778 1863 4827 et
1903 4772 1953 4826 si

295 4871 497 4914 omnes
520 4857 865 4930 vituperent,
901 4859 1050 4915 liber
1071 4865 1158 4915 est
1184 4865 1367 4916 tamen
1400 4873 1567 4932 quem
1598 4860 1954 4916 conscientia

297 4961 414 5003 non
454 4954 686 5004 accusat
736 4966 752 5016 ς
789 4949 948 5021 quia,
989 4949 1097 5005 etsi
1131 4963 1327 5006 omnes
1357 4950 1611 5022 laudent,
1655 4949 1803 5006 liber
1833 4964 1956 5006 esse

299 5051 412 5092 non
441 5041 643 5109 potest,
677 5036 726 5093 si
759 5037 910 5094 hunc
939 5039 1291 5095 conscientia
1316 5043 1566 5096 accusat.

369 5161 498 5217 CAP.
533 5162 658 5216 XX.
694 5193 766 5237 -έ
795 5163 1041 5229 Qualiter
1068 5167 1353 5220 Formosus
1378 5171 1502 5236 post
1542 5166 1950 5237 depositionem,

550 5235 849 5302 apostolica
872 5238 1194 5291 aucto-ritate
1222 5235 1717 5292 recon’ciliatusﬁsit.

372 5360 484 5414 IND.
518 5360 661 5414 Ecce
689 5360 806 5429 jam
829 5362 897 5417 ad
932 5361 1102 5417 littus
1127 5367 1324 5433 coeptae
1355 5362 1669 5419 locutionis
1706 5364 1952 5434 prapin—

296 5453 542 5518 quantes
571 5447 695 5504 vela
723 5449 1086 5520 deponimus,
1119 5456 1176 5507 et
1202 5451 1508 5508 Formosus
1538 5453 1638 5523 qui
1673 5453 1951 5522 procellas

296 5537 550 5593 excitare
597 5551 710 5595 non
755 5540 974 5596 veritus
1019 5546 1126 5613 est,
1171 5555 1204 5598 a
1248 5547 1406 5599 tanto
1431 5543 1770 5599 discrimine
1793 5543 1950 5600 velut

299 5625 582 5683 immunis
611 5629 905 5685 remansit.
944 5631 1074 5686 Dsr.
1113 5633 1368 5690 Humano
1405 5632 1665 5690 examine
1688 5633 1942 5704 judicari

2063 1782 2330 1838 ctoritate
2360 1783 2770 1840 reconciliatus
2800 1784 3106 1840 exstiterit.
3142 1786 3256 1839 INF.
3290 1783 3527 1851 Quando
3553 1784 3720 1853 depo-

2065 1871 2215 1927 situs
2245 1876 2351 1940 est,
2388 1873 2775 1928 mediantibus
2807 1875 3187 1928 sacrosanctis
3217 1873 3541 1944 Evangeliis
3568 1873 3722 1942 jure-

2061 1961 2310 2029 jurando
2347 1961 2653 2032 conclusit,
2699 1966 2762 2016 ut
2792 1962 3120 2017 Romuleam
3155 1961 3352 2017 urbem
3388 1961 3718 2017 nullatenus

2068 2050 2484 2120 ingrederetur,
2509 2064 2794 2120 suumque
2813 2051 3203 2120 episcopatum
3226 2049 3558 2105 nullomodo
3581 2050 3720 2105 reci-

2067 2145 2240 2208 peret,
2273 2143 2327 2194 et
2356 2145 2648 2209 propterea
2680 2139 3044 2195 reconciliari
3077 2140 3312 2194 minime
3346 2138 3550 2209 potuit.
3580 2139 3712 2192 DEF.

2063 2229 2395 2285 Istiusmodi
2437 2229 2826 2298 juramentum
2887 2242 2997 2286 non
3045 2229 3230 2285 solum
3271 2242 3303 2284 a
3341 2227 3712 2296 Christianis,

2063 2317 2432 2373 verumetiam
2481 2318 2552 2373 ab
2587 2319 2840 2375 ethnicis
2872 2323 3172 2374 cruentum
3217 2322 3388 2387 atque
3431 2314 3715 2372 nefarium

2063 2420 2186 2462 esse
2224 2407 2574 2463 decernitur.
2613 2409 2822 2464 Revera
2851 2408 3000 2463 enim
3043 2407 3191 2462 nihil
3223 2407 3383 2462 aliud
3427 2406 3486 2461 in
3516 2419 3581 2462 eo
3609 2405 3718 2461 de-

2068 2496 2462 2567 prehenditur,
2510 2497 2624 2552 nisi
2668 2502 2731 2553 ut
2780 2497 2983 2552 limina
3030 2496 3420 2566 apostolorum
3468 2495 3618 2550 Petri
3663 2499 3720 2548 et

2065 2588 2226 2645 Pauli
2275 2601 2566 2657 nunquam
2605 2587 2888 2654 adoraret,
2936 2599 3229 2655 nunquam
3269 2585 3338 2640 ad
3373 2583 3721 2639 reconcilia-

2067 2678 2280 2733 tionem
2314 2676 2625 2746 accederet,
2666 2688 2952 2745 suumque
2979 2674 3373 2744 episcopatum
3423 2683 3719 2741 nunquam

2067 2769 2367 2838 reciperet.
2401 2765 2547 2820 Proh
2583 2763 2741 2820 nefas
2770 2763 2782 2818 l
2810 2763 3150 2833 Hujusmodi
3169 2760 3481 2832 juramenti
3506 2759 3723 2816 crude—
3793 2781 3803 2794 -

2066 2857 2220 2926 litas,
2256 2869 2356 2911 nec
2394 2855 2543 2924 apud
2578 2867 2825 2925 paganos
2851 2854 3160 2909 invenitur.
3197 2851 3290 2907 Vae
3322 2850 3444 2906 illis
3475 2849 3578 2920 qui
3606 2848 3718 2904 tale

2065 2951 2479 3003 sacramentum
2519 2943 2590 2998 ab
2623 2957 2689 2999 eo
2723 2957 2823 3013 per
2852 2943 2965 2998 vim
3007 2946 3390 2999 extorserunt.
3427 2938 3719 3010 Benignus

2067 3037 2164 3092 ille
2193 3040 2250 3090 et
2272 3033 2599 3088 misericors
2628 3032 2982 3100 apostolicus
3029 3033 3191 3086 Pater
3221 3031 3322 3102 qui
3369 3043 3498 3086 eum
3535 3043 3723 3084 recon-

2064 3125 2266 3182 ciliare
2286 3122 2553 3179 decrevit.
2590 3123 2701 3175 ius.
2737 3122 2947 3175 Venere
2972 3119 3174 3175 debuit
3203 3119 3558 3188 apostolicus
3591 3132 3723 3188 pon-

2064 3213 2204 3271 tifex
2239 3210 2610 3268 reconciliare
2638 3213 2947 3276 hominem,
2987 3209 3086 3278 qui
3119 3223 3178 3264 se
3209 3221 3398 3264 coram
3429 3209 3717 3280 episcOpis

2066 3303 2298 3374 pr0prio
2341 3315 2436 3357 ore
2481 3299 2790 3368 damnavit,
2840 3303 2894 3353 et
2956 3297 3173 3353 idcirco
3214 3297 3514 3367 depositus
3557 3297 3720 3356 fuit?

2063 3394 2196 3448 Der.
2234 3393 2489 3448 Poteram
2538 3389 2605 3444 ad
2651 3388 2767 3443 haec
2805 3399 3107 3457 opponere,
3155 3387 3255 3456 qui
3303 3400 3433 3442 cum
3480 3402 3539 3443 se
3579 3403 3720 3458 pro-

2066 3483 2192 3554 prio
2257 3495 2352 3538 ore
2411 3479 2723 3548 damnavit,
2783 3490 2896 3532 non
2954 3475 3140 3531 veraci
3191 3475 3565 3548 professione,
3619 3478 3715 3533 sed

2066 3585 2267 3643 magno
2311 3570 2516 3626 timore
2561 3566 2899 3638 perterritus
2931 3564 3308 3636 interroganti
3349 3578 3427 3632 se,
3457 3566 3719 3636 quamvis

2065 3675 2176 3717 non
2223 3658 2657 3730 inculpabiliter
2700 3653 3019 3726 satisfecit;
3067 3654 3162 3710 sed
3209 3653 3422 3710 sufﬁcit
3465 3654 3517 3709 ei
3567 3655 3716 3726 quod

2067 3749 2425 3820 postmodum
2460 3746 2776 3818 apostolica
2808 3743 3154 3800 auctoritate
3185 3742 3594 3799 reconciliatus
3618 3743 3714 3798 sit.

2061 3839 2210 3894 Audi
2251 3839 2445 3906 etiam,
2499 3836 2637 3907 quid
2683 3833 3002 3890 Alexander
3051 3845 3194 3902 papa
3243 3845 3414 3902 super
3445 3831 3721 3901 hujusce-

2067 3928 2215 3984 modi
2279 3926 2577 3982 occasione
2634 3922 2987 3994 synodaliter
3027 3926 3254 3976 censeat
3301 3921 3499 3976 dicens
3547 3939 3560 3975 :
3617 3922 3716 3975 Est

2060 4017 2231 4072 etiam
2281 4021 2338 4070 et
2394 4016 2498 4069 hoc
2564 4013 2631 4068 ad
2681 4012 2826 4066 hanc
2879 4015 3130 4067 sanctam
3178 4008 3458 4080 perlatum
3510 4008 3720 4078 sedem,

2063 4105 2212 4178 quod
2265 4105 2438 4174 pudet
2479 4102 2690 4170 dicere,
2727 4105 2784 4156 et
2833 4113 2944 4155 non
2991 4099 3178 4155 solum
3224 4098 3586 4166 sacerdotali,
3623 4097 3717 4154 sed

2060 4196 2229 4252 etiam
2258 4193 2414 4250 omni
2435 4190 2764 4247 Christiano
2791 4188 3011 4245 nomini
3040 4187 3341 4243 inimicum
3363 4193 3481 4257 est;
3514 4187 3569 4241 id
3603 4191 3708 4255 est,

2062 4285 2216 4357 quod
2249 4280 2556 4339 nonnullos
2599 4278 2902 4348 episcopos
2947 4277 3034 4331 vel
3061 4276 3384 4331 sacerdotes
3421 4280 3521 4330 aut
3566 4280 3719 4328 metu

1976 4375 2030 4437 D
2061 4372 2434 4444 compellunt,
2461 4374 2561 4426 aut
2590 4369 2645 4424 vi
2663 4370 3024 4437 extorquent,
3053 4369 3156 4420 aut
3183 4362 3382 4418 fraude
3398 4361 3715 4431 decipiunt,

2062 4464 2290 4534 aliquas
2317 4457 2701 4517 confessionis
2726 4469 2862 4523 suae,
2894 4455 2952 4510 in
2979 4453 3138 4509 aliud
3173 4451 3323 4522 quod
3349 4463 3460 4506 non
3491 4449 3715 4521 debent,

2063 4558 2165 4608 aut
2209 4565 2310 4621 pro
2341 4563 2572 4606 suarum
2617 4544 2996 4617 requisitione
3041 4553 3252 4611 rerum,
3286 4545 3405 4610 aut,
3444 4538 3592 4608 quod
3629 4537 3719 4593 de-

2067 4641 2249 4697 terius
2267 4645 2372 4709 est,
2399 4652 2500 4709 pro
2524 4637 2700 4692 alieni
2722 4633 2939 4690 erroris
2963 4635 3135 4696 secta,
3163 4629 3485 4698 scripturas
3513 4625 3716 4694 facere,

2067 4735 2123 4786 et
2153 4728 2405 4799 propriis
2437 4725 2702 4781 manibus
2742 4723 3028 4791 roborare,
3067 4724 3124 4776 et
3147 4731 3338 4775 coram
3371 4716 3586 4787 populo
3625 4729 3724 4771 re—

2065 4820 2263 4887 citare,
2299 4821 2470 4887 atque
2499 4813 2780 4869 confiteri.
2813 4811 3057 4882 Aliquos
3085 4810 3291 4864 dicunt
3319 4805 3632 4878 ergastulis
3667 4812 3724 4861 et

2065 4907 2392 4966 carceribus
2439 4903 2676 4971 recludi,
2727 4906 2789 4956 ut
2831 4900 3031 4956 saltem
3077 4899 3170 4954 his
3213 4897 3448 4954 territos
3487 4895 3722 4951 insidiis

2064 4998 2356 5068 decipiant
2394 4993 2622 5050 Domini
2655 4990 2997 5059 sacerdotes,
3026 4993 3081 5044 et
3111 4987 3238 5042 suis
3266 4985 3483 5042 faciant
3515 4985 3720 5042 volun-

2065 5088 2282 5146 tatibus
2313 5085 2576 5142 subditos
2607 5082 2750 5138 fieri.
2782 5082 2891 5135 llas
2915 5077 3348 5135 considerantes
3375 5076 3716 5146 impietates,

2061 5185 2118 5235 et
2156 5175 2410 5249 pericula
2452 5174 2698 5230 vitantes
2729 5171 3077 5239 animarum,
3113 5181 3226 5224 una
3280 5180 3410 5222 cum
3455 5161 3722 5219 omnibus

2062 5265 2476 5334 sacerdotibus,
2502 5263 2602 5334 qui
2631 5261 2924 5318 vobiscum
2956 5258 3016 5313 in
3039 5257 3187 5313 hanc
3212 5266 3430 5313 sacram
3451 5260 3720 5306 convene-

2063 5363 2199 5415 runt
2226 5355 2444 5425 urbem,
2463 5358 2519 5408 et
2547 5366 2676 5408 cum
2708 5348 2978 5407 omnibus
2997 5347 3171 5416 hujus
3187 5342 3395 5413 capitis
3420 5335 3709 5425 membris,

2061 5450 2216 5504 sicut
2239 5460 2272 5502 a
2302 5424 2485 5502 beatis
2509 5442 2808 5514 apostolis,
2838 5445 2894 5496 et
2927 5437 3170 5508 reliquis
3200 5430 3419 5488 sanctis
3448 5424 3718 5514 Patribus

2057 5545 2114 5596 et
2143 5513 2575 5595 successoribus
2617 5547 2813 5590 eorum
2857 5528 3200 5597 accepimus,
3249 5519 3564 5577 statuentes
3609 5513 3719 5568 de-

2061 5629 2372 5700 cernimus,
2405 5639 2601 5685 omnes
2630 5623 2731 5695 qui
2772 5622 2998 5676 sanctos
3042 5616 3236 5671 Patres
3269 5608 3695 5681 persequuntur
