4082 6168
483 203 611 262 4091

478 334 579 385 aut
626 341 884 385 amovere
921 328 1006 385 vel
1047 329 1362 386 dilacerare
1393 328 1852 400 manifestantur,
1893 327 2135 384 infames

1250 202 1542 260 APPEND.
1583 201 1677 258 AD
1715 201 1875 260 sae.
1933 201 2031 259 1x.
2072 233 2145 243 —
2182 195 2536 257 AUCTORES
2587 198 2756 256 ANNI
2807 179 3100 255 INCERTI.

3687 204 3792 263 1092

2159 329 2217 390 A
2244 326 2484 397 ideoque
2515 323 2700 382 solius
2727 325 2826 381 Dei
2855 325 3082 396 judicio
3118 324 3528 397 relinquendum
3555 334 3643 385 est.
3666 331 3792 388 Atta-

479 432 623 489 esse,
654 423 710 474 et
728 419 948 476 alienos
976 433 1007 475 a
1037 419 1342 476 liminibus
1366 421 1634 476 Ecclesia
1665 433 1847 490 usque
1871 418 1939 474 ad
1973 418 2136 476 satis.
2244 429 2368 470 men
2397 415 2664 471 universa
2705 416 2956 471 Romana
2988 414 3212 483 civitas,
3243 420 3298 470 et
3319 428 3499 472 omnes
3530 417 3793 491 circumpo-

481 507 787 564 factionem
810 508 952 564 fleri.
974 509 1238 578 Ejusdem
1263 505 1494 582 [Supple
1514 505 1823 581 epistola]:
1849 506 2135 563 Similiter
2241 504 2367 559 sita
2393 504 2674 576 regiones,
2703 505 3005 575 pracipua
3035 503 3352 560 sanctitatis
3371 517 3487 560 eum
3511 504 3662 562 fuisse
3685 523 3793 566 com-

479 598 529 654 si
568 597 900 668 hujusmodi
934 597 1192 667 personis
1242 598 1498 667 quadam
1558 597 1861 668 scriptura
1902 609 2131 666 quoquo

480 688 646 743 modo
677 700 776 756 per
797 691 1028 756 metum,
1057 692 1162 742 aut
1186 685 1463 757 fraudem,
1497 691 1597 742 aut
1627 699 1725 756 per
1755 689 1867 740 vim
1894 690 2130 741 extorta

477 777 714 848 fuerint,
747 775 834 831 vel
861 782 924 832 ut
941 790 1000 832 se
1032 776 1275 831 liberare
1302 776 1544 846 possint,
1581 788 1923 846 quocunque
1949 774 2018 830 ab
2043 773 2130 829 eis

477 867 836 936 conscripta,
864 866 946 921 vel
975 865 1252 921 roborata
1272 864 1489 921 fuerint
1514 865 1766 937 ingenio,
1791 864 2015 919 nullum
2044 863 2129 919 eis

479 953 879 1024 prajudicium
911 957 1010 1007 aut
1041 957 1443 1008 nocumentum
1479 953 1778 1022 provenire
1805 964 2125 1022 censemus,

478 1056 661 1113 neque
691 1042 865 1098 ullam
917 1043 1002 1097 eis
1048 1040 1341 1097 infamiam
1394 1047 1494 1096 aut
1534 1040 1905 1110 calumniam,
1951 1043 2056 1096 aut
2095 1052 2130 1094 a

476 1133 603 1188 suis
647 1131 1154 1201 sequestrationem
1181 1129 1365 1186 bonis
1409 1143 1682 1200 unquam,
1735 1136 1965 1185 auctore
2011 1131 2130 1184 Do-

477 1221 652 1291 mino,
672 1227 728 1276 et
752 1220 966 1275 sanctis
982 1219 1279 1290 apostolis,
1307 1233 1620 1290 eorumque
1639 1218 2123 1290 succcessoribus,

474 1308 760 1364 sustinere
792 1307 1200 1377 permittimus.

442 1459 461 1486 -.
543 1435 841 1492 CAP.XXI.
866 1463 944 1492 -,
968 1431 1696 1501 Quiaplurimisacerdotum
1725 1431 1958 1500 depositi
1992 1432 2128 1498 fue-

813 1509 961 1570 runt,
995 1510 1043 1557 et
1056 1503 1400 1574 postmodum
1425 1504 1781 1557 reconciliati.

546 1633 657 1686 INF.
712 1631 771 1687 Si
823 1631 933 1686 tale
977 1629 1116 1699 quid
1167 1629 1236 1684 ad
1271 1629 1561 1698 lapsorum
1595 1626 2120 1684 reconciliationem

476 1720 743 1790 pertinet,
785 1719 1062 1789 exemplis
1086 1717 1378 1774 conﬁrma.
1428 1719 1560 1772 DEF.
1601 1716 1842 1772 Plurimi
1880 1729 2123 1786 namque

475 1810 831 1866 sacerdotum
862 1809 1110 1879 depositi
1144 1806 1395 1878 fuerunt,
1437 1811 1493 1862 et
1524 1805 1884 1875 postmodum
1917 1819 2126 1861 recon-

473 1897 694 1953 ciliati:
728 1898 1107 1966 reconciliati,
1139 1896 1394 1967 inquam,
1424 1909 1536 1952 non
1564 1895 1752 1950 denuo
1781 1895 1840 1949 in
1869 1894 2122 1962 idipsum

471 1986 818 2056 consecrati;
853 1986 1124 2057 quoniam
1165 1985 1394 2056 quidem
1427 1984 1587 2040 aliud
1620 1983 2036 2054 reconciliatio,
2069 1988 2126 2039 et

471 2075 632 2132 aliud
655 2076 1026 2132 consecratio.
1060 2077 1196 2131 Nam
1223 2075 1323 2145 qui
1345 2074 1772 2142 reconciliatur,
1801 2074 1858 2128 in
1881 2074 2123 2145 gradum

475 2165 786 2234 pristinum
828 2166 1202 2236 restituitur;
1257 2164 1357 2235 qui
1395 2170 1586 2220 autem
1630 2169 2018 2234 consecratur,
2065 2163 2120 2218 id

472 2255 621 2325 quod
645 2269 755 2312 non
783 2255 951 2311 habet
973 2255 1204 2325 accipit.
1233 2255 1359 2323 Sed,
1390 2260 1454 2309 ut
1477 2253 1668 2309 dicere
1687 2253 1855 2324 capi,
1882 2254 2123 2310 Joannes

469 2344 907 2415 Chrysostomus
936 2357 968 2399 a
997 2345 1223 2401 duabus
1251 2344 1486 2414 synodis
1511 2343 1959 2399 orthodoxorum
1991 2344 2124 2413 epi—

471 2447 774 2504 scoporum
804 2434 917 2490 fuit
952 2434 1268 2504 judicatus,
1303 2433 1396 2488 sed
1434 2433 1640 2488 iterum
1674 2430 1787 2487 fuit
1815 2432 2122 2490 restitutus

470 2523 736 2578 Ecclesia
774 2538 912 2580 sua.
944 2525 1171 2579 Necnon
1215 2528 1271 2577 et
1315 2521 1616 2577 Marcellus
1663 2521 1967 2591 episcopus
1996 2522 2122 2578 An-

469 2625 615 2682 cyra
656 2610 894 2666 Galatia
940 2611 1239 2680 depositus
1282 2610 1414 2679 fuit,
1449 2610 1541 2665 sed
1585 2610 1945 2679 postmodum
1981 2626 2120 2680 pro-

472 2701 660 2770 prium
687 2701 903 2770 recepit
922 2700 1331 2769 episcopatum.
1358 2699 1658 2768 Asclepius
1676 2699 1806 2754 item
1821 2699 2119 2768 judicatus

468 2801 500 2843 a
543 2789 778 2859 synodo,
808 2787 1120 2844 Ecclesiam
1153 2802 1314 2844 suam
1343 2792 1537 2858 postea
1565 2788 1795 2858 recepit.
1832 2787 2120 2846 Lucianus

467 2881 773 2951 episcopus
818 2876 1285 2946 Adrionopolites
1333 2877 1639 2932 damnatus
1676 2889 1707 2930 a
1761 2889 1902 2946 papa
1937 2876 2113 2940 Iulio.

468 2967 683 3038 recepit
730 2965 1040 3022 Ecclesiam
1091 2965 1182 3022 sui
1236 2965 1618 3034 episcopatus.
1673 2966 1808 3020 Item
1864 2965 2118 3035 Cyrillus

464 3056 1014 3128 llierosolymitanus
1025 3055 1324 3125 depositus
1342 3053 1474 3125 fuit,
1499 3059 1689 3125 postea
1708 3055 2117 3112 reconciliatus

460 3153 548 3204 est
567 3147 833 3202 Ecclesia
853 3159 990 3202 sua.
1019 3145 1211 3201 Simili
1243 3145 1407 3201 modo
1427 3151 1484 3200 et
1504 3144 1944 3215 Polychronium
1971 3145 2120 3214 ejus-

461 3237 588 3293 dem
636 3235 902 3292 Ecclesia
957 3234 1481 3305 Hierosolymitana
1525 3234 1850 3305 pontiﬁcem
1900 3236 2118 3306 Xystus

463 3337 606 3394 papa
643 3323 956 3394 damnavit,
996 3329 1052 3380 et
1097 3323 1305 3379 iterum
1360 3323 1481 3393 ipse
1521 3337 1649 3379 eum
1698 3322 2112 3379 reconciliavit.

461 3413 834 3470 Innocentius
865 3414 997 3470 item
1032 3427 1171 3484 papa
1217 3413 1523 3468 Photinum
1566 3413 1860 3469 damnavit
1884 3413 2116 3483 episco-

462 3517 618 3572 pum,
647 3503 742 3560 sed
789 3504 909 3573 ipse
942 3517 1071 3560 eum
1105 3509 1296 3572 postea
1328 3503 1386 3557 in
1429 3503 1663 3572 proprio
1709 3503 1965 3558 restituit
1990 3502 2114 3558 loco

459 3594 726 3650 Ecclesia
755 3608 894 3650 sua.
927 3596 1178 3663 Itemque
1206 3593 1488 3648 Misenum
1514 3592 1845 3662 episcOpum
1872 3605 1904 3646 a
1931 3591 2114 3647 Felice

460 3697 604 3754 papa
643 3685 999 3751 damnatum,
1030 3682 1296 3738 Gelasius
1346 3696 1488 3752 papa
1531 3694 1826 3738 successor
1871 3681 2029 3737 ﬁlius
2057 3687 2112 3738 et

459 3772 907 3828 communicavit
940 3777 996 3826 et
1039 3771 1304 3826 Ecclesia
1352 3784 1470 3825 sua
1512 3770 1786 3826 restituit.
1839 3771 2112 3826 Leontius

457 3867 646 3915 autem
677 3861 814 3915 dum
845 3864 994 3915 esset
1012 3859 1303 3929 presbyter
1330 3858 1629 3928 depositus
1652 3858 1784 3930 fait,
1817 3860 1912 3916 sed
1947 3865 2111 3931 post—

457 3961 521 4004 ea
549 3949 608 4003 in
639 3947 943 4003 Antiochia
987 3948 1311 4019 patriarcha
1356 3948 1599 4005 exstitit.
1633 3950 1947 4023 Gregorius
1976 3965 2109 4009 vero

457 4041 700 4108 quartus
758 4050 921 4108 papa,
967 4037 1369 4106 Theodosium,
1421 4053 1587 4109 quem
1635 4041 1927 4112 Eugenius
1983 4043 2110 4112 ejus

455 4132 780 4183 antecessor
838 4127 1175 4199 presbyterii
1232 4129 1445 4184 honore
1500 4129 1837 4201 privaverat,
1899 4139 2109 4189 sancta

455 4216 721 4273 Ecclesia
750 4217 1004 4290 Signina
1035 4218 1391 4274 consecravit
1415 4218 1768 4288 episcopum.
1799 4219 1924 4276 Ibas
1956 4235 2110 4278 nam-

455 4319 564 4377 que
611 4307 916 4378 episcopus
963 4307 1261 4377 judicatus
1304 4306 1436 4378 fuit,
1473 4308 1568 4364 sed
1618 4313 1813 4364 sancta
1852 4311 2107 4379 synodus

451 4395 723 4452 canonice
740 4409 901 4453 suam
917 4397 1006 4452 illi
1022 4397 1280 4453 restituit
1296 4384 1622 4452 Ecclesiam.
1642 4396 1963 4454 Rothanum
1975 4413 2108 4458 vero

451 4484 784 4556 episcopum
833 4491 1043 4542 sancta
1071 4485 1506 4542 Suessionensis
1530 4485 1797 4542 Ecclesia
1831 4501 1863 4544 a
1893 4490 2108 4558 synodo

451 4574 546 4628 cui
589 4575 828 4631 Carolus
873 4575 1141 4632 interfuit
1169 4588 1267 4630 rex
1311 4574 1771 4646 condemnatum,
1800 4582 1856 4633 et
1893 4579 2112 4637 Sotfre-

453 4661 613 4716 nium
653 4663 1046 4720 Placentinum
1091 4663 1422 4734 episcopum
1470 4666 1674 4721 merito
1716 4667 2102 4742 reprobatum,

451 4749 723 4806 Nicolaus
755 4765 898 4821 papa
927 4766 1038 4808 una
1071 4751 1369 4810 nobiscum
1402 4755 1813 4812 reconciliavit.

449 4897 575 4953 CAP.
615 4895 799 4968 XXII.
828 4925 900 4936 —
943 4898 1009 4951 Ut
1055 4897 1117 4951 id
1161 4898 1307 4968 quod
1362 4901 1623 4956 incertum
1665 4907 1742 4957 est
1790 4903 1958 4959 solius
2003 4907 2105 4960 Dei

509 4967 725 5044 judicio
746 4970 817 5022 sit
842 4967 1298 5044 relinquendum;
1325 4977 1375 5026 et
1396 4973 1461 5026 de
1476 4975 1737 5044 episcopis
1761 4977 1858 5044 qui
1891 4977 1957 5030 de
1977 4978 2101 5033 sede

519 5039 595 5094 ad
617 5040 786 5093 aliam
810 5040 986 5094 sedem
1015 5043 1277 5096 translati
1306 5049 1452 5098 sunt.

519 5149 629 5203 INF.
660 5146 969 5204 Formosus
996 5154 1137 5220 esto,
1173 5145 1582 5210 reconciliatus
1613 5151 1808 5225 fuerit,
1841 5162 2099 5225 postmo-

444 5237 581 5294 dum
613 5251 763 5308 vero,
790 5237 1049 5294 humana
1074 5237 1264 5296 laudis
1293 5242 1559 5312 cupidus,
1595 5243 1883 5314 prepriam
1911 5246 2098 5303 relin-

446 5341 628 5399 quens
640 5341 896 5398 uxorem,
912 5326 1158 5385 alienam
1170 5329 1356 5385 abstul
1369 5331 1440 5398 it;
1458 5331 1728 5388 videlicet
1741 5334 1940 5391 relicto
1953 5338 2100 5407 epis.

444 5421 670 5488 copatu,
699 5416 792 5473 his
812 5417 912 5488 qui
939 5418 1247 5474 ordinandi
1275 5423 1437 5474 erant
1457 5421 1826 5490 apostolicam
1853 5424 2098 5483 abstulit

443 5505 652 5560 sedem.
706 5506 836 5560 Der.
895 5505 1229 5563 Utrumnam
1286 5507 1547 5563 humana
1604 5507 1797 5567 laudis
1845 5515 2095 5585 cupidus

441 5593 825 5664 apostolicum
879 5595 1151 5654 thronum
1194 5596 1593 5655 conscenderit
1651 5599 1931 5660 incertum
1985 5608 2092 5677 est,

2243 599 2575 664 memorant,
2605 594 2862 663 exceptis
2899 593 3203 649 admodum
3231 594 3439 664 paucis,
3473 595 3559 664 qui
3595 609 3698 652 eum
3722 598 3793 653 in-

2240 681 2452 739 famare
2487 696 2598 739 non
2622 683 2986 740 erubescunt.
3035 685 3147 740 Nec
3184 684 3403 752 mirum,
3433 698 3549 740 cum
3575 686 3713 741 etiam
3742 688 3793 744 de

2237 771 2525 829 Salvatore
2559 773 2836 843 scriptum
2864 773 2961 844 sit,
3013 792 3039 824 α
3070 772 3188 828 Alii
3213 772 3465 828 dicebant
3500 774 3618 844 quia
3656 775 3793 831 bonus

2237 865 2341 931 est,
2397 861 2542 919 alii:
2597 864 2741 934 Non,
2792 861 2888 918 sed
2943 861 3170 917 seducit
3221 861 3412 917 turbas
3453 861 3604 931 (Joan.
3649 865 3740 934 vn).
3771 887 3790 913 ι

2234 949 2508 1006 Caterum
2535 965 2667 1007 vero
2695 951 2842 1022 quod
2873 951 2932 1006 in
2966 950 3295 1020 hujusmodi
3334 951 3664 1008 translatione
3683 953 3793 1008 alie-

2237 1051 2364 1094 nam
2406 1053 2634 1096 uxorem
2666 1053 2777 1096 non
2813 1039 3138 1112 abstulerit,
3183 1039 3556 1110 probabilibus
3579 1041 3792 1110 exemplis

2236 1127 2546 1185 clarescere
2596 1133 2799 1199 potest.
2855 1129 3070 1186 Omitto
3119 1143 3216 1185 eos
3267 1129 3364 1200 qui
3415 1135 3534 1184 ante
3566 1130 3790 1186 Nicanum

2236 1217 2549 1274 concilium
2587 1219 2657 1274 de
2695 1217 2825 1274 sede
2874 1217 2942 1273 ad
2973 1218 3146 1274 aliam
3187 1218 3369 1274 sedem
3413 1218 3642 1274 translati
3677 1226 3790 1273 sunt.

2234 1307 2506 1378 Nunquid
2517 1320 2644 1363 nam
2668 1307 2983 1379 Gregorius
3011 1308 3414 1379 Nazianzenus,
3441 1307 3590 1363 homo
3615 1307 3795 1362 sanctis-

2235 1396 2422 1452 simus
2445 1403 2616 1468 atque
2639 1397 3036 1466 doctissimus,
3071 1397 3306 1469 ignarus
3339 1396 3448 1453 fuit
3467 1397 3681 1466 ejusdem
3700 1409 3793 1451 con.

2236 1485 2386 1555 cilii,
2407 1491 2507 1540 aut
2528 1486 2674 1541 illud
2699 1487 3002 1558 quisquam
3029 1486 3238 1542 melius
3261 1485 3535 1558 intelligit,
3550 1499 3688 1556 quam
3706 1485 3794 1554 ipse

2238 1573 2590 1630 intellexisse
2615 1575 3014 1646 dignoscitur?
3035 1576 3137 1631 llic
3156 1576 3308 1631 enim
3330 1589 3452 1631 cum
3470 1574 3622 1630 unius
3646 1575 3794 1628 civita-

2157 1666 2207 1727 B
2235 1664 2331 1731 tis,
2353 1677 2478 1734 qua
2494 1664 2713 1722 Sazima
2729 1664 3046 1736 dicebatur,
3074 1662 3281 1721 fuisset
3293 1665 3589 1735 episcOpus,
3607 1660 3794 1718 consilio

2233 1757 2289 1808 et
2315 1752 2545 1808 hortatu
2590 1752 2739 1808 beati
2780 1753 2980 1809 Basilii
3012 1759 3068 1809 et
3094 1753 3343 1810 aliorum
3369 1752 3728 1824 episcoporum,
3752 1750 3794 1804 in

2234 1841 2444 1912 oppido
2462 1842 2741 1898 Nazianzo
2761 1842 3114 1898 constitutus
3138 1848 3246 1914 est,
3270 1843 3465 1898 deinde
3482 1840 3795 1897 Constantino-

2234 1930 2410 2001 polim
2440 1931 2752 1987 translatus
2770 1937 2873 1987 est.
2901 1931 3238 1988 Dositheum
3261 1931 3515 1988 Seleucia
3535 1931 3792 2000 episcopum

2233 2021 2548 2077 Alexander
2567 2022 2960 2078 Antiochenus
2985 2023 3292 2092 episcopus
3315 2022 3370 2077 in
3398 2023 3608 2076 Tarsum
3629 2017 3792 2074 Cilicia

2231 2111 2594 2183 demigravit.
2631 2111 3002 2168 Reverentius
3039 2111 3110 2168 ab
3134 2113 3304 2168 Areis
3334 2111 3609 2167 Pbanicia
3642 2109 3688 2162 in
3712 2107 3794 2176 Ty-

2234 2215 2356 2257 rum
2384 2202 2664 2273 migratus
2693 2208 2796 2257 est.
2819 2202 3060 2258 Joannes
3097 2203 3168 2257 de
3192 2202 3382 2258 Gordo
3413 2200 3580 2271 Lydia
3603 2202 3794 2252 mutatus

2231 2298 2317 2346 est
2350 2291 2407 2346 in
2438 2291 2860 2360 Proconissum,
2893 2296 2948 2346 et
2981 2292 3039 2346 in
3079 2305 3142 2347 ea
3175 2292 3439 2362 prasedit
3461 2289 3689 2345 Ecclesia.
3713 2285 3795 2340 Pal-

2232 2383 2426 2439 ladius
2455 2381 2525 2436 ab
2556 2381 2883 2451 Ilelenopoli
2909 2386 3164 2438 mutatus
3190 2387 3283 2438 est
3313 2383 3368 2438 in
3391 2383 3670 2450 Aspamam.
3695 2375 3795 2430 Ale-

2230 2473 2444 2528 xander
2473 2472 2543 2526 ab
2571 2471 2686 2527 alia
2712 2472 3040 2542 Helenopoli
3076 2472 3136 2527 in
3156 2471 3574 2542 Adrianopolim
3603 2471 3794 2524 mutatus

2227 2568 2334 2618 est.
2368 2562 2630 2618 Meletius
2676 2561 2840 2631 prius
2889 2563 2947 2616 in
2997 2561 3304 2619 Sebastena
3339 2560 3570 2617 Ecclesia
3603 2555 3791 2628 prafuit,

2227 2655 2283 2706 et
2314 2655 2504 2720 postea
2534 2651 2852 2708 Antiochia
2878 2651 3084 2722 prasul
3111 2658 3201 2708 est
3229 2653 3575 2709 constitutus.
3603 2649 3796 2704 Theose-

2228 2739 2362 2796 bius
2389 2739 2459 2796 ab
2487 2739 2725 2810 Apamia
2766 2741 2914 2797 Asia
2954 2740 3300 2799 transfertur
3327 2744 3382 2798 in
3413 2737 3792 2808 Eudoxiopolim,

2227 2843 2352 2900 qua
2399 2829 2618 2886 dudum
2669 2830 2986 2888 Salambria
3037 2831 3364 2888 vocabatur.
3415 2831 3710 2902 Polycarpus
3746 2825 3796 2880 de

2227 2917 2368 2974 urbe
2390 2918 2792 2989 Antepristena
2821 2920 3012 2990 Mysia
3044 2921 3104 2976 in
3130 2921 3448 2992 Nic0polim
3471 2917 3688 2973 Thracia
3710 2927 3796 2968 mu-

2146 2997 2194 3060 C
2225 3012 2380 3064 tatus
2421 3015 2524 3065 est.
2581 3008 2949 3080 Hierophilus
2990 3009 3060 3066 de
3101 3008 3464 3081 Trapezopoli
3503 3005 3716 3078 Phrygia
3752 3001 3794 3057 in

2223 3097 2589 3154 Antiochiam
2630 3099 2911 3170 migratus
2953 3106 3058 3156 est.
3109 3101 3380 3171 Optimus
3424 3099 3490 3154 ab
3523 3092 3794 3168 Agardamia

2226 3187 2483 3260 Phrygia
2517 3189 2576 3244 in
2604 3189 2970 3245 Antiochiam
2996 3190 3235 3246 Pisidia
3263 3192 3531 3263 migratus
3547 3191 3637 3243 est.
3655 3181 3795 3254 Syiva-

2224 3290 2334 3333 nus
2362 3291 2394 3333 a
2438 3277 2828 3348 PhilippOpoli
2859 3279 3113 3334 Thracia
3143 3285 3402 3336 mutatus
3428 3283 3509 3334 est
3537 3277 3588 3331 in
3611 3271 3791 3328 Troada.

2227 3367 2525 3439 Perigenes
2547 3368 2605 3422 in
2635 3368 2818 3423 Petris
2835 3373 2922 3424 est
2937 3368 3244 3426 ordinatus
3265 3369 3570 3440 episcopus.
3595 3362 3672 3419 sed
3696 3371 3796 3430 quo’

2228 3456 2377 3512 niam
2393 3457 2544 3513 cives
2556 3457 2808 3527 ejusdem
2834 3459 3090 3514 civitatis
3109 3472 3242 3514 eum
3266 3459 3506 3529 recipere
3523 3449 3794 3512 noluerunt'

2222 3545 2486 3628 Romana
2511 3547 2769 3604 civitatis
2787 3548 2966 3618 jussit
3003 3562 3132 3604 eum
3163 3545 3532 3604 inthronizari
3561 3545 3611 3599 in
3635 3539 3794 3596 Corin-

2222 3634 2386 3691 thum
2445 3637 2803 3707 metropolim
2858 3635 3129 3694 defuncto
3187 3640 3314 3709 ejus
3359 3638 3624 3708 episcopo,
3671 3629 3795 3698 εἱαιιε

2221 3725 2399 3780 donec
2451 3725 2674 3781 advixit
2729 3727 2994 3782 Ecclesia
3041 3725 3293 3798 prafuit.
3341 3725 3602 3783 Eusebius
3650 3721 3794 3786 ἱιίιίιιιθ

2221 3814 2525 3885 Pamphili,
2557 3817 2615 3871 in
2638 3821 2796 3874 sexto
2827 3817 3233 3875 ecclesiastica
3261 3817 3511 3874 historia
3539 3813 3683 3876 libro,
3710 3805 3795 3862 Ale

2219 3903 2500 3960 xandrum
2533 3906 2710 3962 unius
2733 3907 3101 3977 Cappadocia
3134 3907 3396 3963 civitatis
3419 3905 3708 3976 episcopum
3727 3906 3795 3948 re-

2221 3992 2362 4063 fert;
2391 3995 2528 4064 quia
2557 4009 2686 4052 cum
2725 3997 2973 4053 venisset
3003 4011 3174 4054 causa
3219 3995 3497 4054 orationis
3532 3984 3794 4053 Hierosoly-

2220 4097 2385 4154 mam,
2415 4089 2606 4141 tentus
2645 4086 2724 4142 sit
2760 4086 2831 4142 ab
2860 4088 2984 4157 ejus
3020 4086 3269 4150 civibus,
3302 4092 3360 4142 et
3385 4087 3441 4142 in
3479 4084 3642 4140 locum
3685 4077 3795 4131 Nar-

2215 4171 2355 4228 cissi
2378 4173 2628 4244 episcopi
2656 4176 3028 4247 constitutus,
3052 4181 3109 4231 et
3127 4177 3198 4232 de
3219 4182 3422 4232 catero
3446 4170 3588 4229 omni
3609 4167 3704 4223 vita
3721 4172 3795 4218 sua

2220 4261 2332 4332 ipsi
2359 4263 2624 4320 Ecclesia
2651 4265 3026 4334 prasedisset.
3057 4267 3379 4322 Germanus
3401 4259 3796 4329 archiepiscopus

2137 4363 2193 4427 ι)
2217 4353 2287 4410 de
2309 4354 2605 4424 metrOpoli
2627 4355 2828 4425 Cyzico
2846 4355 3158 4412 translatus
3179 4361 3268 4412 est
3290 4342 3795 4416 ConstantinOpolim.

2221 4443 2279 4498 in
2309 4457 2419 4514 qua
2461 4443 2836 4500 translatione
2877 4444 3166 4515 presbyter
3209 4448 3418 4501 sancta
3449 4444 3681 4497 Romana
3715 4432 3796 4486 Ec—

2216 4533 2406 4589 clesia
2454 4535 2870 4604 apocrisiarius
2921 4535 3151 4591 nomine
3200 4533 3463 4596 Michael,
3511 4528 3658 4586 talem
3696 4517 3796 4577 fecit

2216 4637 2550 4680 sermonem.
2579 4624 2782 4702 Divina
2805 4624 2956 4680 enim
2981 4624 3166 4696 gratia
3186 4637 3316 4694 qua
3335 4623 3596 4694 dignatur
3623 4613 3795 4702 inﬁrma

2214 4713 2444 4784 eligere,
2471 4717 2527 4768 et
2559 4698 2899 4783 inconipleta
2929 4713 3234 4784 complere,
3284 4708 3573 4767 transtulit
3593 4712 3641 4760 et
3671 4696 3795 4784 ordi-

2213 4783 2372 4856 navit
2418 4801 2475 4856 in
2503 4801 2949 4858 sacratissimam
2987 4801 3172 4856 sedem
3205 4783 3237 4855 a
3263 4801 3379 4856 Deo
3407 4797 3710 4853 conservata
3729 4783 3798 4839 ci-

2210 4889 2409 4945 vitatis
2453 4889 3098 4967 Constantinopolitana
3143 4892 3474 4960 prasentem
3515 4882 3793 4967 Germauutn

2211 4965 2638 5036 sanctissimum
2677 4980 3197 5051 archiepiscopum.
3234 4978 3505 5035 Aitardus
3534 4979 3725 5044 quoque
3746 4961 3796 5016 de

2207 5069 2614 5125 Terraconensi
2644 5069 2978 5140 episcopatu
3021 5069 3450 5124 inthronizatus
3477 5068 3557 5119 est
3580 5061 3632 5116 in
3654 5055 3797 5140 Turo—

2209 5159 2368 5215 nensi
2413 5137 2940 5228 archiepiscopatu,
2970 5157 3141 5214 dante
3181 5158 3521 5228 imperatore
3554 5143 3724 5206 Carolo
3747 5137 3794 5204 Π,

2205 5253 2262 5304 et
2291 5248 2680 5304 consentiente
2706 5261 2847 5318 papa
2876 5247 3128 5304 Adriano
3159 5250 3222 5304 II.

2202 5409 2330 5465 CAP.
2386 5409 2590 5465 XXIII.
2629 5439 2703 5450 —-
2753 5409 2908 5476 Quod
2937 5409 3097 5466 Osius
3147 5423 3260 5462 non
3301 5404 3554 5476 catholice
3594 5391 3764 5452 dixerit
3782 5402 3795 5437 -’

2276 5483 2388 5537 Nec
2417 5480 2621 5538 laicam
2649 5482 2710 5538 in
2742 5472 2853 5538 ﬁ'ne
2881 5481 3346 5539 communionem
3374 5472 3624 5544 accipiat.

2277 5603 2386 5662 lus.
2421 5604 2594 5664 Osius
2622 5606 2801 5664 dicit:
2829 5606 2888 5664 Si
2927 5607 3062 5678 quis
3090 5605 3398 5678 episcopus
3433 5609 3526 5671 per
3545 5583 3796 5652 avaritima
