4082 6168
292 209 432 270 4093

1005 212 1268 268 AUXILII
1305 211 1395 268 DE
1443 210 1678 269 ORDIN.
1720 211 1767 266 Α
1807 207 2128 267 FORMOSO
2164 208 2264 264 PP.
2308 173 2542 266 EAGTIS
2579 211 2760 269 LIBRI
2818 212 2976 270 DUO.

3554 215 3693 274 4094

290 337 377 393 vel
421 336 815 407 ambitionem,
867 340 924 392 et
956 340 1016 394 ut
1059 336 1511 394 dominationem
1557 341 1708 410 agat,
1752 337 1937 394 sedem
1970 337 2028 398 A
2051 348 2260 405 scopus
2282 332 2341 390 in
2363 335 2531 404 cujus
2555 335 2823 406 parochia
2840 341 2927 393 est
2948 337 3018 394 de
3039 337 3132 396 his
3154 339 3253 412 qui
3277 352 3454 411 supra
3476 337 3694 397 fuerint

291 426 621 494 mutaverit,
651 439 720 481 ne
749 425 952 481 laicam
983 426 1442 482 communionem
1471 427 1693 483 habeat.
1728 426 1943 482 Deinde

293 517 354 571 in
385 515 649 586 sequenti
682 514 960 585 capitulo,
994 514 1221 570 etiamsi
1256 515 1393 571 talis
1434 516 1722 571 exstiterit
1752 521 1817 571 ut
1845 528 1945 585 per

291 604 544 673 fraudes,
579 609 636 659 et
666 605 942 674 quosdam
978 605 1213 674 praemio
1251 610 1305 660 et
1338 605 1591 661 mercede
1621 610 1940 674 corruptos,

289 693 720 750 excusationem
752 691 1015 763 atterens,
1058 698 1123 749 ut
1155 693 1319 764 quasi
1352 708 1480 750 eum
1527 694 1724 764 populi
1759 698 1945 763 petere

288 784 616 851 videantur,
641 797 742 838 nec
763 783 967 838 laicam
988 783 1046 838 in
1067 783 1177 839 ﬁne
1199 784 1654 840 communionem
1673 783 1939 853 accipiat.

289 875 422 929 Der.
455 872 616 941 Quod
648 871 824 928 Osius
847 871 1148 927 avaritiam
1181 879 1236 928 et
1265 871 1659 942 ambitionem,
1690 871 1946 927 domina-

291 963 502 1018 tionem
552 965 610 1016 et
655 959 886 1016 fraudes
935 960 1256 1032 prohibuit,
1313 961 1559 1017 libenter
1607 960 1938 1030 amplector.

288 1052 451 1121 Quod
484 1055 671 1106 autem
707 1051 1012 1120 subjunxit
1042 1069 1055 1104 :
1095 1072 1120 1101 (ι
1153 1052 1265 1106 Nec
1305 1050 1508 1106 laicam
1544 1050 1604 1106 in
1648 1049 1758 1105 ﬁne
1795 1063 1944 1106 com-

292 1141 621 1196 munionem
647 1140 914 1210 accipiat,
946 1153 1058 1196 non
1090 1140 1372 1210 suscipio,
1413 1141 1684 1210 quoniam
1714 1153 1826 1196 non
1855 1154 1942 1195 ca-

295 1230 575 1286 tholicum
608 1231 703 1285 sed
748 1229 1046 1285 catharum
1077 1234 1259 1285 sonat.
1299 1230 1613 1286 Praesertim
1654 1243 1781 1286 cum
1823 1231 1942 1284 Do—

291 1320 486 1375 minus
525 1333 623 1388 per
654 1318 986 1389 prophetam
1017 1319 1258 1374 clamet:
1298 1340 1323 1371 ‹‹
1356 1319 1498 1376 Nolo
1536 1323 1770 1374 mortem
1803 1332 1941 1388 pec—

289 1409 524 1472 catoris,
550 1409 644 1464 sed
671 1413 735 1463 ut
755 1413 1120 1464 convertatur
1139 1413 1195 1463 et
1214 1409 1368 1464 vivat
1388 1409 1598 1477 {Ezech.
1648 1408 1880 1478 xxxiii).
1909 1424 1934 1456 ››

290 1500 358 1553 Et
413 1499 472 1552 in
529 1497 868 1569 Evangelio:
910 1517 936 1550 α
986 1499 1271 1553 Gaudium
1326 1504 1430 1568 est,
1485 1498 1698 1568 inquit,
1748 1510 1936 1553 coram

288 1587 516 1659 angelis
588 1586 688 1642 Dei
755 1599 926 1656 super
993 1600 1108 1642 uno
1182 1591 1472 1656 peccatore
1545 1585 1935 1655 pmnitentiam

2052 424 2326 481 solertius
2348 423 2530 480 tollat.

2050 534 2178 588 CAP.
2221 534 2394 588 XXV.
2420 561 2494 572 —
2529 534 2595 587 Ut
2631 534 2836 604 absque
2876 536 3207 599 necessitate,
3255 537 3340 591 vel
3386 539 3543 593 certis
3585 540 3696 594 emi-

2123 605 2388 660 stentibus
2417 607 2620 668 causis,
2653 608 2930 676 episcopus
2961 607 3026 661 de
3056 609 3178 661 sede
3207 609 3281 663 ad
3308 610 3487 664 sedem
3516 615 3695 665 trans-

2081 732 2092 748 ,
2123 679 2203 730 ire
2233 692 2340 730 non
2370 677 2575 730 debeat.

2122 784 2234 838 INF.
2270 783 2388 837 Jam
2419 796 2552 838 vero
2583 783 2722 854 quid
2762 784 2830 839 ad
2866 784 2982 840 haec
3013 784 3261 854 objicere
3292 787 3506 855 poteris
3527 787 3554 842 ‘2
3582 788 3694 844 Ni-

2051 884 2203 927 caana
2248 871 2537 942 siquidem
2581 874 2833 942 synodus
2869 873 3133 929 deﬁnivit
3172 875 3407 930 dicens:
3459 877 3694 946 Propter

2054 960 2290 1016 multam
2337 961 2821 1030 perturbationem
2865 969 2921 1019 et
2957 965 3322 1021 seductiones
3361 981 3486 1036 quae
3527 966 3690 1038 ﬁunt,

2053 1050 2274 1120 placuit
2315 1053 2788 1108 consuetudinem
2831 1053 3177 1110 omnimodis
3213 1057 3520 1125 amputari,
3569 1070 3694 1126 qua:

2051 1145 2254 1209 prteter
2280 1141 2532 1211 regulam
2563 1141 2622 1196 in
2647 1142 2990 1212 quibusdam
3021 1143 3283 1213 partibus
3305 1145 3570 1201 videatur
3584 1146 3695 1201 ad-

2052 1229 2245 1300 missa,
2281 1235 2344 1286 ut
2373 1230 2607 1285 civitate
2636 1231 2704 1286 ad
2737 1231 3027 1287 civitatem
3069 1245 3178 1288 non
3221 1233 3544 1305 episcopus,
3580 1249 3691 1292 non

2051 1317 2359 1387 presbyter,
2382 1331 2489 1372 non
2509 1318 2789 1375 diaconus
2813 1318 3208 1376 transferatur.
3232 1321 3390 1389 Quod
3411 1323 3461 1379 si
3479 1321 3692 1380 factum

2049 1403 2244 1476 fuerit,
2271 1419 2508 1476 prorsus
2529 1406 2761 1462 irritum
2783 1408 3046 1478 ducatur,
3070 1414 3125 1464 et
3151 1411 3490 1468 restituatur
3511 1413 3697 1469 Eccle-

2048 1495 2149 1551 siae
2177 1497 2272 1550 cui
2306 1493 2418 1550 fuit
2447 1494 2771 1565 episcopus,
2803 1501 2903 1550 aut
2934 1497 3242 1567 presbyter,
3275 1505 3376 1556 aut
3411 1502 3692 1560 diaconus

2048 1584 2368 1640 ordinatus.
2394 1586 2524 1638 Der.
2550 1585 2680 1638 Tam
2711 1585 2901 1655 magni
2928 1586 3164 1642 concilii
3191 1591 3528 1647 sententiam
3557 1608 3691 1649 meae

288 1682 509 1748 agente,
557 1690 726 1746 quam
769 1689 946 1744 supra
997 1675 1306 1746 nonaginta
1357 1688 1552 1730 novem
1591 1674 1788 1744 justis,
1839 1674 1937 1744 qui
1963 1666 2015 1727 B
2051 1674 2317 1744 parvitati
2349 1686 2630 1742 exponere
2668 1685 2779 1728 non
2814 1673 2964 1729 licet.
3001 1674 3292 1732 Audenter
3320 1684 3505 1736 tamen
3537 1683 3690 1756 dico,

291 1781 403 1823 non
425 1766 686 1838 indigent
704 1765 1059 1834 pmnitentia.
1085 1783 1110 1814 ι)
1130 1763 1290 1820 Alias
1304 1769 1490 1821 autem
1511 1777 1625 1834 quo
1643 1763 1753 1819 ﬁne
1771 1778 1936 1820 suum

289 1869 491 1925 sapere
528 1855 702 1910 Osius
745 1852 1114 1923 concluserit,
1162 1854 1294 1908 ﬁere
1343 1853 1526 1924 magis
1559 1852 1721 1919 libet,
1769 1865 1938 1922 quam

289 1945 485 2000 verbis
513 1943 850 2013 exprimere.

294 2035 423 2091 CAP.
477 2034 676 2088 XXIV.
709 2063 777 2072 —
807 2036 883 2086 De
927 2048 984 2086 eo
1027 2034 1124 2102 qui
1164 2032 1324 2086 semel
1361 2033 1420 2085 in
1466 2032 1708 2101 qualibet
1748 2031 1942 2085 Eccle-

805 2106 890 2158 sia
933 2105 1095 2158 lector
1133 2106 1418 2158 exstiterit.

365 2197 476 2250 lar.
501 2192 834 2250 Africanum
857 2193 1169 2249 concilium
1192 2193 1400 2248 statuit
1422 2194 1487 2247 ut
1507 2191 1855 2262 quicumque
1877 2190 1937 2246 in

290 2285 546 2342 Ecclesia
567 2284 739 2340 semel
762 2284 983 2356 legerit,
1007 2282 1078 2338 ab
1103 2282 1218 2338 alia
1244 2281 1497 2337 Ecclesia
1516 2280 1584 2336 ad
1602 2279 1936 2336 clericatum

290 2389 406 2431 non
435 2373 796 2429 admittatur.
822 2375 890 2428 Et
909 2372 960 2427 si
980 2371 1086 2427 hoc
1105 2371 1175 2427 de
1195 2369 1508 2427 lectoribus
1528 2375 1807 2426 statutum
1830 2373 1934 2435 est,

291 2479 410 2536 quo
439 2468 601 2534 pacto
630 2465 938 2519 Formosus
964 2461 1034 2516 ab
1065 2459 1378 2530 episcopali
1410 2460 1541 2515 sede
1573 2459 1640 2514 ad
1671 2458 1941 2528 apostoli-

288 2568 421 2610 cum
475 2552 743 2608 thronum
785 2549 1084 2608 transferri
1125 2548 1374 2605 debuit?
1409 2550 1540 2603 Der.
1576 2550 1686 2603 Hoc
1725 2547 1937 2605 etenim

291 2643 444 2715 quod
477 2643 547 2697 de
578 2641 786 2696 lectore
816 2639 1100 2708 objecisti,
1131 2651 1241 2694 non
1268 2637 1706 2709 intelligendum
1736 2643 1842 2708 est,
1875 2643 1940 2694 ut

289 2733 392 2804 qui
422 2731 593 2787 semel
625 2731 681 2785 in
707 2729 963 2800 qualibet
984 2727 1234 2783 Ecclesia
1260 2725 1437 2782 lector
1460 2726 1768 2797 exstiterit,
1798 2726 1940 2783 ulte-

288 2821 420 2876 rius
442 2822 558 2890 jam
593 2820 650 2874 in
681 2819 796 2874 alia
822 2817 1075 2873 Ecclesia
1115 2815 1448 2870 nullatenus
1473 2815 1540 2870 ad
1574 2814 1790 2870 clerum
1829 2815 1940 2870 ad—

288 2910 444 2965 mitti
467 2909 665 2980 possit.
680 2907 783 2962 Sed
806 2903 1169 2962 manifestius
1183 2904 1240 2958 in
1254 2902 1526 2958 Africano
1545 2903 1815 2973 concilio,
1836 2903 1935 2959 ubi

287 2998 609 3069 Epigonius
635 3011 736 3067 pro
761 3010 866 3051 suo
890 2993 1204 3064 discipulo,
1233 2992 1525 3062 simulque
1549 2992 1784 3047 alumno
1809 3006 1938 3047 con-
1967 2998 2015 3060 ί]

285 3089 574 3159 queritur,
604 3086 889 3142 sancitum
921 3088 1007 3139 est
1033 3088 1096 3140 ut
1121 3083 1396 3138 clericum
1429 3081 1702 3152 alienum,
1740 3081 1938 3138 nullus

284 3177 400 3233 sibi
421 3175 715 3246 praeripiat
731 3173 1056 3244 episcopus,
1085 3178 1286 3242 praeter
1301 3171 1350 3240 ej
1360 3185 1426 3225 us
1442 3169 1751 3225 arbitrium
1769 3171 1937 3240 cujus

283 3266 481 3322 fuerit.
507 3267 618 3320 INF.
639 3264 984 3320 Coelestinus
1016 3275 1157 3332 papa
1182 3261 1251 3316 de
1282 3258 1534 3316 clericali
1557 3257 1832 3315 electione
1858 3261 1937 3316 ita

280 3355 568 3426 delegavit
595 3355 825 3410 dicens:
861 3351 1031 3423 Cleri,
1060 3364 1125 3406 ac
1148 3349 1351 3420 plebis,
1375 3354 1430 3403 et
1453 3347 1680 3404 ordinis
1704 3362 1935 3404 consen-

283 3461 406 3517 sus,
439 3450 494 3500 et
532 3443 883 3500 desiderium
919 3440 1272 3511 requiratur,
1317 3443 1455 3494 tunc
1486 3438 1630 3494 alter
1658 3438 1728 3493 de
1756 3437 1936 3494 altera

283 3534 618 3605 requiratur
647 3538 702 3587 et
726 3532 976 3604 eligatur
999 3528 1272 3600 Ecclesia,
1302 3528 1352 3584 si
1378 3527 1448 3583 de
1468 3527 1726 3583 civitatis
1749 3527 1936 3597 ipsius

280 3623 535 3694 clericis,
556 3622 649 3678 cui
671 3627 756 3677 est
773 3622 1078 3691 episcopus
1096 3618 1473 3688 ordinandus,
1491 3616 1689 3673 nullus
1702 3617 1734 3672 d
1747 3617 1938 3688 ignus-

284 3711 435 3783 quod
460 3713 685 3768 evenire
703 3725 812 3766 non
831 3710 1142 3780 credimus,
1163 3708 1372 3779 poterit
1395 3707 1656 3778 reperiri.
1677 3707 1934 3762 Primum

281 3804 438 3858 enim
468 3802 555 3858 illi
581 3800 921 3873 reprobandi
945 3804 1098 3870 sunt,
1127 3805 1188 3855 ut
1208 3799 1391 3869 aliqui
1416 3798 1485 3854 de
1506 3797 1714 3853 alienis
1736 3797 1936 3852 Eccle—

282 3893 395 3949 siis
441 3893 644 3948 merito
685 3889 1077 3962 praeferentur.
1126 3889 1334 3944 Habeat
1378 3887 1779 3959 unusquisque
1818 3900 1935 3943 sua:

285 3981 540 4038 fructum
570 3981 796 4036 militiae
825 3981 882 4035 in
905 3978 1181 4048 Ecclesia,
1211 3979 1269 4032 in
1297 3991 1408 4047 qua
1437 3990 1596 4032 suam
1626 3991 1724 4046 per
1743 3975 1936 4032 omnia

283 4070 472 4127 oﬁicia
505 4071 784 4142 transegit
812 4073 1054 4125 aetatem.
1092 4070 1150 4123 In
1171 4067 1359 4123 aliena
1383 4066 1673 4135 stipendia
1701 4065 1939 4120 minime

282 4161 434 4217 alter
459 4160 716 4230 obrepat,
742 4173 843 4215 nec
862 4158 966 4214 alii
998 4156 1248 4212 debitam
1272 4155 1386 4210 sibi
1419 4155 1563 4210 alter
1587 4155 1795 4210 audeat
1819 4153 1940 4208 vin-

282 4251 482 4306 dicare
529 4249 858 4304 mercedem.
901 4249 1031 4302 Der.
1085 4244 1416 4301 Istiusmodi
1450 4256 1604 4314 papa:
1643 4239 1936 4298 C(elestini

2050 1762 2201 1832 quod
2226 1761 2373 1818 nulli
2400 1775 2650 1832 unquam
2673 1763 2936 1819 Nicaanos
2955 1777 3200 1820 canones
3224 1769 3438 1826 rectius
3459 1772 3542 1827 vel
3566 1773 3698 1830 sub-

2050 1851 2220 1907 tilius
2265 1851 2629 1907 considerare
2670 1858 2841 1922 atque
2892 1852 3216 1926 intelligere
3258 1857 3480 1914 valeant
3524 1875 3692 1931 quam

2048 1940 2362 2010 Gregorius
2373 1941 2763 1997 Nazianzenus
2775 1955 2941 2011 quem
2955 1957 3128 2013 supra
3143 1945 3304 2016 tetigi
3315 1959 3458 2016 mus,
3476 1961 3692 2006 necnon

2049 2033 2105 2083 et
2153 2028 2607 2084 Chalcedonense
2658 2029 2969 2086 concilium
3022 2037 3078 2088 et
3129 2032 3498 2091 beatissimus
3551 2051 3692 2107 papa

2051 2119 2179 2188 Leo,
2211 2123 2383 2188 atque
2411 2117 2695 2174 Gelasius.
2729 2121 2842 2173 INF.
2869 2120 3027 2188 Quod
3058 2122 3371 2193 Gregorius
3394 2125 3693 2181 Nazianze-

2050 2218 2159 2260 nus
2186 2205 2256 2260 de
2285 2205 2416 2261 sede
2443 2205 2512 2260 ad
2537 2207 2725 2264 sedem
2756 2208 3072 2279 transierit,
3092 2211 3208 2278 jam
3231 2213 3500 2281 superius
3543 2215 3692 2286 obje-

2046 2293 2204 2364 cisti,
2232 2307 2382 2350 nunc
2405 2300 2664 2364 superest
2690 2299 2753 2350 ut
2781 2296 3003 2367 reliqua
3028 2297 3440 2367 subjiciantur.
3464 2305 3598 2359 DEF.
3622 2306 3694 2361 Ut

2046 2383 2238 2438 dicere
2256 2383 2424 2452 coepi,
2447 2383 2924 2440 Chalcedonensis
2945 2387 3196 2456 synodus
3211 2394 3268 2445 et
3288 2391 3694 2449 sanctissimus

2049 2487 2192 2544 papa
2223 2475 2330 2528 Leo
2359 2478 2529 2542 atque
2565 2474 2832 2530 Gelasius
2863 2475 3156 2545 praefatam
3195 2479 3410 2536 Nicani
3454 2483 3691 2540 concilii

2049 2562 2302 2634 regulam
2336 2563 2658 2632 intelligere
2687 2564 2975 2621 videntur.

2438 2672 2524 2723 Ea:
2579 2670 2998 2728 Chalcedonensi
3051 2677 3298 2730 concilio.

2116 2777 2366 2833 Clericos
2399 2776 2458 2832 in
2487 2776 2741 2833 Ecclesia
2773 2779 3187 2852 ministrantes,
3223 2783 3376 2840 sicut
3400 2785 3517 2855 jam
3548 2801 3696 2843 con-

2046 2866 2382 2935 stituimus;
2417 2865 2476 2920 in
2516 2865 2759 2921 alterius
2789 2869 3063 2926 civitatis.
3108 2871 3415 2928 Ecclesiam
3448 2879 3694 2933 statutos

2048 2954 2170 3010 ﬁeri
2203 2969 2314 3010 non
2345 2959 2587 3024 Oportet,
2621 2955 2717 3010 sed
2748 2961 3046 3013 contentos
3075 2973 3217 3031 esse,
3256 2961 3313 3016 in
3360 2963 3577 3033 quibus
3621 2966 3693 3022 ab

2049 3043 2221 3098 initio
2253 3043 2583 3123 ministrare
2613 3050 2963 3116 meruerunt,
2992 3048 3242 3116 exceptis
3275 3050 3396 3106 illis
3421 3052 3521 3122 qui
3554 3067 3685 3123 pro—

2049 3133 2205 3204 prias
2234 3131 2560 3187 amittentes
2592 3131 2916 3202 provincias
2945 3147 3012 3188 ex
3045 3136 3380 3192 necessitate
3416 3141 3484 3193 ad
3517 3141 3691 3197 aliam

2046 3221 2356 3278 Ecclesiam
2389 3221 2744 3277 transierint.
2775 3212 2993 3292 Si'quis
3016 3229 3206 3279 autem
3232 3226 3536 3297 episcopus
3568 3234 3694 3299 post

2048 3312 2194 3367 hanc
2248 3311 2640 3367 deﬁnitionem
2698 3313 3018 3382 susceperit
3069 3314 3341 3370 clericum
3389 3317 3458 3372 ad
3510 3318 3691 3375 alium

2046 3401 2376 3470 episcopum
2437 3400 2832 3472 pertinentem,
2890 3401 3107 3471 placuit
3157 3409 3214 3458 et
3263 3412 3589 3475 susceptum
3638 3414 3693 3463 et

2045 3490 2455 3560 suscipientem
2507 3490 2909 3546 communione
2964 3491 3200 3562 privari,
3255 3493 3433 3549 donec
3487 3495 3537 3549 is
3590 3497 3688 3567 qui

2047 3581 2385 3652 migraverat
2427 3578 2672 3635 clericus
2713 3579 2782 3634 ad
2834 3580 3122 3650 pr0priam
3174 3579 3351 3637 fuerit
3400 3597 3692 3656 regressus

2043 3669 2372 3726 Ecclesiam.

2668 3757 2860 3811 Leonis
2883 3773 3062 3828 papae.

2118 3866 2176 3921 Si
2209 3865 2342 3936 quis
2372 3868 2557 3920 autem
2590 3864 2914 3935 episcopus,
2947 3864 3203 3922 civitatis
3232 3881 3350 3923 suae
3381 3869 3695 3926 mediocri-

2050 3958 2160 4010 tate
2181 3955 2463 4024 despecta,
2491 3953 3052 4010 administrationem
3085 3953 3193 4010 loci
3222 3956 3558 4014 celebrioris
3583 3973 3696 4015 am-

2048 4042 2242 4112 bierit,
2271 4047 2330 4095 at
2356 4041 2424 4095 ad
2458 4041 2725 4110 majorem
2751 4056 2810 4096 se
2837 4041 3054 4111 plebem
3082 4057 3442 4117 quacumque
3475 4048 3696 4104 ratione

2051 4129 2432 4200 transtulerit,
2466 4143 2498 4184 a
2529 4130 2795 4185 cathedra
2825 4130 3055 4201 quidem
3089 4132 3335 4202 pellatur
3359 4135 3568 4208 aliena,
3596 4139 3691 4194 sed

2050 4220 2266 4276 carebit
2295 4225 2350 4275 et
2381 4218 2631 4289 propria,
2681 4223 2744 4273 ut
2788 4233 2889 4274 nec
2923 4220 3044 4276 illis
3089 4223 3391 4291 praesideat
3420 4239 3564 4296 quos
3600 4241 3697 4296 per

282 4341 577 4395 decretum
613 4337 921 4409 laudabile,
950 4337 1287 4406 justumque
1330 4307 1492 4389 nem-0
1524 4307 1792 4404 ambigit,
1837 4335 1932 4390 sed

2055 4309 2348 4366 avaritiam
2382 4307 2732 4378 concupivit,
2771 4321 2868 4362 nec
2901 4307 3024 4363 illis
3056 4325 3199 4381 quos
3228 4325 3328 4381 per
3366 4313 3692 4387 superbiam

283 4427 601 4499 aliquando
618 4427 833 4483 accidit
855 4433 918 4482 ut
936 4429 1090 4481 certa
1115 4423 1448 4478 imminente
1469 4421 1824 4492 necessitate,
1849 4423 1936 4480 vel

283 4517 464 4573 certis
491 4515 876 4572 existentibus
901 4514 1116 4584 causis,
1149 4512 1453 4583 episcopus
1482 4510 1552 4566 de
1583 4510 1713 4566 sede
1738 4511 1807 4566 ad
1841 4525 1938 4567 se—

281 4607 412 4662 dem
437 4603 738 4660 transferri
765 4604 1005 4660 licenter
1031 4603 1234 4672 possit,
1260 4601 1407 4672 quod
1428 4601 1544 4671 jam
1568 4614 1741 4670 supra
1760 4600 1938 4657 latius

285 4695 620 4750 intimatum
660 4699 763 4750 est.
811 4693 1096 4748 Similiter
1137 4696 1327 4747 autem
1377 4689 1445 4745 ad
1492 4689 1800 4746 clericatus
1842 4689 1939 4746 of-

283 4785 485 4840 ﬁcium
519 4798 588 4840 ex
619 4784 736 4840 alia
766 4782 1020 4839 Ecclesia
1047 4781 1346 4836 transitur.
1381 4779 1541 4849 Quod
1572 4780 1712 4836 adeo
1742 4794 1935 4835 verum

286 4879 376 4931 est
407 4878 471 4930 ut
499 4875 670 4930 etiam
701 4887 842 4944 papa
869 4871 1139 4934 Siricius,
1170 4869 1474 4942 religiosos
1501 4870 1808 4925 monachos
1839 4883 1938 4939 per

287 4966 601 5023 canonicos
620 4965 832 5036 gradus
847 4964 916 5019 ad
935 4961 1312 5032 episcopalem
1331 4959 1731 5015 celsitudinem
1749 4972 1939 5015 ascen-

281 5057 420 5112 dere
447 5055 734 5111 statuerit.
761 5053 904 5109 llinc
924 5055 1011 5108 est
1032 5052 1182 5122 quod
1203 5055 1437 5106 sanctus
1461 5062 1601 5119 papa
1623 5048 1939 5121 Gregorius

280 5149 350 5204 ad
387 5146 708 5202 Marianum
740 5143 968 5213 scribit,
1001 5143 1068 5198 ad
1100 5141 1484 5198 ordinandum
1515 5139 1631 5195 alia
1664 5146 1937 5196 monaste-

283 5239 392 5309 ria,
420 5241 482 5292 ut
504 5237 574 5292 ad
599 5235 908 5291 clericatus
928 5231 1176 5290 ofﬁcium
1201 5230 1465 5287 monachi
1493 5244 1621 5285 cum
1653 5243 1936 5286 consensu

277 5327 510 5385 abbatis
539 5340 608 5382 ex
653 5324 998 5381 monasterio
1030 5323 1156 5379 tolli
1201 5321 1425 5378 debent.
1460 5318 1619 5388 Quod
1670 5320 1719 5375 si
1761 5318 1935 5375 abbas

278 5417 636 5476 suﬁcienter
662 5415 864 5470 habeat
895 5413 1222 5484 monachos,
1249 5417 1304 5468 et
1333 5411 1470 5467 dare
1499 5409 1777 5472 noluerit,
1805 5409 1938 5480 epi-

351 5537 383 5568 ει
409 5523 640 5580 Videsis
668 5521 885 5578 Gelasii
919 5535 1074 5593 papa
1103 5520 1272 5592 epist.
1305 5518 1358 5590 9,
1382 5532 1430 5574 c.

2049 4401 2282 4472 sprevit.
2314 4398 2449 4455 Suis
2480 4397 2662 4469 igitur
2693 4396 2958 4452 terminis
2987 4399 3235 4468 quisque
3265 4406 3569 4458 contentus
3594 4403 3691 4475 sit,

2047 4503 2148 4545 nec
2179 4501 2353 4558 supra
2384 4500 2705 4543 mensuram
2731 4484 2883 4554 juris
2913 4485 3005 4541 sui
3035 4486 3256 4542 aﬁ'ectet
3286 4493 3342 4543 et
3365 4490 3585 4561 augeri.

2649 4592 2855 4648 Gelasii
2885 4609 3046 4663 papae
3070 4604 3092 4632 α

2117 4701 2396 4772 Quisquis
2419 4699 2662 4770 propriae
2678 4700 2936 4756 desertor
2955 4701 3230 4773 ecclesiae,
3251 4702 3433 4760 nullis
3451 4704 3696 4762 existen-

2049 4791 2208 4848 tibus
2239 4789 2452 4860 causis,
2493 4789 2561 4844 ad
2596 4788 2768 4844 aliam
2808 4792 3094 4860 putaverit
3131 4793 3562 4867 transeundum,
3599 4802 3694 4852 te-

2048 4894 2311 4951 mereque
2341 4882 2643 4948 susceptus
2673 4876 2869 4949 fuerit,
2901 4884 2959 4934 et
2987 4887 3284 4949 protervus
3323 4878 3684 4959 [promotus],

2048 4969 2479 5028 reverendorum
2526 4980 2830 5034 canonum,
2877 4967 2962 5023 vel
3009 4968 3130 5038 ipse
3159 4969 3244 5025 vel
3276 4978 3532 5042 receptor
3567 4975 3693 5043 ejus

2045 5066 2218 5130 atque
2262 5063 2574 5129 provector,
2620 5056 2891 5112 instituta
2931 5070 3042 5112 non
3086 5056 3268 5130 fugiet
3309 5076 3435 5132 quae
3479 5063 3550 5118 de
3595 5065 3694 5119 hu-

2039 5147 2294 5220 jusmodi
2345 5145 2858 5218 praesumptoribus
2909 5146 3056 5202 sacri
3107 5161 3351 5206 canones
3399 5151 3685 5220 praeﬁxere

2046 5239 2337 5296 servanda.
2389 5239 2504 5292 INF.
2555 5238 2682 5292 Haec
2726 5235 2981 5307 capitula
3028 5237 3169 5294 meis
3212 5238 3534 5296 inserviunt
3573 5238 3684 5294 ob-

2040 5329 2412 5399 jectionibus.
2449 5327 2622 5383 Video
2647 5326 2800 5382 enim
2828 5326 2980 5397 quod
3007 5326 3462 5383 Chalcedonense
3485 5327 3688 5381 conci-

2046 5419 2191 5476 lium
2231 5417 2503 5476 statuerit
2545 5421 2610 5473 ut
2646 5416 2861 5488 absque
2907 5415 3332 5487 provinciarum
3379 5413 3690 5471 amissione
