4082 6168
421 223 561 282 4095

1230 219 1523 276 ΑΡΡΕΝΙ).
1563 217 1656 274 ΑΙ)
1693 213 1856 272 SEC.
1895 165 1988 270 IX:
2033 242 2102 253 —
2141 210 2498 269 AUCTORES
2548 213 2718 270 ANNI
2755 213 3048 272 INCERTI.

3693 214 3830 272 4096

418 359 476 411 et
522 353 856 410 necessitate
903 351 965 406 in
1014 349 1259 406 alterius
1301 348 1556 405 civitatis
1602 343 1911 402 Ecclesiam
1959 341 2068 397 de—
2097 342 2150 401 A
2177 338 2303 394 CAP.
2356 340 2557 395 XXVI.
2598 372 2666 380 ——
2719 341 2873 408 Quod
2901 343 3121 412 quando
3162 343 3445 399 Formosus
3485 345 3832 398 imm-anim-

420 443 787 515 migrandum
831 454 943 497 non
990 440 1088 509 sit,
1129 445 1185 494 et
1233 438 1381 508 quod
1427 450 1566 506 papa
1608 437 1714 490 Leo
1757 430 2064 499 censuerit,

420 537 487 589 ut
528 532 856 601 episcopus,
901 527 1162 583 civitatis
1201 540 1316 582 sua
1351 523 1743 580 mediocritate
1785 520 2066 589 despecta,

423 619 985 676 administrationem
1013 615 1122 672 loci
1142 614 1462 684 superioris
1478 611 1696 667 ambire
1718 622 1828 665 non
1848 607 2067 676 debeat,

423 723 524 766 nec
554 723 653 779 per
677 707 977 764 avaritiam
1003 705 1072 761 ad
1104 705 1370 773 majorem
1400 716 1459 759 se
1491 700 1709 772 plebem
1743 696 2068 754 transferre.

421 797 685 855 Gelasius
703 809 931 867 quoque
947 794 1122 850 dicit:
1148 798 1231 863 ut,
1257 791 1438 847 nullis
1457 787 1840 846 existentibus
1855 786 2070 855 causis,

423 887 713 958 propriam
751 886 1009 941 deserere
1055 883 1363 938 Ecclesiam
1399 894 1563 936 nemo
1593 879 1816 935 audeat.
1853 877 2074 932 Formo-

423 993 522 1034 sus
539 991 650 1048 qua
667 989 734 1031 ex
757 975 1113 1044 necessitate,
1132 977 1233 1028 aut
1251 971 1464 1042 quibus
1481 968 1864 1025 existentibus
1881 964 2074 1021 causis

421 1066 686 1122 Ecclesia
715 1063 958 1134 propria
979 1062 1235 1117 desertor
1254 1058 1633 1130 apostolicum
1654 1057 1922 1112 thronum
1947 1068 2073 1110 con-

423 1156 689 1212 scendere
698 1155 900 1223 jussus
917 1155 1001 1207 est
1016 1150 1043 1204 ?
1060 1153 1189 1204 Der.
1214 1149 1437 1218 Quibus
1457 1145 1840 1203 existentibus
1857 1143 2070 1212 causis,

421 1244 507 1300 vel
535 1257 645 1314 qua
675 1241 1014 1298 necessitate
1035 1241 1340 1295 Formosus
1365 1236 1600 1292 effectus
1626 1235 1705 1290 sit
1733 1247 1895 1304 papa,
1920 1233 2071 1289 clero

421 1337 478 1388 et
505 1331 872 1402 magnatibus
897 1331 1161 1385 Romana
1186 1326 1443 1382 civitatis
1474 1325 1622 1380 scire
1650 1323 1933 1393 convenit,
1969 1321 2069 1391 qui

424 1434 525 1477 nec
554 1421 924 1489 Francorum,
967 1431 1068 1473 nec
1108 1417 1350 1472 alterius
1395 1414 1579 1486 gentis
1623 1411 1944 1480 obsidione,
1985 1409 2071 1465 vel

425 1510 701 1580 impulsu,
736 1509 942 1576 coacti,
986 1507 1081 1562 sed
1115 1519 1218 1561 sua
1257 1510 1457 1574 sponte
1495 1516 1623 1558 eum
1663 1500 1873 1570 eligere
1901 1505 2072 1568 atque

426 1597 817 1653 inthronizare
864 1597 1252 1651 decreverunt.
1302 1592 1393 1647 Illi
1443 1591 1594 1646 enim
1645 1603 1756 1645 non
1798 1589 1868 1643 ob
1909 1586 2067 1642 aliud

2251 416 2338 465 tus
2386 415 2482 475 est,
2515 429 2623 466 non
2675 414 2736 467 id
2765 415 2911 483 quod
2952 416 3230 485 episcopus
3271 420 3388 469 erat
3441 416 3638 469 iterum
3675 433 3834 470 acce-

2243 485 2408 556 perit,
2449 485 2544 537 sed
2595 491 2943 551 augmentum
2993 488 3298 556 apostolica
3333 487 3646 554 dignitatis,
3689 488 3833 556 quod

2251 570 2360 607 non
2384 555 2636 619 habebat,
2661 560 2971 626 susceperit.

2252 697 2362 751 tur.
2421 698 2703 754 Hactenus
2751 698 2887 754 hinc
2935 699 3070 755 inde
3137 700 3447 756 contractis
3494 699 3834 769 Scriptura-

2183 799 2307 840 rum
2341 785 2797 859 malagmatibus,
2832 789 3107 860 languido
3139 789 3314 859 capiti
3367 789 3688 856 medicatus
3734 803 3832 860 es;

2183 887 2336 929 nunc
2363 880 2550 930 autem
2574 880 2801 932 ventum
2846 883 2932 933 est
2979 877 3047 933 ad
3107 878 3427 934 insanabile
3451 878 3683 946 vulnus,
3738 880 3832 934 cui

2149 963 2341 1018 .nulla
2393 965 2605 1020 medela
2658 980 2992 1023 succurrere
3034 967 3200 1024 valet.
3253 969 3557 1024 Formosus
3604 968 3835 1038 quando

2181 1053 2422 1108 accessit
2462 1060 2523 1110 ut
2573 1069 2714 1126 papa
2763 1055 3096 1125 efﬁceretur,
3149 1070 3350 1113 manus
3403 1057 3830 1127 impositionem

2185 1139 2266 1196 ita
2310 1141 2422 1196 sibi
2468 1143 2647 1200 tribui
2682 1146 2968 1216 pracepit,
3002 1160 3068 1202 ac
3097 1146 3146 1202 si
3174 1147 3479 1216 episcopus
3503 1159 3618 1202 non
3647 1151 3832 1214 esset;

2182 1241 2247 1283 ac
2279 1243 2376 1298 per
2407 1230 2530 1302 hoc,
2565 1245 2676 1288 non
2709 1232 2894 1290 solum
2937 1235 3308 1304 apostolicam
3339 1235 3686 1305 dignitatem
3717 1248 3827 1289 non

2182 1318 2514 1390 acquisivit,
2547 1335 2741 1378 verum
2789 1323 2961 1379 etiam
3009 1324 3066 1379 id
3121 1325 3271 1394 quod
3333 1325 3642 1394 episcopus
3687 1329 3832 1394 erat,

2184 1409 2452 1479 perdidit.
2487 1413 2618 1466 DEF.
2667 1412 2910 1468 Hoccine
2954 1419 3040 1469 est
3083 1413 3402 1469 insanabile
3455 1413 3687 1484 vulnus,
3739 1414 3831 1469 cui

2183 1497 2342 1554 nulla
2371 1499 2584 1555 medela
2629 1500 2931 1557 subvenire
2963 1502 3193 1572 potest?
3241 1505 3436 1558 Nonne
3466 1503 3636 1572 cujus
3687 1517 3835 1559 ocu-

2183 1585 2294 1657 lus,
2347 1587 2512 1656 juxta
2569 1590 2951 1662 evangelicam
3022 1591 3381 1663 sententiam,
3441 1591 3688 1661 simplex
3752 1596 3838 1646 est

422 1700 551 1742 eum
583 1686 822 1757 elegisse
851 1698 911 1740 se
935 1685 1156 1750 dicunt,
1192 1681 1306 1738 nisi
1341 1681 1412 1737 ob
1438 1679 1702 1735 Ecclesia
1735 1677 2066 1733 utilitatem.
2103 1670 2150 1730 Β
2180 1677 2408 1746 (Matth.
2440 1679 2556 1749 v1),
2591 1679 2649 1733 in
2698 1681 2824 1749 ejus
2854 1694 3056 1736 manus
3088 1681 3512 1751 impositionem
3554 1694 3664 1736 non
3695 1681 3837 1736 vul-

423 1777 548 1846 Ipse
560 1779 748 1830 autem
764 1788 823 1830 se
839 1772 1279 1829 inthronizando
1294 1769 1864 1840 prabuitassensum,
1882 1779 2071 1837 quem-

424 1863 728 1919 admodum
783 1861 1020 1932 plurimi
1075 1860 1474 1929 episcoporum
1528 1855 1733 1912 fecisse
1778 1855 2067 1926 leguntur,

426 1951 574 2021 quod
603 1953 718 2020 jam
751 1950 922 2020 paulo
952 1948 1220 2018 superius
1262 1947 1591 2001 intimatum
1632 1950 1735 2000 est.
1781 1945 1890 1998 lur.
1927 1945 2070 2000 Pene

425 2039 697 2096 omnibus
741 2044 937 2095 notum
978 2043 1063 2094 est
1106 2036 1254 2107 quod
1300 2035 1680 2105 plurimorum
1734 2033 2068 2103 pontificum

423 2129 606 2199 major
648 2128 728 2185 sit
768 2127 1085 2184 auctoritas
1127 2138 1296 2195 quam
1338 2137 1669 2193 paucorum.
1716 2120 2071 2192 Quapropter

425 2218 484 2272 in
514 2217 619 2273 hac
645 2217 946 2288 questione
973 2215 1155 2286 magis
1179 2212 1529 2269 observanda
1558 2218 1644 2267 est
1669 2212 1898 2266 Nicana
1929 2223 2072 2280 syn-

423 2306 588 2378 odus,
629 2320 754 2377 qua
794 2303 1187 2361 indifferenter
1227 2308 1281 2358 et
1326 2302 1555 2372 penitus
1591 2300 1661 2355 de
1700 2301 1830 2356 sede
1873 2299 1942 2355 ad
1975 2311 2073 2354 se-

421 2398 549 2452 dem
600 2395 981 2452 transferendi
1031 2391 1503 2450 consuetudinem
1546 2389 1883 2459 amputavit.
1935 2391 2067 2444 DEF.

423 2482 888 2559 Videte[videris]
909 2497 1017 2540 non
1036 2481 1390 2538 intellexisse
1416 2479 1562 2551 quod
1577 2479 1804 2535 Nicana
1817 2480 2072 2549 synodus

424 2574 570 2630 dicit
595 2593 606 2628 :
640 2574 856 2642 placuit
885 2572 1359 2629 consuetudinem
1386 2569 1735 2626 omnimodis
1758 2569 2068 2640 amputari,

426 2676 554 2733 qua
578 2669 781 2731 prater
812 2661 1066 2732 regulam
1095 2661 1154 2715 in
1178 2659 1523 2730 quibusdam
1561 2657 1822 2728 partibus
1845 2658 2072 2714 videtur

424 2751 694 2808 admissa.
736 2750 994 2819 Qualem,
1043 2750 1301 2820 inquam,
1342 2747 1812 2804 consuetudinem
1855 2747 2074 2817 placuit

425 2838 766 2909 amputari?
794 2837 952 2893 Illam
995 2837 1220 2893 scilicet
1258 2851 1382 2908 qua
1422 2843 1622 2906 prater
1655 2837 1930 2908 regulam,
1967 2837 2072 2893 hoc

424 2934 529 2998 est,
563 2927 776 2997 absque
822 2926 1167 2982 rectitudine
1209 2926 1268 2981 in
1304 2926 1650 2996 quibusdam
1685 2925 1947 2995 partibus
1977 2927 2074 2982 vi—

424 3017 594 3074 detur
644 3017 916 3073 admissa.
969 3018 1166 3071 Nonne
1212 3016 1560 3074 discretione
1606 3015 1890 3081 adhibita,
1946 3031 2072 3087 qua

426 3111 606 3162 mater
633 3111 720 3161 est
753 3105 1009 3161 omnium
1049 3105 1352 3176 virtutum,
1400 3105 1652 3174 idipsum
1679 3111 1735 3160 et
1758 3105 2069 3161 concilium

422 3196 879 3252 Chalcedonense
921 3200 1178 3250 astruere
1216 3195 1462 3265 videtur,
1511 3194 1568 3249 in
1608 3207 1672 3250 eo
1713 3195 1862 3265 quod
1903 3195 2068 3263 dicit,

424 3285 666 3342 clericos
707 3287 766 3340 in
807 3284 1047 3340 alterius
1077 3284 1334 3340 civitatis
1370 3283 1624 3339 Ecclesia
1663 3289 1908 3341 statutos
1948 3283 2070 3340 fieri

424 3389 536 3431 non
559 3380 841 3446 oportere,
868 3375 1122 3444 exceptis
1150 3373 1272 3429 illis
1298 3373 1419 3444 qui,
1456 3373 1716 3444 proprias
1745 3375 2072 3430 amittentes

423 3465 769 3536 provincias,
803 3479 870 3520 ex
902 3464 1240 3521 necessitate
1257 3464 1326 3519 ad
1350 3463 1521 3518 aliam
1553 3464 1863 3519 Ecclesiam
1893 3469 2073 3520 trans-

423 3553 617 3609 ierint.
664 3555 775 3609 Nec
826 3553 969 3608 illud
1029 3557 1115 3608 est
1168 3551 1435 3608 absimile
1497 3553 1646 3622 quod
1702 3552 2072 3609 beatissimus

423 3656 565 3714 papa
599 3644 705 3698 Leo
735 3642 981 3712 censuit,
1023 3646 1086 3696 ut
1118 3641 1443 3710 cpiscopus,
1475 3641 1732 3696 civitatis
1758 3642 2072 3698 mediocri-

422 3735 537 3786 tate
592 3731 875 3800 despecta,
934 3729 1498 3785 administrationem
1560 3729 1670 3784 loci
1733 3730 2071 3789 celebrioris

421 3820 640 3874 ambire
671 3833 780 3875 non
811 3818 1033 3873 debeat.
1072 3819 1208 3873 Inde
1235 3818 1511 3873 nimirum
1547 3823 1602 3872 et
1626 3818 1893 3875 Gelasius
1923 3822 2072 3878 dicit

423 3911 487 3962 ut
532 3907 859 3978 quisquam,
905 3906 1087 3961 nullis
1140 3905 1524 3962 existentibus
1564 3909 1775 3980 causis,
1825 3911 2070 3980 propria

421 3996 676 4051 desertor
723 3994 989 4049 Ecclesia
1036 3995 1104 4050 ad
1160 3994 1329 4050 aliam
1387 3996 1636 4052 transire
1686 4010 1797 4054 non
1844 3999 2062 4056 debeat.

421 4085 534 4139 Hoc
578 4083 744 4140 modo
792 4083 964 4138 etiam
1014 4088 1246 4140 sanctus
1290 4084 1602 4156 Gregorius
1653 4087 2063 4162 Nazianzenus,

422 4186 534 4228 non
584 4175 840 4246 ignarus,
885 4186 986 4228 nec
1035 4179 1390 4244 contemptor
1437 4175 1652 4231 Nicani
1695 4177 1952 4248 concilii,
1997 4179 2067 4234 de

421 4263 551 4320 sede
575 4263 642 4318 ad
673 4263 861 4318 sedem
911 4263 1223 4320 translatus
1264 4270 1366 4320 est.
1412 4266 1586 4321 Porro
1615 4267 1714 4336 qui
1756 4267 1914 4322 nulla
1960 4284 2066 4325 ne—

2097 2982 2145 3042 C

2184 1779 2309 1835 nus,
2329 1767 2425 1822 sed
2457 1767 2764 1838 dignitatis
2788 1777 3154 1842 augmentum
3185 1770 3489 1840 conspicit,
3528 1783 3640 1825 non
3661 1769 3838 1825 detri-

2182 1860 2454 1928 mentum,
2487 1858 2582 1913 sed
2616 1859 2764 1913 sacri
2811 1859 3037 1916 ordinis
3082 1860 3517 1916 incrementum.
3560 1860 3633 1915 Ut
3677 1861 3835 1914 enim

2183 1945 2287 2001 hoc
2319 1945 2606 2016 liquidius
2632 1953 2836 2017 pateat,
2875 1950 3012 2005 audi
3043 1949 3463 2006 documentum.
3506 1950 3647 2005 Nam
3679 1949 3836 2018 quod

2183 2035 2474 2106 presbyter
2505 2036 2692 2106 ipsum
2723 2037 2801 2092 sit
2854 2039 3004 2108 quod
3052 2044 3139 2095 est
3176 2039 3502 2110 episcopus,
3550 2039 3718 2094 testis
3749 2044 3838 2094 est

2181 2123 2380 2180 beatus
2423 2125 2800 2196 Hieronymus
2835 2127 2894 2182 in
2934 2128 3176 2198 epistola
3211 2127 3301 2198 85,
3352 2129 3586 2184 dicens:
3640 2128 3837 2183 Audio

2181 2215 2478 2285 quemdam
2515 2215 2572 2269 in
2614 2220 2828 2271 tantam
2867 2218 3127 2288 erupisse
3164 2219 3506 2289 vecordiam,
3541 2224 3602 2275 ut
3640 2219 3841 2274 diaco-

2182 2317 2286 2359 nos
2315 2303 2679 2378 presbyteris,
2734 2306 2790 2362 id
2830 2312 2932 2378 est,
2979 2307 3270 2378 episcopis
3307 2307 3632 2364 anteferret.
3686 2310 3835 2362 Nam

2180 2408 2309 2449 cum
2339 2395 2645 2465 Apostolus
2675 2397 2974 2466 perspicue
3017 2398 3217 2453 doceat
3263 2399 3484 2454 eosdem
3534 2412 3656 2454 esse
3692 2413 3840 2468 pre—

2180 2482 2438 2553 sbyteros
2467 2498 2609 2556 quos
2629 2486 2948 2556 episcopos,
2984 2487 3121 2557 quid
3156 2487 3374 2556 patitur
3415 2501 3739 2543 mensarum
3783 2493 3843 2542 et

2181 2571 2484 2630 viduarum
2510 2574 2792 2642 minister,
2823 2581 2886 2631 ut
2915 2589 3088 2646 super
3106 2589 3203 2632 eos
3235 2591 3294 2632 se
3331 2577 3589 2633 tumidus
3610 2575 3844 2649 efferat,

2180 2662 2249 2718 ad
2284 2676 2526 2732 quorum
2566 2678 2757 2733 preces
2797 2665 3012 2720 Christi
3047 2679 3257 2736 corpus
3299 2667 3650 2737 sanguisque
3684 2680 3844 2722 con—

2183 2751 2418 2807 ﬁcitur?
2447 2753 2595 2809 Audi
2630 2754 3057 2810 testimonium:
3101 2777 3125 2807 α
3165 2755 3376 2812 Paulus
3395 2761 3450 2811 et
3492 2757 3847 2812 Timotheus

2182 2841 2328 2896 servi
2345 2841 2560 2898 Christi
2577 2844 2707 2898 Jesu
2730 2843 2998 2900 omnibus
3014 2846 3228 2900 sanctis
3247 2845 3344 2915 qui
3365 2850 3498 2901 sunt
3518 2845 3844 2919 Philippis,

2182 2945 2310 2986 cum
2355 2930 2642 3002 episcopis
2685 2936 2740 2987 et
2780 2933 3123 2990 diaconibus
3162 2931 3429 3003 (Philipp.
3475 2932 3543 3005 1).
3583 2952 3611 2982 υ
3656 2937 3724 2990 Et
3777 2936 3845 2991 in

2181 3020 2419 3077 Actibus
2453 3021 2862 3092 apostolorum,
2896 3023 2965 3079 ad
3001 3023 3175 3078 unius
3205 3023 3470 3079 Ecclesia
3509 3025 3848 3080 sacerdotes

2184 3110 2264 3165 ita
2307 3110 2516 3166 Paulus
2564 3111 2859 3182 loquitur:
2920 3133 2947 3164 α
2977 3112 3268 3168 Attendite
3310 3112 3472 3168 vobis
3517 3121 3572 3168 et
3617 3122 3847 3170 cuncto

2183 3201 2339 3271 gregi
2365 3201 2424 3256 in
2453 3215 2564 3271 quo
2594 3215 2694 3257 vos
2739 3202 2995 3272 Spiritus
3037 3207 3271 3258 sanctus
3316 3203 3508 3272 posuit
3530 3203 3848 3274 episcopos

2182 3301 2373 3359 regere
2399 3289 2708 3344 Ecclesiam
2737 3291 2988 3361 Domini,
3019 3305 3184 3361 quam
3211 3290 3523 3362 acquisivit
3548 3293 3847 3363 sanguine

2182 3392 2287 3434 suo
2333 3375 2638 3451 (Act.xx).
2667 3396 2692 3427 ι)
2730 3379 2807 3434 Ac
2843 3393 2911 3434 ne
2951 3380 3084 3449 quis
3103 3381 3456 3436 contentiose
3494 3381 3550 3435 in
3598 3394 3715 3435 una
3736 3382 3846 3436 Ec-

2181 3468 2356 3523 clesia
2396 3467 2590 3538 plures
2636 3469 2934 3539 episcopos
2984 3467 3164 3524 fuisse
3202 3471 3527 3540 contendat,
3587 3471 3729 3526 audi
3784 3478 3843 3526 et

2181 3556 2341 3612 aliud
2392 3556 2787 3613 testimonium
2821 3558 2879 3612 in
2909 3571 3022 3629 quo
3073 3558 3371 3615 manifeste
3422 3559 3846 3630 comprobatur

2180 3647 2438 3702 eumdem
2483 3660 2605 3701 esse
2649 3647 2976 3717 episcopum
3004 3651 3177 3718 atque
3225 3648 3636 3719 presbyterum.
3689 3651 3848 3706 Pro-

2182 3739 2306 3804 pter
2332 3735 2436 3791 hoc
2465 3755 2490 3787 «
2518 3735 2728 3807 reliqui
2751 3741 2804 3792 te
2832 3737 3030 3807 Creta,
3058 3744 3122 3795 ut
3163 3751 3227 3793 ea
3282 3753 3406 3809 qua
3436 3739 3674 3795 deerant
3695 3754 3843 3796 cor-

2181 3824 2413 3895 rigeres,
2468 3829 2524 3880 et
2574 3826 2956 3882 constitueres
2987 3841 3085 3896 per
3139 3828 3401 3885 civitates
3445 3830 3836 3904 presbyteros,

2179 3913 2331 3970 sicut
2355 3920 2411 3970 et
2430 3928 2531 3986 ego
2552 3915 2662 3970 tibi
2689 3916 2969 3986 mandavi,
3000 3917 3049 3971 si
3096 3917 3228 3987 quis
3254 3919 3430 3975 unius
3477 3921 3683 3975 uxoris
3724 3923 3839 3990 vir,

2181 4004 2304 4059 sine
2325 4004 2568 4059 crimine
2599 4004 2751 4060 filios
2770 4004 2983 4061 habens
3006 4005 3218 4078 ﬁdeles,
3252 4021 3363 4063 non
3385 4009 3442 4063 in
3463 4012 3844 4067 accusatione

2184 4093 2448 4163 luxuria,
2478 4098 2579 4148 aut
2599 4107 2710 4149 non
2747 4094 3030 4166 subditos,
3058 4095 3292 4164 Oportet
3314 4098 3466 4154 enim
3495 4100 3839 4171 epist-.Opum

2181 4183 2306 4237 sine
2333 4182 2576 4237 crimine
2601 4196 2743 4253 esse,
2767 4185 2928 4253 quasi
2949 4184 3045 4240 Dei
3067 4185 3517 4255 dispensatorem
3544 4187 3688 4259 (Tit.
3715 4191 3786 4262 ι).
3811 4210 3837 4239 ι

2182 4273 2248 4326 Et
2271 4273 2339 4327 ad
2391 4271 2880 4328 Thimotheum:«
2913 4273 3039 4330 Noli
3093 4275 3379 4347 negligere
3409 4279 3650 4347 gratiam
3710 4295 3844 4350 qua

420 4354 687 4410 cessitate
713 4357 966 4425 cogente,
998 4358 1054 4409 et
1080 4353 1261 4409 nullis
1291 4353 1678 4410 existentibus
1719 4357 1933 4428 causis,
1966 4360 2061 4414 sed
2097 4337 2147 4398 D
2181 4361 2237 4415 in
2258 4364 2310 4416 te
2326 4365 2431 4432 est,
2455 4376 2580 4431 qua
2597 4360 2705 4416 tibi
2729 4361 2858 4417 data
2876 4368 2962 4418 est
2985 4337 3530 4434 perimvpositionem
3555 4337 3840 4425 manu-um

419 4443 782 4500 solummodo
823 4443 1068 4498 avaritia
1099 4443 1183 4498 vel
1220 4442 1534 4498 ambitione
1571 4443 1637 4497 ad
1673 4444 1843 4500 aliam
1877 4447 2063 4503 sedem

423 4531 783 4603 transfertur,
807 4533 915 4588 iste
934 4531 1129 4603 procul
1151 4531 1330 4586 dubio
1352 4533 1752 4601 pravaricator
1773 4537 2068 4592 rectitudi-

419 4623 513 4677 nis’
546 4629 651 4685 est,
692 4628 749 4678 et
775 4622 992 4677 idcirco
1032 4625 1233 4690 prater
1268 4619 1520 4691 regulam
1553 4621 1663 4678 tale
1699 4623 1838 4694 quid
1873 4627 2067 4681 admi-

420 4709 566 4765 sisse
598 4711 980 4766 convincitur.
1026 4712 1137 4764 INF.
1178 4709 1484 4765 Formosus
1515 4724 1650 4782 ergo
1686 4714 1785 4783 qui
1824 4719 2067 4770 tantum-

423 4799 590 4854 modo
603 4799 848 4853 avaritia
865 4803 922 4853 et
936 4797 1251 4854 ambitione
1266 4799 1593 4856 cathedram
1613 4802 1855 4859 mutavit
1871 4805 2066 4861 acrius

420 4893 505 4943 est
531 4887 906 4958 puniendus?
929 4889 1060 4942 Der.
1091 4889 1249 4958 Quod
1279 4889 1611 4962 ambiguum
1635 4893 1851 4948 crimen
1880 4894 2064 4951 solius

418 4975 518 5031 Dei
536 4976 761 5045 judicio
787 4979 865 5033 sit
895 4976 1334 5047 relinquendum
1359 4978 1592 5048 jamjam
1619 4994 1792 5050 supra
1822 4996 2066 5053 respon—

419 5078 546 5120 sum
573 5071 678 5120 est.
709 5067 818 5120 tur.
851 5065 1024 5122 Video
1065 5071 1117 5122 te
1154 5066 1260 5122 sub
1293 5066 1481 5122 colore
1519 5069 1818 5138 cujusdam
1852 5071 2066 5128 tuitio-

420 5153 512 5210 nis
529 5153 934 5226 dogmatizare,
961 5159 1245 5226 quatenus
1265 5156 1610 5227 episcopalis
1629 5160 2063 5232 transmigratio

415 5243 486 5299 de
528 5244 660 5300 sede
693 5242 760 5298 ad
805 5243 990 5299 sedem
1037 5243 1278 5301 licenter
1317 5244 1440 5301 ﬁeri
1483 5247 1682 5316 possit.
1728 5251 1859 5302 Dur.
1898 5249 2065 5306 Absit

418 5339 482 5389 ut
514 5347 582 5389 ex
621 5347 743 5389 meo
777 5347 874 5390 ore
916 5334 1181 5405 procedat
1217 5336 1364 5406 quod
1409 5337 1713 5406 quisquam
1758 5339 2064 5412 episc0po-

416 5438 545 5480 rum
582 5423 695 5479 tale
736 5424 962 5495 aliquid
1009 5424 1249 5480 licenter
1289 5437 1454 5496 agere
1499 5427 1700 5497 possit,
1750 5429 1862 5485 nisi
1907 5438 2062 5490 certa

418 5512 750 5571 imminente
762 5513 1147 5585 necesssitate,
1164 5513 1248 5570 vel
1261 5514 1436 5572 certis
1448 5515 1834 5576 existentibus
1844 5523 2054 5580 causis.

2178 4449 2514 4520 presbyterii
2547 4447 2602 4520 (1
2639 4453 2773 4505 Tim.
2831 4452 2942 4524 Iv).
2994 4471 3018 4501 ι)
3051 4453 3154 4508 Sed
3204 4458 3258 4508 et
3287 4456 3486 4511 Petrus
3553 4457 3609 4512 in
3643 4459 3841 4526 prima

2175 4537 2448 4609 Epistola,
2505 4559 2529 4590 ‹‹
2584 4539 2966 4611 Presbyteros,
3034 4543 3246 4613 inquit,
3299 4543 3359 4599 in
3412 4545 3576 4601 vobis
3631 4561 3844 4616 precor

2174 4629 2611 4700 compresbyter,
2644 4635 2700 4685 et
2729 4631 2894 4686 testis
2913 4632 3248 4688 Passienum
3271 4633 3507 4704 Christi,
3531 4640 3590 4690 et
3619 4635 3843 4693 futura

2175 4718 2389 4790 gloria,
2433 4733 2558 4789 qua
2599 4721 2896 4777 revelanda
2939 4726 3024 4778 est
3064 4721 3283 4794 (IPetr.
3331 4725 3413 4797 v).
3451 4745 3477 4774 υ
3507 4726 3664 4794 Quod
3721 4742 3845 4784 au-

2175 4815 2284 4864 tem
2319 4815 2532 4880 postea,
2564 4824 2713 4866 unus
2761 4811 2976 4867 electus
3015 4817 3118 4884 est,
3172 4814 3272 4884 qui
3324 4816 3548 4871 cateris
3600 4832 3843 4888 prapo-

2175 4906 2424 4969 neretur,
2477 4900 2536 4955 in
2580 4900 2911 4956 schismatis
2965 4903 3278 4959 remedium
3329 4903 3539 4962 factum
3597 4915 3709 4980 est,
3769 4926 3842 4966 ne

2175 5003 2326 5046 unus
2365 4989 2610 5060 quisque
2639 4990 2706 5045 ad
2745 5004 2803 5046 se
2832 4991 3061 5048 trahens
3085 4993 3396 5050 Ecclesiam
3443 4995 3683 5068 Christi,
3744 5002 3844 5055 ir—

2174 5076 2866 5156 rumperet[rumperet].
2903 5083 3014 5138 Hoc
3065 5098 3246 5154 usque
3275 5093 3510 5142 sanctus
3541 5089 3842 5160 Hierony—

2178 5183 2321 5224 mus.
2356 5170 2468 5224 Nos
2512 5175 2701 5226 autem
2735 5176 3084 5227 revertamur
3127 5174 3195 5228 ad
3226 5174 3282 5229 id
3317 5177 3465 5244 quod
3518 5178 3835 5248 capimus.

2174 5260 2312 5313 Ecce
2335 5258 2733 5328 probabilibus
2757 5259 3119 5318 documentis
3145 5263 3487 5333 patefactum
3529 5275 3634 5337 est,
3669 5273 3836 5339 quod

2175 5347 2363 5418 ipsum
2387 5348 2465 5403 sit
2496 5349 2788 5421 presbyter
2809 5352 2956 5422 quod
2990 5358 3075 5408 est
3104 5355 3427 5424 episcopus.
3475 5358 3660 5428 Igitur
3692 5373 3834 5416 eum

2175 5438 2464 5509 presbyter
2500 5453 2704 5496 manus
2755 5441 3180 5512 impositionem
3220 5445 3452 5515 accipit,
3490 5454 3552 5503 ut
3598 5452 3840 5508 cateris

2138 5533 2552 5600 ~praponatur,
2611 5533 2670 5585 et
2732 5531 3062 5600 specialiter
3112 5532 3418 5605 episcopus
3475 5538 3836 5611 appelletur,
