4068 6178
259 320 404 380 1097

1010 320 1276 375 AUXlLll
1317 320 1406 374 DE
1445 319 1680 376 ORDIN.
1722 318 1770 376 Α
1808 321 2133 378 FORMOSO
2172 322 2273 377 l’l’.
2319 322 2550 378 FACTIS
2590 324 2766 378 LIBRI
2806 324 2961 378 DUO.

3541 320 3680 379 4098

261 442 672 513 nunquidnam
708 441 767 497 in
792 454 858 497 eo
888 440 1038 513 quod
1074 448 1162 498 est
1202 443 1494 515 presbyter
1524 444 1731 499 iterum
1781 457 1927 499 con-
1950 443 2008 503 A
2033 443 2160 499 CAP.
2196 446 2404 500 XXIX.
2436 476 2509 485 —
2536 450 2612 501 De
2663 446 2888 499 concilio
2926 446 3070 514 quod
3100 447 3161 500 in
3200 448 3506 501 Ravennati
3547 446 3681 499 urbe

260 538 547 597 secratur,
572 537 628 586 et
664 545 775 585 non
808 530 1002 600 potius
1034 531 1092 585 in
1136 533 1390 600 ejusdem
1446 547 1648 589 manus
1678 533 1916 603 imposi-

261 622 423 676 tione
447 626 820 692 augmentum
852 620 1201 689 episc0palis
1241 622 1553 678 ministerii
1592 617 1919 693 [mysterii]

259 711 418 780 quod
452 723 563 765 non
610 707 781 763 habet
815 709 1046 778 accipit.
1098 709 1193 765 Sic
1243 711 1437 781 itaque
1485 712 1569 767 sic
1620 713 1924 767 Formosus

262 799 325 853 in
364 799 466 854 illa
516 812 721 854 manus
772 799 1168 871 impositione,
1221 814 1332 856 non
1383 801 1441 856 id
1496 802 1645 872 quod
1692 801 1924 871 episco-

263 904 375 957 pus
395 894 516 943 erat
540 887 811 957 perdidit,
838 888 933 943 sed
963 896 1335 959 augmentum
1363 890 1692 959 apostolicae
1716 890 1921 960 digni-

259 976 426 1039 tutis,
456 976 606 1046 quod
640 990 752 1031 non
792 975 1050 1045 habebat,
1082 978 1320 1047 accepit.
1369 980 1495 1034 Haec
1527 978 1709 1050 igitur
1750 979 1819 1033 ad
1851 992 1912 1033 ea

259 1078 393 1134 qum
424 1064 549 1133 ipse
580 1063 651 1118 de
682 1076 883 1119 manus
926 1064 1295 1134 impositione
1324 1065 1629 1135 objeceras,
1674 1080 1918 1137 respon—

256 1154 423 1209 disse
454 1152 718 1208 sufﬁciat.
750 1152 1025 1208 Caeterum
1064 1160 1252 1209 autem
1299 1155 1777 1225 interrogavimus
1819 1171 1915 1212 eos

260 1246 372 1313 qui
405 1248 710 1311 praesentes
741 1239 975 1298 fuerunt
1009 1244 1235 1313 quando
1264 1245 1569 1300 Formosus
1618 1245 1916 1301 inthroni—

258 1337 431 1387 zatus
451 1335 571 1400 est;
609 1331 705 1386 sed
754 1330 1060 1386 dixerunt:
1093 1332 1296 1387 Procul
1327 1332 1506 1389 dubio
1537 1332 1916 1389 falsissimum

257 1429 355 1475 est
398 1420 551 1490 quod
586 1422 891 1476 Formosus
914 1420 973 1475 in
1007 1420 1108 1476 illa
1155 1422 1534 1479 translatione
1565 1436 1768 1478 manus
1802 1423 1919 1477 im—

261 1510 613 1579 positionem
644 1511 959 1579 acceperit;
984 1510 1081 1566 sed
1113 1512 1589 1581 quemadmodum
1619 1512 1678 1566 in
1710 1511 1919 1566 itinere

256 1598 630 1653 ambulantes
677 1599 945 1669 precibus
992 1598 1192 1655 eﬁ'usis
1242 1603 1418 1656 Deum
1446 1606 1702 1671 exorant,
1747 1600 1827 1655 ita
1864 1606 1921 1655 et

261 1701 375 1743 nos
421 1687 858 1759 gubernatorem
898 1689 1156 1745 omnium
1203 1695 1524 1756 exorantes,
1573 1689 1920 1746 deduximus

2134 533 2236 585 pro
2281 519 2528 571 Formosa
2570 518 2797 586 ejusque
2839 518 3184 572 ordinatione
3216 521 3427 584 factum
3473 521 3568 571 est.

2104 626 2215 678 INF.
2248 624 2454 679 Verum
2488 625 2548 679 in
2582 623 2891 679 Ravennati
2927 622 3068 678 urbe
3110 628 3448 695 congregata
3469 623 3683 694 synodo
3762 642 3769 647 ’

2034 713 2316 769 sancitum
2341 720 2445 783 est,
2473 719 2535 769 ut
2568 720 2681 769 tam
2709 713 3019 768 Formosus
3044 725 3213 782 quam
3232 712 3357 781 ejus
3392 712 3686 769 ordinatio

2034 801 2093 856 in
2121 816 2226 857 suo
2259 802 2453 873 vigore
2478 802 2736 858 stabilita
2768 806 3181 872 permanerent.
3213 800 3372 870 Quod
3415 814 3526 856 non
3557 800 3690 856 sin-

2031 904 2159 945 cera
2188 891 2517 960 concordia,
2550 891 2645 946 sed
2673 892 2801 947 auri
2830 891 2994 961 copia
3026 890 3362 945 institutum
3385 894 3492 960 est,
3522 889 3689 944 ideo-

2031 992 2140 1048 que
2166 993 2267 1048 pro
2304 978 2491 1035 nihilo
2523 980 2846 1035 ducendum
2873 985 2974 1034 est.
3008 980 3137 1032 Der.
3176 977 3245 1032 Ut
3276 978 3501 1047 opinor,
3536 975 3683 1031 illud

2028 1065 2136 1121 tibi
2166 1068 2415 1140 contigit
2446 1068 2595 1138 quod
2618 1068 2702 1123 ait
2733 1068 3024 1124 Psalmus:
3058 1088 3085 1119 α
3117 1067 3405 1123 Foderunt
3423 1071 3555 1122 ante
3592 1069 3688 1120 ta-

2024 1156 2169 1212 ciem
2200 1171 2374 1212 meam
2410 1156 2648 1227 foveam,
2679 1164 2735 1212 et
2756 1158 2868 1227 ipsi
2899 1157 3228 1212 inciderunt
3262 1155 3323 1210 in
3347 1168 3469 1210 eam
3500 1154 3685 1223 (Psal-

2026 1247 2175 1316 LIV).
2206 1264 2233 1295 ››
2280 1248 2419 1302 Nam
2472 1247 2622 1317 quod
2663 1246 2874 1302 delatis
2902 1245 3241 1302 muneribus
3290 1244 3404 1299 tale
3433 1244 3575 1314 quid
3621 1243 3683 1298 in

2029 1334 2131 1390 illa
2152 1336 2366 1405 synodo
2388 1341 2667 1392 statutum
2701 1333 2897 1403 fuerit,
2930 1333 3169 1405 probare
3188 1332 3423 1388 minime
3444 1331 3682 1401 poteris,

2027 1426 2141 1479 Nos
2170 1429 2361 1479 autem
2399 1430 2456 1478 et
2500 1423 2740 1494 plurimi
2768 1423 3067 1479 nobiscum
3094 1423 3222 1478 luce
3259 1421 3478 1477 clarius
3520 1433 3680 1476 com-

2030 1518 2252 1583 pertum
2273 1512 2568 1583 habemus,
2590 1513 2742 1583 quod
2762 1527 2876 1569 non
2894 1512 3082 1568 solum
3101 1511 3387 1567 Romuleae
3402 1509 3681 1572 civitatis,

2031 1603 2125 1658 sed
2154 1615 2350 1658 omnes
2379 1615 2519 1671 pene
2544 1602 2723 1657 Italiae
2750 1601 3022 1672 praesules
3043 1607 3352 1656 memorato
3374 1597 3687 1655 interfuere

2029 1691 2298 1747 concilio.
2328 1690 2687 1761 Quapropter
2702 1692 2775 1762 si,
2801 1688 3022 1747 favente
3044 1691 3179 1759 Deo,
3206 1687 3419 1760 regalis
3441 1691 3691 1757 potestas

257 1790 397 1832 eum
429 1776 499 1830 ad
531 1776 902 1846 apostolicam
931 1778 1137 1846 sedem,
1174 1778 1372 1849 ibique
1401 1777 1918 1835 inthronizavimus
1947 1770 2001 1831 B
2036 1780 2357 1836 universale
2411 1779 2614 1837 fecerit
2660 1780 2994 1847 concilium,
3040 1778 3179 1850 quid
3220 1779 3291 1834 de
3328 1776 3493 1834 vobis
3546 1788 3689 1831 cen-

259 1879 423 1936 eum,
450 1865 651 1921 dantes
671 1879 982 1937 congruam
1008 1867 1342 1923 orationem.

258 1973 396 2027 CAP.
428 1974 652 2027 XXVII.
680 2004 753 2014 —
784 1976 850 2029 Ut
875 1977 972 2043 qui
1020 1977 1324 2030 simultates
1354 1980 1405 2031 ct
1430 1978 1549 2031 lites
1569 1978 1712 2031 inter
1735 1992 1791 2030 sc
1811 1975 1922 2028 ha—

342 2045 489 2105 bent,
521 2045 661 2097 alter
680 2061 862 2099 eorum
892 2046 1151 2101 adversus
1176 2048 1408 2102 alterum
1433 2064 1541 2102 non
1559 2049 1736 2118 possit
1759 2048 1923 2101 testi-

337 2117 584 2169 m‘onium
605 2119 870 2186 proferre.

338 2224 455 2277 INF.
488 2223 690 2279 Adhuc
711 2224 1051 2294 superstites
1075 2232 1211 2282 sunt
1228 2226 1417 2283 idonei
1445 2232 1637 2296 testes,
1662 2224 1763 2297 qui
1795 2226 1924 2281 For-

266 2325 499 2367 mosum
528 2326 637 2368 non
670 2312 781 2369 rite
805 2314 1259 2371 inthronizatum
1285 2314 1486 2387 fuisse,
1514 2316 1611 2372 sed
1645 2315 1704 2370 in
1725 2314 1921 2371 eodem

264 2401 479 2457 ordine
508 2416 672 2473 quem
709 2402 950 2459 habebat
980 2403 1188 2460 iterum
1216 2405 1330 2460 sibi
1358 2419 1560 2460 manus
1591 2402 1925 2473 impositio—

267 2504 400 2545 nem
432 2490 614 2546 tribui
643 2489 848 2548 fecisse
881 2492 1281 2549 testiﬁcantur.
1315 2495 1447 2548 Der.
1477 2495 1601 2548 Haec
1631 2491 1924 2548 accusatio

270 2580 508 2649 penitus
536 2580 784 2637 absurda
813 2595 935 2637 esse
959 2582 1429 2652 deprehenditur,
1470 2582 1733 2653 alioquin
1758 2581 1926 2650 juxta

267 2675 429 2725 tuam
455 2671 797 2725 sententiam
830 2684 940 2726 non
969 2670 1203 2727 fuerunt
1232 2671 1511 2742 episcopi,
1541 2671 1642 2742 qui
1674 2684 1802 2726 eum
1828 2669 1930 2724 ἰηι-

268 2758 767 2830 thronizaverunt,
788 2761 883 2816 sed
907 2760 1099 2831 potius
1125 2761 1292 2817 bruta
1313 2761 1608 2816 animalia.
1631 2762 1746 2831 Ego
1772 2757 1926 2814 enim

265 2854 326 2902 et
358 2861 473 2903 non
501 2849 667 2919 pauci
702 2863 942 2920 mecum,
974 2855 1128 2907 certo
1154 2851 1370 2907 certius
1389 2856 1741 2921 compertum
1765 2847 1929 2902 habe-

272 2951 425 3006 mus,
479 2936 615 3007 quia
644 2937 762 2993 baac
788 2939 859 2995 de
902 2940 1169 2995 Formoso
1200 2954 1311 2995 non
1338 2939 1442 2995 alii
1484 2937 1759 3007 referunt,
1811 2935 1925 2990 nisi

2031 1870 2270 1926 sendum
2301 1869 2432 1938 erit,
2466 1870 2567 1940 qui
2595 1874 2680 1925 tot
2707 1869 3107 1940 episcoporum
3140 1867 3466 1923 sanctiones
3489 1864 3689 1920 irritas

2030 1956 2234 2027 facere,
2262 1972 2371 2047 non
2394 1957 2564 2013 veriti
2593 1958 2753 2014 estis.

2027 2066 2155 2122 CAP.
2204 2066 2390 2120 XXX.
2426 2096 2502 2106 —
2546 2069 2617 2121 De
2657 2067 2847 2121 scelere
2872 2067 3018 2135 quod
3049 2067 3110 2119 in
3134 2065 3368 2119 cadaver
3385 2077 3546 2133 papa:
3564 2061 3690 2115 For-

2508 2139 2646 2193 mosi
2677 2143 3055 2208 perpetratum
3092 2141 3190 2191 est.

2102 2228 2214 2282 INF.
2266 2228 2587 2297 Stephanus
2630 2227 2731 2298 qui
2786 2226 2994 2283 tertius
3045 2239 3078 2280 a
3130 2226 3397 2281 Formoso
3460 2220 3688 2277 exstitit

2033 2330 2175 2386 papa
2204 2317 2466 2372 eumdem
2498 2317 2833 2373 Formosum
2863 2316 3004 2371 adeo
3036 2312 3340 2385 reprobum
3361 2325 3487 2368 esse
3508 2308 3681 2380 judi—

2032 2406 2202 2468 cavit,
2227 2411 2282 2461 et
2302 2406 2541 2461 cadaver
2562 2405 2689 2474 ejus
2729 2404 2801 2460 de
2846 2403 3070 2461 tumulo
3100 2402 3325 2459 extrahi
3355 2405 3412 2457 et
3466 2399 3528 2455 in
3556 2411 3689 2454 con-

2033 2494 2236 2551 cilium
2284 2495 2536 2564 pertrahi
2580 2493 2807 2563 faceret,
2845 2494 3042 2564 ibique
3066 2507 3195 2549 eum
3220 2490 3490 2563 pristinis
3518 2486 3691 2543 vesti-

2034 2585 2144 2641 bus
2181 2584 2556 2652 denudantes,
2600 2585 2746 2640 laico
2796 2583 3011 2639 amictu
3060 2582 3410 2650 velaverunt,
3439 2583 3496 2634 et
3533 2575 3688 2632 ferro

2035 2673 2262 2730 duobus
2290 2674 2503 2729 dextrae
2530 2674 2738 2746 digitis
2775 2672 3109 2744 amputatis,
3144 2672 3204 2726 in
3231 2669 3475 2741 quodam
3519 2677 3688 2736 pere-

2037 2764 2334 2834 giinorum
2385 2763 2610 2819 tumulo
2661 2763 3032 2833 sepelierunt,
3084 2775 3185 2817 nec
3219 2759 3401 2816 multo
3448 2762 3576 2828 post
3625 2755 3687 2811 in

2034 2852 2367 2908 Tiberinum
2388 2853 2628 2911 ﬂuvium
2649 2852 3099 2923 praecipitarunt.
3124 2852 3253 2906 Der.
3275 2848 3461 2905 Sicuti
3479 2845 3686 2902 bellum

2039 2941 2420 2998 humanitatis
2453 2943 2814 2998 immemores
2834 2941 3119 3012 quomodo
3152 2939 3579 3005 intellexerunt,
3605 2935 3689 2991 ita

270 3025 376 3095 qui
428 3024 755 3082 simultates
792 3034 847 3082 et
879 3027 1197 3083 inimicitus
1237 3042 1367 3084 cum
1392 3042 1458 3083 eo
1490 3026 1831 3082 habuerunt.
1858 3026 1928 3079 Et
1968 3094 2004 3099 Δ
2037 3034 2092 3083 et
2121 3029 2339 3099 operati
2371 3037 2525 3085 sunt.
2566 3030 2877 3085 Miserrimi
2906 3028 3005 3084 ubi
3034 3028 3140 3083 hoc
3162 3024 3539 3082 didicerunt?
3557 3037 3695 3094 prae-

270 3094 472 3169 revera
492 3128 602 3170 non
633 3115 816 3170 solum
845 3116 1061 3185 divina,
1091 3117 1187 3172 sed
1210 3117 1386 3171 etiam
1412 3117 1659 3171 humana
1678 3114 1766 3169 lex
1796 3126 1930 3183 βιω-
1958 3094 2006 3157 C
2038 3094 2235 3173 sertim
2263 3132 2392 3174 cum
2438 3117 2716 3173 Dominus
2742 3131 2855 3173 non
2902 3116 3137 3185 dixerit,
3165 3116 3533 3185 Qumcunque
3553 3111 3696 3182 liga-

267 3203 423 3272 cipit
456 3204 633 3274 utqui
661 3205 856 3277 jurgia
877 3212 933 3261 et
958 3205 1172 3261 litesad
1194 3205 1436 3260 invicem
1471 3204 1674 3259 habere
1692 3215 1931 3258 noscun-

270 3299 391 3360 tur,
421 3291 568 3346 alter
595 3305 792 3348 eorum
819 3294 1093 3349 adversus
1117 3294 1361 3351 alterum
1381 3291 1776 3348 testimonium
1809 3303 1931 3360 pro-

269 3384 425 3439 ferre
457 3381 693 3437 minime
742 3383 942 3452 possit.
978 3383 1122 3439 Ilinc
1150 3388 1238 3438 est
1263 3383 1411 3453 quod
1436 3381 1744 3437 Anacletus
1788 3392 1931 3450 papa

268 3469 457 3526 dicit:
490 3470 865 3528 Accusatores
890 3477 1079 3528 autem
1108 3478 1163 3528 et
1191 3477 1364 3528 testes
1384 3485 1507 3527 esse
1530 3485 1639 3526 non
1669 3472 1927 3539 possunt,

272 3560 376 3629 qui
410 3565 545 3614 ante
576 3560 905 3617 hesternum
936 3566 1038 3617 aut
1068 3561 1498 3618 nudiustertius
1518 3560 1668 3616 diem
1703 3557 1930 3615 inimici

272 3649 553 3717 fuerunt;
593 3651 817 3707 neirati
853 3662 1054 3708 nocere
1099 3652 1355 3722 cupiant,
1389 3665 1456 3706 ne
1478 3650 1599 3706 laesi
1626 3649 1830 3706 ulcisci
1849 3662 1935 3703 ve-

269 3739 405 3794 lint.
422 3738 568 3793 Hinc
579 3741 751 3796 etiam
764 3743 1029 3799 etSixtus
1047 3754 1188 3812 papa
1199 3741 1621 3811 scripsit:Non,
1639 3739 1927 3810 inquiens,

267 3829 716 3886 accusatoribus
752 3831 1058 3901 suspectis,
1108 3830 1194 3885 vel
1224 3830 1294 3886 de
1344 3829 1713 3885 inimicorum
1766 3828 1935 3883 domo

272 3920 723 3990 prodeuntibus,
741 3925 827 3975 est
841 3919 1206 3975 credendum.
1233 3921 1379 3988 Papa
1399 3932 1625 3989 quoque
1639 3915 1939 3985 Telespho-

273 4026 409 4066 rus:
444 4011 515 4064 Hi
547 4023 678 4064 vero
701 4009 800 4079 qui
834 4008 1061 4063 inimici
1092 4012 1391 4064 morantur
1418 4014 1519 4063 aut
1549 4007 1650 4078 qui
1683 4003 1935 4074 suspecti

274 4099 585 4169 habentur,
612 4098 845 4154 minime
864 4098 1237 4169 recipiantur,
1258 4097 1396 4168 quia
1416 4111 1613 4153 eorum
1647 4092 1938 4151 aemulatio

276 4191 498 4245 lacerat
522 4189 873 4243 innocentes.

272 4298 411 4354 CAP.
452 4297 704 4352 XXVIII.
735 4326 809 4336 —
847 4295 1000 4362 Quod
1046 4297 1345 4350 humanum
1373 4296 1653 4363 judicium
1704 4296 1941 4362 quatuor

599 4369 848 4437 personis
873 4368 1180 4435 justissima
1233 4367 1632 4437 comprobatur.

352 4477 468 4530 lNF.
503 4473 791 4529 Fortassis
812 4487 1004 4529 coram
1029 4473 1332 4543 judicibus
1362 4485 1463 4541 pro
1498 4473 1765 4527 Formoso
1792 4483 1936 4525 cau—
1961 4466 2016 4526 D

276 4577 403 4621 sam
430 4562 623 4618 dicere
664 4562 828 4634 velis,
859 4567 1219 4618 accusatores
1248 4565 1453 4631 praesto
1491 4564 1663 4616 sunt:
1711 4558 1933 4628 accede,

280 4659 349 4709 ut
402 4651 556 4723 quod
586 4652 762 4721 hujus
807 4650 1203 4707 altercationis
1250 4664 1445 4707 verum
1490 4655 1595 4719 est,
1651 4647 1941 4705 luculento

276 4740 551 4797 examine
574 4741 868 4796 clarescat.
907 4742 1039 4795 Der.
1072 4742 1193 4796 Non
1227 4751 1534 4810 possumus
1552 4737 1800 4808 justitia:
1830 4734 1946 4805 pal-

280 4844 433 4887 mam
462 4829 720 4886 obtinere
748 4830 899 4900 apud
926 4843 1025 4886 eos
1056 4828 1158 4900 qui
1190 4833 1364 4886 testes
1396 4829 1569 4884 iidem
1602 4826 1860 4897 suntqui
1887 4830 1945 4881 et

272 4919 515 4990 judices
559 4919 888 4989 pariterque
929 4923 1326 4975 accusatores:
1372 4918 1659 4988 siquidem
1695 4920 1943 4986 quatuor

272 5008 553 5080 personis
581 5008 1150 5078 omnejustissimum
1181 5013 1615 5064 consummatur
1628 5004 1939 5075 judicium,

278 5098 544 5155 accusati
565 5098 834 5153 videlicet
857 5098 1302 5166 etaccusatoris,
1326 5097 1558 5153 testium
1594 5094 1769 5151 simul
1792 5098 1845 5149 et
1857 5094 1947 5163 ju-

279 5189 502 5244 dicum.
552 5189 743 5258 Neque
773 5188 926 5244 enim
977 5188 1047 5244 de
1089 5186 1406 5243 levioribus
1446 5185 1641 5241 causis
1703 5183 1946 5255 qumstio

283 5278 633 5335 ventilatur:
668 5277 905 5347 proinde
935 5290 1163 5333 necesse
1191 5280 1278 5332 est
1322 5282 1387 5331 ut
1406 5281 1639 5331 auctore
1668 5275 1781 5329 Deo
1802 5286 1948 5329 con—

286 5372 555 5440 gregetur
584 5367 904 5423 universale
934 5366 1273 5435 concilium,
1305 5371 1380 5432 et,
1408 5365 1477 5419 ad
1529 5363 1714 5417 instar
1757 5360 1945 5433 magni

286 5456 677 5526 Constantini,
705 5455 935 5511 intersit
960 5456 1112 5527 regis
1137 5453 1459 5525 pra-sentia,
1482 5457 1539 5507 et
1572 5456 1706 5506 tunc
1738 5450 1949 5505 istius-

290 5546 445 5602 modi
465 5544 801 5601 scandalum
827 5542 1143 5615 sedabitur,
1170 5551 1227 5599 et
1243 5541 1511 5599 Ecclesia:
1538 5553 1646 5610 pax
1668 5538 1949 5595 instaura-

290 5633 470 5691 bitur.

682 5734 787 5788 PAT
796 5747 920 5788 non.
977 5731 1229 5789 CXXIX.

2037 3206 2239 3261 veritis
2259 3206 2366 3262 sub
2390 3211 2559 3274 terra,
2585 3206 2667 3262 vel
2697 3205 2804 3262 sub
2833 3204 3089 3274 ﬂumine,
3117 3204 3213 3259 sed
3232 3203 3346 3257 ait:
3376 3220 3401 3252 (ι
3421 3199 3697 3269 Quaecun-

2039 3309 2149 3365 que
2178 3294 2503 3366 ligaveritis
2521 3308 2695 3364 super
2718 3300 2948 3364 terram,
2977 3298 3146 3348 erunt
3177 3292 3353 3363 ligata
3375 3294 3434 3345 et
3460 3288 3520 3343 in
3549 3285 3694 3343 coelo

1994 3411 1999 3415 «
2041 3383 2257 3452 (Matth.
2287 3389 2487 3449 xvm).
2514 3402 2542 3435 ι)
2592 3386 2671 3439 De
2698 3383 2914 3439 talibus
2956 3382 3111 3439 enim
3162 3379 3473 3451 Apostolus
3517 3376 3685 3445 dicit,

2038 3473 2281 3543 Quidam
2322 3473 2504 3528 zelum
2556 3493 2583 3526 «
2635 3473 2737 3528 Dei
2785 3471 3014 3540 habent,
3068 3470 3165 3526 sed
3216 3482 3328 3525 non
3372 3465 3686 3523 secundum

2041 3562 2341 3618 scientiam
2393 3563 2698 3633 (Rom.x).
2735 3580 2762 3612 »
2808 3562 2956 3617 Proh
3001 3558 3221 3616 scelus!
3253 3556 3455 3613 saltem
3501 3552 3691 3626 poeti-

2041 3664 2163 3706 cam
2194 3652 2483 3707 attendere
2502 3651 2826 3707 debuerunt
2846 3649 3186 3706 sententiam
3211 3667 3224 3703 :

2168 3749 2335 3799 Parce
2362 3752 2473 3812 pias
2511 3751 2758 3799 scelerare
2792 3746 3118 3810 manus,jam
3147 3761 3300 3810 parco
3329 3744 3561 3808 sepulto!

2114 3840 2511 3896 Verumtamen
2530 3840 2580 3896 si
2610 3840 2938 3910 hujusmodi
2960 3840 3029 3895 de
3053 3838 3185 3894 sede
3207 3837 3277 3893 ad
3300 3837 3486 3892 sedem
3512 3838 3697 3890 trans-

2047 3928 2188 3985 latio
2203 3929 2621 3999 quodammodo
2638 3926 3085 3998 illicitafuisset,
3103 3939 3290 3983 nonne
3304 3923 3693 3981 ecclesiastica

2048 4018 2256 4088 pietate
2303 4017 2544 4072 tolerare
2603 4022 2662 4072 et
2731 4031 2844 4073 non
2916 4015 3201 4072 inauditis
3247 4011 3694 4070 crudelitatibus

2046 4118 2384 4177 exaggerare
2407 4105 2740 4165 debuerant.
2776 4113 2834 4161 et
2878 4106 2962 4161 sic
2991 4104 3218 4161 demum
3271 4104 3545 4159 advocata
3570 4100 3700 4157 uni-

2046 4193 2255 4249 versali
2301 4194 2514 4263 synodo
2567 4194 2910 4264 generaliter
2952 4198 3267 4263 censerent,
3324 4197 3389 4247 ut
3423 4190 3697 4259 deinceps

2046 4282 2298 4338 Romana
2318 4282 2524 4339 civitas
2544 4282 2656 4337 tale
2678 4283 2817 4353 quid
2848 4282 3207 4338 committere
3228 4294 3339 4335 non
3364 4280 3617 4336 auderet.

2046 4389 2419 4451 CAR-XXXI,
2470 4421 2544 4432 -—
2597 4389 2749 4455 Quod
2790 4389 2866 4443 ad
2911 4388 3311 4458 testiﬁcandum
3375 4401 3495 4455 qua:
3548 4386 3694 4437 recta

2226 4468 2355 4517 sunt
2397 4463 2607 4516 nullius
2637 4463 2812 4530 gentis
2837 4461 2989 4514 homo
3012 4458 3385 4529 prohibendus
3423 4458 3514 4511 sit.

2119 4554 2229 4607 INF.
2263 4552 2508 4607 Tandem
2530 4550 2844 4622 aliquando
2871 4551 2941 4606 ad
2973 4555 3029 4605 te
3055 4552 3318 4605 revertar.
3348 4547 3525 4602 Porro
3561 4556 3693 4601 cum

2050 4642 2133 4698 sis
2161 4643 2326 4697 homo
2355 4646 2562 4697 exterae
2603 4640 2812 4713 gentis,
2843 4645 2900 4695 et
2941 4639 3090 4710 apud
3133 4652 3236 4695 nos
3280 4638 3542 4694 humana:
3565 4634 3698 4689 vitae

2051 4731 2338 4787 subsidiis
2360 4730 2643 4802 indigeas,
2676 4730 2816 4801 quid
2857 4730 2927 4786 ad
2961 4735 3015 4785 te
3045 4729 3293 4799 pertinet
3324 4724 3541 4782 nostris
3561 4722 3701 4780 resi-

2051 4825 2200 4875 stere
2223 4818 2742 4889 disceptationibus
2757 4818 2933 4873 ?DEF.
2967 4820 3173 4875 Notum
3198 4817 3307 4873 tibi
3324 4816 3404 4873 sit
3424 4813 3697 4887 quoniam

2056 4909 2219 4965 illius
2257 4909 2482 4982 generis
2507 4923 2634 4964 sum
2668 4909 2819 4978 quod
2846 4908 3144 4978 apostolus
3187 4908 3391 4963 Petrus
3437 4905 3529 4960 his
3580 4902 3701 4959 lau-

2052 4999 2226 5056 dibus
2271 4998 2531 5054 extollit:
2595 4997 2705 5054 Vos
2755 4998 2941 5053 estis«
2974 5010 3153 5069 genus
3193 4996 3457 5064 electum,
3513 4993 3706 5066 regale

2054 5080 2459 5158 sacerdotium,
2507 5101 2645 5159 gens
2687 5092 2903 5159 sancta,
2974 5086 3224 5157 populus
3284 5081 3697 5157 acquisitionis

2056 5177 2123 5246 (1
2144 5179 2287 5232 Petr.
2322 5190 2362 5231 ιι
2384 5176 2419 5249 ).
2456 5194 2483 5226 ››
2514 5177 2583 5231 Εῑ
2616 5176 2753 5247 quia
2798 5176 2906 5232 iste
2931 5174 3178 5246 populus
3230 5188 3329 5245 per
3367 5174 3698 5231 universum

2055 5265 2245 5321 orbem
2305 5272 2584 5322 terrarum
2637 5265 2929 5321 Christum
2985 5265 3187 5321 adorat
3243 5268 3301 5320 et
3355 5262 3514 5328 colit,
3577 5270 3700 5326 pro-

2058 5360 2248 5424 pterea
2273 5356 2425 5412 inter
2452 5369 2550 5412 eos
2575 5355 2941 5426 recipiendus
2957 5368 3105 5422 sum,
3133 5360 3190 5409 et
3221 5366 3253 5408 a
3278 5351 3516 5408 veritate
3544 5344 3703 5399 testi-

2059 5442 2276 5499 tlcanda
2308 5458 2590 5515 nusquam
2643 5444 3054 5500 excludendus.
3086 5442 3228 5511 Quis
3275 5438 3426 5494 enim
3487 5431 3705 5488 nesciat

2057 5553 2125 5594 ex
2155 5534 2407 5590 Hebraeis
2435 5531 2617 5591 fuisse
2657 5532 2966 5603 apostolos,
3011 5530 3111 5600 qui
3161 5531 3418 5583 sanctum
3459 5522 3708 5592 Evange-

2060 5626 2204 5682 lium
2253 5636 2357 5679 sua
2411 5622 2816 5692 praedicatione
2869 5621 2929 5673 in
2980 5623 3096 5672 toto
3140 5614 3351 5670 mundo
3401 5620 3706 5667 coruscare

3349 5708 3421 5768 35
