4082 6168
407 331 546 392 4099

1200 333 1488 390 APPEXD.
1531 335 1623 388 AD
1661 334 1821 388 SEC.
1865 331 1966 386 IX.
1999 361 2071 370 —-
2101 329 2455 386 AUCTORES
2491 331 2661 388 ANNI
2704 333 3000 390 INCERTI.

3674 331 3814 389 “00

406 459 710 517 fecerunt?
732 462 802 517 Et
821 461 1146 519 utbreviter
1169 465 1526 534 concludam,
1554 477 1743 520 nonne
1767 461 1818 518 si
1845 463 2052 516 Doctor
2080 453 2140 514 A
2164 460 2340 526 setur,
2377 457 2556 514 miror
2589 467 2642 514 te
2673 459 2754 514 ita
2793 460 3006 515 sentire
3035 457 3198 528 velle,
3231 463 3294 514 ut
3326 455 3824 528 interrOgantibus

405 549 662 621 gentium
706 551 877 606 etiam
935 552 1160 608 invidos
1207 552 1347 608 bene
1391 554 1684 609 Christum
1746 551 2055 622 praedicare

406 638 726 711 conﬁrmat,
781 653 888 712 me,
943 641 1043 712 qui
1096 643 1432 700 sacerdotali
1488 641 1880 712 compassione
1929 653 2054 711 quae

409 732 562 784 recta
644 735 782 785 sunt
862 731 1158 792 testiﬁcor.
1238 732 1542 802 prohibere
1613 731 1746 804 quis
1798 727 2059 800 poterit?

413 819 528 872 INF.
559 817 618 872 Si
667 817 921 875 advenis.
945 826 1001 876 et
1049 821 1368 892 peregrinis
1411 822 1674 877 Ecclesiae
1726 819 2060 890 praepositos

414 919 686 962 accusare
761 907 914 979 licet,
991 909 1075 965 vel
1129 911 1411 980 judicare,
1485 917 1586 967 aut
1665 909 2059 981 prmjudicare,

416 1001 518 1051 aut
545 995 744 1067 aliqua
791 998 1079 1068 scriptura
1125 1002 1398 1056 adversus
1459 1015 1555 1056 eos
1595 999 1796 1069 facere,
1849 998 2067 1054 frustra

427 1097 562 1156 ergo
604 1084 663 1140 in
696 1086 1124 1156 pontificalibus
1169 1089 1433 1158 epistolis
1462 1090 1541 1145 ita
1573 1089 1865 1160 praeﬁxum
1896 1087 2074 1142 habe—

431 1177 540 1228 tur.
572 1171 902 1232 Anacletus:
929 1177 1250 1233 Deteriores
1265 1186 1400 1234 sunt
1425 1178 1643 1234 subditi
1667 1177 1765 1248 qui
1791 1181 2073 1232 rectorum

429 1273 666 1316 suorum
693 1263 776 1317 vel
803 1265 1099 1321 doctorum
1129 1281 1314 1322 mores
1344 1267 1631 1338 vitamque
1657 1271 1918 1336 carpunt,
1945 1265 2078 1320 licet

431 1349 591 1417 pravi
619 1350 756 1421 sint,
791 1352 884 1408 his
931 1355 1031 1425 qui
1055 1355 1412 1413 substantias
1458 1358 1705 1414 aliorum
1752 1355 2077 1426 praediaque

427 1435 740 1509 diripiunt,
767 1446 824 1497 et
859 1443 986 1500 ideo
1023 1445 1178 1514 juste
1224 1445 1465 1504 infames
1489 1453 1645 1517 sunt,
1690 1452 1746 1501 et
1777 1444 1978 1500 merito
2007 1442 2078 1497 ab

428 1524 681 1584 Ecclesia
710 1535 966 1589 extorres
1003 1535 1166 1590 ﬁunt.
1212 1537 1482 1592 Doctores
1535 1536 1686 1591 enim
1712 1533 1797 1589 vel
1831 1531 2080 1604 quilibet

432 1615 532 1685 qui
565 1616 753 1676 locum
786 1623 1032 1690 pastoris
1059 1624 1118 1680 in
1149 1625 1401 1682 Ecclesia
1424 1631 1594 1696 tenet,
1619 1625 1669 1681 si
1697 1637 1729 1680 a
1761 1625 1871 1680 ﬁde
1907 1635 2080 1678 exor—

429 1701 837 1779 bitaverit,'est
860 1725 892 1766 a
913 1711 1181 1770 ﬁdelibus
1201 1715 1596 1786 corrigendus,
1625 1714 1720 1770 sed
1751 1727 1850 1783 pro
1876 1723 2081 1780 repro-

2167 559 2440 601 nos'non
2493 547 2804 604 audeamus
2844 562 2909 604 ea
2955 563 3082 619 quae
3135 547 3527 618 r'espondenda
3579 551 3723 602 sunt
3757 558 3824 600 ex

2164 633 2384 688 divinis
2413 633 2584 691 libris
2609 635 2666 690 in
2695 636 2988 693 schedulis
3022 637 3268 692 breviter
3287 649 3601 704 assumere,
3624 635 3827 704 eisque

2168 721 2514 779 satisfacere.
2549 725 2719 781 Aliud
2768 740 3011 797 namque
3059 732 3146 782 est
3189 725 3419 782 dolosas
3447 725 3678 780 litteras
3722 723 3827 778 ad‘

2169 825 2368 868 versus
2424 813 2675 884 aliquem
2733 829 3089 886 componere,
3151 821 3216 871 ut
3266 829 3395 871 eum
3453 814 3830 884 aliquatenus

2173 899 2376 957 laedere
2407 904 2605 973 possit,
2643 908 2700 960 et
2728 904 2886 960 aliud
2938 911 3024 962 est
3055 905 3380 962 testimonia
3411 905 3480 960 de
3510 902 3835 972 Scripturis

2178 988 2239 1044 in
2273 1005 2448 1046 unum
2473 993 2751 1064 conferre,
2777 1000 3060 1064 quatenus
3083 995 3378 1051 veritatem
3409 991 3830 1064 quaerentibus,

2183 1078 2530 1152 ignorantia,
2564 1097 2690 1152 qua:
2721 1089 2900 1138 mater
2926 1097 3184 1140 errorum
3215 1089 3319 1152 est,
3350 1097 3552 1138 nocere
3596 1081 3836 1136 minimc

2187 1170 2384 1238 possit.
2420 1170 2566 1226 Illud
2596 1185 2838 1242 namque
2874 1173 2943 1228 ad
2973 1171 3196 1230 fraudis
3223 1173 3615 1243 deceptionem
3653 1169 3838 1240 perti-

2187 1263 2299 1329 net,
2335 1259 2440 1316 hoc
2467 1265 2656 1316 autem
2682 1262 2751 1317 ad
2785 1262 3045 1318 veritatis
3073 1263 3476 1335 cognitionem.
3530 1263 3618 1317 Me
3645 1266 3836 1315 autem

2187 1361 2300 1417 quo
2344 1353 2506 1417 pacto
2552 1350 2825 1406 adversus
2872 1353 3100 1408 Patrum
3145 1352 3468 1408 sanctiones
3519 1363 3841 1422 repugnare

2185 1437 2416 1509 asseris,
2448 1439 2548 1508 qui
2572 1453 2682 1494 non
2709 1440 2943 1511 aliquod
2967 1441 3181 1498 crimen
3212 1441 3296 1498 vel
3328 1441 3536 1497 vitium
3560 1440 3840 1510 cuiquam

2190 1527 2456 1598 prazsulis
2502 1528 2713 1586 inferre
2762 1545 3060 1602 praesumo,
3091 1532 3185 1586 sed
3226 1532 3520 1587 veritatem
3569 1545 3748 1602 quam
3784 1531 3842 1584 in

2187 1616 2368 1673 sacris
2398 1617 2792 1677 voluminibus
2813 1620 2998 1676 didici
3051 1621 3554 1690 percunctantibus
3603 1618 3846 1676 silentio

2186 1711 2373 1778 tegere
2397 1706 2552 1764 nefas
2579 1709 2820 1780 aestimo,
2855 1711 3168 1780 praesertim
3199 1725 3328 1766 cum
3359 1709 3849 1782 Psalmographus

431 1791 524 1848 bis
560 1796 818 1854 moribus
868 1801 1051 1873 magis
1101 1803 1432 1860 tolerandas
1490 1818 1656 1874 quam
1701 1801 2070 1872 judicandus.
2102 1803 2155 1864 Β
2185 1795 2342 1854 dicat
2365 1797 2433 1852 ad
2461 1800 2672 1854 Deum:
2731 1800 3035 1856 Veritatem
3085 1807 3241 1857 tuam
3287 1815 3400 1856 non
3449 1799 3731 1855 abscondi
3787 1797 3846 1852 in

429 1881 839 1954 Telesphorus:
879 1891 1001 1946 Non
1033 1893 1390 1962 suscipiatur
1418 1893 1542 1948 ovis
1570 1895 1626 1947 in
1653 1889 2074 1947 accusationem

431 1971 704 2031 adversus
735 1983 1038 2050 pastorem,
1069 1996 1261 2038 verum
1285 1997 1480 2038 omnes
1505 1982 1605 2053 qui
1647 1981 1921 2036 adversus
1949 1989 2077 2033 eum

435 2064 535 2136 qui
567 2067 753 2124 locum
783 2069 1030 2136 pastoris
1051 2074 1205 2126 tenet
1225 2076 1523 2127 armantur
1547 2069 1790 2126 infames
1813 2081 1937 2124 esse
1957 2080 2082 2122 cen-

433 2171 642 2214 semus.
703 2157 858 2214 Pius.
919 2158 1061 2214 Oves
1121 2165 1400 2229 pastorem
1456 2174 1568 2216 non
1627 2155 2078 2228 reprehendant;

435 2246 594 2316 plebs
639 2247 970 2318 episcopum
998 2261 1110 2304 non
1141 2256 1388 2318 accuset,
1430 2249 1604 2304 etiam
1635 2247 1686 2303 si
1727 2248 1896 2304 aliter
1926 2244 2084 2300 fece—

435 2337 572 2408 rint,
598 2350 726 2393 nam
747 2351 942 2394 eorum
961 2339 1249 2408 judicium
1272 2339 1384 2394 sibi
1404 2341 1552 2395 Deus
1574 2339 1757 2394 voluit
1780 2335 2076 2392 reservari.

428 2428 721 2485 Callistus.
756 2427 1270 2499 aCriminationes,
1314 2428 1790 2498 conspirationes,
1823 2439 2084 2482 susurra-

435 2517 620 2574 tiones
643 2523 843 2574 contra
871 2518 1179 2586 doctorem,
1203 2517 1288 2572 vel
1311 2518 1412 2588 qui
1441 2517 1627 2572 locum
1659 2515 1982 2585 superioris
2009 2521 2083 2570 te-

433 2610 550 2676 net,
581 2619 744 2661 nemo
778 2607 1094 2678 suscipiat;
1127 2607 1265 2677 quia
1307 2619 1416 2661 non
1447 2610 1669 2675 oportet
1699 2605 1852 2660 ﬁlios
1893 2611 2082 2673 patres

434 2693 865 2763 reprehendere,
912 2708 1014 2750 nec
1057 2709 1250 2751 servos
1309 2695 1575 2751 dominos
1630 2694 1896 2748 lacerare.
1958 2695 2079 2748 Non

429 2783 584 2839 enim
630 2783 772 2840 bene
821 2783 1023 2840 vivunt
1068 2783 1168 2852 qui
1232 2782 1558 2852 superiores
1625 2781 1936 2838 detrahunt
1993 2780 2076 2835 vel

433 2871 874 2940 reprehendunt.
902 2871 1164 2942 Magistri
1191 2870 1344 2925 enim
1379 2870 1642 2940 portandi
1675 2876 1828 2939 sunt,
1864 2882 1974 2924 non
2001 2882 2080 2923 re-

431 2959 842 3029 prehendendi,
871 2959 985 3014 nisi
1021 2959 1078 3014 in
1103 2963 1253 3014 recta
1291 2959 1399 3014 ﬁde
1427 2958 1836 3015 aberraverint.
1870 2957 2080 3014 Nullas

429 3047 631 3104 doctor
661 3061 760 3118 per
795 3049 1140 3120 scripturam
1171 3055 1492 3120 accusetur,
1527 3063 1628 3104 nec
1676 3049 1944 3120 cuiquam
1977 3061 2080 3102 ac—

431 3137 684 3194 cusatori
711 3139 1049 3208 respondeat
1071 3138 1171 3208 qui
1188 3137 1352 3194 ducit
1371 3138 1544 3193 vitam
1567 3135 2074 3206 reprehensibilem
2107 3125 2154 3185 C

435 3225 707 3295 quoniam
740 3225 1042 3298 indignum
1068 3231 1154 3282 est
1175 3231 1239 3282 ut
1258 3226 1459 3282 doctor
1488 3226 1738 3292 indocto,
1763 3225 1850 3280 ovi
1887 3231 2082 3296 pastor

434 3315 789 3385 respondeat.
823 3314 965 3386 Ipse.
999 3315 1162 3372 Sicut
1183 3315 1368 3372 laicus
1409 3329 1520 3372 non
1549 3316 1788 3386 est,oqui
1823 3315 2080 3385 legitime

428 3404 744 3477 convictus,
781 3405 839 3460 in
896 3405 1262 3462 accusatione
1289 3405 1677 3476 recipiendus,
1717 3404 1803 3460 sic
1851 3417 1952 3459 nec
1981 3417 2082 3459 sa-

430 3495 630 3551 cerdos
653 3495 780 3552 sine
821 3495 996 3552 titulo
1023 3495 1324 3550 criminari
1380 3490 1466 3551 vel
1516 3493 1814 3551 testiﬁcari
1871 3497 2076 3562 potest,

429 3583 701 3656 quoniam
751 3585 1078 3642 maculosus
1119 3589 1176 3640 et
1216 3582 1452 3639 infamis
1499 3589 1605 3654 est,
1649 3595 1917 3638 accusare
1967 3595 2079 3637 non

438 3674 813 3744 permittitur,
833 3679 1020 3730 etnon
1043 3673 1229 3729 solum
1259 3673 1341 3743 hi,
1363 3673 1459 3728 sed
1481 3678 1540 3728 et
1567 3672 1668 3742 qui
1687 3669 2076 3740 consentiunt,

434 3762 759 3831 rejiciendi.
788 3763 910 3818 Huc
931 3776 1114 3833 usque
1141 3761 1432 3817 Callistus.
1469 3763 1604 3816 Item
1633 3761 1926 3815 Nicaenum
1953 3771 2083 3814 con-

433 3848 656 3906 cilium.
686 3849 990 3920 Peregrina
1015 3849 1240 3919 judicia
1266 3848 1515 3920 generali
1548 3847 1844 3904 sanctione
1873 3846 2082 3917 probi—

431 3935 652 4008 bemus,
685 3937 970 4008 quomodo
998 3937 1238 4008 dignum
1269 3945 1356 3993 est
1381 3941 1445 3993 ut
1477 3936 1548 3992 ab
1591 3937 1880 3993 extraneis
1913 3936 2084 4005 judi—

433 4030 614 4095 cetur,
664 4026 766 4097 qui
796 4025 1178 4096 provinciales
1205 4031 1313 4082 eta
1348 4040 1408 4082 se
1432 4025 1641 4082 electos
1682 4025 1848 4082 debet
1877 4024 2082 4080 habere

428 4115 675 4184 judices.
697 4115 1009 4184 Audisti,o
1039 4113 1321 4188 defensor,
1357 4117 1496 4187 quid
1530 4115 1863 4186 pontiﬁcum
1893 4120 2082 4170 aucto~

435 4204 578 4260 ritas
630 4219 804 4276 super
860 4205 1254 4276 hujuscemodi
1313 4205 1784 4262 accusationibus
1835 4212 2078 4260 censeat.

433 4293 578 4350 Sunt
604 4301 661 4350 et
689 4295 804 4350 alia
852 4295 1194 4366 quamplura
1226 4296 1294 4351 ad
1326 4297 1585 4352 eumdem
1634 4307 1863 4349 sensum
1896 4294 2084 4364 perti-

434 4384 647 4454 nentia,
676 4399 804 4456 qua:
839 4385 1116 4454 replicare
1147 4383 1442 4441 fastidium
1473 4383 1636 4438 duxi.
1678 4383 1809 4436 Der.
1849 4383 2084 4439 Nullius

2187 1887 2356 1943 corde
2387 1902 2509 1944 meo
2538 1888 2717 1956 (Paul.
2746 1892 2986 1962 xxx1x).
3011 1891 3174 1947 Jesus
3207 1904 3436 1961 quoque
3461 1889 3622 1944 ﬁlius
3641 1888 3848 1944 Sirach

2187 1976 2370 2032 dicit:
2405 1981 2471 2032 In
2489 1979 2718 2048 justitiu
2761 1982 3049 2048 agonizare
3072 1996 3175 2050 pro
3215 1981 3401 2053 anima
3440 1985 3558 2042 tua,
3590 1983 3643 2032 et
3673 1993 3850 2046 usque

2189 2067 2265 2122 ad
2304 2072 2526 2122 mortem
2577 2073 2722 2122 certa
2768 2085 2872 2139 pro
2909 2069 3138 2137 justitia
3185 2067 3386 2138 (Baeti.
3421 2081 3476 2123 tv
3495 2069 3543 2138 ).
3596 2067 3849 2122 Sanctus

2192 2170 2436 2228 namque
2460 2157 2718 2214 Isidorus
2755 2159 2936 2214 dicit:
2983 2159 3170 2215 Testis
3199 2157 3380 2214 falsus
3409 2164 3466 2214 et
3497 2159 3548 2212 is
3576 2157 3679 2227 qui
3710 2169 3850 2212 vera

2193 2247 2394 2302 reticet
2415 2247 2563 2303 idem
2604 2253 2774 2318 sunt;
2810 2254 3058 2304 attamen
3105 2249 3262 2318 pejor
3311 2253 3397 2302 est
3441 2247 3605 2302 testis
3659 2245 3852 2301 falsus

2192 2337 2294 2407 qui
2323 2337 2500 2408 laedit,
2525 2351 2696 2408 quam
2729 2337 3141 2407 quiveritatem
3171 2336 3466 2392 testiﬁcari
3500 2336 3667 2390 nolit.
3700 2337 3850 2390 Nam

2193 2425 2292 2480 ille
2327 2425 2611 2497 malignus
2639 2432 2744 2497 est,
2777 2426 2886 2482 iste
2917 2426 3167 2482 inutilis.
3200 2425 3544 2496 Egoitaque,
3565 2424 3856 2480 utdicere

2189 2515 2358 2586 coepi,
2419 2515 2702 2570 neminem
2758 2528 3027 2571 accusare
3072 2515 3162 2569 vel
3192 2515 3260 2570 ad
3284 2514 3568 2584 judicium
3617 2513 3858 2568 trahere

2190 2603 2363 2672 nitor,
2399 2603 2494 2659 sed
2519 2603 2812 2660 veritatem
2836 2618 3006 2674 quam
3031 2603 3089 2658 in
3117 2603 3428 2674 scripturis
3445 2602 3627 2674 legere
3651 2602 3851 2671 potui,

2191 2691 2681 2763 interrogantibus
2708 2692 3085 2762 praesentibus
3128 2697 3228 2761 per
3273 2692 3455 2747 vivam
3487 2704 3698 2761 vocem,
3730 2690 3854 2746 ab-

2190 2781 2451 2836 sentibus
2493 2795 2624 2838 vero
2655 2795 2754 2852 per
2783 2781 2994 2852 stylum
3041 2780 3318 2851 replicare
3346 2781 3590 2850 curabo;
3633 2793 3705 2835 ne
3753 2788 3861 2835 ta--

2190 2869 2428 2941 lentum,
2463 2871 2612 2942 quod
2643 2885 2779 2927 mete
2810 2871 3076 2940 parvitati
3105 2870 3388 2926 creditum
3417 2875 3522 2940 est,
3544 2867 3856 2925 defossum

2189 2961 2284 3016 sit.
2319 2967 2375 3016 et
2398 2960 2468 3015 ab
2493 2975 2559 3016 eo
2588 2959 2687 3032 qui
2733 2959 2942 3016 talenta
2985 2959 3206 3015 confert
3244 2959 3574 3016 districtius
3603 2959 3855 3029 puniar.

2185 3049 2461 3120 Alioquin
2499 3049 2784 3105 incassum
2818 3050 3000 3106 sancti
3032 3051 3294 3105 doctores
3313 3053 3394 3104 tot
3421 3049 3596 3104 libros
3621 3046 3860 3103 eﬁicerc

2187 3139 2556 3207 studuerunt,
2590 3138 2638 3193 si
2674 3139 2952 3194 recitandi
2987 3153 3098 3194 non
3137 3143 3293 3208 sunt,
3320 3143 3377 3194 et
3401 3151 3591 3194 eorum
3620 3138 3856 3193 veritas

2188 3228 2492 3284 asserenda
2533 3241 2646 3283 non
2689 3234 2794 3298 est,
2847 3228 3090 3283 maxime
3139 3225 3648 3300 interregantibus.
3698 3224 3860 3294 Quis

2193 3316 2296 3372 hoc
2336 3317 2418 3372 vel
2473 3315 2664 3372 fatuns
2691 3316 3076 3386 dogmatizare
3105 3316 3354 3372 audeat?
3390 3317 3664 3371 Praeterea
3687 3316 3857 3386 quod

2189 3419 2258 3461 ex
2296 3405 2509 3461 eisdem
2535 3400 2810 3475 capitulis
2839 3405 3089 3476 objicere
3118 3405 3407 3474 voluistis,
3461 3411 3524 3460 ut
3571 3404 3859 3460 Ecclesiae

2190 3500 2384 3564 pastor
2414 3508 2526 3550 non
2575 3488 3023 3566 sit‘arguendus
3059 3507 3091 3549 a
3135 3493 3422 3564 ﬁdelibus,
3465 3493 3579 3548 nisi
3625 3493 3688 3548 in
3735 3493 3858 3549 ﬁde

2188 3583 2484 3654 erraverit,
2513 3583 2648 3653 quis
2673 3597 2785 3639 non
2822 3583 3012 3640 videat
3054 3583 3204 3654 quod
3258 3583 3369 3640 isto
3399 3590 3453 3638 te
3498 3589 3599 3638 tuo
3648 3583 3860 3654 gladio

2192 3672 2548 3729 interﬁcias?
2589 3674 2705 3746 Ego
2735 3673 2967 3744 quidem
3017 3673 3302 3728 neminem
3343 3686 3586 3745 arguere
3623 3687 3856 3744 quaeso,

2190 3763 2285 3818 sed
2309 3762 2358 3818 si
2386 3776 2474 3818 me
2501 3762 2634 3833 quis
2679 3762 2889 3818 iterum
2941 3762 3234 3834 baptizare
3276 3762 3546 3833 voluerit,
3594 3768 3751 3817 errat
3793 3763 3858 3818 in

2191 3850 2320 3922 ﬁde,
2342 3865 2414 3906 an
2439 3864 2550 3906 non
2572 3851 2600 3905 ‘I
2629 3849 2993 3908 Manifestum
3028 3857 3116 3908 est
3140 3851 3280 3923 quia
3299 3856 3472 3922 errat,
3515 3864 3581 3906 ac
3607 3864 3708 3921 per
3739 3849 3859 3908 hoc

2189 3939 2314 3994 sine
2337 3939 2517 3996 dubio
2553 3939 2611 3995 in
2648 3939 2872 4010 Spiritu
2899 3946 3094 3996 sancto
3133 3947 3287 3996 errat
3319 3953 3418 4010 per
3450 3952 3615 4011 quem
3648 3939 3858 3994 omnia

2189 4029 2456 4084 Ecclesim
2519 4033 2870 4085 sacramenta
2921 4029 3378 4100 sanctificantur,
3429 4035 3487 4084 et
3549 4028 3860 4084 credentes

2191 4117 2532 4187 baptismate
2577 4117 2978 4188 puriﬁcantur,
3025 4119 3321 4189 sacrisque
3364 4117 3700 4187 ordinibus,
3757 4132 3861 4187 per

2194 4221 2337 4278 quos
2387 4207 2508 4276 ipsa
2555 4207 2692 4263 ﬁdes
2725 4207 3062 4277 percipitur,
3102 4208 3513 4264 instituuntur.
3543 4207 3611 4262 Et
3655 4220 3862 4262 revera

2195 4317 2220 4348 «
2263 4296 2595 4368 quicunque
2619 4297 2676 4350 in
2699 4309 2826 4352 eum
2848 4295 3345 4366 blasphemaverit,
3376 4296 3491 4352 nisi
3517 4297 3862 4366 ptrnitendo

2194 4399 2254 4441 se
2281 4385 2613 4454 correxerit,
2646 4400 2756 4441 non
2788 4385 3112 4442 remittetur
3154 4385 3230 4456 ei,
3279 4399 3462 4456 neque
3495 4386 3554 4441 in
3583 4386 3694 4441 hoc
3741 4401 3863 4442 sa:—

431 4473 722 4542 ponliﬁcis
768 4475 1109 4531 sententiam
1155 4473 1433 4529 veraciter
1470 4483 1752 4541 opponere
1783 4477 1960 4542 potes,
2016 4477 2080 4528 ut
2111 4465 2162 4526 D
2195 4474 2326 4532 culo
2344 4475 2603 4546 nequeiu
2624 4474 2821 4531 futuro
2837 4475 3066 4544 (Matth.
3088 4489 3170 4530 xu
3191 4477 3458 4538 :Marcut
3479 4493 3497 4540 ;
3521 4476 3804 4544 Luem).
3829 4495 3858 4525 ι

432 4563 852 4634 scripturarum
883 4563 1094 4619 veritas
1125 4559 1616 4631 interrogantibus
1668 4574 1779 4616 non
1811 4561 1890 4616 sit
1937 4575 2078 4617 nar—

436 4652 612 4707 randa
655 4657 712 4708 et
773 4651 1122 4722 exponenda.
1169 4653 1279 4706 Ista
1328 4649 1604 4706 nimirum
1655 4651 1907 4720 capitula
1958 4651 2082 4706 illis

437 4739 666 4796 obviare
697 4741 1033 4811 probantur,
1063 4739 1164 4810 qui
1195 4738 1482 4809 quoslibet
1509 4739 1772 4796 Ecclesiae
1810 4742 2084 4810 praesules

437 4841 707 4884 accusare
740 4841 848 4884 non
873 4828 1237 4898 erubescunt,
1269 4835 1586 4884 asserentes
1610 4843 1804 4884 eorum
1832 4829 2082 4886 crimina

439 4914 585 4973 facta
629 4917 714 4974 vel
744 4917 1002 4988 conﬁcta,
1051 4917 1274 4973 scilicet
1308 4917 1456 4988 quod
1488 4922 1590 4973 aut
1632 4917 1936 4974 homicida:
1985 4925 2086 4974 aut

438 5013 712 5080 raptores,
747 5013 849 5064 aut
879 5006 1128 5080 adulteri
1168 5007 1306 5078 sint,
1334 5012 1434 5062 aut
1463 5006 1684 5077 aliquid
1715 5007 2083 5079 hujusmodi;

353 5127 360 5134 -
438 5111 551 5154 non
611 5097 760 5168 quod
808 5098 866 5151 in
931 5095 1316 5151 decretalibus
1363 5095 1630 5164 apicibus
1679 5095 1974 5168 habeatur,
2023 5104 2088 5153 ut

436 5189 648 5246 veritas
681 5201 807 5258 qua“:
849 5186 908 5240 in
947 5185 1128 5240 sacris
1165 5185 1562 5241 voluminibus
1591 5186 1938 5255 continetur,
1973 5201 2084 5242 non

437 5280 517 5335 sit
543 5275 1034 5348 interrogantibus
1061 5273 1425 5345 proferenda;
1454 5282 1528 5345 et,
1554 5275 1602 5329 si
1635 5289 1858 5330 necesse
1885 5275 2079 5348 fuerit,

440 5367 738 5425 brevitatis
763 5377 934 5420 causa
967 5363 1025 5418 in
1059 5363 1271 5419 litteris
1299 5363 1660 5418 assumenda.
1693 5363 1850 5430 Quod
1893 5371 2079 5418 autem

441 5460 720 5530 scriptum
746 5461 852 5525 est,
880 5460 941 5510 ut
967 5453 1166 5510 nullus
1202 5453 1476 5506 adversus
1503 5450 1750 5519 aliquem
1781 5453 2079 5520 pratsulem

436 5550 756 5619 scripturas
781 5544 974 5612 faciat,
1011 5542 1321 5610 nullusque
1339 5539 1540 5593 doctor
1560 5550 1659 5606 per
1680 5539 1890 5610 scripta
1907 5554 2086 5598 accu—

507 5650 539 5680 ει
565 5639 677 5694 lloc
707 5649 820 5693 non
846 5637 1029 5690 exstat
1061 5631 1117 5685 in
1155 5629 1321 5698 epist.
1366 5627 1619 5684 Callixti.

2193 4564 2312 4633 Qua
2337 4563 2407 4619 de
2429 4578 2508 4635 re,
2543 4570 2606 4621 ut
2651 4569 2846 4620 sancto
2883 4565 3067 4635 placet
3092 4563 3438 4636 Augustino,
3488 4563 3859 4634 blasphemia

2197 4653 2254 4708 in
2279 4653 2502 4723 Spiritu
2527 4659 2723 4709 sancto
2769 4657 2872 4723 est,
2903 4667 3030 4724 qua:
3069 4667 3178 4710 non
3207 4654 3532 4712 remittetur
3562 4667 3756 4725 neque
3799 4655 3860 4710 in

2196 4743 2301 4798 hoc
2331 4741 2541 4799 saeculo
2564 4756 2745 4814 neque
2772 4743 2832 4799 in
2863 4742 3080 4815 futuro,
3127 4757 3226 4800 cor
3251 4743 3641 4813 impceuitens,
3681 4744 3864 4800 illius

2194 4831 2462 4888 videlicet
2487 4831 2586 4902 qui
2613 4832 2830 4902 absque
2852 4833 3186 4902 poenitentia
3211 4831 3268 4886 in
3295 4832 3419 4888 suis
3447 4831 3700 4888 moritur
3731 4848 3866 4903 pee-

2195 4919 2358 4974 catis.
2389 4921 2537 4990 Ergo
2559 4920 2660 4990 qui
2696 4919 2754 4975 in
2787 4921 2970 4976 sacris
2992 4919 3318 4983 ordinibus,
3353 4925 3419 4976 ut
3446 4934 3622 4990 supra
3646 4921 3865 4977 decla—

2197 5014 2382 5064 ratum
2408 5014 2513 5078 est,
2541 5010 2838 5080 erraverit,
2865 5009 2980 5065 nisi
3010 5008 3082 5064 ab
3119 5009 3403 5078 ejusmodi
3429 5022 3625 5065 errore
3654 5011 3861 5078 peni-

2195 5097 2364 5152 tendo
2397 5099 2714 5168 recesserit,
2771 5097 2987 5169 absque
3028 5097 3208 5154 dubio
3262 5112 3374 5154 non
3421 5099 3749 5154 remittitur
3780 5101 3864 5164 ei,

2196 5198 2378 5255 neque
2405 5186 2462 5240 in
2487 5185 2592 5242 hoc
2620 5187 2830 5242 saeculo
2857 5200 3038 5258 neque
3069 5187 3128 5242 in
3160 5186 3376 5243 futuro.
3405 5188 3544 5243 Ecce
3569 5188 3638 5243 de
3666 5201 3878 5243 sacer-

2195 5273 2374 5330 dotali
2401 5264 2827 5331 consecratione
2871 5275 3341 5345 percontantibus
3371 5277 3692 5342 veritatem,
3726 5291 3872 5346 qua:

2199 5363 2256 5416 in
2283 5364 2465 5418 sacris
2483 5364 2733 5434 eloquiis
2756 5365 2967 5434 passim
2993 5365 3253 5434 habetur,
3289 5379 3390 5434 pro
3413 5365 3640 5420 viribus
3656 5377 3874 5436 aggre.

2196 5465 2328 5520 gare
2363 5454 2578 5523 curavi,
2606 5469 2932 5524 quanquam
2955 5455 3294 5525 peregrinus
3307 5460 3362 5510 et
3380 5453 3616 5524 advena,
3642 5459 3707 5509 ut
3729 5454 3874 5524 ipse

2197 5537 2408 5597 frustra
2455 5541 2778 5615 conﬁngere
2820 5557 2933 5600 non
2962 5543 3272 5602 erubescis.
3307 5545 3385 5600 De
3421 5551 3630 5600 caetero
3656 5551 3870 5601 autem
