4082 6168
300 292 430 349 “Oi

1196 299 1462 356 AUXILII
1500 302 1589 356 DE
1625 300 1846 357 CAUSA
1884 302 1969 356 ET
2007 302 2311 359 NEGOTIO
2348 304 2645 361 FORMOSI
2688 309 2783 362 PI’.

3567 307 3714 369 4402

291 422 410 490 jam
438 422 580 493 quid
612 423 772 482 aliud
807 431 1000 499 restat,
1025 428 1141 485 nisi
1166 432 1231 486 ut
1247 430 1667 488 Dominatorem
1695 432 1952 488 omnium
1980 431 2033 492 A
2064 432 2204 487 Rata
2228 446 2362 505 ergo
2390 435 2784 505 compassione
2826 437 3155 493 Formosum
3184 451 3219 493 a
3249 437 3349 493 tali
3391 439 3716 508 iuramento

299 511 649 586 invocantes,
709 515 971 576 dicamus
1004 531 1135 574 cum
1188 520 1497 590 Pr0pheta:
1526 524 1793 590 Exsurge,
1836 525 1955 577 Do-

293 607 462 670 mine,
482 603 696 682 judica
720 622 943 662 causam
974 612 1125 663 tuam
1150 611 1178 663 ξ)
1198 609 1369 679 {Psal.
1400 613 1632 683 Lxxtu.)

295 718 425 774 CAP.
474 717 708 773 XXXII.
739 746 809 755 —
855 715 1012 788 Quod
1040 716 1418 784 jm’amentum
1480 720 1642 773 etiam
1696 735 1798 788 per
1842 722 1953 774 vim

366 790 579 850 datum,
604 791 653 842 si
677 788 752 841 ad
774 787 1112 857 peccandum
1149 804 1259 842 non
1280 791 1538 859 pertinet,
1582 787 1955 859 iwefragabi—

367 861 494 915 (iter
518 862 592 915 sit
620 859 1036 914 obseruandum.

366 970 481 1025 INF.
549 967 776 1024 Calcata
834 966 1169 1038 reverentia,
1231 968 1386 1025 velut
1446 968 1812 1041 obtrectator,
1867 983 1955 1026 me

297 1058 620 1129 perjurium
642 1058 940 1113 incurrere
964 1057 1198 1128 asseris,
1230 1056 1289 1112 in
1319 1071 1387 1113 eo
1404 1058 1554 1128 quod
1580 1058 1949 1129 jujejurando

294 1147 598 1218 spopondi,
644 1151 699 1203 et
747 1146 1061 1203 secundum
1108 1161 1293 1203 meum
1337 1161 1501 1217 posse
1531 1147 1948 1204 ordinationem

293 1249 467 1307 quam
515 1237 824 1292 Formosus
861 1234 1017 1307 fecit,
1060 1235 1404 1292 subvertam.
1437 1237 1638 1293 Fateor
1685 1238 1950 1308 equidem

294 1324 430 1397 quia
471 1324 752 1381 violenter
794 1325 1101 1395 depressus
1138 1326 1483 1397 juraveram,
1533 1331 1589 1382 et
1635 1327 1948 1383 secundum

293 1427 480 1470 meum
526 1414 677 1470 scire
704 1418 761 1470 et
791 1427 953 1484 posse
986 1413 1230 1485 praafatze
1269 1415 1658 1472 ordinationis
1686 1414 1950 1472 defensor

289 1504 616 1562 existerem.
659 1503 764 1559 Sed
798 1504 1070 1576 quoniam
1102 1504 1160 1560 in
1199 1503 1538 1574 apostolicis
1577 1504 1948 1574 pontiﬁcibus

292 1608 406 1650 una
446 1600 533 1649 est
573 1592 908 1650 auctoritas.
966 1592 1140 1650 sicuti
1176 1607 1351 1664 papae,
1401 1593 1660 1649 Marinus
1688 1594 1947 1651 eumdem

290 1685 624 1740 Formosum
655 1682 726 1740 de
751 1683 1079 1752 iuramento
1106 1683 1255 1754 quod
1290 1683 1512 1739 invitus
1534 1682 1786 1753 dederat,
1822 1684 1948 1741 sol-

2064 521 2282 578 solvere
2318 523 2708 596 decreverunt,
2741 525 2907 594 juxta
2963 525 3019 579 id
3066 526 3217 595 quod
3259 527 3538 583 Dominus
3580 528 3709 584 ait:

2062 613 2519 671 Misericordiam
2567 614 2695 671 volo
2744 613 2927 686 magis
2985 626 3154 684 quam
3231 615 3601 686 sacriﬁcium,
3663 624 3719 673 et

2065 702 2366 758 scientiam
2413 703 2514 759 Dei
2558 703 2861 775 plusquam
2918 703 3338 760 holocaustum.
3394 706 3477 761 Tu
3528 710 3716 761 autem

2063 791 2222 862 aperi
2258 791 2457 848 oculos
2487 793 2681 849 cordis
2707 793 2814 863 tui,
2852 800 2907 847 et
2951 793 3083 848 vide
3129 792 3379 864 qualiter
3405 793 3464 848 in
3503 793 3716 849 eisdem

2067 881 2186 938 tuis
2237 882 2611 938 sacramentis
2661 882 2978 952 dupliciter
3024 881 3426 953 praevaricator
3481 882 3714 938 existas.

2063 970 2278 1026 Jurasti
2310 971 2462 1026 enim
2486 970 2623 1028 licet
2653 971 2891 1036 invitus,
2926 977 2988 1028 ut
3010 971 3133 1041 ipse
3154 969 3373 1039 fateris,
3401 975 3465 1027 ut
3490 969 3726 1026 ordina-

2064 1059 2277 1115 tionem
2303 1060 2460 1115 illam
2486 1060 2799 1116 secundum
2821 1065 2987 1116 tuum
3012 1060 3232 1116 scireet
3253 1073 3416 1130 posse
3441 1060 3716 1116 adversus

2062 1149 2302 1205 aamulos
2334 1147 2638 1221 defendas;
2685 1150 2835 1220 quod
2883 1151 3083 1221 utique
3114 1163 3226 1204 non
3272 1149 3341 1204 ad
3371 1149 3713 1220 cujusquam

2061 1236 2463 1307 calamitatem,
2486 1238 2584 1299 sed
2606 1238 2675 1294 ad
2705 1238 3017 1296 utilitatem
3052 1238 3314 1309 pertinet.
3350 1237 3713 1295 Postmodum

2056 1326 2174 1395 jam
2205 1340 2317 1383 non
2345 1327 2583 1395 invitus,
2616 1328 2712 1383 sed
2740 1328 3086 1399 quibusdam
3111 1326 3331 1397 placere
3353 1326 3710 1388 desiderans.

2054 1416 2265 1486 jurasti
2309 1421 2374 1473 ut
2415 1417 2664 1473 eamdem
2705 1417 3127 1473 ordinationem
3180 1416 3492 1474 secundum
3546 1420 3709 1473 tuum

2059 1518 2225 1575 posse
2255 1505 2571 1577 subvertas,
2609 1507 2760 1578 quod
2793 1505 2989 1576 procul
3030 1504 3209 1561 dubio
3250 1505 3318 1561 ad
3372 1504 3585 1561 malum
3617 1503 3711 1561 fa—

2058 1595 2326 1667 ciendum
2348 1595 2574 1652 attinet.
2603 1594 2862 1666 Denique
2885 1594 2944 1650 in
2972 1594 3310 1665 apostolicis
3337 1592 3711 1664 pontiﬁcibus

2059 1699 2229 1742 unam
2270 1699 2394 1741 esse
2425 1685 2829 1742 auctoritatem
2872 1685 3007 1755 quis
3044 1683 3347 1756 ambigat?
3374 1682 3471 1739 sed
3507 1683 3709 1754 utique

294 1787 420 1829 vere
462 1772 669 1843 potuit,
725 1772 804 1828 ita
833 1777 890 1828 et
930 1786 1017 1828 me
1054 1772 1407 1843 apostolicus
1444 1773 1611 1829 Pater
1655 1772 1726 1828 ab
1781 1772 1945 1831 illius
1980 1781 2027 1843 Β
2054 1775 2125 1831 ad
2170 1774 2488 1846 ligandum,
2528 1788 2641 1846 quo
2688 1774 2891 1831 merito
2924 1773 3095 1845 ligari
3144 1772 3329 1843 debet,
3362 1776 3419 1828 et
3463 1772 3535 1828 ad
3583 1771 3709 1828 sol-

289 1861 631 1917 sacramenti
680 1875 827 1917 nexu
857 1861 1145 1932 dissolvit,
1182 1868 1236 1917 et
1276 1862 1589 1931 juramenti
1635 1862 1943 1932 sponsione

289 1950 512 2022 ligavit,
567 1956 630 2007 ut
671 1951 924 2007 eamdem
965 1951 1387 2007 ordinationem
1426 1950 1741 2007 secundum
1792 1966 1943 2008 meas

288 2040 443 2095 vires
467 2040 535 2096 ad
572 2040 822 2096 nihilum
843 2040 1114 2112 redigam.
1148 2042 1280 2095 DEF.
1311 2040 1740 2110 Scripturarum
1772 2041 1945 2097 testi-

291 2130 505 2186 moniis
524 2135 582 2185 ct
606 2131 834 2186 Patrum
859 2130 1221 2186 documentis
1241 2130 1510 2200 snperius
1534 2129 1835 2186 deﬁnitum
1858 2137 1944 2188 est

288 2225 353 2276 ut
380 2220 448 2275 ad
480 2220 623 2275 male
662 2218 987 2276 faciendum
1024 2233 1188 2275 nemo
1231 2224 1584 2276 sacramento
1622 2221 1940 2293 constringi

284 2309 521 2375 debeat;
575 2314 631 2365 et
683 2310 733 2365 si
764 2309 1133 2379 aliquatenus
1190 2308 1399 2365 factum
1453 2308 1649 2381 fuerit,
1698 2324 1808 2366 non
1863 2312 1942 2367 sit

285 2400 728 2466 observandum,
760 2400 855 2455 sed
886 2399 1069 2470 magis
1090 2399 1441 2469 pmnitentitc
1462 2399 1934 2457 submittendum.

286 2492 595 2547 Formosus
619 2490 771 2545 enim
809 2502 920 2545 non
978 2490 1197 2558 juravit
1237 2495 1301 2545 ut
1336 2489 1607 2561 cuiquam
1649 2490 1938 2547 laesionem

289 2578 550 2649 inferret,
584 2579 680 2635 sed
709 2582 730 2601 "
754 2591 995 2649 nequam
1020 2583 1362 2650 angustatus
1397 2579 1644 2649 iurando
1671 2580 1939 2650 promisit

287 2674 349 2725 ut
389 2668 719 2724 Romuleam
787 2666 984 2723 urbem
1040 2681 1332 2739 nunquam
1392 2668 1805 2741 ingrederetur,
1864 2669 1932 2725 ad

283 2757 813 2813 reconciliationem
858 2756 949 2814 sui
1006 2756 1243 2813 honoris
1286 2771 1578 2828 nunquam
1622 2759 1930 2829 accederet,

280 2860 568 2917 suumque
592 2846 981 2916 episcOpatum
1013 2859 1306 2916 nunquam
1349 2847 1645 2916 reciperet.
1689 2847 1935 2904 Hoccine

279 2939 701 2992 sacramentum
740 2934 889 3005 apud
929 2934 1292 2991 Christianos
1321 2934 1563 2992 cuilibet
1597 2934 1814 3005 imponi
1847 2934 1933 2992 fas

2052 1864 2296 1919 vendum
2329 1879 2442 1935 quo
2473 1865 2677 1920 merito
2707 1863 2851 1920 solvi
2882 1867 3123 1933 oportet.
3170 1861 3447 1932 Alioquin
3490 1859 3705 1917 frustra

2052 1951 2254 2009 beatus
2294 1953 2607 2024 Gregorius
2648 1953 2826 2009 dicit:
2875 1951 3141 2008 Judicare
3181 1951 3253 2007 de
3299 1950 3554 2007 subditis
3601 1963 3707 2007 ne-

2054 2047 2293 2114 queunt,
2317 2044 2416 2114 qui
2452 2044 2509 2099 in
2531 2042 2786 2099 subditis
2811 2042 2937 2099 suis
2961 2055 3064 2097 sua
3090 2040 3175 2097 vel
3197 2040 3329 2097 odia
3346 2039 3432 2095 vel
3459 2039 3700 2111 gratiam

2056 2132 2379 2203 requirunt.
2404 2133 2562 2189 Unde
2583 2139 2733 2189 recte
2760 2146 2857 2203 per
2884 2131 3215 2203 prophetam
3237 2128 3487 2186 dicitur:
3514 2128 3706 2184 Morti-

2055 2221 2302 2278 ﬁcabant
2328 2222 2552 2279 animas
2583 2237 2708 2294 qua:
2740 2236 2853 2278 non
2882 2221 3232 2290 moriuntur,
3254 2224 3311 2275 et
3334 2216 3704 2274 viviﬁcabant

2052 2311 2276 2367 animas
2304 2327 2430 2384 qua:
2468 2326 2581 2369 non
2612 2312 2813 2368 vivunt
2834 2310 3041 2383 (Ezech.
3084 2309 3229 2381 xui).
3276 2310 3398 2364 Non
3444 2306 3703 2363 morien—

2055 2404 2163 2456 tem
2207 2403 2418 2473 quippe
2451 2401 2779 2469 mortiﬁcat,
2811 2401 2911 2471 qui
2947 2401 3168 2470 justum
3204 2398 3455 2466 damnat,
3503 2400 3560 2453 et
3585 2408 3697 2450 non

2050 2491 2338 2548 victurum
2362 2491 2651 2548 viviﬁcare
2678 2490 2909 2558 nititur,
2948 2490 3049 2561 qui
3082 2502 3239 2545 reum
3274 2484 3562 2556 supplicio
3590 2481 3701 2538 ab—

2050 2580 2268 2637 solvere
2293 2586 2553 2637 conatur.
2582 2581 2651 2635 Et
2678 2580 3057 2649 Hieronymus
3079 2582 3332 2633 tractans
3358 2573 3504 2630 illud
3535 2584 3701 2627 evan-

2048 2668 2344 2741 gelicum:
2391 2690 2416 2722 α
2448 2669 2812 2740 Οιιωαιιιιιιιιθ
2869 2666 3190 2739 ligaveritis
3254 2675 3429 2735 super
3489 2664 3697 2717 terram

2046 2757 2259 2830 (Matth.
2294 2758 2481 2831 xvm),
2513 2777 2536 2808 ι
2563 2758 2683 2814 ait:
2719 2759 2895 2813 istum
2938 2755 3128 2812 locum
3160 2766 3273 2810 non
3310 2750 3703 2822 intelligentes

2045 2848 2299 2918 episcopi
2345 2852 2402 2904 et
2446 2846 2782 2919 presbyteri,
2832 2843 3058 2915 aliquid
3112 2841 3226 2899 sibi
3275 2843 3581 2900 assumunt
3628 2837 3701 2894 de

2045 2936 2463 2993 Pharisaeorum
2484 2935 2817 3005 supercilio,
2845 2939 2911 2989 ut
2931 2932 3018 2989 vel
3038 2932 3311 2988 damnent
3340 2929 3693 2996 innocentes,

276 3024 413 3081 est?
451 3026 649 3081 Nonne
686 3029 884 3080 contra
928 3038 1145 3080 sacram
1190 3024 1527 3096 religionem
1575 3025 1929 3081 contrarium
2042 3025 2129 3081 vel
2165 3025 2382 3082 solvere
2421 3038 2480 3081 se
2513 3025 2715 3081 noxios
2744 3022 3118 3109 arbitrentur,
3164 3034 3294 3076 cum
3327 3018 3477 3090 apud
3518 3019 3695 3075 Deum

276 3127 403 3169 esse
423 3113 787 3169 convincitur
807 3113 835 3168 ‘?
858 3114 1065 3169 Contra
1092 3127 1309 3169 sacram
1337 3114 1672 3185 religionem
1699 3113 1757 3169 in
1776 3114 1928 3185 quod
1963 3123 2013 3188 ο
2046 3128 2157 3170 ιιοιι
2179 3113 2462 3171 sententia
2484 3108 2861 3182 sacerdotum,
2882 3111 2978 3166 sed
3003 3123 3228 3165 reorum
3248 3108 3364 3163 vita
3381 3112 3690 3177 quaeratur.

276 3202 500 3259 invitus
534 3203 753 3273 juravit
784 3206 846 3257 ut
894 3202 1225 3259 Romuleam
1272 3202 1468 3258 urbem
1502 3216 1793 3275 nunquam
1834 3204 1932 3259 in-

276 3292 503 3364 troiret,
565 3292 670 3348 hoc
723 3298 829 3361 est,
887 3305 1180 3362 nunquam
1246 3291 1636 3362 apostolorum
1693 3306 1932 3364 corpora

274 3382 431 3437 Petri
456 3387 513 3437 et
536 3381 698 3437 Pauli
738 3381 1019 3437 adoraret.
1046 3381 1412 3437 Contrarium
1440 3395 1570 3437 vero
1603 3382 1661 3437 in
1687 3396 1753 3438 eo
1779 3383 1930 3454 quod

272 3470 566 3542 adjunxit,
583 3471 725 3527 utad
741 3470 1265 3527 reconciliationem
1281 3471 1373 3527 sui
1390 3470 1627 3527 honoris
1639 3486 1931 3544 nunquam

271 3559 588 3630 accederet,
609 3574 893 3632 suumque
908 3559 1300 3632 episcopatum
1318 3574 1611 3633 nunquam
1634 3561 1929 3633 reciperet.

2048 3208 2306 3261 Patenter
2333 3217 2468 3277 ergo
2496 3202 2747 3274 intelligi
2783 3198 3317 3287 datur,.quodnemo
3340 3201 3393 3252 te
3417 3195 3695 3287 avinculo

2047 3290 2720 3364 illiusjuramenti,quod
2744 3290 2814 3346 ad
2843 3283 3332 3345 bene'faciendum
3348 3283 3694 3355 praebueras,

2045 3384 2263 3440 solvere
2291 3380 2559 3453 potuerit.
2606 3380 2998 3435 Juramentum
3040 3379 3229 3431 autem
3261 3373 3411 3444 quod
3446 3372 3516 3429 ad
3550 3371 3698 3427 male

2044 3471 2370 3529 faciendum
2387 3470 2620 3540 dedisti,
2643 3465 3023 3540 proculdubio
3046 3478 3157 3521 non
3174 3468 3261 3520 est
3280 3462 3692 3520 observandum

2045 3563 2142 3620 sed
2176 3562 2357 3635 magis
2390 3558 2741 3634 paenitentiae
2768 3554 3241 3613 submittendum.

2810 3743 3331 3752 wm~-u
3355 3740 3685 3752 ——-——-~

1811 3913 2176 3986 INCIPIT

385 4089 764 4210 LIBER
838 4087 1453 4211 CUJUSDAM
1533 4082 2347 4216 REQUIRENTIS
2424 4083 2563 4202 ET
2628 4000 3549 4205 RESPONDENTIS.

1322 4449 1856 4562 AUXILII
1960 4398 2637 4558 LIBELLUS

1198 4649 1427 4731 Super
1484 4664 1693 4715 causa
1749 4651 1815 4712 et
1871 4647 2135 4730 negotio
2192 4642 2497 4710 πονηθεί
2536 4659 2758 4725 papae.

1648 4801 1662 4863 (
1688 4800 1761 4850 Ex
1794 4799 2056 4851 Analectis
2095 4797 2316 4860 Mabill.)

1961 4934 2169 4948 ———

1397 5048 1785 5120 MONITUM
1859 5050 1973 5117 AD
2049 5044 2491 5117 LECTOREM
2516 5093 2527 5103 .

1805 5214 2174 5228 ———.

335 5332 598 5391 Celebris
629 5332 743 5391 fuit
781 5334 1065 5406 quondam
1106 5335 1493 5391 controversia
1522 5336 1591 5391 de
1620 5349 1791 5391 causa
1836 5336 2089 5391 Formosi
2123 5349 2298 5405 papze,
2335 5348 2459 5405 qua:
2500 5331 2729 5406 duobus
2760 5331 3010 5406 maxime
3043 5331 3335 5406 capitibus
3358 5326 3671 5406 constabat.

269 5406 665 5484 I’rimumest,
698 5419 769 5461 an
799 5400 1073 5484 canonica
1104 5407 1407 5484 e_sset_ejus
1449 5408 1732 5477 promotio
1764 5408 1835 5484 in
1876 5408 2064 5462 sedem
2106 5400 2448 5484 Romanam;
2479 5404 2747 5484 alterum,
2783 5400 3285 5484 ango_rd_i_nat'io_nes
3337 5400 3408 5454 ab
3430 5414 3501 5484 eo
3531 5403 3677 5484 tum

267 5476 435 5533 facta;
466 5469 671 5553 valida}
704 5484 895 5553 essent
927 5478 1215 5534 habendae.
1246 5469 1611 5553 Consequens
1638 5478 1913 5553 pendebat
1932 5492 2001 5533 ex
2029 5478 2235 5553 priori,
2267 5469 2749 5553 cujus'dubi‘tatio
2773 5491 2840 5531 ex
2862 5475 3081 5544 triplici
3113 5473 3331 5553 ratione
3358 5469 3673 5553 petebatur,

268 5562 476 5627 nempe
510 5548 662 5619 quod
718 5549 1042 5627 Formosus,
1078 5555 1248 5627 antea
1270 5542 1606 5627 Ifortuensis
1633 5542 1959 5627 episcopus,
1990 5542 2062 5605 ab
2094 5542 2305 5627 Joanne
2337 5542 2477 5619 papa
2528 5542 3099 5627 Vllinexauctoratus,
3127 5551 3183 5599 et
3204 5543 3273 5597 ad
3296 5542 3500 5627 laicam
3530 5553 3679 5627 com:

269 5611 608 5677 mun'ioném
639 5620 904 5679 redactus
939 5611 1177 5679 fuisset:
1216 5621 1423 5680 deinde
1455 5620 1605 5694 quod
1634 5611 1911 5693 profugus
1935 5611 2186 5692 iurasset
2219 5611 2511 5692 nun'qu'am
2538 5632 2598 5677 se
2636 5619 2865 5676 Romam
2900 5611 3217 5673 rediturum
3244 5630 3256 5667 :
3295 5611 3484 5684 tertio,
3517 5611 3667 5684 quod
