4082 6168
374 289 511 349 4403

1171 289 1461 344 ΛΡΡΕΝΙ).
1503 288 1597 343 ΑΙ)
1634 288 1792 343 ΞΕΟ.
1836 289 1931 343 IX.
1966 317 2035 325 —
2065 284 2418 341 AUCTORES
2454 283 2623 340 ΑΝΝΙ
2662 278 2953 335 INCERTI.

3629 272 3771 329 HM

365 426 398 468 a
436 412 568 468 sede
598 412 896 468 Portuensi
925 412 985 468 in
1024 412 1331 467 Romanam
1373 415 1522 466 esset
1559 408 1892 465 translatus.
1923 406 2059 476 Quae
2089 406 2391 461 translatio
2411 400 2823 460 ecclesiasticis
2851 399 3068 472 regulis
3097 397 3482 468 Romanisque
3507 395 3774 454 moribus

364 483 653 540 contraria
683 489 822 539 erat.

431 539 559 609 Non
588 552 818 610 defuere
865 560 1071 621 tamen,
1106 553 1205 624 qui
1240 553 1491 625 Formosi
1527 550 1910 625 patrocinium
1957 554 2109 625 tunc
2120 551 2514 625 susceperunt,
2546 559 2690 625 quos
2720 544 2871 625 inter
2898 540 3451 625 'Auxiliusq'uidam
3480 539 3773 625 Francus,

361 623 576 695 (ﬁctum
606 638 677 680 an
723 639 918 681 verum
946 610 1170 695 nomen)
1217 625 1311 680 sed
1346 624 1404 680 in
1448 610 1606 679 italia
1650 623 1981 695 degens,_et
2008 633 2040 675 a
2070 610 2337 695 Forinos'o
2368 610 2689 695 ordinatus,
2719 616 2866 671 duos
2897 614 2955 695 in
2994 615 3119 695 ejus
3165 610 3552 695 defensionem
3590 610 3776 695 libros

361 684 614 768 scripsit.
650 696 814 752 Prior
850 696 1040 766 capita
1074 684 1793 768 quadraginta,posteri‘or
1835 684 2076 761 triginta
2105 684 2685 768 duo__comple_ctitur,
2706 700 2835 743 cum
2866 684 3118 768 epistola.
3153 684 3360 768 praevia
3392 684 3773 768 iaduLeonetn

360 752 1016 839 Nolanumepiscopum,
1047 752 1217 839 cujus
1246 752 2188 839 rogatu'istudpopuspsusceperat.
2218 752 2706 839 liancepistolam
2727 772 2853 813 cum
2888 752 3078 839 indice
3105 752 3771 839 triginta_capitulorum

362 839 577 908 prioris
603 823 761 907 libri,
800 823 1238 894 ill'ustrissimus
1280 823 1595 893 cardinalis
1626 823 1904 908 Baronius
1936 823 2363 908 in-Appendice
2391 823 2531 887 tomi
2561 831 2662 885 XII
2683 828 2974 908 inseruit:
3018 823 3326 895 utrumque
3356 823 3570 879 librum
3617 823 3775 878 inte—

362 897 527 981 grum
553 897 997 981 edidit'Joannes
1026 909 1283 981 Morinus
1310 910 1369 963 in
1416 914 1571 981 parte
1594 908 1735 981 n_pde
1760 906 1943 961 sacris
1967 897 2449 981 Ordinationibus
2464 897 2805 981 a_pag._{}£8_.
3518 966 3558 981 ν

429 964 719 1036 PosteriOr
745 980 892 1035 liber
923 984 1107 1035 exstat
1142 980 1203 1034 in
1225 964 1345 1034 ims.
1375 964 1583 1052 codice
1613 975 2023 1052 Fiscamnensi,
2053 975 2151 1052 cui
2182 974 2308 1052 loco
2339 964 2553 1042 prioris
2581 964 2626 1026 av
2657 968 3049 1052 Marino
3089 966 3462 1052 praemittitur
3500 964 3776 1052 dialogus

363 1050 460 1106 hic
492 1052 704 1122 editus,
741 1064 907 1121 quem
946 1052 1200 1120 ejusdem
1241 1050 1466 1106 Auxilii
1489 1063 1617 1122 esse
1650 1061 1761 1122 non
1787 1039 2414 1122 dubito.'_Descriptum
2446 1058 2513 1099 ex
2535 1057 2601 1122 eo
2634 1043 2829 1122 codice
2880 1040 3174 1122 dialogum
3218 1039 3295 1122 ‘ad
3326 1051 3414 1121 me
3446 1039 3780 1122 transmisit

360 1128 553 1179 noster
574 1109 841 1179 Julianus
864 1109 1164 1191 Bellasius,
1207 1135 1451 1191 eumque
1483 1121 1543 1175 in
1576 1119 1869 1189 publicum
1904 1115 2155 1187 proferre
2184 1109 2372 1172 visum
2398 1121 2504 1186 est,
2536 1115 2587 1171 si
2620 1113 2758 1184 quid
2797 1109 3139 1168 conferat'ad
3180 1109 3590 1166 obscurissimi
3625 1114 3777 1162 tein-

367 1194 525 1263 poris
549 1192 992 1263 controversiam
1016 1192 1438 1248 iiiustrandam.

429 1263 666 1319 Auxilio
711 1262 769 1318 in
811 1263 1009 1319 laudes
1047 1263 1301 1319 Formosi
1353 1276 1509 1388 papa:
1537 1261 1823 1318 consentit
1865 1259 2246 1326 Frodoardus,
2282 1271 2411 1314 cum
2463 1257 2522 1313 in
2556 1255 2801 1312 historia
2828 1267 2953 1323 sua,
2994 1258 3115 1309 tum
3149 1253 3207 1336 in
3250 1252 3401 1308 libro
3430 1250 3678 1335 metrico
3707 1249 3778 1331 de

429 1335 632 1388 imanis
669 1334 1071 1388 Pontiﬁcibus.
1111 1336 1280 1388 cuius
1307 1334 1347 1388 li
1396 1335 1445 1388 ri
1474 1344 1674 1388 maena
1706 1346 1836 1388 uars
1865 1331 2018 1388 tvois
2050 1329 2279 1388 vulgata
2308 1335 2394 1386 est
2430 1329 2490 1384 in
2534 1333 2692 1388 parte
2735 1340 2775 1382 ιι
2821 1325 3019 1382 δείξουιὶ
3045 1330 3205 1380 tertii
3238 1324 3621 1388 Benedictum,
3674 1320 3776 1375 ubi

359 1335 632 1390 Romanis
669 1334 1071 1403 Pontiﬁcibus,
1111 1336 1280 1405 cujus
1307 1334 1347 1389 li

359 1405 430 1460 de
459 1406 727 1462 Formoso
758 1405 878 1461 hac
906 1406 1056 1462 inter
1079 1406 1196 1462 alia
1222 1406 1526 1477 leguntur:

1396 1320 1445 1390 ri
1474 1344 1674 1405 magna
1705 1346 1836 1403 pars
1865 1331 2018 1402 typis
2050 1320 2279 1401 vulgata
2308 1335 2394 1386 est
2430 1329 2490 1384 in
2534 1333 2692 1398 parte
2735 1340 2775 1382 ιι
2821 1320 3019 1382 δείξειαιὶ
3045 1324 3205 1380 tertii
3238 1322 3621 1391 Benedictini,
3674 1320 3776 1375 ubi

1017 1494 1216 1543 Praesul
1244 1493 1330 1542 hic
1363 1488 1604 1555 egregius
1639 1493 1922 1541 Formosus
1945 1490 2186 1539 laudibus
2207 1490 2324 1555 altis

1017 1556 1264 1606 Evehitur
1299 1571 1311 1607 :
1343 1560 1532 1609 castus.

1598 1569 1749 1603 arcus
1780 1555 1895 1610 sibi,
1930 1555 2105 1614 largus
2136 1554 2314 1615 egenis
2339 1567 2351 1600 :

1014 1619 1311 1679 Bulgaricaa
1342 1619 1481 1679 genti
1511 1617 1630 1667 fidei
1652 1617 1739 1679 qui
1761 1618 1958 1666 semina
1988 1617 2189 1679 sparsit,

1018 1682 1245 1731 Delubra
1273 1682 1540 1742 destruxit,

1614 1677 1826 1741 epulum
1857 1677 2153 1727 coalestibus
2181 1678 2337 1726 armis

1016 1744 1278 1804 Instruxit,
1304 1740 1533 1793 tolerans
1564 1740 1863 1791 discrimina
1889 1740 2126 1804 plurima,
2159 1742 2454 1804 promptus.

1014 1801 1318 1869 Exemplum
1352 1807 1604 1864 tribuens,
1638 1806 1694 1853 ut
1718 1804 1820 1869 sint
1852 1801 2068 1852 adversa
2090 1801 2320 1869 ferenda,

1010 1868 1074 1917 Et
1104 1863 1257 1918 breve
1285 1870 1475 1917 viventi
1503 1867 1777 1916 metuenda
1804 1865 2138 1915 incommoda
2168 1863 2333 1913 nulla.

359 1948 434 2004 At
472 1947 803 2006 Formosum
832 1962 944 2005 non
975 1949 1058 2005 ita
1086 1950 1270 2020 culpae
1308 1953 1593 2018 expertem
1639 1944 2158 2020 fuisse_contendit
2198 1944 2478 2017 Morinus,
2514 1946 2657 2017 quin
2702 1944 3025 2015 Stephanus
3066 1942 3136 1999 VI
3170 1940 3523 2013 probabilem
3557 1940 3618 1995 in
3649 1951 3779 1994 eum

365 2026 653 2077 mortuum
676 2021 948 2078 saeviendi
978 2016 1209 2078 causam
1242 2016 1528 2077 habuerit.
1562 2022 1640 2075 De
1665 2018 1772 2075 hoc
1798 2017 1905 2073 alii
1927 2016 2212 2087 judicent.

1859 2122 2270 2134 ——_

434 2193 588 2250 Petis
609 2207 644 2250 a
674 2207 763 2250 me
782 2194 1113 2265 responderi
1146 2193 1253 2253 tibi
1278 2208 1451 2265 super
1470 2190 1825 2249 Formosiani
1856 2189 2019 2246 cala—
2038 2189 2095 2248 A
2127 2188 2425 2260 quaeritur.
2460 2189 2785 2258 Formosus,
2817 2194 2873 2245 et
2903 2189 3146 2261 quaestio
3176 2188 3349 2244 estde
3372 2186 3494 2242 illo.
3518 2185 3671 2255 Quid
3701 2186 3781 2240 sit

363 2282 583 2351 mitate,
617 2287 812 2353 utpote
856 2283 1093 2355 ignarus
1126 2283 1406 2339 veritatis.
1440 2283 1601 2352 Quod
1646 2280 2015 2352 respondeam

365 2383 477 2427 non
509 2371 740 2428 invenio
767 2390 780 2427 :
814 2376 997 2429 totum
1027 2373 1180 2429 enim
1204 2386 1538 2443 responsum
1568 2375 1670 2427 est.
1700 2369 2015 2426 Verborum

361 2460 516 2514 enim
564 2459 731 2530 capia
762 2459 976 2518 frustra
1014 2467 1365 2532 perstrepere
1392 2461 1600 2517 vitium
1630 2464 1737 2530 est,
1770 2471 2016 2528 praeser-

368 2547 472 2602 tim
517 2562 649 2604 cum
706 2550 949 2619 epistola
998 2550 1157 2607 brevi
1204 2550 1374 2607 verbo
1421 2550 1617 2606 clausa
1656 2547 2015 2617 responderit

363 2634 597 2692 dicens:
633 2657 659 2689 α
687 2638 748 2693 Si
789 2638 921 2708 quis
950 2640 1111 2696 aliud
1160 2638 1657 2711 exangelizaverit,
1688 2637 1860 2693 etiam
1904 2650 2017 2692 an-

365 2723 529 2795 gelus
554 2724 626 2782 de
650 2726 793 2784 caelo
817 2728 1052 2784 veniens
1077 2735 1283 2798 praeter
1310 2728 1365 2783 id
1396 2728 1546 2798 quod
1578 2732 1683 2797 est,
1714 2727 2016 2782 anathema

365 2814 447 2870 sit
494 2814 634 2886 (Gul.
697 2831 738 2885 ι,
768 2816 843 2889 8).
880 2834 907 2867 ιο
938 2818 1058 2873 Jam
1104 2817 1257 2872 enim
1290 2817 1465 2887 pudet
1507 2814 1813 2872 fatuitatis.
1866 2815 2015 2885 Quid

363 2900 547 2972 igitur
568 2903 797 2972 prodest
827 2908 912 2959 tot
941 2902 1296 2960 membranas
1326 2916 1624 2972 occupare,
1656 2907 1712 2958 et
1741 2903 1810 2959 de
1839 2914 2017 2958 exem-

365 2988 626 3058 plaribus
674 2990 952 3062 plenariis
1009 2992 1269 3063 quotidie
1328 2991 1674 3062 capitularia
1738 2988 1796 3046 in
1846 2990 2019 3047 tomis

363 3078 703 3137 transferre:
764 3095 895 3137 cum
946 3082 1099 3138 desit
1150 3081 1549 3153 auditorium;
1607 3080 1843 3151 insuper
1901 3079 2018 3135 alto

364 3169 551 3240 sopita
597 3171 758 3242 aspis
794 3172 982 3241 jaceat
1024 3186 1224 3228 somno
1255 3172 1530 3243 gravique
1573 3172 1841 3242 litargico
1875 3171 2015 3226 adeo

363 3272 578 3330 pressa,
604 3264 671 3314 ut
694 3260 852 3317 nullo
871 3266 1042 3331 queat
1057 3260 1298 3317 excitari
1332 3274 1471 3317 sono
1487 3260 1515 3314 ‘I
1539 3260 1664 3316 Illis
1690 3259 1884 3330 itaque
1910 3259 2015 3314 hoc

361 3360 527 3418 agere
573 3349 867 3418 competit,
915 3349 1130 3420 quibus
1158 3356 1245 3405 est
1288 3350 1657 3405 commissum
1695 3347 2013 3419 magisterii

361 3436 666 3510 remigium
693 3455 706 3493 :
731 3438 821 3494 illi
839 3437 1281 3511 debentaudire,
1299 3444 1583 3509 quatenus
1608 3451 1789 3508 usque
1809 3437 1877 3492 ad
1894 3450 2018 3492 san-

2124 2293 2277 2348 vero,
2348 2279 2594 2348 pertinet
2643 2281 2713 2335 ad
2773 2292 3049 2335 causam:
3110 2284 3174 2333 ut
3226 2277 3363 2348 quid
3420 2276 3575 2345 fecit,
3631 2275 3783 2331 unde

2125 2368 2367 2439 quastio
2396 2374 2496 2425 est.
2527 2369 2704 2438 Quale
2732 2375 2945 2437 autem,
2976 2368 3044 2424 ad
3092 2367 3473 2436 conjecturam
3516 2365 3779 2435 respicit.

2124 2458 2258 2513 Inde
2277 2459 2347 2514 ad
2379 2458 2824 2514 controversiam
2856 2462 3106 2527 quatuor
3124 2455 3643 2512 constitutionum:
3681 2453 3786 2508 ubi

2118 2545 2234 2614 jam
2263 2561 2416 2603 nunc
2456 2547 2761 2603 dicendum
2795 2546 2934 2617 quid
2969 2545 3120 2600 inter
3152 2545 3268 2600 haec
3291 2545 3486 2600 distet.
3526 2541 3789 2610 Qurestio

2124 2642 2212 2692 est
2248 2638 2616 2707 conjectura;
2659 2637 2988 2706 conjectura
3035 2640 3247 2701 autem,
3278 2634 3545 2703 ambigua
3591 2633 3791 2687 inter—

2127 2725 2400 2795 pretatio:
2434 2731 2625 2781 utrum
2658 2726 2737 2781 sit
2755 2724 3002 2794 aliquid,
3034 2723 3119 2779 vel
3147 2737 3280 2793 non,
3308 2723 3391 2778 vel
3422 2720 3542 2777 ﬁeri
3572 2725 3785 2791 potest,

2128 2820 2211 2883 ut,
2253 2827 2325 2869 an
2368 2815 2675 2870 Formosus
2718 2826 2943 2869 sacrare
2975 2818 3103 2883 post
3130 2810 3786 2867 excommunicationem

2127 2902 2420 2958 valuisset.
2449 2902 2630 2958 Causa
2658 2916 2789 2958 vero
2813 2906 2919 2970 est,
2946 2915 3018 2957 an
3045 2902 3199 2971 juste
3229 2898 3445 2967 fecerit,
3480 2898 3790 2953 nascitur-—

2128 3004 2237 3062 que
2255 3005 2324 3046 ex
2354 2991 2671 3062 quaestione
2703 3004 2896 3061 causa,
2941 3004 3009 3046 ex
3038 3002 3208 3045 causa
3238 2987 3599 3055 constitutio,
3630 2985 3790 3041 unde

2125 3079 2204 3135 sit
2250 3080 2493 3149 quaestio
2544 3085 2608 3136 ut
2643 3080 2905 3137 videatur
2950 3092 3142 3135 causa.
3178 3078 3352 3133 Porro
3391 3075 3787 3147 quarstionum

2123 3175 2225 3224 aut
2253 3168 2480 3226 ﬁnitum
2520 3176 2626 3238 est,
2661 3175 2763 3226 aut
2808 3169 3123 3225 inﬁnitum.
3183 3167 3471 3223 Finitum:
3532 3178 3605 3219 an
3648 3165 3787 3233 jure

2126 3257 2336 3314 factum
2360 3258 2471 3329 sit;
2518 3259 2821 3329 oriturque
2853 3259 2923 3314 de
2947 3265 3100 3314 certo
3128 3256 3361 3327 factum,
3388 3256 3789 3311 demonstrat—

2124 3360 2235 3417 que
2259 3360 2552 3417 personam
2576 3361 2701 3418 qua:
2729 3346 2951 3403 dicitur
2985 3345 3332 3417 hypothesis.
3366 3343 3566 3399 Omnis
3592 3340 3788 3412 igitur

2126 3448 2218 3491 res
2257 3437 2708 3507 argumentando
2751 3435 3141 3491 conﬁrmatur.
3179 3433 3379 3490 Omnis
3421 3431 3647 3487 scilicet
3688 3443 3789 3484 res

360 3524 590 3595 guinem
640 3525 931 3582 resistant.
982 3529 1095 3596 Ego
1125 3531 1313 3583 autem
1345 3526 1482 3581 vilis
1522 3532 1579 3581 et
1608 3524 1839 3594 stupida
1868 3524 2011 3589 ovis,
2044 3519 2094 3578 Β
2126 3538 2251 3593 quae
2278 3524 2577 3595 hypothesi
2610 3524 2899 3595 consistit,
2924 3538 3095 3580 causa
3125 3523 3366 3584 dicitur,
3393 3521 3562 3590 cujus
3589 3532 3786 3574 causa:

356 3611 534 3669 debeo
561 3614 764 3669 audire
792 3615 1109 3670 dicentem:
1153 3635 1178 3667 ‹(
1208 3617 1270 3670 ln
1306 3614 1583 3683 patientia
1620 3619 1720 3668 tua
1752 3611 2017 3682 posside-

357 3700 451 3757 bis
478 3701 727 3757 animam
767 3708 923 3759 tuam
955 3704 1106 3774 (Luc.
1142 3717 1266 3770 xxi,
1295 3700 1402 3772 49).
1433 3704 1499 3758 Ει
1538 3702 1747 3758 iterum
1777 3718 1790 3754 :
1824 3722 1847 3751 ‹‹
1872 3699 2018 3755 Cul-

360 3794 455 3845 tus
489 3789 738 3858 justitia:
779 3791 1076 3847 silentium
1108 3793 1239 3861 (Isa.
1276 3804 1466 3857 xxxu,
1503 3788 1609 3862 47).
1650 3789 1863 3845 Paulus
1894 3788 2016 3860 igi—

360 3882 475 3947 tur,
508 3890 638 3931 cum
660 3882 809 3933 esset
828 3892 927 3933 vas
953 3879 1276 3949 electionis,
1298 3879 1568 3951 magister
1588 3878 1875 3948 Ecclesize,
1902 3890 2012 3933 non

359 3962 431 4018 ab
463 3963 713 4033 homine,
756 3966 852 4021 sed
899 3966 971 4022 ab
1003 3966 1129 4037 ipso
1159 3968 1273 4023 Deo
1313 3967 1372 4022 in
1415 3967 1740 4037 apostolatu
1774 3968 2010 4034 electus,

362 4065 473 4107 non
505 4052 797 4109 seaestivit
825 4059 1236 4126 competentem
1266 4055 1481 4113 volanti
1518 4056 1678 4128 Mago
1711 4056 2011 4127 imperare,

359 4140 454 4196 sed
485 4141 671 4198 dixit:
705 4144 889 4200 Tuum
923 4149 1030 4216 est,
1065 4145 1244 4217 Petre,
1278 4146 1579 4216 imperare,
1608 4161 1791 4202 meum
1824 4152 2014 4201 autem

371 4242 551 4288 orare.
588 4232 683 4288 Sic
718 4233 1018 4305 nimirum,
1048 4234 1134 4290 sic
1158 4248 1322 4291 orare
1354 4242 1610 4292 nostrum
1645 4240 1750 4302 est,
1780 4240 1844 4290 ut
1872 4235 2016 4290 dor-

361 4320 545 4377 miens
570 4322 734 4379 Jesus
764 4322 824 4378 in
858 4323 1118 4380 navicula
1144 4329 1434 4396 exsurgat,
1457 4329 1513 4380 et
1532 4323 1755 4392 judicet
1783 4335 2012 4378 causam

360 4425 543 4468 suam.
575 4411 851 4468 Caaterum
868 4412 1057 4469 victus
1074 4418 1174 4469 tuo
1206 4411 1415 4483 favore,
1441 4412 1721 4468 neminem
1752 4425 2011 4483 carpens,

361 4501 761 4573 neminemque
790 4502 1226 4572 reprehendens,
1261 4500 1485 4557 nullum
1510 4506 1727 4557 certum
1754 4505 2009 4575 tangens,

361 4588 710 4645 distribuam
738 4589 868 4661 tibi,
899 4595 953 4646 te
984 4589 1227 4660 praesule
1248 4594 1416 4659 teque
1438 4589 1653 4659 judice,
1682 4589 1789 4646 sub
1817 4590 2015 4645 rheto-

365 4675 486 4731 rico
517 4677 810 4746 phasmate
836 4677 1151 4733 actionales
1198 4690 1502 4733 causarum
1541 4691 1725 4749 voces,
1768 4690 2012 4748 quarum

363 4762 682 4820 intentione
708 4770 765 4819 et
785 4765 1113 4835 repulsione
1142 4765 1275 4837 quis
1295 4765 1409 4828 sibi
1440 4767 1735 4823 varietatis
1766 4767 2009 4838 palmam

2126 3612 2236 3668 ista
2274 3622 2361 3670 est
2403 3612 2712 3670 diﬁinitio:
2745 3614 2841 3669 Lis
2888 3628 3017 3670 cum
3049 3619 3202 3669 certa
3243 3625 3500 3682 persona.
3551 3611 3619 3665 Et
3661 3608 3785 3663 hzec

2125 3702 2314 3758 omnis
2366 3717 2455 3759 res
2509 3718 2578 3759 ex
2625 3709 2836 3775 septem
2891 3703 3036 3761 locis
3077 3707 3410 3775 argumenta
3462 3697 3782 3756 contrahit.

2123 3792 2335 3847 Horum
2383 3792 2520 3862 duo,
2559 3793 2693 3864 quis
2725 3799 2784 3848 et
2808 3792 2973 3862 quid,
3005 3792 3200 3848 omnia
3237 3790 3554 3846 continent.
3584 3789 3787 3858 Hypo—

2124 3880 2313 3936 thesin
2338 3881 2531 3952 itaque
2558 3881 2717 3937 litem
2743 3882 3017 3937 continet.
3045 3881 3259 3935 Litium
3276 3885 3465 3934 autem
3486 3878 3617 3933 dua:
3644 3883 3785 3932 sunt

2122 3983 2306 4039 voces,
2361 3970 2760 4026 insimulantis
2797 3976 2855 4026 et
2894 3969 3271 4040 repulsantis:
3321 3982 3445 4038 quae
3486 3968 3633 4023 ﬁunt
3683 3979 3785 4034 per

2125 4058 2535 4131 hypophoram,
2587 4064 2644 4114 et
2687 4058 3147 4129 antipophoram.
3201 4057 3304 4113 Sed
3349 4056 3419 4111 de
3462 4056 3573 4111 hoc
3611 4053 3781 4109 satis.

2123 4147 2341 4203 Idcirco
2373 4148 2567 4218 itaque
2595 4148 2706 4204 ista
2732 4148 3129 4218 praediximus,
3157 4152 3442 4218 quatenus
3468 4157 3786 4215 praenosca-

2125 4242 2220 4291 tur
2259 4236 2565 4308 liquidius,
2617 4250 2731 4307 quo
2762 4242 3099 4308 argumento
3140 4236 3299 4292 vocis
3339 4235 3487 4290 alter
3532 4234 3781 4289 alterum

2118 4324 2425 4393 jaculetur.
2467 4325 2747 4394 Quocirca
2789 4330 3080 4381 statuatur
3111 4325 3228 4393 jam
3272 4337 3425 4379 nunc
3455 4329 3611 4378 certa
3644 4337 3786 4392 per—

2125 4427 2262 4469 sona
2292 4414 2547 4471 Formosi
2581 4414 2640 4470 in
2673 4413 2881 4485 medio,
2907 4420 2965 4470 et
2997 4413 3313 4470 causidicis
3354 4408 3781 4486 [causidicusj,

2124 4502 2174 4558 si
2193 4502 2345 4559 sicut
2364 4509 2421 4559 et
2438 4518 2507 4560 ex
2523 4503 2759 4560 adverso
2779 4503 3055 4559 civilibus
3073 4501 3499 4558 alternantibus
3514 4500 3782 4557 vocibus.

2124 4605 2222 4662 per
2245 4592 2755 4648 demonstrativum
2782 4592 3018 4647 tertium
3054 4605 3235 4663 genus
3268 4604 3573 4647 causarum
3599 4604 3781 4659 expe-

2122 4680 2309 4735 riatur
2348 4681 2579 4752 veritas,
2627 4680 2711 4736 vel
2762 4679 3005 4736 falsitas.
3065 4682 3185 4736 Huc
3228 4679 3423 4751 itaque
3470 4678 3783 4735 dialectica

2123 4768 2359 4825 minime
2391 4770 2684 4826 succurrit
2720 4769 2911 4826 neutri
2938 4788 2951 4824 :
2998 4769 3136 4841 quia
3173 4769 3269 4825 his
3296 4774 3355 4824 et
3380 4768 3781 4824 controversia

361 4852 624 4924 acquirat
641 4852 1507 4926 possisviliganterdiscernere.
1529 4857 1733 4913 Verum
1758 4856 2007 4926 primum
2044 4845 2092 4908 C
2119 4863 2224 4928 est,
2270 4862 2539 4929 certaque
2580 4863 2933 4916 monstratur
2971 4872 3233 4930 persona,
3276 4856 3376 4913 ubi
3413 4856 3783 4927 impossibile

363 4946 665 5012 antequam
699 4941 757 4997 in
783 4941 1139 4999 auditorium
1173 4943 1468 5016 ingressus
1493 4944 1612 5017 ﬁat,
1642 4959 1755 5015 pra:
1785 4942 2011 5001 foribus
2117 4953 2204 5002 est
2234 4952 2295 5002 ut
2325 4947 2576 5018 quilibet
2605 4962 2713 5003 non
2747 4946 3103 5004 succumbat.
3132 4948 3247 5019 Age
3272 4960 3427 5017 ergo,
3462 4946 3667 5002 suadet
3696 4945 3781 5001 in-

365 5029 658 5107 paulisper
681 5030 770 5086 vis
799 5031 945 5087 artis
973 5032 1280 5101 aperienda
1308 5038 1414 5105 est,
1447 5039 1513 5090 ut
1541 5034 1793 5091 locorum
1825 5039 2011 5090 status
2118 5034 2327 5107 fensor,
2380 5042 2437 5092 et
2477 5036 2811 5093 dissuadeat
2864 5041 3040 5093 actor.
3103 5037 3246 5093 Ecce
3302 5041 3417 5091 stat
3464 5036 3780 5090 Formosus

362 5119 617 5191 ﬁnesque
641 5120 1122 5177 constitutionum
1157 5120 1393 5179 facilius
1440 5122 1907 5193 impectorentur,
1954 5128 2010 5178 et
2121 5131 2343 5194 praesto.

364 5207 470 5263 hoc
499 5207 766 5264 breviter.
801 5209 879 5265 Re
923 5209 1076 5264 enim
1116 5224 1245 5266 vera
1293 5206 1483 5267 omnis
1511 5217 1704 5268 orator
1733 5212 2010 5267 brevitate
2188 5214 2343 5270 Dicit
2379 5215 2779 5270 Iusmuuron:
2816 5216 2919 5271 Hic
2959 5215 3266 5271 Formosus
3313 5213 3623 5283 episcopus
3661 5210 3778 5269 fuit

360 5298 586 5369 gaudet.
615 5298 773 5355 Unde
801 5299 883 5355 sit
909 5298 1159 5356 brevitas
1187 5300 1245 5355 in
1272 5300 1479 5372 verbis,
1505 5300 1846 5370 paucitasin
1874 5315 2013 5356 sen—
2117 5303 2664 5360 excommunicatus.
2707 5304 2928 5359 Acron:
2987 5303 3120 5359 Fuit
3189 5303 3443 5374 quidem,
3498 5303 3594 5358 sed
3665 5303 3781 5358 ab-

360 5388 579 5459 tentiis,
613 5387 904 5445 absolutio
934 5388 993 5443 in
1024 5389 1293 5459 singulis.

428 5477 708 5534 Dicantur
739 5477 920 5549 igitur
957 5478 1307 5548 principales
1351 5483 1536 5535 status
1571 5483 1686 5534 tres
1726 5493 1877 5535 esse:
1934 5494 2007 5536 an

359 5563 459 5634 sit,
489 5564 626 5636 quid
654 5564 753 5636 sit,
781 5564 950 5635 quale
978 5565 1075 5621 sit.
1117 5567 1186 5621 Et
1214 5577 1283 5620 an
1312 5565 1409 5639 sit,
1442 5566 1512 5622 ad
1544 5567 1917 5637 quaestionem
1945 5573 2009 5623 ut

2119 5390 2363 5447 solutus.

2187 5479 2297 5533 Ius.
2333 5496 2346 5534 :
2379 5480 2631 5536 Minime.
2659 5480 2842 5537 Acron
2870 5500 2883 5537 :
2910 5480 3227 5537 Absolutus

2187 5568 2296 5623 lus.
2328 5584 2341 5622 :
2389 5570 2512 5625 Non
2548 5569 2781 5641 quidem
2812 5569 3091 5642 possibile
3116 5568 3248 5627 fuit.
3291 5570 3506 5627 Acron:
3543 5570 3604 5627 Si
3633 5585 3781 5642 pos-
