4068 6178
312 308 456 366 1105

1218 311 1486 368 AUXILII
1521 311 1610 366 DE
1649 303 1869 366 CAUSA
1909 311 1994 366 ET
2032 313 2332 373 NEGOTIO
2373 321 2667 380 FORMOSI
2709 328 2805 382 PP.

3573 334 3711 395 “Ob

300 440 478 496 sibile
504 439 637 511 fuit,
661 442 815 510 juste
840 441 1030 512 ligari,
1061 443 1334 513 possibile
1359 447 1517 499 estet
1536 445 1690 514 juste
1715 443 1952 500 absolvi.
1977 442 2038 504 A
2065 445 2336 506 illicitum
2370 467 2479 509 non
2509 457 2750 512 exstitit.
2787 459 2942 517 Unde
2971 466 3322 522 contrarium
3363 474 3527 524 sonat
3556 475 3706 541 quod

373 533 486 585 Ius.
537 533 658 586 Non
707 533 890 603 igitur
931 533 1233 588 absolutus
1280 531 1415 603 fuit,
1465 533 1600 603 quia
1650 533 1864 603 scripto
1899 540 1955 588 et

294 620 627 688 juramento
667 621 1002 677 ﬁrmaverat.
1050 623 1274 676 Acron:
1310 622 1466 677 Licet
1509 621 1804 678 malefacta
1849 622 1954 679 be—

302 707 550 764 nefactis
585 710 793 766 delere.
838 714 947 766 Iste
983 718 1170 766 tamen
1204 711 1367 781 prius
1401 713 1948 783 excommunicatus,

301 805 498 866 postea
537 803 624 853 est
657 799 974 856 absolutus.

379 888 485 940 lus.
517 886 672 955 Quos
706 892 868 957 pacto
900 889 1015 943 scis
1040 903 1168 944 eum
1204 891 1532 948 absolutum
1564 891 1592 945 εἶ
1619 890 1799 944 Acron
1831 907 1843 942 ε
1873 889 1951 943 Eo

299 973 530 1029 scilicet
554 989 668 1044 quo
696 982 757 1030 tu
779 977 1354 1034 excommunicatum.
1378 980 1631 1035 Auditur
1655 977 1806 1032 enim
1840 982 1952 1031 tam

300 1077 520 1132 verum,
565 1077 734 1133 quam
781 1063 988 1120 falsum
1030 1067 1321 1122 nuntium.
1370 1070 1510 1123 Ecce
1550 1067 1702 1121 enim
1751 1070 1955 1136 praesto

297 1158 441 1206 sunt
469 1153 721 1222 episcopi
756 1167 1000 1222 quorum
1033 1157 1334 1224 praesentia
1365 1156 1666 1212 absolutus
1705 1161 1810 1210 est.

375 1243 484 1294 Ixs.
510 1243 1071 1311 Excommunicatus,
1093 1258 1205 1301 non
1222 1245 1522 1301 absolutus
1540 1244 1670 1313 fuit,
1695 1245 1950 1314 inquam.

296 1330 482 1384 Acron
526 1348 538 1383 :
581 1329 739 1385 Unde
798 1331 910 1386 fuit
964 1334 1496 1389 excommunicatus
1533 1333 1560 1386 εἰ
1597 1335 1666 1388 Et
1715 1332 1851 1403 quia
1891 1348 1958 1383 ra:

300 1419 636 1488 przrpositio
659 1421 1166 1490 sequestrationem
1190 1421 1497 1494 signiﬁcat.
1523 1423 1712 1477 Comm
1724 1422 1956 1475 unicare

297 1521 433 1563 vero
467 1508 834 1577 polissemum
859 1516 961 1571 est,
992 1511 1327 1582 ambiguum
1359 1516 1521 1566 sonat
1548 1511 1697 1567 unde
1723 1523 1958 1565 excom—

302 1599 657 1654 inunicatum
703 1613 941 1668 asseras,
992 1601 1305 1669 praesertim
1346 1615 1474 1656 cum
1511 1615 1607 1656 sex
1645 1600 1795 1655 modi
1837 1599 1956 1653 sint

294 1687 630 1742 divisionis.
663 1687 822 1743 Unus
848 1694 1035 1745 autem
1068 1690 1295 1760 generis
1321 1690 1378 1744 in
1407 1689 1644 1759 species,
1680 1693 1862 1743 totum
1892 1688 1951 1742 in

2063 539 2296 594 astruis.
2372 543 2603 599 Acron:
2661 549 2842 616 Majus
2908 557 2992 605 est
3063 553 3253 621 plures
3323 539 3706 629 pessumdare,

2066 641 2231 696 quam
2267 644 2441 686 unum
2476 634 2710 690 salvare.
2741 637 3035 708 Quidquid
3071 641 3251 711 igitur
3283 644 3362 714 fit,
3393 645 3451 701 in
3481 647 3708 706 duobus

2064 715 2126 770 ﬁt
2154 735 2165 770 :
2202 715 2370 774 factis
2407 727 2462 776 et
2485 722 2680 779 dictis.
2714 727 2943 782 Factum
2977 735 3109 800 stat,
3149 730 3368 788 dictum
3402 737 3712 803 perambu-

2064 804 2160 859 lat.
2195 805 2394 863 Omnis
2441 809 2633 881 itaque
2676 815 3001 882 conjectura
3035 817 3231 874 modos
3275 821 3528 888 possidet
3561 829 3709 880 tres:

2063 907 2094 948 a
2139 908 2330 966 causa,
2377 911 2408 952 a
2451 913 2708 971 persona,
2742 917 2773 957 a
2817 902 2984 960 facto.
3032 907 3090 961 In
3143 907 3248 963 hac
3292 909 3475 981 igitur
3520 926 3712 982 causa,

2068 982 2242 1052 hujus
2286 1000 2540 1054 personae
2579 990 2843 1046 voluntas
2868 998 2954 1047 est
2994 994 3293 1065 intuenda,
3332 1004 3392 1053 ut
3417 1012 3608 1056 amore
3639 1001 3723 1057 li—

2067 1070 2303 1129 berandi
2350 1076 2549 1144 patriae
2596 1081 2906 1136 excesserit
2945 1082 3188 1140 dictum.
3235 1087 3339 1142 Hic
3375 1089 3551 1159 enim,
3595 1105 3724 1147 cum

2067 1165 2215 1216 esset
2242 1162 2522 1220 celebrior
2550 1180 2613 1222 ea
2643 1173 2972 1238 tempestate
3007 1172 3133 1228 suis
3162 1175 3593 1234 contribulibus
3620 1193 3731 1236 no—

2068 1247 2313 1339 bilitate,
2344 1253 2811 1325 morigeralitate,
2842 1260 3208 1331 graviorique
3232 1265 3387 1319 omni
3417 1266 3722 1339 probitate,

2066 1341 2123 1390 et
2162 1337 2404 1393 vidisset
2445 1346 2665 1411 gentem
2708 1359 2869 1400 suam
2912 1348 3269 1420 patriamque
3315 1351 3616 1408 humiliari
3659 1337 3725 1410 ac

2067 1423 2347 1512 dejectum
2377 1429 2514 1499 pati,
2543 1430 2735 1503 elegit,
2759 1433 2878 1489 zelo
2902 1436 3132 1508 ductus,
3165 1439 3357 1507 potius
3380 1441 3524 1496 mori
3548 1457 3718 1512 quam

2073 1510 2340 1569 funditus
2373 1518 2782 1587 rempublicam
2813 1524 2990 1578 everti
3015 1529 3073 1579 et
3101 1527 3350 1596 turpiter
3372 1510 3724 1587 videre—ma—

2065 1601 2270 1657 culari.
2305 1604 2391 1674 Et,
2426 1605 2563 1676 quia
2603 1614 2944 1666 cunctorum
2987 1613 3220 1670 hortatu
3257 1617 3396 1688 egit,
3439 1618 3714 1676 illicitum

2062 1697 2184 1751 erat
2208 1693 2520 1764 dimittere,
2556 1696 2737 1753 multo
2765 1701 2946 1771 magis
2978 1707 3041 1757 ut
3072 1704 3271 1772 patria:
3297 1720 3356 1760 se
3383 1710 3720 1776 Opponendo

297 1776 582 1845 partibus,
625 1791 814 1831 vocem
845 1776 901 1832 in
935 1778 1186 1847 propriis
1220 1778 1769 1849 significationibus,
1807 1775 1953 1832 sub—
1979 1768 2030 1828 B
2064 1793 2175 1836 non
2215 1791 2556 1855 occurreret,
2601 1801 2770 1856 quam
2818 1768 3092 1847 illicitum
3139 1802 3554 1852 sacramentum
3597 1813 3719 1855 sese

287 1867 508 1934 jectum
543 1866 602 1920 in
637 1866 995 1939 accidentiis,
1035 1868 1353 1923 accidentia
1383 1868 1442 1922 in
1475 1868 1751 1936 subjecto,
1790 1867 1952 1921 acci-

291 1955 493 2009 dentia
522 1957 579 2008 in
606 1956 966 2010 accidentiis.
1000 1958 1111 2012 llac
1141 1971 1274 2012 voce
1304 1957 1586 2012 sermonis
1614 1956 1948 2027 ambiguum

292 2049 354 2097 et
377 2043 901 2115 amphibologicum
936 2045 1183 2101 illustra.
1215 2046 1372 2100 Unde
1398 2045 1534 2114 quia
1555 2045 1761 2100 vitium
1788 2045 1845 2099 in
1874 2044 1949 2099 lo-

293 2134 526 2203 quendo
557 2132 768 2204 fecisti,
801 2135 1003 2204 supple
1033 2136 1184 2206 quod
1221 2135 1412 2190 minus
1441 2134 1666 2190 dixisti.

369 2221 480 2276 Ius.
524 2224 682 2294 Dico,
721 2224 932 2295 inquit,
973 2225 1146 2280 istum
1187 2225 1516 2280 Formosum
1548 2223 1950 2279 excommuni-

291 2318 508 2382 catum,
538 2312 596 2367 id
629 2319 715 2368 est
743 2322 902 2368 extra
927 2314 1383 2370 communionem
1414 2314 1813 2383 episcoporum
1845 2327 1948 2369 or—

290 2401 458 2456 dinis
499 2402 810 2470 repulsum.
854 2401 1035 2457 Acron
1064 2421 1076 2456 :
1112 2404 1294 2472 Majus
1324 2408 1411 2458 est
1439 2417 1470 2457 a
1500 2403 1743 2474 collegio
1771 2402 1948 2457 Chri-

290 2491 617 2546 stianorum
658 2492 981 2562 excludere,
1023 2506 1190 2562 quam
1223 2492 1294 2546 ab
1323 2492 1508 2547 officio
1545 2493 1942 2562 episcoporum

291 2594 537 2635 cessare.
563 2582 631 2635 Et
656 2587 840 2636 tamen
863 2581 934 2636 ab
955 2595 1019 2637 eo
1042 2583 1192 2651 quod
1222 2583 1406 2650 majus
1427 2589 1513 2637 est
1535 2581 1604 2636 ad
1640 2582 1943 2651 pristinam

292 2670 527 2724 venitur
557 2671 798 2725 veniam.
833 2671 892 2726 Si
918 2672 1091 2741 enim,
1127 2672 1276 2741 quod
1305 2671 1539 2743 gravius
1568 2677 1654 2726 est
1685 2675 1738 2726 et
1769 2672 1944 2727 multo

290 2759 481 2826 majus
527 2757 821 2814 reformari
865 2765 1065 2829 potest,
1102 2760 1158 2814 id
1193 2761 1342 2830 quod
1386 2760 1578 2816 minus
1611 2766 1715 2829 est,
1764 2761 1944 2817 multo

288 2845 530 2902 facilius
554 2849 875 2917 recuperari
901 2849 1109 2918 potuit.
1135 2851 1202 2904 Et
1225 2850 1360 2920 quia
1389 2850 1594 2918 potuit,
1621 2849 1820 2918 procul
1842 2850 1946 2905 duo

289 2936 389 2991 bio
415 2935 544 2991 fuit.
571 2937 885 2993 Absolutus
909 2939 1090 3008 igitur
1110 2938 1243 2993 fuit.
1273 2940 1412 2993 Ecce
1440 2939 1824 2993 numerositas
1844 2952 1945 2992 ve—

289 3026 488 3080 ritatis
529 3027 783 3096 testium,
826 3041 948 3098 quin
978 3027 1126 3082 dicit
1155 3041 1214 3082 se
1242 3028 1476 3097 vidisse,
1526 3026 1858 3082 interfuisse
1887 3033 1944 3083 et

285 3114 570 3168 veraciter
589 3115 666 3168 ita
688 3115 998 3170 exstitisse.
1018 3115 1120 3170 Sed
1148 3115 1482 3184 pertinacia,
1503 3115 1730 3170 etiamsi
1753 3115 1943 3170 volue—

285 3203 368 3257 rit
399 3203 604 3258 coelum
638 3209 692 3258 et
722 3210 928 3260 terram
969 3206 1159 3260 dicere
1195 3219 1304 3260 non
1335 3219 1478 3274 esse,
1522 3204 1748 3274 poterit.
1784 3203 1941 3259 Unde

284 3299 377 3346 est
411 3291 552 3347 illud
586 3312 598 3347 :
630 3295 767 3364 quia
801 3315 827 3346 α
862 3294 1146 3364 insipiens
1183 3294 1240 3348 in
1272 3293 1442 3348 corde
1471 3307 1576 3348 suo
1616 3293 1792 3347 Deum
1825 3306 1939 3347 non

284 3395 414 3435 esse
433 3381 578 3436 dicit
602 3382 769 3448 (Psal.
797 3397 923 3453 xui,
951 3381 1023 3452 4).
1054 3403 1078 3433 »
1107 3382 1386 3438 Mendacii
1415 3382 1598 3454 igitur
1618 3381 1940 3438 destruitur

291 3470 389 3525 hic
430 3471 605 3526 moles
637 3485 670 3526 a
714 3472 839 3528 suis
882 3473 1069 3529 tribus
1107 3473 1424 3542 speciebus.
1469 3470 1814 3526 Incredibile
1851 3476 1938 3525 est

288 3560 487 3628 itaque
516 3565 577 3614 ut
607 3562 887 3630 sapientia
919 3561 1099 3618 totius
1131 3562 1351 3634 mundi,
1380 3562 1574 3630 Roma,
1603 3574 1938 3616 excommu-

284 3649 544 3704 nicatum
580 3651 890 3720 quemlibet
928 3651 1039 3706 sibi
1080 3657 1252 3721 caput
1289 3650 1534 3706 fecisset.
1575 3649 1936 3721 Impossibile

279 3738 460 3795 etiam
502 3745 640 3806 erat,
679 3747 740 3794 ut
773 3752 803 3793 a
837 3739 1096 3809 quolibet
1127 3739 1232 3795 vili
1267 3739 1565 3795 homululo
1597 3744 1710 3794 tam
1743 3739 1934 3794 vivida

280 3828 474 3882 virtus
507 3835 806 3883 senatuum
841 3829 1033 3883 invadi
1078 3828 1377 3897 potuisset.
1409 3827 1568 3883 Unde
1601 3833 1936 3898 percontra—

280 3918 436 3972 rium
483 3922 589 3987 est,
625 3924 708 3986 ut,
749 3917 863 3972 nisi
909 3917 1209 3972 absolutus
1245 3923 1302 3971 et
1339 3918 1597 3972 omnium
1648 3917 1929 3987 placidus,

275 4021 444 4076 aequa
475 4014 811 4062 cunctorum
843 4007 1133 4062 voluntate
1161 4007 1392 4061 ascendi
1429 4007 1726 4075 potuisset.

354 4099 466 4150 Ius.
500 4096 832 4165 Absolutus,
865 4097 1120 4165 inquam,
1153 4095 1318 4150 fuit?
1342 4097 1522 4149 Acron
1551 4114 1562 4150 :
1595 4096 1923 4152 Absolutus.

353 4186 465 4240 lus.
499 4187 657 4240 Dicis
689 4187 889 4257 utique
913 4185 1116 4255 juste?
1139 4185 1317 4240 Acron
1342 4203 1354 4238 :
1379 4187 1554 4254 .luste,
1587 4199 1660 4240 an
1692 4186 1924 4257 injuste,

274 4275 610 4331 absolutum
645 4276 838 4346 probo.

353 4368 467 4420 lus.
515 4367 734 4437 Ergone
776 4366 1097 4436 absolutus,
1147 4370 1212 4421 ut
1257 4365 1554 4420 habuisset
1597 4364 1925 4421 facultatem

2061 1870 2327 1925 occulens
2369 1875 2666 1944 servando,
2713 1877 2887 1932 simul
2936 1879 3056 1948 ipse
3101 1897 3231 1937 cum
3279 1885 3466 1952 patria
3506 1892 3562 1942 et
3600 1892 3714 1944 tota

2060 1964 2223 2028 gente
2243 1961 2471 2028 periret.
2498 1962 2654 2018 Felix
2676 1971 2826 2021 certe
2847 1967 3036 2037 culpa,
3057 1984 3166 2038 qua
3183 1977 3388 2027 cuncta
3407 1974 3717 2031 redimitur

2061 2047 2264 2115 patria.
2290 2049 2399 2118 Qui
2428 2051 2610 2121 igitur
2636 2055 2894 2122 pereunti
2919 2057 3222 2114 subvenire
3249 2067 3450 2131 potest,
3475 2068 3531 2117 et
3551 2077 3713 2133 opem

2060 2148 2170 2190 non
2185 2140 2480 2210 supponit,
2502 2141 2648 2196 idem
2664 2145 2862 2211 procul
2881 2145 3061 2202 dubio
3073 2152 3274 2203 auctor
3291 2150 3448 2206 necis
3463 2152 3711 2208 exstitit.

2129 2226 2240 2281 Ius.
2279 2228 2553 2285 Illicitum
2583 2234 2796 2302 quippe
2835 2234 2925 2288 lex
2955 2234 3103 2290 dicit
3122 2237 3321 2304 jurare
3348 2243 3405 2294 et
3435 2240 3707 2308 pejerare.

2056 2315 2236 2371 Acron
2263 2334 2276 2369 :
2311 2318 2422 2372 Lex
2455 2318 2648 2389 itaque
2676 2327 2906 2378 econtra
2937 2324 3200 2394 praecipit
3232 2327 3474 2395 patriam
3505 2327 3711 2384 defen-

2055 2403 2208 2473 dere,
2236 2409 2292 2460 et
2325 2418 2452 2461 eum
2491 2408 2591 2476 qui
2633 2422 2794 2478 opem
2839 2424 2951 2466 non
2995 2412 3198 2467 tulerit
3239 2415 3462 2484 punire.
3499 2418 3708 2488 Legum

2055 2493 2208 2548 enim
2235 2496 2614 2552 contrarietas
2643 2497 2896 2567 plurima
2926 2506 3031 2556 est.
3067 2504 3127 2556 In
3153 2504 3348 2558 eodem
3379 2505 3533 2560 enim
3559 2511 3710 2564 vetat

2057 2581 2116 2636 in
2140 2597 2254 2654 quo
2277 2584 2536 2654 imperat.
2569 2586 2702 2656 Quae
2735 2588 2872 2644 talia
2904 2589 3133 2646 utilitas
3155 2592 3488 2662 reipublicae
3519 2609 3715 2666 seque-

2055 2677 2219 2726 strat.
2250 2674 2645 2730 Verumtamen
2678 2678 2857 2747 major
2886 2684 2974 2734 est
3001 2679 3088 2734 lex
3119 2695 3244 2750 quze
3275 2687 3423 2737 vetat
3452 2698 3622 2754 quam
3646 2698 3711 2740 ea

2057 2776 2182 2830 quae
2215 2762 2474 2831 imperat,
2503 2765 2660 2835 quia,
2704 2781 2833 2822 cum
2864 2773 3032 2836 vetat,
3080 2770 3344 2839 reprimit
3366 2785 3430 2828 ea
3457 2788 3583 2844 qua:
3611 2776 3711 2830 in—

2051 2850 2206 2918 juste
2235 2856 2335 2906 aut
2367 2852 2594 2908 incaute
2619 2854 2702 2909 vel
2737 2855 3022 2925 insperate
3051 2857 3308 2928 imperat.
3339 2861 3398 2916 Si
3431 2861 3625 2932 itaque
3658 2863 3710 2919 is

2054 2937 2154 3008 qui
2179 2941 2421 3009 patriam
2445 2943 2699 3010 perdidit
2717 2958 2935 3012 pinnam
2961 2953 3228 3018 meretur,
3255 2950 3436 3006 multo
3459 2954 3641 3024 magis
3660 2954 3712 3010 is

2053 3027 2153 3096 qui
2185 3026 2460 3096 defendit,
2499 3031 2764 3085 maximis
2792 3033 3042 3100 praemiis
3073 3041 3129 3089 et
3162 3039 3463 3104 prasconiis
3492 3041 3707 3114 dignus

2055 3113 2311 3170 habetur.
2346 3117 2405 3170 Si
2437 3118 2618 3189 igitur
2649 3118 2806 3175 ﬁlius
2826 3121 3094 3177 Ecclesim
3122 3123 3326 3195 fuerat,
3350 3141 3472 3182 eam
3494 3113 3707 3186 diScer-

2054 3217 2182 3274 pere
2206 3210 2260 3260 et
2293 3205 2542 3262 labeﬁeri
2584 3208 2803 3278 videns,
2841 3225 2942 3279 pro
2981 3211 3206 3267 viribus
3232 3228 3353 3270 sese
3382 3215 3569 3272 obniti
3597 3221 3706 3274 de-

2050 3291 2269 3348 buerat.
2296 3294 2569 3365 Alioquin
2594 3300 2844 3366 tempore
2871 3299 3070 3353 hostili
3097 3313 3263 3356 omne
3283 3303 3400 3374 jus,
3424 3317 3705 3376 omneque

2051 3379 2325 3437 illicitum
2355 3396 2550 3439 cavere
2575 3385 2713 3455 quid
2741 3391 2828 3442 est
2845 3386 3027 3454 aliud,
3054 3388 3167 3443 nisi
3197 3391 3438 3460 patriam
3472 3394 3706 3461 perdere

2047 3474 2102 3524 et
2132 3483 2323 3526 necem
2358 3470 2571 3528 inferre
2599 3473 2628 3526 ‘2
2655 3473 2840 3530 Silent
2877 3476 3109 3545 quidem
3157 3477 3309 3548 leges
3341 3479 3492 3534 inter
3517 3495 3696 3538 arma.

2116 3560 2223 3614 Ius.
2260 3560 2535 3617 Illicitum
2567 3563 2718 3617 enim
2736 3564 2934 3632 jurare
2952 3569 3010 3620 et
3035 3579 3147 3621 non
3169 3566 3470 3624 observare
3490 3568 3698 3641 fuerat,

2043 3651 2264 3704 Acron:
2302 3649 2578 3705 Illicitum
2627 3650 2716 3706 lex
2763 3653 2930 3721 dicit,
2979 3659 3043 3708 ut
3086 3656 3424 3726 peregrinus
3467 3671 3694 3716 murum

2043 3738 2300 3794 civitatis
2326 3739 2610 3794 ascendat.
2645 3738 2803 3807 Quod
2831 3741 2881 3795 si
2905 3739 3123 3814 fecerit,
3157 3743 3447 3813 puniatur.
3484 3748 3694 3804 Iterum

2047 3827 2136 3882 lex
2160 3828 2309 3883 dicit
2341 3847 2353 3882 :
2386 3828 2496 3897 Qui
2527 3829 2744 3884 hostem
2774 3830 2842 3884 ad
2875 3845 3102 3886 murum
3134 3839 3432 3889 conantem
3459 3836 3690 3902 viderit,

2044 3921 2233 3972 etnon
2256 3930 2316 3972 se
2336 3918 2691 3989 opposuerit,
2723 3919 3018 3988 puniatur.
3043 3920 3283 3989 Quidem
3311 3922 3478 3994 vidit,
3506 3938 3700 3980 ascen-

2042 4005 2150 4074 dit,
2186 4005 2532 4075 proﬁigavit,
2569 4007 2784 4074 rejecit.
2823 4006 3181 4064 Obmallatur
3211 4009 3492 4078 [glossema
3515 4015 3696 4067 inter-

2043 4094 2268 4154 linea-re,
2314 4093 2480 4147 morti
2512 4092 2702 4167 datur]
2735 4094 2763 4147 ?
2787 4094 3072 4150 Similiter
3102 4095 3192 4151 lex
3220 4104 3341 4152 erat
3383 4098 3441 4153 in
3484 4102 3694 4170 templo

2043 4181 2219 4236 Vestae
2267 4195 2474 4236 marem
2522 4196 2633 4237 non
2669 4182 2891 4253 ingredi
2921 4201 2934 4237 :
2967 4184 3263 4255 ingressus
3294 4188 3618 4256 puniretur.
3651 4192 3695 4245 E

2038 4278 2234 4328 contra
2265 4271 2354 4327 lex
2383 4289 2395 4326 :
2428 4269 2538 4339 Qui
2568 4271 2781 4326 viderit
2822 4273 2989 4328 matri
3034 4273 3246 4329 inferre
3276 4275 3412 4347 vim,
3443 4283 3501 4332 et
3528 4291 3690 4348 opem

2038 4375 2152 4417 non
2174 4362 2395 4427 tulerit,
2420 4363 2715 4430 puniatur.
2745 4361 2988 4430 Quidam
3011 4363 3210 4431 procul
3235 4377 3445 4435 means,
3470 4367 3694 4422 videns-

272 4469 383 4510 3ua
404 4454 646 4508 dimissa
666 4468 882 4524 suaque
905 4455 1156 4524 perdere,
1184 4454 1454 4508 scandere
1477 4453 1545 4508 ad
1571 4453 1879 4522 primatum
1901 4454 1928 4502 ‘P
1953 4464 2009 4524 ι)
2041 4465 2150 4522 que
2181 4457 2416 4507 matrem
2446 4451 2827 4520 vapulantem,
2863 4450 3157 4521 ingressus
3186 4464 3347 4521 opem
3377 4453 3535 4507 tulit.
3567 4453 3689 4509 0b-

271 4544 438 4612 Quod
485 4558 555 4599 ne
605 4544 763 4599 ﬁeret
813 4544 1028 4614 scripto
1079 4545 1518 4612 juramentoque
1575 4548 1932 4612 perpetuave-

274 4641 386 4704 rat,
423 4633 576 4688 itane
608 4633 712 4688 hoc
745 4634 972 4688 licitum
998 4633 1026 4686 ?
1049 4631 1232 4687 Acron
1263 4650 1273 4685 :
1306 4634 1428 4687 Non
1461 4631 1745 4701 equidem.

347 4726 461 4779 Ixs.
495 4723 604 4792 Qui
636 4737 767 4795 ergo
797 4722 1097 4778 absolutus
1121 4723 1148 4777 ‘I
1171 4723 1351 4777 Acron
1379 4740 1392 4778 :
1421 4721 1712 4777 Ascendit.

347 4817 460 4868 le.
496 4813 654 4867 Dicis
681 4814 833 4882 juste
852 4812 879 4866 ἱ)
903 4812 1084 4866 Acron
1111 4829 1123 4864 :
1150 4813 1290 4866 Non.

345 4905 458 4956 le.
493 4903 677 4971 Quare
697 4903 726 4956 ‘I
747 4903 962 4956 Acron:
990 4901 1136 4970 Quia
1165 4906 1438 4956 :eternum
1477 4901 1812 4956 ﬁrmaverat.

345 4998 462 5049 lus.
496 4993 616 5048 Etsi
648 4992 875 5063 illicite,
905 4994 1144 5060 insuper
1170 4996 1226 5046 et
1245 4990 1353 5045 hoc
1375 4991 1628 5046 ﬁrmasse
1647 4996 1922 5047 aeternum

264 5083 507 5151 asseris,
555 5095 728 5152 quare
773 5095 907 5151 ergo
955 5080 1141 5134 subiit
1173 5079 1202 5133 ‘?
1229 5080 1407 5134 Acron
1442 5099 1455 5135 :
1489 5079 1572 5135 Ob
1612 5081 1921 5137 utilitatem

265 5173 558 5228 videlicet.
600 5172 670 5226 Et
717 5171 945 5240 quidem
989 5168 1167 5239 fecit;
1203 5169 1340 5238 quia
1387 5167 1623 5239 profuit,
1666 5169 1837 5225 fecit:
1868 5177 1924 5226 et

267 5263 374 5318 hoc
400 5263 548 5329 jure.

336 5357 447 5408 lxs.
487 5351 766 5419 Superius
798 5350 1135 5405 concessisti
1168 5347 1379 5404 factum
1416 5349 1636 5404 illicite.
1677 5352 1919 5407 Etnunc

264 5443 504 5498 astruis.
543 5443 675 5510 jure
704 5440 732 5492 ‘?
763 5438 969 5493 lllicite
1007 5439 1158 5493 enim
1189 5443 1245 5492 et
1268 5439 1416 5507 jure,
1461 5439 1682 5507 primus
1716 5441 1916 5496 modus

265 5531 710 5598 contrariorum,
745 5541 856 5582 non
884 5526 1051 5581 habet
1086 5526 1356 5582 medium.
1386 5525 1444 5580 Si
1479 5527 1691 5597 quippe
1729 5529 1915 5583 illici—

2044 4541 2314 4598 mallatur
2341 4541 2370 4595 εἰ
2406 4541 2684 4610 Quocirca
2727 4553 2923 4596 omnes
2969 4539 3140 4610 leges,
3185 4539 3492 4611 omniaque
3528 4543 3684 4612 jura,

2043 4631 2230 4704 verba,
2287 4631 2734 4701 promissionum
2790 4634 3160 4699 sacramenta,
3206 4629 3275 4684 ad
3326 4633 3686 4689 commodum

2043 4718 2374 4788 reipublicae
2414 4716 2614 4773 referri
2655 4723 2896 4788 oportet.
2936 4719 3013 4772 Ea
3046 4717 3200 4771 enim
3239 4717 3456 4774 virtute
3484 4732 3551 4774 ac
3589 4733 3692 4776 sa—

2040 4810 2256 4880 pientia
2289 4810 2532 4878 majores
2558 4808 2738 4863 nostri
2767 4807 3018 4863 fuerunt.
3054 4808 3201 4878 Ergo
3234 4808 3293 4862 in
3327 4807 3434 4864 hoc
3461 4824 3692 4881 quoque

2031 4899 2255 4968 judicio
2296 4900 2493 4955 desine
2537 4899 2761 4953 litteras
2800 4897 2944 4968 legis
2981 4903 3038 4952 et
3073 4897 3282 4953 illicita
3323 4900 3686 4967 perpendere.

2033 4991 2342 5046 Considera
2383 4989 2521 5059 quid
2555 4987 2737 5058 magis
2771 4985 2913 5040 utile
2952 4985 3150 5056 fuerit,
3187 5000 3364 5042 unum
3399 4987 3685 5044 hominem

2033 5079 2438 5151 jusjurandum
2498 5090 2740 5145 servare,
2791 5081 2848 5131 et
2893 5080 3064 5145 caput
3117 5077 3317 5131 mundi
3371 5091 3580 5134 ruere:
3615 5092 3687 5133 an

2036 5184 2212 5226 unum
2239 5167 2429 5224 verbis
2459 5166 2745 5231 excedere,
2777 5171 2834 5220 et
2857 5171 3078 5236 gentem
3109 5169 3165 5220 et
3197 5167 3442 5234 patriam
3473 5167 3683 5222 salvam

2035 5261 2286 5316 reddere.
2319 5260 2479 5328 Quod
2512 5258 2562 5312 si
2585 5271 2780 5313 omnes
2812 5256 2962 5327 leges
2991 5258 3059 5312 ad
3087 5257 3446 5312 commodum
3482 5256 3686 5323 reipu—

2033 5351 2199 5406 blicae
2226 5348 2426 5405 referri
2469 5352 2710 5418 oportet,
2755 5346 2940 5402 levius
2967 5352 3054 5401 est
3082 5346 3314 5414 malum,
3347 5357 3514 5413 quam
3549 5356 3680 5412 pes-

2029 5442 2261 5496 simum.
2287 5441 2500 5494 Bonum
2525 5437 2708 5508 igitur
2731 5436 2962 5506 malum,
2988 5436 3137 5506 quod
3164 5433 3324 5503 pellit
3345 5430 3675 5500 pessimum.

2024 5529 2491 5599 Amplectendum
2524 5526 2676 5581 enim
2709 5532 2794 5580 est
2828 5525 3035 5580 malum
3069 5520 3380 5590 singulare,
3413 5530 3528 5587 quo
3555 5517 3683 5587 pel»

265 5629 388 5677 tum
415 5619 550 5688 fuit,
583 5619 714 5686 jure
740 5629 852 5671 non
887 5615 1093 5684 potuit.
1122 5615 1280 5684 Quod
1315 5615 1364 5670 si
1391 5616 1522 5684 jure
1552 5615 1762 5674 factum
1786 5617 1917 5698 fuit,
2015 5622 2162 5685 titur
2200 5617 2479 5690 generale.
2529 5616 2824 5685 Siquidem
2876 5613 3084 5667 mirum
3130 5613 3216 5663 est
3263 5606 3677 5680 spectaculum,
