4082 6168
277 244 421 302 4109

1183 247 1452 303 AUXILII
1488 250 1578 304 DE
1616 249 1837 305 CAUSA
1876 252 1960 306 ET
1997 252 2300 307 NiiGOTIO
2338 254 2634 309 FORMOSI
2672 260 2770 311 PP.

3549 262 3686 320 4440

270 370 427 439 buit,
467 370 604 425 dare
649 383 759 427 non
825 372 1037 442 potuit.
1086 372 1296 428 Acron:
1331 375 1512 444 Dim,
1561 374 1656 429 sed
1703 387 1813 430 non
1859 374 1929 429 de
1952 377 2009 436 A
2041 378 2188 430 recte
2211 376 2432 432 dicitur
2449 378 2519 433 de
2542 394 2655 436 uno
2682 383 3024 441 credendum
3042 387 3174 455 jure
3210 401 3322 445 non
3346 403 3529 463 posse,
3557 406 3686 449 cum

269 459 558 515 catholico
582 459 694 514 isto
724 461 1007 517 Formoso.
1030 462 1131 517 Sed
1162 462 1296 518 licet
1318 463 1388 518 de
1411 464 1929 534 quolibetdixisset

268 548 663 618 Innocentius,
715 550 764 604 si
820 550 989 605 etiam
1023 552 1092 606 de
1121 551 1420 622 aliquibus
1448 554 1744 609 nonnullis
1776 553 1929 608 dixit

272 638 565 693 haereticis
589 656 604 707 ;
632 644 860 695 econtra
888 640 1082 710 priora
1125 641 1320 697 dixere
1343 644 1449 697 Leo
1479 649 1533 697 et
1563 643 1922 698 Anastasius.

270 728 335 781 1n
370 726 640 782 humanis
661 728 813 783 enim
857 728 1080 800 legibus
1121 730 1367 801 pluritas
1402 732 1603 798 vincit,
1638 731 1927 801 siquidem

274 837 302 869 ‹‹
346 816 404 870 in
429 830 526 872 ore
541 817 787 873 duorum
807 818 891 873 vel
914 819 1093 874 trium
1117 820 1350 876 testium
1370 826 1482 876 stat
1507 835 1672 876 omne
1694 821 1922 876 verbum

271 905 489 976 (Matth.
522 919 683 978 XVIII,
717 905 788 978 6).
828 926 853 957 ››
896 909 1089 963 Minus
1119 914 1204 964 est
1229 910 1382 964 enim
1405 924 1581 965 unum
1615 911 1928 966 excessisse

270 1008 444 1064 quam
479 994 688 1064 plures.
724 997 917 1065 Neque
962 997 1144 1067 igitur
1172 998 1230 1053 in
1270 999 1457 1054 dando
1504 999 1780 1070 exemplo,
1826 1013 1927 1055 nec

271 1098 475 1153 unum,
512 1098 611 1139 nec
635 1098 785 1140 unus
809 1084 1059 1151 sufﬁcit;
1089 1100 1270 1158 neque
1299 1088 1378 1143 ita
1402 1089 1534 1158 quis
1562 1088 1633 1143 ab
1662 1089 1928 1145 hzeretico

270 1172 618 1245 baptizatus,
640 1174 711 1229 ab
732 1174 849 1230 ullo
875 1176 1160 1232 catholico
1187 1177 1591 1247 rebaptizatur.
1624 1178 1761 1234 Vide
1790 1179 1927 1249 quia

269 1276 457 1333 neque
481 1263 650 1319 etiam
680 1263 984 1320 hmreticus
1007 1266 1109 1335 jus
1147 1266 1437 1335 pontiﬁcis
1459 1269 1666 1340 perdit,
1691 1270 1784 1324 sed
1820 1282 1927 1323 nc—

270 1367 384 1423 que
411 1353 771 1408 sacrationis.
819 1355 941 1409 Etsi
984 1355 1055 1410 de
1095 1354 1381 1412 hazreticis
1432 1358 1535 1413 hoc
1565 1359 1920 1430 conceditur,

268 1456 450 1512 quare
472 1456 583 1497 non
614 1443 683 1498 de
710 1444 998 1515 Formoso,
1034 1445 1157 1501 viro
1187 1446 1472 1502 catholico
1500 1453 1557 1503 et
1582 1449 1918 1517 orthodoxo,

267 1532 610 1588 conceditur
629 1533 657 1587 Ὺ
694 1535 748 1587 Is
787 1537 873 1588 est
922 1532 1173 1604 profecto
1212 1535 1328 1605 ille,
1382 1536 1481 1606 qui
1524 1537 1582 1591 in
1608 1536 1763 1592 omni
1805 1538 1921 1591 vita

267 1634 375 1677 sua
402 1625 571 1677 tanta:
594 1622 892 1691 gravitatis
914 1622 1093 1679 forma
1110 1625 1357 1695 exstitit,
1387 1632 1449 1680 ut
1480 1625 1675 1681 vinum
1703 1639 1813 1680 non
1841 1625 1923 1680 bi-

2040 464 2110 518 de
2142 465 2410 522 omnibus
2439 467 2668 523 dicatur
2692 472 2992 539 aaqualiter
3022 489 3203 543 posse.
3247 479 3360 533 Ant
3380 480 3533 535 enim
3560 495 3691 536 om—

2042 552 2214 608 nibus
2239 556 2539 624 aequaliter
2580 558 2694 612 erit
2723 573 2905 630 posse,
2945 568 3044 616 aut
3078 566 3378 635 :equaliter
3422 569 3691 626 omnibus

2042 654 2153 695 non
2204 657 2386 711 posse.
2432 646 2655 700 Etenim
2684 648 2963 704 credibile
3001 657 3087 706 est
3128 666 3225 721 per
3262 655 3688 724 impositionem

2041 742 2311 786 manuum
2355 735 2754 805 episcoporum
2797 738 3055 807 accipere
3095 741 3374 810 Spiritum
3408 750 3688 800 sanctum.

2039 819 2184 888 Quia
2223 835 2352 876 vero
2383 823 2707 894 Formosus,
2744 832 2805 881 ut
2832 827 2938 882 alii
2969 830 3293 900 apostolici,
3327 832 3497 888 etiam
3538 838 3596 888 et
3622 833 3694 888 ab

2043 908 2187 978 ipsis
2202 909 2490 981 episcopis
2510 926 2711 970 manus
2731 915 3152 984 impositionem
3171 920 3409 989 accepit,
3430 925 3486 976 et
3510 921 3696 991 ipsius

2043 1000 2341 1067 potestatis
2391 1002 2592 1072 utique
2635 1017 2837 1073 expers
2870 1020 2979 1061 non
3032 1006 3162 1063 fuit.
3208 1009 3441 1079 Accepit
3478 1018 3688 1066 autem.

2040 1086 2223 1155 Igitur
2243 1093 2297 1143 et
2326 1089 2462 1145 dare
2490 1092 2695 1160 potuit.
2738 1094 2875 1148 Nam
2906 1095 2956 1149 si
2991 1109 3100 1150 non
3135 1096 3358 1167 habuit,
3390 1104 3493 1154 aut
3521 1098 3699 1156 simi-

2037 1173 2146 1229 lem
2199 1176 2625 1247 impositionem
2663 1195 2773 1236 non
2805 1183 3058 1253 accepit;
3091 1191 3191 1240 aut
3222 1185 3272 1240 si
3316 1186 3532 1242 similis
3561 1185 3695 1257 fuit,

2037 1264 2173 1332 quia
2200 1267 2411 1321 mutari
2442 1282 2551 1323 non
2579 1270 2787 1340 potuit,
2814 1272 2996 1326 simili
3021 1274 3185 1328 modo
3220 1277 3283 1329 ut
3307 1274 3410 1329 alii
3444 1275 3543 1345 qui
3579 1290 3685 1331 ac—

2033 1358 2324 1424 ceperunt,
2361 1356 2417 1410 id
2453 1359 2600 1427 quod
2645 1366 2938 1430 acceperat
2979 1362 3163 1417 simili
3194 1363 3523 1419 conditione
3546 1363 3683 1419 dare

2031 1446 2088 1495 et
2112 1443 2321 1510 potuit.
2350 1445 2408 1499 Si
2460 1446 2589 1502 illid
2630 1447 2764 1519 fuit,
2813 1455 2871 1504 et
2901 1450 3089 1506 istud:
3121 1453 3271 1522 quod
3300 1452 3349 1507 si
3380 1452 3531 1508 istud
3567 1466 3680 1508 non

2032 1528 2163 1596 fuit,
2197 1534 2351 1589 omni
2401 1536 2567 1591 modo
2596 1550 2697 1592 uec
2731 1537 2897 1593 illud.
2932 1539 3064 1595 Fuit
3115 1544 3303 1595 autem
3346 1540 3514 1609 illud,
3548 1554 3681 1612 ergo

2030 1622 2085 1672 et
2108 1618 2283 1676 istud.
2316 1622 2374 1677 Si
2409 1622 2604 1694 itaque
2628 1625 2968 1695 astipularis
2994 1628 3309 1698 quemlibet
3327 1629 3459 1697 jure
3483 1642 3682 1685 sacra-

268 1709 446 1780 beret,
480 1711 674 1767 carnis
703 1716 932 1784 gustum
967 1714 1248 1782 nesciret;
1279 1692 1534 1769 femineae
1560 1715 1777 1784 copula:
1814 1730 1922 1770 ex-
1946 1692 1999 1765 Β
2034 1713 2221 1765 mento
2265 1724 2376 1767 non
2407 1692 2569 1781 posse
2600 1715 2706 1785 uti,
2749 1716 2993 1772 alterum
3018 1718 3151 1787 jure
3175 1731 3442 1785 sacrare;
3480 1717 3681 1774 faleris

267 1816 421 1872 pers.
449 1802 850 1873 octogenarius
869 1803 1189 1874 virgineum
1210 1818 1376 1858 suum
1401 1818 1611 1874 corpus
1633 1804 1919 1859 hominem

267 1903 485 1945 exuens
506 1896 669 1945 terra:
695 1893 1131 1947 commendaret.
1156 1895 1281 1948 Istae
1302 1893 1473 1948 etiam
1492 1900 1685 1963 gentes
1708 1893 1922 1965 Bulga—

268 1994 488 2048 rorum,
520 1979 697 2035 vitam
746 1981 1072 2036 sanctitatis
1098 1982 1503 2051 prmdicatione
1551 1982 1918 2052 conﬁrmans,

268 2073 334 2125 ut
355 2083 525 2125 verus
551 2069 903 2138 apostolicus
931 2071 1000 2125 ad
1022 2070 1197 2126 ﬁdem
1231 2072 1491 2126 adduxit.
1513 2073 1578 2127 Et
1603 2086 1732 2127 cum
1765 2079 1921 2129 tanta

267 2159 556 2229 probitate
576 2160 916 2228 praedicatus
934 2165 1050 2216 toto
1074 2161 1284 2216 mundo
1308 2167 1370 2217 ut
1391 2161 1536 2216 alter
1559 2161 1767 2218 lucifer
1793 2163 1923 2219 illu-

266 2249 470 2319 xisset,
514 2248 629 2303 vim
672 2262 873 2318 passus
911 2249 970 2303 in
1003 2249 1283 2319 sepulcro,
1336 2249 1503 2306 busta
1532 2251 1748 2307 diruta.
1791 2266 1919 2308 ossa

264 2336 469 2408 fracta,
494 2337 580 2393 uti
606 2338 890 2409 quoddam
922 2339 1375 2408 memphiticum,
1417 2340 1630 2408 ejectus
1651 2346 1737 2396 est
1760 2345 1920 2397 extra

268 2426 590 2497 publicum.
636 2427 740 2481 Cui
772 2431 931 2482 tanto
959 2427 1084 2482 viro
1114 2428 1440 2483 examinato
1470 2434 1535 2483 ut
1576 2442 1804 2499 aurum,
1834 2428 1917 2484 nil

260 2519 467 2587 juvare
498 2515 953 2585 potuerescholae
969 2516 1310 2571 clamantes:
1347 2516 1393 2571 Ο
1425 2518 1639 2587 parcite
1661 2518 1913 2588 sepulto!

265 2610 356 2661 est
387 2604 611 2660 nullum
660 2618 789 2659 cum
838 2605 1083 2661 mortuis
1112 2612 1416 2664 certamen.
1463 2607 1558 2661 sed
1605 2605 1719 2661 fuit
1751 2607 1809 2661 in
1854 2621 1920 2663 eo

267 2696 521 2761 licitum,
557 2696 704 2766 quod
752 2695 1004 2752 libitum.
1039 2698 1231 2767 Neque
1266 2697 1417 2751 enim
1468 2696 1614 2767 ipsis
1642 2698 1921 2767 apostolis

264 2787 465 2841 datum
492 2790 578 2840 est
605 2786 675 2841 de
714 2785 959 2841 mortuis
990 2786 1380 2855 praejudicare.

338 2876 452 2929 Ixs.
488 2874 636 2943 Quid
663 2874 887 2946 igitur?
905 2874 1078 2930 datur
1098 2875 1247 2944 quod
1274 2888 1384 2930 non
1408 2874 1689 2931 habetur?
1707 2877 1913 2931 ACTOR:

264 2964 494 3018 Etenim
517 2964 707 3018 datur.

2032 1795 2428 1856 indubitanter
2453 1810 2868 1861 sacramentum
2897 1806 3201 1862 alteratum
3227 1807 3489 1863 existere.
3526 1808 3681 1864 Unde

2031 1888 2261 1958 requiro
2292 1889 2394 1945 abs
2443 1896 2514 1961 te,
2551 1899 2742 1950 utrum
2786 1896 2917 1964 jure
2967 1896 3025 1950 in
3066 1901 3422 1952 sacramento
3462 1897 3680 1954 altera—

2032 1982 2152 2032 tum
2200 1977 2279 2032 sit
2316 1979 2524 2036 dicere.
2577 1982 2892 2039 Alteratum
2943 1992 3382 2055 sacramentum,
3420 1985 3674 2057 inquam,

2030 2068 2274 2141 appello,
2308 2071 2591 2143 quidquid
2632 2073 2919 2128 divinitus
2946 2087 3043 2143 per
3088 2073 3484 2129 ministrorum
3524 2075 3681 2130 cele-

2030 2155 2232 2214 bratur
2284 2174 2505 2233 manus,
2546 2166 2609 2217 ut
2639 2168 2777 2231 puta
2820 2162 3190 2233 baptismum,
3224 2163 3521 2233 impositio
3550 2177 3680 2219 ma-

2030 2260 2230 2314 nuum,
2259 2254 2314 2303 et
2338 2255 2539 2305 cmtera
2565 2252 2841 2322 coelestia,

2102 2337 2210 2390 INS.
2240 2340 2351 2394 Nec
2375 2354 2559 2409 spero.
2593 2341 2801 2395 Acron:
2847 2341 3075 2411 Quare?

2100 2426 2210 2479 Ius.
2243 2426 2391 2495 Quia
2431 2441 2542 2484 non
2568 2435 2655 2484 est
2690 2430 3002 2486 diversum.
3028 2431 3167 2487 Cum
3203 2432 3356 2488 enim
3386 2431 3677 2489 diversum

2032 2514 2222 2569 tribus
2262 2515 2359 2571 ﬁat
2403 2518 2608 2588 modis,
2655 2519 2911 2584 materia,
2974 2533 3161 2591 opere,
3211 2524 3491 2591 utroque:
3541 2521 3679 2591 quia

2031 2610 2447 2661 sacramentum
2525 2613 2790 2663 neutrum
2850 2613 2956 2677 est,
3020 2609 3326 2666 alteratum
3389 2623 3502 2665 non
3571 2615 3675 2665 est.

2028 2691 2212 2748 Acron
2240 2713 2252 2748 :
2283 2698 2521 2752 Gratum
2547 2702 2634 2751 est
2662 2698 2813 2767 quod
2844 2698 3077 2754 asseris.
3119 2700 3187 2754 Et
3218 2698 3448 2769 quidem
3482 2699 3543 2754 in
3574 2698 3680 2754 hoc

2030 2785 2259 2839 veritati
2288 2785 2577 2855 obediens,
2609 2802 2709 2857 pro
2737 2802 2823 2844 me
2847 2794 3044 2844 contra
3077 2793 3131 2844 te
3150 2788 3319 2845 dicis.
3347 2790 3484 2844 Nam
3507 2789 3558 2845 si
3581 2802 3682 2845 sa—

2030 2882 2383 2929 cramentum
2412 2889 2595 2946 neque
2631 2876 2790 2932 aliud
2823 2884 2931 2948 est,
2965 2891 3148 2948 neque
3175 2878 3500 2947 alteratum,
3531 2893 3682 2950 quo—

2032 2962 2185 3016 niam
2235 2977 2333 3017 nec
2380 2978 2580 3035 genus,
2614 2980 2716 3020 nec
2759 2967 2977 3035 species
3007 2967 3232 3022 distans
3262 2981 3294 3022 a
3333 2968 3540 3039 specie,
3580 2981 3682 3028 nec

339 3055 453 3107 INS.
496 3052 738 3122 Quidam
789 3052 984 3123 itaque
1015 3052 1326 3123 presbyter,
1369 3056 1433 3108 ut
1475 3055 1609 3121 puta
1645 3052 1767 3107 heri
1815 3053 1923 3107 ba—
1952 3047 2000 3109 C
2029 3050 2295 3105 accidens
2342 3050 2399 3104 in
2455 3052 2649 3107 eodem
2708 3060 2828 3119 est;
2893 3058 2950 3108 et
2997 3068 3097 3108 nec
3159 3055 3539 3123 quantitatem
3580 3069 3682 3115 nec

266 3141 526 3211 ptizavit,
582 3146 637 3196 et
678 3141 798 3211 ipse
847 3141 1217 3196 criminosus.
1250 3141 1360 3209 Qui
1406 3141 1542 3195 dum
1587 3140 1917 3210 baptizavit,

264 3234 563 3305 peccatum
622 3229 903 3302 originale
957 3229 1229 3284 dimisit?
1288 3228 1505 3283 Acron:
1554 3229 1811 3299 Denique
1861 3230 1916 3284 id

262 3317 521 3390 approbo
550 3318 1051 3374 condescendendo
1081 3317 1212 3385 tibi,
1242 3317 1406 3388 quasi
1441 3317 1560 3373 tuis
1590 3318 1921 3374 assertioni-

262 3409 374 3465 bus
402 3407 618 3478 favens,
642 3414 868 3479 tumque
898 3409 1046 3478 parti
1074 3412 1287 3476 astans,
1324 3420 1435 3461 non
1469 3407 1699 3476 quidem
1739 3420 1807 3462 ex
1853 3420 1919 3462 ea

264 3502 427 3568 parte
465 3497 727 3553 veritatis
757 3511 869 3568 qua
895 3511 1021 3554 sum
1047 3497 1329 3554 defensor.
1366 3497 1521 3552 Unde
1554 3495 1766 3566 replica
1795 3510 1920 3566 quae

258 3586 496 3641 dixisti.

336 3677 449 3731 1N5.
474 3678 616 3747 Non,
643 3677 898 3748 inquam.
921 3677 1083 3733 dico:
1118 3697 1144 3730 «
1164 3676 1464 3748 Presbyter
1481 3676 1755 3745 dimittet,
1781 3675 1919 3746 quia

260 3778 433 3821 nemo
466 3765 580 3820 nisi
612 3767 761 3821 Deus
796 3766 1045 3821 dimittit
1070 3765 1199 3837 (Luc
1225 3780 1281 3838 v,
1312 3765 1418 3838 24).
1448 3785 1473 3815 ››
1506 3765 1722 3819 Acron:
1767 3764 1922 3819 Con-

258 3855 403 3910 cedo
453 3854 592 3924 quia
644 3855 722 3910 ita
769 3861 882 3910 est:
920 3856 1013 3911 sed
1066 3861 1250 3911 tamen
1300 3858 1449 3912 Deus
1496 3870 1607 3911 non
1647 3855 1917 3919 dimittit,

261 3949 410 3999 teste
455 3943 704 3998 Ecclesia
735 3959 859 4015 quae
898 3944 1070 4000 dicit:
1111 3945 1232 4000 Nisi
1271 3945 1563 4015 presbyter
1593 3945 1922 4014 baptizavc—

260 4032 361 4086 rit.
386 4031 700 4087 Accedente
722 4032 952 4102 quidem
986 4033 1233 4100 homine,
1267 4034 1335 4088 ad
1369 4033 1680 4103 hominem,
1706 4034 1819 4088 Deo
1850 4031 1918 4087 ad

262 4124 534 4191 mentem,
577 4134 645 4176 ex
700 4121 929 4178 duobus
971 4123 1180 4178 tertius
1238 4122 1631 4178 remissionem
1691 4122 1917 4191 recipit,

260 4211 522 4280 tingente
548 4210 772 4265 scilicet
789 4210 1113 4282 presbytero
1128 4210 1373 4267 efﬁcitur
1387 4210 1672 4280 remissio,
1691 4216 1747 4264 et
1769 4210 1919 4280 quod

258 4312 379 4354 non
411 4298 578 4354 habet
608 4313 677 4354 ex
706 4315 833 4371 suo,
868 4301 1113 4373 porrigit
1150 4316 1218 4355 ex
1252 4300 1457 4356 ofﬁcio.
1489 4302 1628 4356 Ecce
1667 4300 1918 4370 qualiter

259 4389 364 4443 dat
399 4388 455 4444 id
487 4389 634 4459 quod
658 4380 776 4446 non
806 4390 992 4460 habet,

334 4480 449 4533 Ius.
489 4499 516 4530 ‹‹
548 4480 742 4549 Nemo,
776 4480 1030 4552 inquam,
1059 4480 1307 4536 dimittit
1347 4485 1591 4551 peccata,
1617 4479 1729 4535 nisi
1760 4480 1920 4536 solus

262 4572 417 4625 Deus
458 4567 654 4642 (Ibid).
703 4588 729 4619 »
774 4570 957 4626 Acron
1007 4589 1020 4625 :
1074 4572 1279 4626 Verum
1328 4574 1432 4643 est,
1478 4570 1765 4626 assentio:
1823 4570 1919 4625 sed

266 4658 493 4728 inspice
518 4660 694 4715 Deum
724 4672 757 4714 a
800 4661 914 4715 Deo
944 4658 1178 4731 factum,
1217 4659 1484 4716 videlicet
1526 4659 1597 4715 ab
1627 4658 1920 4715 essentiali

259 4748 699 4818 accidentalem,
747 4761 914 4818 quem
962 4746 1175 4803 factum
1225 4748 1527 4804 honoravit
1573 4761 1701 4803 eum
1735 4748 1819 4803 sic
1861 4753 1923 4803 ut

259 4838 405 4892 dare
442 4836 494 4891 ei
521 4840 853 4906 potestatem
881 4835 1035 4892 ﬁlios
1058 4836 1230 4891 etiam
1260 4837 1360 4891 Dei
1390 4836 1511 4891 ﬁeri
1529 4835 1703 4907 (Joan.
1742 4851 1779 4907 i,
1812 4835 1917 4910 l2),

260 4928 546 4995 daretque
590 4930 919 4995 potestatem
959 4925 1252 4981 dimittere
1293 4930 1350 4981 et
1392 4926 1658 4996 retinere,
1707 4927 1923 4984 solvere

261 5024 323 5072 et
350 5015 532 5085 ligare
554 5012 766 5086 (Matth.
806 5028 921 5086 xvi.
958 5013 1062 5088 49).

340 5108 452 5160 Ius.
494 5104 599 5159 Sed
645 5117 756 5159 non
799 5104 1087 5160 Formoso.
1132 5104 1349 5159 Acron:
1396 5105 1454 5159 Si
1498 5103 1746 5175 perfecto
1789 5105 1922 5161 odio

263 5194 513 5264 odisses,
563 5192 758 5248 minus
802 5192 1037 5263 egisses.
1096 5194 1255 5249 Unde
1304 5193 1673 5264 antiquarum
1725 5194 1921 5249 odium

265 5284 403 5341 felle
427 5282 843 5338 amaritudinis
867 5297 1038 5353 parvo
1069 5282 1376 5337 stillicidio
1407 5283 1705 5339 verborum
1732 5283 1925 5339 dulco-

269 5373 387 5430 rari
418 5386 531 5427 non
578 5376 777 5441 potest.
807 5373 946 5426 Nam
978 5371 1026 5426 si
1071 5385 1168 5441 per
1198 5370 1621 5440 impositionem
1650 5385 1920 5427 manuum

266 5462 673 5532 episcoporum
702 5460 829 5516 dari
853 5461 1134 5530 Spiritum
1158 5464 1418 5515 sanctum
1448 5459 1788 5515 incredibile
1816 5465 1920 5530 est,

269 5565 387 5621 qua
420 5551 643 5607 ratione
671 5551 790 5606 vita
820 5552 1025 5606 animae
1053 5563 1087 5603 a
1112 5549 1378 5605 Patribus
1408 5549 1619 5606 tradita
1648 5550 1777 5604 est?
1801 5552 1923 5605 Non

2030 3137 2367 3207 qualitatem
2425 3138 2610 3205 habet,
2657 3146 2713 3195 et
2761 3154 2863 3195 nec
2908 3142 3129 3211 augeri,
3180 3155 3282 3196 nec
3330 3143 3536 3211 minui,
3580 3157 3683 3199 nec

2032 3227 2241 3281 mutari
2275 3230 2477 3297 potest,
2523 3233 2580 3283 et
2628 3228 2755 3284 ideo
2805 3242 2915 3285 non
2955 3243 3077 3285 esse
3115 3231 3407 3286 diversum
3456 3229 3678 3303 fateris,

2030 3315 2126 3370 sed
2156 3316 2348 3384 potius
2373 3330 2495 3371 esse
2529 3317 2677 3371 idem
2719 3317 2778 3372 in
2826 3318 3021 3373 eodem
3073 3332 3270 3375 unum.
3304 3319 3426 3388 Qua
3458 3321 3682 3377 ratione

2028 3417 2162 3474 ergo
2192 3404 2344 3459 dicis
2384 3418 2495 3459 non
2528 3405 2786 3475 potuisse
2833 3407 3163 3461 Formosum
3212 3419 3277 3461 ea
3322 3408 3407 3462 uti
3451 3413 3682 3478 accepta

2032 3497 2327 3563 potestate,
2360 3494 2512 3549 sicut
2560 3499 2617 3549 et
2658 3495 2848 3550 caeteri
2881 3509 3011 3550 cum
3042 3496 3289 3563 caeteris,
3320 3510 3450 3552 cum
3484 3497 3683 3553 conﬂ-

2029 3582 2204 3637 tearis
2225 3588 2642 3639 sacramentum
2673 3590 2729 3639 et
2758 3584 3091 3641 Formosum
3114 3585 3238 3641 suis
3268 3586 3329 3640 in
3359 3585 3680 3657 speciebus,

2029 3673 2137 3728 etsi
2186 3673 2306 3728 sint
2338 3673 2537 3735 altera,
2592 3688 2702 3729 non
2758 3680 2947 3730 tamen
2996 3674 3132 3742 alia,
3181 3675 3497 3744 praesertim
3548 3689 3678 3731 cum

2029 3775 2195 3816 omne
2245 3761 2405 3817 aliud
2454 3761 2721 3833 alterum,
2790 3776 2900 3819 non
2959 3766 3146 3818 tamen
3228 3777 3394 3819 omne
3433 3763 3678 3819 alterum

2030 3849 2189 3905 aliud
2221 3850 2301 3904 sit
2324 3850 2351 3903 ‘?
2393 3850 2604 3906 Paulus
2644 3851 2796 3907 enim
2830 3864 2861 3905 a
2906 3853 3088 3919 Petro,
3128 3851 3237 3907 etsi
3263 3851 3408 3907 alter
3430 3856 3538 3923 est,
3565 3865 3678 3907 non

2032 3943 2216 3993 tamen
2248 3938 2405 3994 aliud
2438 3944 2541 3993 est.
2585 3941 2707 3995 Non
2742 3939 2972 4010 quidem
3014 3939 3182 3995 homo
3214 3939 3462 4007 homine,
3496 3953 3685 4010 equus

2031 4040 2197 4098 equo,
2226 4027 2408 4095 majus
2439 4028 2609 4083 hodie
2648 4033 2752 4100 est,
2788 4042 2889 4084 nec
2933 4043 3060 4084 cras
3087 4029 3221 4084 erit.
3252 4028 3346 4084 Sic
3378 4027 3681 4100 nimirum,

2029 4118 2134 4182 sic,
2168 4117 2276 4172 etsi
2309 4122 2723 4172 sacramentum
2767 4118 2838 4173 ob
2869 4117 3201 4174 efﬁcientem
3240 4118 3543 4173 alteratum
3572 4132 3683 4187 po—

2031 4212 2141 4263 test
2182 4207 2322 4276 dici,
2375 4219 2486 4261 non
2531 4211 2717 4262 tamen
2758 4220 2940 4276 neque
2983 4208 3287 4265 alteratum
3348 4206 3407 4261 in
3459 4206 3680 4279 eodem,

2031 4298 2301 4369 quoniam
2341 4302 2757 4351 sacramentum
2803 4301 3155 4350 sacramento
3204 4309 3306 4350 nec
3350 4296 3535 4364 majus
3593 4303 3682 4351 est

1947 4404 2003 4465 D
2032 4388 2201 4445 hodie
2226 4388 2285 4443 in
2316 4387 2509 4443 eodem
2538 4384 2813 4455 subjecto,
2840 4398 2940 4440 nec
2964 4383 3076 4439 erit
3100 4398 3244 4439 cras.

2102 4480 2210 4533 Ius.
2273 4478 2471 4533 Fateor
2518 4488 2605 4530 me
2655 4474 2714 4528 iu
2764 4474 2869 4528 hoc
2921 4472 3150 4527 veritati
3194 4472 3423 4527 cedere:
3480 4483 3677 4526 verum

2032 4568 2170 4639 quia
2228 4567 2457 4620 invasor
2505 4563 2638 4634 fuit,
2694 4562 3048 4633 apostolicus
3102 4574 3227 4617 esse
3291 4573 3405 4615 non
3464 4560 3674 4630 potuit.

2030 4659 2242 4713 Acron:
2274 4655 2500 4711 Dictum
2544 4659 2630 4709 est
2662 4652 2958 4708 mendacio
2992 4650 3104 4706 tria
3147 4649 3383 4720 ascribi,
3421 4649 3682 4706 incredi-

2031 4746 2168 4816 bile,
2199 4743 2577 4814 impossibile,
2611 4747 2666 4797 et
2703 4742 3077 4797 contrarium.
3111 4740 3169 4795 Si
3222 4739 3405 4811 igitur
3440 4752 3683 4795 conces—

2031 4850 2159 4893 sero
2184 4835 2501 4889 invasorem
2535 4829 2735 4898 fuisse,
2768 4829 3005 4884 videbor
3043 4828 3466 4899 turpitudinem
3493 4828 3686 4898 reipu-

2031 4924 2196 4980 blicae
2227 4919 2461 4989 inferre,
2493 4932 2620 4974 cum
2661 4918 2833 4972 etiam
2879 4917 3234 4972 contrarium
3274 4916 3540 4973 videatur
3583 4916 3685 4973 in—

2032 5011 2310 5070 credibile
2366 5014 2422 5063 et
2477 5005 2837 5077 impossibile
2884 5018 3026 5075 esse,
3085 5004 3145 5060 ui
3186 5004 3256 5059 ab
3298 5018 3413 5062 uno
3453 5003 3683 5062 tantillo

2034 5100 2418 5159 homuncione
2470 5101 2627 5152 tanta
2657 5094 3009 5163 sublimitas,
3057 5098 3218 5149 tanta
3260 5094 3545 5165 majestas,
3579 5107 3685 5149 ca—

2036 5197 2138 5263 put
2170 5189 2368 5247 mundi
2404 5186 2636 5256 subjici,
2670 5189 2725 5240 et
2765 5184 2956 5240 invadi
2990 5182 3291 5254 quivisset.
3322 5184 3483 5253 Quod
3511 5182 3562 5237 si
3600 5182 3682 5237 ita

2034 5282 2216 5337 fuisse
2235 5277 2515 5346 defendis,
2546 5270 2745 5346 procul
2776 5273 2954 5329 dubio
2986 5273 3435 5343 prudentiorem,
3463 5270 3689 5339 sapien-

2035 5372 2262 5439 tiorem,
2310 5366 2719 5436 utilioremque
2776 5363 3005 5419 cunctis
3034 5362 3312 5431 ostendis,
3342 5372 3406 5414 ac
3447 5371 3546 5427 per
3576 5356 3682 5411 hoc

2034 5459 2273 5528 dignum
2318 5469 2448 5511 eum
2485 5453 2842 5525 sengularem
2887 5452 3192 5507 ascendere
3223 5448 3290 5501 ad
3318 5444 3544 5501 culmen
3574 5457 3683 5513 pa—

2034 5547 2228 5619 tescis,
2259 5546 2395 5601 dum
2430 5558 2581 5600 unus
2600 5549 2797 5599 contra
2826 5554 3023 5597 omnes
3062 5535 3269 5607 potuit,
3304 5533 3452 5605 quod
3485 5546 3686 5590 omnes
