4046 6182
483 218 615 277 MM

1299 223 1593 279 AI’PEND.
1639 222 1729 278 ΛΕ
1765 222 1926 277 ΞιΕΟ.
1972 223 2066 277 IX.
2092 252 2161 262 —-
2184 219 2541 276 AUCTORES
2577 219 2748 275 ANNI
2785 218 3078 274 INCERTI.

3690 232 3789 293 1112

492 352 689 404 contra
721 359 899 404 unum
940 343 1341 415 nequiverunt.
1388 341 1459 397 At
1516 349 1570 397 st
1599 355 1930 397 concessero
1973 339 2138 396 illum
2165 341 2221 399 A
2251 339 2433 396 nullis
2462 355 2700 398 suorum
2731 342 3038 413 ordinatis,
3073 357 3173 398 nec
3195 345 3556 407 ordinatorum
3573 357 3791 416 ordinatis

492 435 674 492 fuisse
723 435 1062 504 invasorem,
1131 431 1380 502 probabo
1441 430 1606 486 illius
1648 429 1884 484 sceleris
1948 429 2142 498 plures

493 525 788 582 exstitisse
835 529 1146 580 consortes.
1179 520 1338 590 Quod
1380 519 1429 574 si
1477 525 1561 588 tu,
1615 517 2143 588 inquam,,dixeris

495 614 828 685 episcopum
860 611 1136 667 illicitum
1163 622 1286 664 esse
1311 608 1582 663 scandere
1611 607 1680 662 ad
1711 613 2001 679 papatum,
2037 621 2146 678 pa-

493 702 740 760 vendum
791 705 880 756 est
935 713 1003 755 ne
1052 698 1282 754 irritum
1331 697 1493 751 dicas
1547 695 1856 766 Marinum,
1913 702 1969 751 et
2017 697 2144 765 ejus

496 791 730 847 factum.
771 787 1051 858 Quocirca
1101 786 1248 841 scito
1294 790 1350 840 et
1395 785 1804 853 animadverte,
1841 785 1978 856 quia
2008 785 2146 839 vin-

496 893 624 938 cere
653 879 886 950 quidem
916 876 1128 932 bonum
1158 878 1264 943 est,
1311 873 1712 944 supervincere
1743 878 1929 930 autem
1969 874 2146 929 nimis

499 972 586 1024 est
611 965 982 1022 invidiosum.

569 1057 846 1112 Prmterea
890 1065 1245 1122 consequens
1287 1055 1375 1106 est
1399 1051 1537 1120 jam,
1571 1050 1834 1121 ratioque
1866 1049 2144 1120 exposcit,

497 1152 782 1219 quatenus
827 1157 929 1212 per
955 1139 1428 1210 anacephaleosin
1459 1139 1746 1195 dictorum
1787 1138 1922 1194 ﬁnis
1946 1152 2150 1194 recen—

493 1234 670 1291 sendo
689 1232 1012 1288 claudatur.
1040 1229 1404 1298 Propositum
1435 1230 1588 1285 enim
1614 1234 1720 1299 est,
1745 1227 2150 1284 excommuni—

495 1328 686 1380 catum
729 1321 1060 1376 Formosum
1091 1318 1423 1388 episcopum
1455 1315 1674 1374 fuisse:
1711 1319 1806 1374 sed
1845 1317 2145 1389 probatum

493 1416 601 1481 est,
649 1407 1000 1465 absolutum.
1053 1407 1282 1462 Dictum
1340 1411 1429 1461 est
1480 1406 1614 1462 licet
1681 1407 2030 1474 absolutum,
2075 1405 2148 1460 ab

497 1499 672 1556 aliam
716 1497 904 1554 sedem
945 1495 1277 1550 nullatenus
1309 1509 1472 1565 posse
1505 1494 1772 1566 migrare.
1804 1495 2146 1550 Concessum

2254 428 2373 484 ullo
2413 431 2578 486 modo
2606 431 2864 501 parcitis.
2897 431 3084 500 Quare
3123 432 3193 487 ab
3227 435 3309 490 eis
3349 435 3616 507 baptizatis
3644 445 3794 504 indul-

2253 518 2446 588 getis?
2475 521 2540 574 Et
2582 519 2632 574 si
2679 519 2825 598 illud
2859 534 2970 576 non
2999 521 3256 591 potestis,
3287 528 3546 593 quomodo
3566 531 3694 587 istud
3716 551 3791 604 po-

2253 607 2440 676 testis,
2473 622 2602 663 cum
2636 623 2814 664 unum
2845 608 2925 664 sit
2966 616 3396 682 sacramentum,
3423 629 3674 689 unumque
3694 636 3795 679 san-

2251 697 2329 752 cti
2355 697 2610 766 Spiritus
2629 697 2864 753 donum.
2890 697 2994 753 Sed
3016 698 3088 753 de
3114 697 3218 754 hoc
3238 701 3390 756 satis.

2323 786 2660 841 Convertere
2701 786 2818 856 jam
2864 799 3018 842 nunc
3047 787 3290 856 tandem,
3317 790 3494 845 anima
3521 807 3649 850 mea:
3687 797 3796 870 fugo,

2255 875 2604 930 abscondere
2622 875 2680 930 in
2713 882 2826 931 tua:
2847 877 3058 932 mentis
3085 878 3351 933 armario.
3383 880 3445 934 Et
3473 881 3519 936 si
3542 897 3684 952 pauca
3703 898 3799 944 sunt

2255 964 2403 1020 bona
2433 978 2559 1034 quae
2587 963 2792 1020 dixisti
2819 983 2835 1034 ;
2867 965 2917 1020 si
2951 979 3063 1035 qua
3085 965 3144 1020 in
3172 966 3378 1036 quibus
3403 971 3606 1040 errasti,
3634 987 3800 1042 precare

2255 1053 2472 1116 doceri,
2499 1053 2740 1122 deposce
2767 1052 3078 1125 indulgeri.
3108 1054 3350 1110 Tandem
3386 1055 3524 1112 intra
3547 1058 3597 1113 in
3617 1061 3800 1118 cubicu-

2257 1141 2415 1197 lum:
2487 1138 2830 1213 fugiensque
2880 1140 3286 1198 freneticorum
3344 1144 3610 1214 gaudium,
3659 1149 3803 1222 plange

2257 1236 2422 1286 tuum
2478 1235 2767 1286 mortuum
2799 1247 2813 1285 :
2849 1231 3060 1302 dicque
3108 1236 3165 1286 et
3195 1231 3332 1301 tuis,
3366 1231 3474 1287 imo
3513 1237 3724 1292 cunctis:
3747 1240 3803 1294 Tu

2257 1322 2469 1382 autem,
2494 1319 2752 1388 Domine,
2793 1319 3065 1374 miserere
3095 1319 3300 1374 nostri.

2578 1426 2938 1496 Syllogismus
2990 1428 3060 1480 ab
3120 1429 3562 1482 antecedentibus.

2329 1517 2388 1572 Si
2425 1516 2698 1572 omnibus
2747 1517 3036 1586 episcopis
3067 1530 3181 1572 una
3227 1516 3372 1572 inest
3411 1524 3644 1588 potestas.
3676 1528 3808 1578 estet

498 1592 588 1645 θεῖ
621 1586 877 1678 primum
913 1583 1162 1678 ωουλῐῖιῆ
1192 1583 1325 1678 θίδί-
1346 1583 1493 1678 illud
1540 1583 1803 1678 "mum:
1852 1585 2152 1678 “quem”
2177 1671 2224 1678 _
2261 1620 2393 1663 uno.
2421 1607 2520 1661 Est
2548 1612 2737 1662 autem
2760 1583 3031 1662 omnibus
3053 1619 3165 1662 una
3200 1583 3458 1676 potestas.
3483 1608 3638 1678 Igitur
3651 1615 3802 1665 etuno.

501 1683 689 1733 tamen
711 1689 834 1731 esse
851 1673 995 1730 facta
1017 1673 1179 1730 nullo
1201 1673 1367 1730 modo
1385 1673 1554 1728 irrita
1574 1687 1755 1743 posse.
1781 1675 2152 1730 Innocentius
2177 1671 2231 1731 B

500 1770 729 1822 econtra
760 1764 1018 1834 objectus
1065 1769 1183 1818 est:
1229 1763 1570 1818 Anastasius
1600 1764 1708 1818 Leo
1754 1767 1810 1818 et
1837 1762 2152 1834 Gregorius

501 1868 570 1910 ex
599 1854 838 1910 adverso
884 1853 1217 1921 clamantes,
1262 1850 1434 1906 etiam
1467 1851 1865 1908 haereticorum
1913 1853 2154 1908 ordina-

501 1944 716 2000 tionem
743 1941 1015 1998 sanciunt
1046 1941 1270 1996 irritam
1302 1940 1634 1997 nullatenus
1652 1954 1794 1997 esse.
1822 1941 2150 2012 Subjectum

503 2039 611 2104 est,
659 2044 771 2088 non
802 2029 1059 2100 potuisse
1086 2029 1225 2086 dare
1263 2030 1414 2101 quod
1448 2044 1559 2086 non
1585 2035 1910 2100 acceperat;
1941 2030 2154 2101 proba-

504 2128 628 2178 tum
651 2125 882 2178 econtra
912 2125 1018 2191 est,
1047 2119 1186 2191 quia
1216 2119 1371 2175 sicut
1411 2119 1736 2189 baptismus
1755 2119 1926 2175 etiam
1956 2119 2155 2176 delin—

503 2211 818 2284 quentibus
843 2224 956 2267 non
987 2207 1268 2280 aufertur,
1299 2209 1383 2264 sic
1411 2209 1625 2265 donum
1659 2209 1841 2265 sancti
1875 2209 2149 2280 Spiritus,

504 2300 654 2373 quod
685 2299 858 2356 semel
888 2300 1063 2356 datur
1098 2312 1198 2369 per
1229 2311 1498 2354 manuum
1547 2297 1999 2369 impositionem,
2050 2313 2154 2355 nec

502 2387 719 2446 auferri
761 2393 948 2458 potest
996 2388 1170 2444 etiam
1199 2385 1680 2456 delinquentibus
1705 2400 1735 2442 a
1770 2392 2066 2457 potestate,
2098 2393 2156 2443 et

502 2477 641 2534 licet
667 2482 819 2548 actu,
871 2477 966 2532 sed
1000 2489 1111 2532 non
1143 2480 1438 2546 potestate.
1490 2474 1606 2545 Age
1633 2488 1788 2546 ergo,
1845 2475 1974 2530 vide
2004 2489 2156 2546 qua—

504 2565 639 2621 liter
662 2564 965 2620 absolutus
991 2565 1228 2634 insuper
1257 2577 1358 2634 per
1404 2563 1828 2633 impositionem
1880 2577 2152 2619 manuum

500 2653 902 2724 episcoporum
929 2653 1201 2708 habuisse
1222 2666 1388 2722 posse
1416 2665 1662 2723 sacrare,
1685 2653 1842 2721 dare,
1877 2658 1934 2708 et
1971 2657 2153 2708 totum

503 2741 832 2813 pontiﬁcale
879 2755 1092 2796 munus
1149 2754 1430 2812 peragere.
1499 2742 1825 2796 Extremum
1880 2742 2157 2797 convenio

499 2843 603 2890 vos
655 2844 855 2902 unum,
885 2829 1037 2902 quod
1089 2843 1176 2886 me
1230 2829 1726 2886 vehementissime
1773 2836 1984 2886 movet:
2020 2831 2158 2901 quia

1187 3032 2115 3146 CHRONICON

2626 1715 2982 1783 Syllogismus
3011 1732 3046 1768 ιι
3083 1716 3536 1783 consequentibus.

2332 1807 2391 1862 Si
2423 1819 2535 1862 non
2581 1805 2732 1860 inest
2763 1806 2820 1860 in
2863 1804 3136 1861 omnibus
3158 1805 3444 1875 episcopis
3467 1819 3567 1860 una
3603 1812 3802 1875 potestas:

2264 1910 2366 1952 nec
2394 1909 2526 1952 uno.
2561 1897 2660 1952 Est
2683 1900 2872 1950 autem
2897 1894 2957 1950 in
2987 1893 3262 1950 omnibus
3283 1907 3392 1950 una
3423 1899 3652 1964 potestas.
3680 1897 3808 1966 igitur

2261 1990 2320 2040 et
2348 1998 2482 2041 uno.

2653 2075 3008 2142 Syllogismus
3033 2089 3068 2127 α
3105 2075 3541 2143 repugnantibus.

2331 2165 2456 2220 Non
2497 2168 2583 2220 cst
2620 2163 2890 2220 omnibus
2915 2175 3030 2219 una
3071 2169 3358 2234 potestas:
3395 2171 3448 2219 et
3487 2177 3584 2219 non
3605 2168 3675 2219 est
3713 2177 3804 2218 uno.

2261 2255 2360 2311 Est
2388 2259 2576 2310 autem
2608 2252 2878 2309 omnibus
2907 2266 3021 2308 una
3048 2257 3318 2322 potestas.
3351 2252 3522 2324 Igitur
3539 2256 3588 2308 et
3605 2265 3709 2307 uno.

2653 2361 3010 2429 Syllogismus
3063 2378 3096 2414 a
3127 2361 3504 2429 disjunctibus.

2331 2451 2447 2506 Aut
2477 2450 2627 2506 inest
2650 2449 3004 2505 ordinationi
3031 2449 3429 2520 episcoporum
3460 2449 3642 2515 unitas,
3668 2445 3810 2502 auidi-

2262 2539 2523 2596 versitas.
2552 2539 2653 2594 Est
2670 2544 2866 2595 autem
2883 2539 3097 2594 unitas.
3132 2538 3321 2609 Igitur
3337 2551 3440 2594 non
3464 2542 3541 2592 cst
3564 2535 3808 2592 diversitas.

2833 2648 3067 2714 Quintus
3131 2649 3347 2702 modus.

2336 2740 2449 2794 Aut
2502 2735 2652 2794 inest
2702 2737 3059 2794 ordinationi
3110 2737 3502 2807 episcoporum
3553 2735 3722 2796 unitas,
3743 2737 3812 2786 aut

2265 2829 2591 2886 diversitas.
2623 2828 2748 2883 Non
2779 2827 2928 2883 inest
2959 2827 3171 2882 unitas.
3207 2829 3386 2898 Igitur
3414 2821 3811 2881 inestdiversitas.

2251 3030 3225 3142 SEBASTIANI

1735 3193 2320 3251 SALMANTICENSIS
2356 3191 2663 3250 EPISCOPI

1461 3299 1602 3364 Sub
1645 3303 1912 3365 nomine
1948 3301 2288 3384 Alpkonsi
2329 3300 2528 3364 tertii
2564 3298 2950 3380 vulgatum.

1991 3416 2408 3430 —_

1983 3490 2428 3560 MONITUM

1462 3621 1645 3692 (Apud
1679 3622 2020 3691 Floresium,
2062 3610 2285 3692 ESpana
2327 3620 2597 3693 Sagrada.
2629 3627 2746 3678 tom
2783 3619 2954 3693 XIII.)

572 3800 688 3854 Hoc
713 3794 1035 3852 Chronicon
1060 3805 1092 3846 a
1137 3791 1427 3861 plerisque
1455 3790 1788 3863 Sebastiano
1829 3790 2144 3847 Salmanti-
2178 3795 2227 3856 C
2257 3799 2314 3850 et
2337 3792 2532 3855 titulo,
2561 3793 2726 3862 quasi
2752 3792 2990 3863 ipsemet
3014 3791 3370 3863 scripsisset,
3408 3789 3468 3844 in
3490 3785 3737 3863 publicum
3757 3778 3819 3863 {lgi-

501 3868 658 3925 censi
671 3868 940 3936 episcopo
953 3863 1252 3936 tribuitur,
1269 3867 1326 3936 et
1353 3861 2010 3936 praefatiosatisantiqua
2025 3877 2148 3920 eam

539 3933 830 4009 pinionem
848 3933 1165 4009 conﬁrmat.
1198 3933 1498 4009 Itesistunt
1517 3933 1642 4000 alii,
1667 3941 1844 4009 atque
1863 3934 1984 4004 ipsa
2019 3950 2152 4003 pra:-

505 4003 742 4066 fationis
761 4003 1214 4076 hujusChronici
1235 4003 1558 4074 inscriptio,
1575 4018 1686 4074 qua
1699 4003 2018 4061 Adefonsus
2033 4020 2150 4069 rex.

503 4080 781 4136 nimirum
807 4083 1177 4148 cognomento
1197 4076 1453 4148 Magnus,
1473 4089 1618 4144 opus
1641 4077 2152 4148 nuncupatSebas-

502 4151 660 4208 tiano
689 4146 1124 4205 Salmanticensi
1167 4147 1457 4217 episcopo,
1487 4146 1717 4203 Gothici
1763 4147 1982 4203 codicis
2011 4149 2154 4204 satis

501 4221 730 4290 antiqui
751 4220 860 4276 ﬁde
869 4217 1201 4275 conﬁrmata
1216 4219 1482 4290 (So-riensi
1489 4217 1709 4290 scilicet)
1725 4226 1778 4273 et
1795 4225 1996 4290 auctor
2010 4219 2150 4289 ipse,

501 4306 614 4350 aera
637 4287 746 4348 749
770 4290 997 4347 Viscum
1021 4289 1332 4344 Lusitaniai
1346 4289 1540 4344 urbem
1554 4287 1955 4360 etsuburbana
1985 4287 2155 4360 papu-

501 4365 649 4422 lasse
691 4377 772 4432 se,
824 4363 929 4418 hoc
970 4367 1057 4415 est
1083 4361 1453 4426 instaurasse,
1485 4367 1637 4432 qaut:
1673 4359 1822 4432 quod
1865 4359 2151 4417 nescioan

498 4430 937 4492 Salmanticensi
963 4432 1232 4502 episcopo
1261 4430 1566 4486 convenire
1597 4430 1778 4499 possit
1801 4430 1865 4502 in
1884 4443 1949 4502 ea
1971 4433 2154 4487 tenui-

499 4513 614 4563 tate
665 4506 957 4562 redituum
1000 4500 1567 4567 eccleSiasticorum;
1613 4506 1669 4555 et
1697 4500 2015 4558 verisimile
2065 4508 2154 4558 est

501 4591 647 4647 opus
674 4575 1011 4632 Sebastiano
1057 4572 1399 4640 confectum,
1429 4571 1659 4626 nomine
1699 4570 1969 4628 Adefonsi
2000 4574 2152 4645 regis

2261 3871 2418 3920 tum:
2473 3857 2623 3934 quod
2657 3857 2822 3920 video
2850 3863 2986 3918 aliis
3031 3863 3089 3934 in
3123 3857 3402 3932 l'lispania
3449 3857 3662 3934 regibus
3680 3857 3815 3928 conit-

2261 3936 2432 4008 gisse,
2465 3926 2530 3990 ac
2554 3933 3204 4009 nominatimAdetonso
3233 3926 3462 4009 'decimo
3483 3926 3704 4009 castella:
3723 3926 3814 4009 reﬁgi.

2261 4005 2633 4080 cognomento
2654 4005 2912 4080 Sapienti
2939 4023 2954 4073 ;
2989 4006 3140 4080 unde
3163 4005 3512 4080 Opinionum
3530 4005 3819 4080 varietas?“

2261 4065 2385 4133 orta
2417 4078 2511 4132 sit.
2552 4065 2784 4134 Inchoat
2824 4065 2975 4132 certe
3017 4076 3088 4131 ab
3144 4065 3260 4132 aera
3305 4074 3430 4144 710,
3460 4068 3716 4144 disinitin
3745 4065 3818 4117 0r-

2261 4149 2423 4204 donii
2443 4148 2627 4215 obitu,
2655 4149 2748 4204 cui
2765 4147 3084 4203 Adefonsus
3111 4147 3235 4217 ipse
3255 4141 3610 4218 cognomento
3630 4141 3816 4218 litigatis

2265 4233 2463 4290 nempe
2495 4205 2653 4274 illius
2685 4219 2834 4288 patri
2866 4205 3151 4290 successit
3177 4220 3238 4274 in
3279 4205 3472 4290 regno,
3502 4226 3603 4270 aera
3629 4205 3820 4290 within

2261 4297 2346 4346 est
2399 4285 2548 4346 anno
2593 4285 2810 4346 Christi
2859 4289 2982 4345 866.
3036 4291 3192 4346 Vitio
3245 4285 3622 4358 librariorum,
3659 4285 3820 4358 ciliis?

2261 4362 2456 4416 szeculi
2486 4361 2756 4423 ruditate.
2785 4360 3063 4417 nonnulla
3095 4361 3176 4416 ita
3207 4367 3349 4417 sunt
3379 4348 3666 4428 implicata:
3691 4348 3822 4428 νίξηυί

2264 4416 2532 4507 intelligi
2580 4416 2844 4507 possint:
2879 4432 3110 4507 alioqui
3143 4416 3340 4507 _opus_r
3366 4416 3478 4485 non
3519 4416 3668 4507 modo

2260 4504 2356 4559 sed
2395 4499 2796 4629 dnecessarium
2827 4504 2895 4559 ad
2948 4499 3254 4560 historiam
3285 4503 3412 4572 ejus
3465 4499 3635 4555 anatis
3667 4499 3822 4560 cogno-

2261 4588 2391 4629 scen
2435 4589 2545 4629 am.

2261 4588 2522 4630 scendam
2533 4616 2545 4628 .

505 4677 3817 4708 _______________________________'____.—

501 4759 604 4821 IN
647 4757 1000 4821 NOMINE
1027 4755 1343 4840 ooMINI
1382 4755 1550 4818 Nos
1561 4757 1969 4840 TRIiJESU
1995 4759 2169 4822 (7H1:

2265 4760 2354 4821 ΤΙ
2384 4759 2725 4822 INCIPIT
2759 4753 3191 4824 CHRONICA
3243 4738 3826 4821 VISEGOTHORU!

1099 4851 1144 4899 ιι
1186 4839 1476 4924 tempore
1520 4839 1868 4924 Wambani
1909 4841 2098 4924 regis
2131 4858 2344 4924 usque
2382 4843 2673 4924 nuncin
2701 4845 2994 4924 tempore
3021 4841 3315 4924 gloriosi

1409 4919 1748 4982 Garseani
1803 4919 2050 5000 mgis”!l
2099 4919 2430 5002 Adé/‘onsi
2497 4923 2644 5000 ﬁlii
2696 4919 2994 4986 σοίίὲσια.

570 5039 621 5097 1.
653 5037 976 5093 Anerousus
1012 5049 1110 5091 rex
1133 5035 1469 5091 SEBASTIANO
1496 5041 1690 5092 nostro
1715 5037 1743 5079 b
1769 5035 2034 5093 salutem.

565 5133 777 5188 Notum
824 5123 932 5180 tibi
981 5125 1060 5180 sit
1094 5125 1164 5180 de
1209 5124 1454 5180 historia
1501 5125 1842 5196 Gothorum,
1899 5139 2000 5196 pro
2033 5139 2144 5196 qua

565 5269 586 5296 ι
613 5249 854 5310 Addidit
881 5248 977 5304 hic
1017 5247 1270 5303 Mariana
1297 5249 1436 5301 «livae
1462 5250 1748 5302 memorias.

563 5344 594 5386 ι)
624 5342 775 5398 Idem
803 5344 862 5396 et
883 5337 1059 5395 codex
1110 5336 1281 5406 regia:
1311 5335 1576 5392 biblioth.
1613 5337 1849 5402 Matrit.,
1882 5339 2147 5395 Salman—

493 5433 686 5490 ticensi
721 5431 984 5500 episcopo.

563 5531 588 5558 °
610 5521 706 5578 Sic
729 5521 867 5576 Mar.
915 5519 1078 5572 Perez
1105 5519 1163 5570 et
1185 5515 1469 5570 Ferreras.
1505 5515 1806 5587 Berganza,
1829 5520 2009 5572 notuit
2043 5521 2146 5588 pi-

2256 5037 2424 5093 nobis
2454 5052 2551 5108 per
2572 5038 2904 5095 Dulcidium
2928 5039 3324 5110 presbyterum
3354 5033 3606 5100 notuisti,
3629 5020 3824 5118 pigri“?

2255 5135 2415 5197 quc°
2467 5132 2710 5183 veterem
2763 5127 3015 5184 scribere
3061 5128 3372 5184 noluerunt
3415 5124 3460 5196 ἀ,
3517 5121 3603 5180 sed
3646 5116 3817 5173 silentio

2252 5253 2550 5320 gritiaaquc.

2323 5317 2466 5396 dSic
2517 5344 2652 5396 Mar.
2705 5346 2761 5396 ct
2805 5342 2982 5397 codex
3027 5356 3140 5414 reg.
3195 5339 3464 5398 biblioth.
3518 5331 3702 5392 Matrit.
3739 5317 3816 5378 .ilii

2252 5429 2548 5483 noluerint.
