4046 6182
246 275 392 334 4413

1236 264 1621 336 CilRONlCON
1663 262 2066 340 SEBASTIANI
2103 285 2515 345 SALMANTIC.
2560 293 2661 346 ιιι),

3528 286 3664 345 MM

243 398 705 453 occultaverunt.
726 399 793 453 Et
819 400 955 469 quia
971 400 1285 456 Gothorum
1315 400 1595 457 Chronica
1622 404 1810 467 usque
1831 403 1898 457 ad
1929 404 1986 463 Α
2020 417 2202 474 regem
2229 413 2251 440 ο
2298 409 2649 480 excogitans,
2698 410 2948 482 herbam,
2982 413 3075 469 cui
3130 425 3331 469 nomen
3363 416 3448 466 est
3491 422 3665 479 spar-

245 491 507 556 tempora
555 487 796 557 gloriosi
846 488 1148 543 Wambani
1196 490 1347 559 regis
1378 490 1657 553 Isidorus,
1690 487 1905 559 Hispa—

247 575 434 630 lensis
478 577 633 631 sedis
681 577 1005 646 episcopus,
1058 577 1391 647 plenissime
1430 577 1663 634 edocuit
1696 587 1753 649 lI;
1802 593 1906 635 nos

246 665 508 733 quiedam
553 678 622 719 ex
652 680 719 720 eo
770 672 1041 735 tempore,
1075 667 1229 723 sicut
1262 668 1333 722 ab
1356 668 1635 739 antiquis,
1669 674 1724 723 et
1756 682 1908 739 prm-

245 753 654 809 decessoribus
685 755 900 809 nostris
930 756 1281 825 audivimus,
1315 764 1369 813 et
1399 771 1525 813 vera
1546 772 1669 813 esse
1690 772 1909 829 cegno—

248 842 462 913 vimus,
494 843 601 897 tibi
636 843 885 909 breviter
917 844 1334 901 intimabimus.

930 934 1218 990 WAMBA.

317 1019 373 1075 2.
414 1022 594 1093 Igitur
622 1022 1015 1078 Recesvindus
1042 1022 1359 1079 Gothorum
1396 1039 1491 1080 rex
1525 1026 1596 1081 ab
1623 1027 1769 1083 urbe
1792 1028 1911 1082 To-

248 1111 366 1166 leto
396 1111 776 1182 egrediensin
810 1112 1003 1167 villam
1037 1113 1323 1182 propriam
1357 1116 1533 1183 venit,
1566 1116 1659 1172 cui
1700 1130 1904 1172 nomen

245 1206 375 1255 erat
402 1201 663 1256 Gerticos
691 1198 718 1241 b
751 1242 765 1271 ,
794 1215 920 1271 qua:
952 1214 1105 1256 nunc
1131 1202 1191 1256 in
1224 1209 1411 1258 monte
1429 1204 1625 1260 Caurze
1654 1217 1679 1246 ο
1706 1206 1907 1276 digno-

248 1289 441 1343 scitur
468 1303 613 1360 esse,
649 1289 846 1360 ibique
877 1290 1111 1360 proprio
1138 1291 1333 1347 morbo
1361 1292 1624 1349 decessit.
1650 1294 1904 1365 Cumque

249 1391 351 1432 rex
380 1379 554 1434 vitam
581 1379 821 1451 ﬁnisset,
845 1387 901 1435 et
932 1380 988 1434 in
1020 1381 1213 1435 eodem
1242 1381 1365 1437 loco
1395 1384 1656 1452 sepultus
1673 1383 1901 1452 fuisset,

248 1468 493 1524 Wamba
537 1468 609 1522 ab
650 1469 920 1524 omnibus
971 1470 1303 1538 praeelectus
1353 1476 1439 1526 est
1487 1472 1545 1527 in
1589 1487 1762 1544 regno
1791 1488 1903 1529 :era

246 1556 374 1614 740.
410 1559 514 1613 Sed
560 1558 660 1612 ille
690 1571 955 1623 renuens,
1002 1564 1058 1612 et
1112 1559 1357 1628 adipisci
1403 1574 1637 1630 regnum
1683 1562 1901 1632 nolens,

249 1657 441 1704 tamen
482 1647 703 1717 accepit
752 1648 972 1702 invitus
1015 1648 1165 1717 quod
1215 1649 1540 1717 postulabat
1581 1652 1900 1706 exercitus:

2016 498 2157 563 tum,
2188 494 2277 549 illi
2324 496 2383 551 in
2418 503 2611 567 potum
2646 500 2901 567 miscuit,
2927 507 2983 555 et
3017 502 3210 556 statim
3239 500 3356 571 regi
3390 497 3663 554 memoria

2013 583 2324 639 establata.
2357 586 2612 657 Cumque
2639 590 2945 658 episcopus
2978 590 3252 657 civitatis,
3293 602 3393 644 seu
3423 586 3663 656 optima-

2015 674 2101 723 tes
2150 671 2371 741 palatii,
2427 675 2526 744 qui
2580 677 2731 747 regis
2774 676 2968 731 ﬁdeles
3003 682 3197 742 erant,
3246 690 3391 746 quos
3430 673 3663 743 penitus

2015 772 2185 813 causa
2214 762 2468 829 potionis
2498 763 2725 832 latebat,
2753 764 3035 819 vidissent
3066 776 3250 834 regem
3276 762 3493 831 aii-sque
3538 772 3660 814 me—

2018 847 2199 902 moria
2242 849 2544 921 jacentem,
2603 866 2773 908 causa
2818 853 3049 922 pietatis
3101 850 3391 919 commoti,
3448 862 3515 903 ne
3566 860 3662 901 rex

2019 934 2347 993 inordinate
2378 939 2669 1010 migraret,
2693 942 2886 996 statim
2909 942 2962 997 ei
2993 938 3376 997 confessionis
3401 943 3457 993 et
3488 935 3667 1006 paeni-

2018 1025 2210 1079 tentia:
2248 1027 2505 1083 ordinem
2563 1030 2861 1086 dederunt.
2891 1031 3148 1101 Cumque
3200 1042 3298 1084 rex
3349 1041 3383 1083 a
3433 1026 3663 1096 potione

2014 1114 2419 1187 convaluisset,
2452 1121 2508 1171 et
2552 1116 2810 1174 ordinem
2850 1117 2965 1174 sibi
2999 1118 3330 1189 impositum
3372 1114 3664 1187 cognovis-

2015 1208 2117 1272 set,
2159 1205 2566 1261 monasterium
2598 1207 2925 1280 Pampligia':
2964 1206 2997 1277 ε,
3045 1209 3234 1278 petiit,
3261 1206 3461 1276 ibique
3490 1216 3665 1274 quan-

2012 1291 2116 1346 diu
2146 1292 2313 1359 vixit,
2349 1294 2407 1348 in
2445 1294 2719 1367 religione
2746 1298 3075 1366 permansit.
3107 1296 3385 1368 Regnavit
3407 1307 3539 1349 ann.
3579 1307 3659 1361 ix,

2014 1391 2172 1433 mens
2203 1394 2241 1447 1,
2273 1381 2400 1437 dies
2439 1396 2532 1436 xiv
2564 1395 2609 1453 ε,
2642 1390 2696 1438 et
2729 1385 2788 1439 in
2829 1386 3172 1441 monasterio
3200 1384 3349 1438 vixit
3376 1397 3511 1438 ann.
3556 1395 3659 1448 vu,

2014 1481 2172 1523 mens
2190 1483 2276 1540 ιιι,
2305 1477 2360 1525 et
2382 1476 2559 1527 morte
2587 1475 2815 1543 propria
2840 1475 3085 1530 decessit
3112 1474 3169 1529 in
3195 1487 3329 1544 pace
3350 1487 3461 1529 aera
3484 1469 3592 1528 749
3613 1473 3659 1525 ιι.

2670 1564 3005 1619 ERVIGIUS.

2086 1644 2136 1702 4.
2191 1649 2323 1704 Post
2371 1651 2743 1707 Wambanem
2786 1653 3054 1725 Ervigius
3104 1668 3340 1725 regnum
3381 1654 3657 1725 obtinuit,

249 1738 569 1808 statimque
604 1737 863 1792 'i‘oletum
895 1738 1163 1792 advectus
1210 1738 1270 1792 in
1301 1738 1597 1793 ecclesiam
1632 1747 1906 1809 metropo-
1931 1729 1984 1790 B
2017 1740 2166 1808 quod
2198 1739 2407 1794 callide
2428 1740 2671 1796 invasit:
2699 1742 2963 1813 legesque
2989 1742 3061 1797 ab
3088 1743 3403 1799 Wambane
3431 1743 3665 1799 institu-

253 1830 329 1885 lis
358 1834 569 1882 sancta:
602 1826 794 1881 Maria:
828 1834 914 1881 est
964 1827 1021 1881 in
1068 1841 1240 1897 regno
1274 1834 1603 1897 perunctus.
1650 1831 1723 1884 Ea
1767 1830 1905 1886 hora

253 1916 635 1988 praesentibus
664 1916 890 1971 cunctis
920 1916 1040 1970 visa
1070 1924 1156 1971 est
1184 1916 1313 1986 apis
1337 1918 1406 1973 de
1434 1918 1560 1986 ejus
1585 1920 1772 1988 capite
1793 1919 1908 1974 exi-

253 2006 382 2067 lire,
429 2012 486 2060 et
523 2006 592 2060 ad
627 2006 832 2061 caelum
883 2005 1152 2060 volitare:
1187 2013 1244 2060 et
1289 2007 1393 2061 hoc
1421 2008 1649 2078 signum
1690 2007 1904 2063 factum

252 2102 341 2151 est
365 2110 401 2151 a
431 2095 693 2163 Domino,
730 2100 793 2150 ut
824 2093 1053 2150 futuras
1082 2095 1357 2151 victorias
1406 2098 1717 2167 nuntiaret,
1754 2098 1904 2168 quod

250 2190 448 2255 postea
502 2183 763 2254 probavit
799 2189 1051 2239 eventus.
1095 2185 1351 2253 Astures,
1384 2191 1441 2241 et
1470 2185 1749 2242 Vascones
1778 2200 1910 2242 cre—

245 2275 356 2329 bro
387 2273 728 2330 rebellantes
752 2274 1030 2342 edomuit,
1064 2280 1121 2328 et
1145 2288 1250 2329 suo
1280 2276 1520 2345 imperio
1554 2277 1900 2347 subjugavit.

243 2363 573 2421 Galliarum
645 2363 955 2433 provincim
1012 2364 1164 2419 cives
1214 2366 1614 2434 conjuratione
1672 2364 1817 2421 facta
1874 2380 1929 2439 a_

247 2467 428 2525 regno
453 2454 785 2509 Gothorum
814 2467 872 2509 se
911 2453 1301 2521 absciderunt,
1337 2469 1624 2525 regnoque
1654 2455 1907 2512 Franco—

248 2557 379 2599 rum
426 2557 486 2598 se
514 2541 917 2597 subdiderunt.
961 2543 1067 2596 Pro
1103 2543 1315 2611 quibus
1349 2545 1763 2612 restaurandis,
1795 2545 1909 2600 do-

248 2631 595 2702 mandisque
644 2631 978 2699 provinciis,
1034 2632 1248 2687 Paulus
1301 2633 1419 2688 dux
1475 2633 1545 2688 ab
1592 2633 1906 2689 Wambane

244 2722 512 2776 directus
559 2734 688 2774 cum
739 2720 995 2775 exercitu
1042 2734 1153 2775 non
1200 2721 1384 2777 solum
1433 2722 1756 2790 injunctum
1790 2722 1903 2777 sibi

246 2809 545 2881 negotium
602 2823 712 2863 non
759 2809 995 2880 peregit,
1046 2810 1140 2864 sed
1186 2815 1382 2865 contra
1423 2811 1666 2880 patriam
1711 2825 1901 2881 agens,

248 2905 628 2969 tyrannorum
660 2898 1029 2953 scelestorum
1070 2898 1256 2954 factus
1286 2904 1373 2954 est
1402 2900 1685 2969 princeps.
1715 2900 1819 2955 Sed
1852 2900 1902 2955 si

251 2987 488 3057 plenius
521 3000 862 3058 cognoscere
890 2987 979 3041 vis
1017 2992 1260 3057 quantas
1290 2988 1488 3043 caades.
1524 2993 1768 3059 quantas
1799 3003 1907 3044 ur-

248 3077 416 3131 bium
452 3075 831 3145 incensiones,
866 3084 1109 3146 quantas
1142 3081 1379 3147 strages,
1419 3049 1630 3146 quanta
1674 3078 1904 3149 agmina
1934 3049 1982 3111 (ἶ

252 3166 600 3219 Francorum
632 3164 716 3219 vel
755 3163 1050 3220 Gallorum
1090 3164 1161 3218 ab
1189 3164 1503 3220 Wambane
1550 3165 1668 3220 sint
1718 3166 1906 3220 inter-

245 3260 462 3323 empta,
531 3261 884 3324 quantasque
940 3251 1355 3309 famosissimas
1416 3253 1690 3308 victorias
1752 3253 1901 3308 idem

246 3343 534 3414 exercuit,
566 3356 692 3412 qua:
711 3342 781 3398 de
807 3342 967 3397 Pauli
990 3342 1292 3413 tyrannide
1326 3343 1552 3398 excidia
1576 3343 1898 3413 evenerint;

249 3431 483 3486 beatum
508 3431 800 3487 Julianum
834 3431 1335 3501 metropolitanum
1364 3431 1557 3503 legito.
1593 3431 1692 3502 qui
1726 3431 1902 3487 histo-

250 3520 401 3575 riam
436 3520 610 3588 hujus
641 3521 915 3590 temporis
950 3520 1346 3592 liquidissime
1369 3520 1682 3576 contexuit.

323 3608 380 3664 3.
439 3610 604 3664 Illius
644 3623 888 3680 namque
944 3617 1193 3680 tempore
1240 3611 1497 3665 ducenta:
1538 3610 1902 3681 septuaginta

249 3712 426 3753 naves
447 3699 856 3753 Saracenorum
901 3699 1187 3768 Hispania
1228 3698 1396 3753 littus
1437 3704 1574 3754 sunt
1602 3712 1899 3769 aggressa,

250 3786 457 3857 ibique
484 3787 676 3842 omnia
720 3801 915 3842 eorum
956 3787 1184 3859 agmina
1233 3785 1383 3842 ferro
1428 3792 1565 3842 sunt
1592 3787 1797 3855 deleta,
1847 3793 1904 3843 et

245 3876 468 3931 classes
491 3890 686 3932 eorum
716 3876 951 3948 ignibus
981 3882 1371 3931 concrematis.
1414 3878 1483 3931 Et
1518 3881 1581 3931 ut
1612 3876 1719 3931 tibi
1753 3890 1896 3932 cau-

245 3978 375 4018 sam
418 3965 693 4020 introitus
716 3966 1121 4021 Saracenorum
1157 3965 1215 4019 in
1248 3965 1577 4035 Hispaniam
1612 3965 1773 4034 plene
1805 3966 1904 4020 in-

248 4060 694 4124 notesceremus,
748 4054 1027 4125 originem
1086 4054 1304 4125 Ervigii
1352 4054 1503 4124 regis
1539 4054 1897 4123 exponimus.

242 4144 524 4213 Tempore
549 4157 791 4213 namque
817 4143 1251 4198 Chindasvinthi
1285 4144 1437 4214 regis
1456 4142 1528 4197 ab
1561 4143 1902 4211 imperatore

243 4232 531 4302 expulsus
559 4234 793 4302 quidam
825 4234 1196 4303 Ardabastus,
1236 4246 1304 4287 ex
1341 4232 1560 4287 Grazcia
1592 4232 1651 4287 in
1692 4232 1903 4301 Hispa-

250 4322 408 4376 niam
462 4322 858 4393 peregrinatus
899 4322 1151 4386 advenit,
1197 4336 1363 4391 quem
1419 4322 1903 4377 Chindasvinthus

2016 1834 2102 1883 tas
2131 1829 2411 1899 corrupit,
2444 1835 2499 1884 et
2541 1831 2688 1886 alias
2716 1846 2785 1887 ex
2835 1832 3065 1887 nomine
3094 1846 3199 1888 suo
3228 1832 3445 1887 edidit:
3479 1840 3555 1902 et,
3599 1837 3663 1889 ut

2015 1916 2217 1984 fertur,
2266 1931 2399 1989 erga
2445 1918 2709 1975 subditos
2762 1923 3053 1977 modestus
3090 1920 3221 1977 fuit.
3256 1921 3458 1976 Filiam
3500 1936 3660 1978 suam

2015 2007 2330 2062 Cixilonem
2363 2008 2592 2078 egregio
2629 2009 2753 2063 viro
2777 2009 3035 2080 Egicani,
3069 2009 3415 2066 consobrino
3456 2011 3663 2066 Wam—

2018 2096 2203 2161 banis,
2257 2096 2314 2150 in
2347 2097 2616 2167 conjugio
2649 2098 2827 2153 dedit.
2870 2100 2995 2166 Ipse
3032 2099 3148 2167 jam
3175 2098 3369 2153 dictus
3394 2097 3662 2169 Ervigius

2019 2186 2128 2240 ﬁne
2154 2187 2390 2256 proprio
2416 2185 2724 2242 defunctus
2752 2192 2838 2242 est
2861 2186 3042 2242 Toleti
3106 2184 3140 2256 i,
3172 2198 3283 2241 :era
3318 2183 3444 2242 725.

2724 2275 2948 2331 EGICA.

2083 2363 2135 2419 5.
2193 2364 2424 2437 Ervigio
2474 2369 2662 2420 autem
2711 2363 2999 2435 defuncto,
3073 2366 3443 2436 supradictus
3488 2365 3661 2437 Egica

2013 2451 2231 2509 electus
2259 2455 2426 2508 estin
2452 2467 2648 2524 regno,
2680 2453 3041 2525 multumque
3070 2456 3321 2524 sapiens,
3354 2460 3410 2510 et
3437 2454 3661 2524 patiens

2015 2539 2147 2596 fuit.
2200 2542 2421 2612 Synoda
2444 2542 2761 2611 saepissime
2786 2543 3170 2614 congregavit,
3205 2544 3359 2597 sicut
3387 2543 3661 2599 canonica

2019 2630 2287 2686 instituta
2314 2632 2639 2687 evidentius
2666 2632 2976 2687 declarant.
3007 2633 3215 2687 Gentes
3247 2631 3397 2686 infra
3425 2645 3660 2702 regnum

2017 2725 2300 2775 tumentes
2322 2721 2681 2790 perdomuit:
2717 2721 2991 2777 adversus
3012 2722 3258 2776 Francos
3280 2720 3664 2789 irrumpentes

2014 2808 2253 2871 Gallias,
2298 2816 2383 2863 ter
2414 2809 2672 2879 praelium
2714 2810 2853 2881 egit,
2901 2810 2996 2865 sed
3036 2808 3393 2878 triumphum
3438 2808 3661 2865 nullum

2014 2898 2184 2966 repit.
2219 2898 2429 2953 Filium
2459 2912 2625 2953 suum
2647 2899 2991 2954 Witizanem
3017 2899 3079 2953 in
3108 2912 3281 2969 regno
3298 2897 3410 2953 sibi
3443 2897 3662 2952 socium

2015 2982 2152 3039 fecit
2176 3004 2188 3039 :
2209 2999 2454 3056 eumque
2480 2987 2538 3040 in
2565 2987 2800 3042 civitate
2823 2986 3098 3058 Tudensi,
3131 2987 3441 3056 provinciae
3470 2986 3667 3042 Galla:-

2012 3073 2115 3128 cia:
2175 3074 2434 3128 habitare
2483 3075 2770 3143 praecepit,
2829 3079 2895 3129 ut
2952 3081 3110 3143 pater
3158 3080 3376 3129 teneret
3428 3088 3663 3145 regnum

2011 3162 2351 3232 Gothorum,
2379 3168 2435 3217 et
2456 3162 2615 3217 ﬁlius
2643 3163 2984 3218 Suevorum.
3019 3162 3163 3217 Ante
3193 3162 3300 3216 ﬁlii
3329 3162 3662 3217 electionem

2012 3250 2270 3321 regnavit
2299 3264 2432 3324 ann,
2486 3265 2541 3319 x,
2570 3265 2698 3306 cum
2748 3251 2869 3306 ﬁlio
2899 3264 3031 3305 vero
3078 3263 3211 3304 ann.
3242 3264 3295 3303 v.
3339 3250 3477 3306 Fine
3524 3266 3663 3321 pro-

2014 3341 2142 3409 prio
2166 3340 2346 3395 Toleti
2378 3340 2647 3407 decessit,
2694 3345 2749 3395 et
2774 3339 2857 3394 ibi
2890 3338 3153 3409 sepultus
3182 3337 3299 3394 fuit
3334 3352 3447 3394 aera
3468 3336 3609 3394 7395
3647 3381 3659 3394 .

2694 3428 2969 3482 WlTIZA.

2081 3518 2134 3574 6.
2180 3518 2314 3573 Post
2342 3518 2577 3589 Egicani
2616 3517 2909 3571 decessum
2958 3515 3172 3571 Witiza
3206 3516 3276 3571 ad
3326 3515 3536 3571 solium
3569 3517 3658 3571 sui

2014 3608 2197 3679 patris
2248 3606 2557 3661 revertitur
2584 3605 2864 3660 Toletum.
2911 3605 3022 3659 Iste
3063 3604 3294 3674 quidem
3329 3603 3659 3674 probrosus,

2011 3702 2067 3754 et
2099 3696 2356 3751 moribus
2376 3694 2702 3765 ﬂagitiosus
2728 3692 2859 3759 fuit,
2891 3699 2947 3748 et
2970 3694 3124 3749 sicut
3152 3707 3338 3763 equus
3365 3701 3422 3748 et
3448 3692 3660 3764 mulus,

2014 3786 2228 3858 quibus
2255 3798 2364 3840 non
2395 3792 2479 3839 est
2508 3783 2853 3853 intellectus,
2886 3796 3015 3837 cum
3045 3781 3325 3837 uxoribus
3353 3788 3409 3837 et
3446 3795 3665 3837 concu—

2011 3876 2169 3931 binis
2215 3874 2485 3944 plurimis
2510 3886 2571 3927 se
2619 3872 2979 3941 inquinavit:
3013 3877 3070 3925 et
3118 3884 3186 3925 ne
3228 3871 3505 3926 adversus
3535 3884 3663 3926 eum

2011 3978 2251 4020 censura
2277 3962 2663 4017 ecclesiastica
2681 3967 3069 4032 consurgeret,
3093 3954 3342 4014 concilia
3372 3959 3663 4029 dissolvit,

2010 4066 2258 4109 canones
2299 4050 2605 4118 obseravit,
2643 4045 3016 4121 [omnemque
3047 4050 3374 4119 religionis.
3406 4049 3666 4105 ordinem

2009 4137 2367 4213 depravavit]
2401 4137 2432 4178 k
2464 4158 2479 4209 ς
2512 4139 2819 4207 episcOpis,
2855 4138 3204 4209 presbyteris
3234 4145 3289 4193 et
3324 4136 3668 4194 diaconibus

2012 4244 2220 4288 uxores
2249 4230 2453 4285 habere
2480 4229 2767 4299 praecepit.
2802 4228 2959 4282 Istud
2996 4228 3225 4296 quidem
3259 4228 3448 4282 scelus
3474 4225 3672 4294 Hispa-

2014 4322 2123 4377 nite
2148 4334 2319 4376 causa
2366 4318 2639 4388 pereundi
2674 4316 2817 4371 fuit:
2862 4316 2914 4369 ei
2948 4315 3085 4384 quia
3116 4329 3277 4386 reges
3312 4321 3369 4369 et
3398 4314 3691 4369 sacerdo-'

250 4412 570 4467 honoriﬁce
590 4411 935 4480 suscipiens,
957 4411 1009 4465 ei
1052 4410 1452 4465 consobrinam
1484 4424 1645 4465 suam
1673 4410 1733 4465 in
1759 4411 1983 4471 con-D
2016 4417 2100 4466 tes
2142 4410 2319 4480 legem
2374 4407 2599 4463 Domini
2653 4404 3109 4473 dereliquerunt,
3166 4403 3382 4457 'omnia
3434 4400 3665 4471 agmina

239 4501 417 4573 jugio
441 4500 752 4570 copulavit,
780 4513 848 4555 ex
870 4513 979 4570 qua
1023 4504 1194 4554 natus
1224 4506 1309 4554 est
1340 4498 1626 4569 Ervigius.
1658 4498 1766 4565 Qui
1795 4500 1907 4554 Er—

245 4590 450 4661 vigius
485 4603 615 4645 cum
648 4596 797 4644 esset
830 4588 1080 4659 palatina
1113 4588 1321 4657 peritia
1350 4588 1643 4643 enutritus
1672 4588 1697 4625 σι
1724 4594 1780 4643 et
1812 4588 1909 4643 ho-

246 4694 396 4735 nore
424 4680 656 4735 comitis
698 4673 1068 4749 sublimatus,
1109 4677 1253 4733 elate
1296 4685 1352 4733 et
1395 4677 1603 4733 callide
1632 4679 1907 4733 adversus

320 4799 347 4825 ι
385 4785 631 4841 Fallitur
656 4793 873 4842 auctor.

184 4912 191 4917 ,
321 4855 355 4897 b
396 4859 463 4911 In
514 4859 935 4912 Salmunticensi
986 4858 1258 4910 territorio
1296 4858 1422 4909 sita.

250 4930 487 4981 Vamba.
522 4929 753 4983 FLOREZ.
790 4930 950 4982 Adio.
984 4944 1085 4982 ms.

320 5012 349 5039 ο
400 5001 671 5067 Mariana,
713 5001 907 5053 Gauro.

320 5075 350 5113 δ
386 5071 481 5126 Sic
533 5073 786 5127 Mariana
832 5077 888 5126 et
948 5072 1072 5126 cod.
1136 5084 1253 5141 reg.
1307 5069 1474 5140 bibl.,
1534 5071 1795 5125 Ferreras
1850 5074 1907 5124 et

242 5144 741 5270 “eigvafliffiéiii‘
762 5214 857 5269 hic
879 5215 1043 5270 addit
1076 5215 1200 5270 cod.
1237 5213 1368 5281 Reg.
1399 5212 1543 5266 Bibl.

336 5287 360 5328 f
376 5288 541 5341 Deest
566 5286 901 5355 Pumpligiae,
936 5287 1084 5355 apud
1120 5287 1256 5339 Mar.
1291 5292 1347 5338 et
1363 5285 1487 5338 cod.
1526 5284 1657 5353 Reg,
1684 5282 1828 5338 bibl.

320 5364 352 5427 β
387 5361 513 5412 Dies
543 5370 639 5411 xiv
669 5357 748 5411 ibi
783 5370 1011 5427 quoque
1034 5359 1262 5411 desunt.

318 5419 346 5456 "
388 5432 540 5484 Ilanc
568 5428 732 5482 addit
757 5419 935 5482 :e'ram'
958 5430 1080 5483 cod.
1119 5430 1248 5498 Reg.
1265 5426 1420 5498 Bibl.
1449 5426 1588 5479 Cum
1615 5430 1803 5479 autem
1836 5438 1904 5479 ex

244 5514 427 5556 aureo
450 5499 747 5555 Chronica:
772 5496 1232 5570 Wisigothorum
1261 5496 1459 5551 libello
1478 5509 1659 5551 annos
1687 5500 1908 5570 constet

250 5584 521 5642 regnasse
558 5583 662 5624 vm
705 5585 776 5625 m.
827 5584 865 5639 ι,
892 5566 957 5626 (Ιῖ
986 5585 1103 5639 xxv,
1152 5583 1266 5628 uno
1314 5572 1535 5623 tantum
1564 5580 1715 5622 anno
1760 5566 1910 5622 vixit

1482 4857 1567 4908 Ea:
1604 4857 1669 4908 D.
1703 4856 1812 4910 Jul.
1848 4858 1907 4909 in

2014 4498 2331 4555 Gothorum
2374 4499 2784 4552 Saracenorum
2831 4492 3022 4563 gladio
3068 4491 3383 4560 perierunt.
3424 4491 3575 4544 Inter
3602 4501 3666 4545 ea

2014 4588 2229 4643 Witiza
2260 4592 2385 4657 post
2414 4586 2575 4657 regni
2618 4598 2800 4639 annos
2824 4598 2859 4637 x
2901 4586 3082 4636 morte
3112 4578 3344 4649 propria
3372 4575 3553 4633 Toleti
3575 4577 3672 4632 de-

2016 4676 2210 4743 cessit,
2232 4682 2288 4729 et
2314 4674 2395 4729 ibi
2429 4672 2694 4743 sepultus
2736 4671 2870 4740 fuit,
2902 4683 3013 4725 aera
3031 4666 3139 4725 759
3166 4666 3199 4722 ι.

2018 4782 2384 4839 monasterio.
2420 4780 2476 4835 Id
2518 4788 2574 4835 et
2612 4794 2722 4835 mra
2750 4778 3055 4849 persuadet
3070 4772 3193 4849 749‘
3213 4789 3325 4846 qua
3354 4774 3669 4849 decessisse

2019 4856 2114 4910 hic
2138 4854 2384 4909 dicitur:
2413 4852 2472 4905 in
2496 4844 2835 4921 przecedehti
2865 4863 3108 4918 namque
3131 4844 3247 4902 748
3271 4846 3666 4918 penitentiam

2017 4930 2276 5050 “feriati.
2325 4994 2589 5060 Regnavit
2633 5008 2724 5045 an.
2759 5005 2837 5057 v1,
2887 5007 2959 5044 m.
2994 5004 3080 5059 III,
3118 4991 3243 5045 cod.
3287 4991 3446 5061 Reg,
3494 5006 3663 5044 mens.

2016 5082 2101 5123 ιιι.
2125 5066 2407 5122 Chronica
2428 5070 2617 5119 autem
2632 5062 3014 5134 Wisigothor.
3039 5077 3171 5114 ann.
3202 5075 3303 5131 vn,
3329 5064 3385 5115 ά.
3410 5075 3547 5131 xxv,
3571 5062 3666 5117 cui

2015 5140 2304 5194 standum.

2087 5210 2227 5267 jSic
2257 5209 2393 5262 Mar.
2430 5213 2486 5261 et
2514 5206 2638 5261 cod.
2685 5207 2815 5277 Reg.
2865 5206 3127 5260 Ferreras
3168 5211 3225 5260 et
3265 5206 3448 5274 Berg.,
3477 5204 3666 5256 deces-

2014 5285 2085 5336 sit
2110 5299 2220 5335 ειη-α
2248 5277 2374 5347 738,
2408 5278 2599 5333 verbis
2636 5279 2861 5333 caeteris
2888 5277 3310 5346 praetermissis.

2085 5352 2317 5429 li_I_Incis
2350 5351 2573 5429 inclusa
2593 5350 2804 5429 desunt
2830 5349 2998 5429 apud
3015 5350 3201 5429 Berg.“
3360 5410 3395 5429 μ

2085 5422 2097 5458 ί
2126 5424 2377 5478 Mariana
2404 5422 2567 5478 addit
2590 5427 2640 5475 et
2678 5423 2783 5476 sibi
2824 5410 3067 5489 sepultus
3090 5410 3203 5486 fuit
3224 5431 3331 5469 aera
3360 5410 3483 5493 749.
3506 5423 3662 5493 “qua:

2015 5494 2384 5620 ggtgaa¥&d
2419 5496 2575 5566 Berg.
2600 5482 3026 5556 desiderantur,
3053 5482 3181 5546 cum
3214 5493 3397 5541 tamen
3423 5482 3479 5537 in
3503 5482 3656 5537 Ferr.

2017 5566 2097 5621 sit
2121 5581 2231 5619 aera
2257 5566 2383 5621 749.
