4046 6182
520 226 658 285 4445
1327 224 1616 280 APPEND.
1657 221 1750 278 AD
1787 221 1947 278 SEC.
1991 220 2088 278 IX.
2117 219 2563 278 -—AUCTORES
2597 222 2767 279 ANNI
2800 225 2824 280 Ι
2832 223 3104 280 NCERTI.
3374 220 3378 222 ’
3719 241 3816 300 συθ

1136 348 1540 404 RUDERICUS.
2190 347 2251 408 A
2281 348 2467 436 tarum
2499 361 2608 404 non
2635 347 2821 405 valuit
2845 350 3132 406 sustinere
3157 350 3447 422 impetum:
3480 363 3662 427 quanto
3685 367 3818 436 magis

583 457 639 515 '7.
671 457 960 514 Witizane
987 454 1275 524 defuncto,
1301 455 1622 510 Rndericus
1641 467 1673 509 a
1696 451 1902 508 Gothis
1930 450 2170 522 eligitur
2281 441 2342 490 ιιι
2367 435 2431 526 in,
2450 437 2570 526 isto
2603 435 2883 494 ῖοτίιιηίηθ
2911 445 2966 495 ιθ
3007 439 3304 498 defendere
3345 447 3576 526 Ροὲθτίεθ
3609 451 3703 507 Ιωο
3720 435 3816 511 andi

519 550 579 606 in
606 559 796 620 regno.
843 541 956 602 Iste
983 558 1181 614 nempe
1208 554 1238 585 δ
1269 545 1327 600 in
1360 543 1608 614 peccatis
1650 541 1930 597 Witizani
1957 539 2170 595 ambu—
2267 525 2587 582 λϐοηείιίυιη
2637 541 2843 620 Πξθλιιῐῐξτ
2877 533 2946 620 θι-
2980 529 3053 620 at}
3081 529 3204 620 han
3228 531 3500 590 voluntate
3524 538 3732 596 animum
3764 559 3818 599 re.

518 615 763 708 lavit,'et
791 648 904 691 non
925 633 1108 690 solum
1145 633 1264 688 zelo
1297 631 1543 701 justitia:
1589 636 1844 687 armatus
1873 629 2008 686 huic
2039 641 2164 684 see-
2277 620 2529 708 "Oc-311“
2569 615 2768 671 ῐηιιηίε
2815 615 2985 708 ὺρηίεο
3028 617 3261 690 fruaris:
3301 625 3356 676 ει
3397 623 3454 678 in
3482 637 3598 693 Pace
3635 626 3818 686 Arabum

518 727 622 784 leri
645 701 810 782 ﬁnem
854 737 966 780 non
995 722 1294 793 imposuit,
1340 721 1434 777 sed
1465 719 1648 793 magis
1675 719 1993 790 ampliavit.
2026 717 2110 774 Fil

2276 701 2546 793 omnibus
2571 718 2698 774 qua:
2723 709 2823 761 tua
2852 704 3086 763 fuerunt
3121 709 3316 764 utaris.
3349 709 3425 766 Ad
3467 711 3572 768 haec
3592 715 3815 788 Pelagius:

513 830 646 872 vero
701 813 979 869 Witizani
1026 791 1244 867 invidia
1295 810 1478 882 ducti,
1527 791 1594 865 eo
1646 809 1796 879 quod
1846 807 2167 864 Rudericus
2275 792 2395 891 Nec.
2413 791 2974 891 Aralnimamicitiis
2999 797 3280 868 sociabor,
3312 812 3410 854 nec
3433 814 3512 856 me
3549 815 3711 861 eorum
3741 807 3822 862 im-

516 917 752 977 regnum
792 902 974 972 patris
1002 915 1197 957 eorum
1241 902 1554 970 acceperat,
1585 898 1794 954 callide
1822 898 2110 970 c0gitante

2278 881 2435 949 perio
2465 881 2804 951 subjiciam:
2849 885 2946 940 sed
2989 890 3052 940 tu
3084 899 3194 942 non
3223 887 3368 943 nosti
3423 889 3463 958 i,
3491 891 3610 959 quia
3637 894 3817 952 Ecclesia

517 969 722 1051 missos
741 969 810 1048 ad
849 989 1101 1046 Africam
1146 969 1404 1060 mittunt,
1448 989 1754 1044 Saracenos
1787 988 1845 1043 in
1875 969 2162 1043 auxilium
2273 969 2502 1024 Domini
2532 970 2683 1026 11mm
2712 979 3096 1045 comparatur,
3125 989 3251 1045 ιιιιω
3285 981 3340 1031 εὶ
3364 975 3616 1034 derectum
3645 984 3818 1050 Ρεῐὶιιιτ.

515 1087 737 1156 petunt,
773 1094 984 1152 eosque
1020 1079 1264 1136 navibus
1302 1079 1565 1134 advectos
1592 1077 1922 1146 Hispaniam
1974 1076 2113 1132 intrc

2273 1061 2330 1112 et
2358 1072 2587 1158 rursum
2640 1074 2739 1130 per
2768 1067 2993 1133 tempus
3041 1063 3110 1119 ad
3155 1065 3450 1134 pristinam
3497 1067 3817 1137 plenitudinem

516 1149 772 1230 inmani.
817 1149 919 1228 Sea
955 1169 1068 1241 ipsi
1110 1168 1210 1240 qui
1256 1167 1455 1238 patria,
1494 1167 1784 1223 excidium
1817 1165 2160 1236 intulerunt,
2275 1149 2600 1241 revertitur.
2627 1149 2982 1241 Conﬁdimus
3001 1152 3235 1208 enimin
3253 1154 3818 1226 Dominimisericordia,

514 1263 688 1318 simul
735 1275 868 1318 cum
918 1235 1083 1333 gente
1128 1235 1556 1314 Saracenorum
1605 1255 1796 1327 gladio
1846 1254 2112 1325 perierun

2275 1235 2423 1302 quod
2451 1235 2522 1291 ab
2553 1236 2664 1294 isto
2692 1240 2915 1296 modico
2935 1241 3272 1313 monticulo,
3307 1257 3464 1314 quem
3491 1247 3748 1316 conspicis,
3769 1249 3821 1303 sit

514 1352 709 1422 Itaque
729 1363 858 1406 cum
875 1325 1198 1406 Rudericus
1219 1346 1540 1418 ingressum
1562 1325 1758 1401 eorum
1781 1343 2112 1415 c0gnovisse

2271 1325 2560 1394 Hispania:
2581 1327 2759 1398 salus,
2793 1336 2848 1385 et
2873 1327 3190 1387 Gothorum
3219 1333 3404 1402 gentis
3429 1334 3680 1390 exercitus
3702 1349 3819 1406 repa-

513 1415 642 1494 cum
671 1440 827 1496 omni
855 1439 1081 1511 agmine
1108 1415 1425 1493 Gothorum
1451 1435 1536 1490 eis
1563 1423 1933 1506 praeliaturus
1953 1446 2165 1488 occur—
2274 1415 2512 1511 νδηάῑιδι
2537 1416 2686 1511 “illi
2705 1417 2873 1511 “011i?
2893 1420 3276 1511 ροιηριθαῑιιιτ,
3309 1420 3403 1476 me
3421 1423 3733 1492 υτονιιειίουε
3747 1439 3823 1480 ser

481 1528 610 1583 ’rit.
656 1529 760 1585 Sed
799 1505 1024 1586 dicente
1065 1527 1396 1596 Scriptura:
1431 1526 1498 1580 In
1543 1505 1747 1578 eranum
1793 1525 1964 1577 currit
2006 1539 2079 1593 qu

2273 1515 2386 1575 m0,
2414 1505 2514 1574 qui
2553 1505 2726 1562 dicit:
2782 1509 3028 1562 Visitabo
3083 1511 3140 1562 in
3167 1511 3324 1577 virga
3369 1511 3653 1579 iniquitates
3675 1528 3817 1572 eorum.

510 1619 778 1688 iniquitas
819 1617 1100 1688 praecedit,
1155 1595 1512 1672 sicerdomm
1540 1611 1570 1653 ι)
1601 1657 1616 1682 ν
1649 1613 1735 1670 vel
1775 1627 2010 1669 suorum
2041 1626 2165 1683 pec_
2198 1673 2244 1688 ἢ
2271 1597 2321 1646 et
2357 1595 2416 1646 in
2452 1595 2684 1662 flagellis
2725 1603 2951 1666 peccata
2994 1614 3178 1653 eorum
3209 1617 3222 1653 :
3268 1601 3658 1655 misericordiam
3697 1609 3820 1656 autem

513 1673 770 1764 catorum
797 1673 943 1763 mole
962 1705 1244 1778 Oppressi,
1271 1705 1358 1760 vel
1381 1703 1634 1760 ﬁliorum
1653 1703 1934 1759 Witizani
1961 1701 2163 1758 fraude
2192 1673 2247 1736 Β
2270 1698 2447 1784 meum.
2461 1700 2575 1785 Ϊιίξζῑ
2613 1688 2962 1785 αυΐθναηιέιό
2991 1690 3096 1742 εἰει
3153 1689 3338 1785 igitur
3365 1694 3420 1744 et
3449 1689 3495 1785 si
3521 1693 3540 1747 J'
3566 1692 3819 1785 sententiam

509 1796 739 1868 detecti,
794 1809 923 1852 cum
980 1795 1174 1852 omnia
1228 1776 1455 1866 agmine
1496 1793 1812 1849 Gothorum
1864 1792 1924 1848 in
1969 1790 2160 1864 fugam
2273 1776 2594 1872 ξῆνθνίξθῐίε
2620 1787 2718 1843 Ρεν
2752 1776 3017 1872 meritum
3051 1777 3397 1872 θκρίιξίπιυεν
3427 1779 3541 1848 eius
3569 1779 3822 1836 miscricor-

511 1889 649 1942 sunt
674 1861 822 1941 versi
871 1889 926 1940 et
972 1883 1164 1955 gladio
1200 1861 1394 1937 deleti.
1435 1883 1514 1936 De
1538 1881 1823 1937 Ruderico
1872 1896 2003 1938 vero
2034 1861 2109 1953 reg

2271 1861 2426 1916 diam
2460 1861 2520 1917 in
2550 1864 2980 1932 recuperatione
3009 1863 3279 1924 Ecclesiae
3309 1881 3407 1924 seu
3437 1868 3602 1938 gentis
3635 1875 3678 1924 et
3711 1869 3818 1939 regni

512 1973 659 2031 num
711 1974 941 2046 cognita
994 1977 1182 2029 manet
1222 1985 1393 2028 causa
1448 1970 1722 2026 interitus
1772 1971 2163 2040 emsrrudis
2272 1955 2564 2005 venturam
2618 1957 3050 2022 exspectamus:
3107 1955 3264 2011 unde
3309 1956 3447 2012 hanc
3487 1956 3820 2012 multitudinem

511 2075 755 2134 namque
787 2043 1010 2119 nostris
1056 2061 1412 2132 temporibus
1457 2073 1588 2116 cum
1637 2059 1804 2115 Viseo
1853 2059 2060 2116 civitas
2106 2064 2162 2117 et
2275 2053 2621 2134 pasangrum
2651 2043 2978 2111 δνθνηὶωυε
3018 2049 3075 2134 ei
3101 2045 3344 2100 minime
3375 2045 3772 2116 ρειῐὶωθεοίωιιθι

510 2127 840 2208 suburbana
881 2152 1008 2221 ejus
1035 2164 1066 2206 a
1110 2127 1278 2207 nobis
1327 2151 1598 2222 pepulata
1627 2159 1653 2188 ο
1680 2155 1890 2221 essent,
1928 2151 1988 2206 in
2020 2163 2160 2221 qua-
2309 2127 2429 2231 “40-
2459 2131 2616 2230 Τυξκε
2637 2144 2946 2231 (ξξωχθτεῇιε
2986 2132 3265 2231 ίηῖδξιάυὲ
3307 2135 3588 2231 episcopus
3617 2134 3678 2231 all
3706 2148 3822 2231 θιεῖΐῖ

507 2241 636 2298 dam
663 2220 1362 2296 basilicamonumentum
1401 2220 1488 2296 est
1518 2241 1833 2312 inventum,
1867 2239 1969 2296 ubi
1999 2220 2105 2296 des

2271 2220 2474 2288 citum,
2512 2220 2598 2275 sic
2635 2220 2824 2276 dixit:
2860 2223 3160 2292 Properate
3209 2228 3268 2279 et
3314 2228 3562 2294 pugnate,
3600 2223 3709 2294 quia
3743 2223 3818 2278 nisi

509 2343 608 2401 per
653 2329 1011 2401 epitaphium
1061 2329 1350 2400 sculptum
1387 2329 1474 2386 sic
1506 2329 1682 2387 dicit:
1735 2308 1838 2385 Hic
1874 2331 2162 2400 requiescit
2215 2397 2222 2404 _
2273 2308 2573 2404 Per_gladii
2616 2309 2927 2404 Υίῐξάίεῑίιῑη
2969 2324 3080 2366 non
3131 2311 3422 2368 habebitis
3467 2327 3582 2368 cum
3625 2326 3678 2368 θο
3715 2311 3822 2404 pileis

507 2394 852 2474 iluder-icus-d
877 2433 977 2473 rem
1005 2394 1316 2472 Gothorum.
1941 2394 1963 2400 ’

2272 2394 2532 2452 foedera:
2586 2399 2896 2469 statimque
2969 2415 3127 2457 arma
3184 2405 3503 2474 assumunt,
3548 2407 3596 2457 et
3635 2401 3821 2472 praelium

1153 2540 1504 2598 PELAGIUS.
2270 2485 2677 2598 ῗηῗτῗηῗῖίῖῗῗξξ
2707 2487 3820 2598 {1:359:13fill“?g’"ii‘f?ii§‘l'ﬁ"i§§‘

1491 2583 1504 2595 ·
2271 2573 2483 2629 micant
2512 2589 2696 2647 enses,
2717 2575 3050 2646 crispantur
3070 2577 3274 2646 hastae,
3299 2593 3362 2636 ac
3389 2581 3694 2636 incessanter
3713 2577 3824 2633 emit-

574 2664 628 2721 8.
656 2665 872 2722 Arabes
891 2670 1102 2737 autem,
1126 2666 1310 2736 patria
1327 2666 1503 2723 simul
1521 2681 1651 2723 cum
1669 2680 1844 2740 regno
1865 2678 2155 2738 Oppresso,
2271 2667 2474 2720 tuntur
2516 2665 2770 2736 sagittae:
2823 2665 2919 2722 sed
2971 2666 3030 2722 in
3091 2668 3200 2724 hoc
3257 2683 3368 2726 non
3414 2667 3621 2724 defuere
3658 2666 3821 2723 Domini

509 2753 776 2826 pluribus
797 2768 897 2824 per
925 2755 1096 2810 annis
1121 2754 1394 2825 praesides
1416 2755 1758 2826 Babylonico
1787 2755 1906 2827 regi
1942 2755 2160 2810 tributa
2271 2752 2589 2823 magnalia:
2621 2766 2752 2808 nam
2782 2767 2912 2808 cum
2943 2768 2975 2810 a
2997 2754 3396 2814 fundibularis
3437 2757 3629 2827 lapides
3645 2755 3824 2811 fuissent

509 2843 924 2914 persolverunt,
957 2857 1257 2914 quousque
1273 2843 1387 2899 sibi
1411 2858 1595 2916 regem
1625 2844 1939 2917 elegerunt,
1961 2849 2017 2899 et
2031 2844 2161 2898 Cor-
2269 2840 2488 2912 emissi,
2531 2845 2588 2896 et
2609 2843 2677 2897 ad
2706 2843 2938 2898 domum
2975 2849 3188 2900 sanctae
3213 2860 3431 2917 semper
3458 2845 3671 2917 virginis
3689 2843 3824 2900 Maria

503 2931 715 2990 dubam
755 2931 950 2987 urbem
993 2932 1293 3002 patriciam
1345 2946 1579 3004 regnum
1606 2931 1720 2988 sibi
1766 2931 2152 2988 ﬁrmaverunt.
2271 2929 2680 3001 pervenissent,
2745 2944 2914 3000 super
2977 2932 3277 2989 mittentes
3345 2934 3734 3002 revertebantur,
3789 2937 3826 2985 et

503 3020 677 3078 Gothi
726 3034 858 3077 vero
901 3021 1108 3090 partim
1147 3021 1358 3093 gladio,
1405 3022 1612 3092 partim
1663 3021 1809 3077 fame
1840 3021 2150 3090 perierunt.
2185 3011 2234 3073 C
2266 3017 2561 3075 Chaldaeos
2589 3017 2816 3075 fortiter
2839 3019 3244 3078 trucidabant:
3270 3029 3326 3079 et
3346 3024 3476 3094 quia
3497 3023 3730 3078 Dominus
3748 3032 3823 3075 non

503 3109 607 3166 Sed
654 3108 754 3180 qui
801 3122 869 3165 ex
923 3110 1138 3167 semine
1184 3110 1342 3182 regio
1372 3115 1788 3181 remanserunt,
1821 3109 2056 3181 quidam
2087 3121 2156 3164 ex
2265 3109 2593 3164 dinumerat
2635 3109 2846 3178 hastas,
2900 3110 2994 3166 sed
3041 3111 3137 3166 cui
3188 3113 3318 3169 vult
3363 3113 3589 3184 porrigit
3614 3110 3822 3182 palmam;

505 3198 630 3254 illis
648 3199 943 3255 Franciam
971 3200 1294 3270 petierunt:
1331 3199 1580 3255 maxima
1604 3213 1736 3255 vero
1761 3213 1892 3269 pars
1920 3199 1979 3254 in
2012 3198 2156 3254 hanc
2265 3210 2395 3253 cum
2445 3202 2634 3253 essent
2671 3200 2884 3269 egressi
2931 3199 3126 3256 ﬁdeles
3154 3198 3188 3240 ιε
3214 3202 3288 3257 de
3337 3203 3476 3258 Cova
3520 3201 3580 3255 ad
3621 3210 3820 3270 pugnam.

503 3287 747 3360 patriam
783 3288 1211 3346 Asturiensium
1239 3297 1262 3324 °
1296 3288 1676 3358 intraverunt,
1719 3287 1949 3359 sibique
1991 3288 2158 3344 Pela—
2264 3285 2514 3342 Chaldaei
2566 3287 2760 3343 statim
2815 3288 2966 3345 versi
3017 3295 3156 3346 sunt
3183 3289 3247 3346 in
3299 3289 3482 3364 fugam
3520 3289 3643 3346 etin
3661 3286 3824 3342 duabus

503 3377 661 3450 gium
687 3373 711 3417 ί
748 3418 762 3448 ,
797 3377 982 3434 ﬁlium
1036 3377 1320 3448 quondam
1371 3377 1606 3433 Faﬁlani
1647 3376 1818 3448 ducis
1847 3390 1914 3432 ex
1941 3376 2157 3432 semine
2265 3374 2441 3432 divisi
2481 3381 2618 3432 sunt
2653 3377 2896 3433 turmis:
2933 3377 3131 3448 ibique
3179 3381 3377 3436 statim
3416 3378 3562 3450 Oppa
3598 3377 3824 3446 episcopus

502 3466 680 3538 regio,
750 3467 1068 3538 principem
1138 3465 1450 3538 elegerunt.
1515 3467 1661 3522 Dum
1709 3479 1843 3521 vero
1890 3465 2154 3521 Saraceni
2266 3468 2353 3519 est
2417 3465 2882 3536 comprehensus,
2951 3472 3007 3522 et
3071 3465 3374 3524 Alkamam
3443 3465 3755 3524 interfectus:
3785 3462 3822 3516 in

500 3551 715 3612 factum
758 3559 1166 3627 cognoverunt,
1194 3554 1388 3610 statim
1433 3554 1486 3610 ei
1514 3567 1612 3624 per
1643 3555 2008 3610 Alkamanem
2038 3555 2158 3610 du—
2265 3553 2460 3610 eodem
2501 3567 2746 3625 namque
2789 3555 2919 3622 loco.
2957 3561 3182 3614 centum
3231 3558 3439 3630 viginti
3469 3561 3682 3629 quatuor
3712 3550 3821 3607 milia

499 3655 642 3716 cem,
667 3645 768 3716 qui
791 3648 847 3700 et
872 3645 996 3716 ipse
1009 3657 1136 3701 cum
1164 3643 1376 3698 Tarech
1401 3643 1459 3698 in
1483 3643 1756 3713 Hispania
1775 3643 2153 3713 irruptionem
2264 3643 2658 3700 Chaldaeorum
2703 3650 2840 3701 sunt
2871 3643 3194 3717 interfecti;
3225 3647 3513 3719 sexaginta
3547 3658 3660 3700 vero
3686 3647 3730 3698 et
3748 3639 3823 3694 tria

499 3733 728 3805 fecerat,
778 3737 838 3790 et
877 3733 1163 3802 Oppanem
1207 3729 1562 3801 Hispalensis
1587 3731 1742 3786 sedis
1773 3731 2156 3800 metropolita-
2267 3733 2452 3788 millia
2477 3734 2576 3804 qui
2613 3741 3019 3807 remanserant,
3055 3736 3114 3792 in
3149 3738 3422 3794 verticem
3449 3735 3639 3792 montis
3657 3733 3823 3788 Ansere

501 3837 638 3879 num
685 3822 1038 3892 episcopum,
1091 3819 1277 3875 filium
1330 3819 1610 3874 Witizani
1662 3819 1834 3892 regis,
1886 3819 1960 3876 ob
1984 3822 2153 3890 cujus
2260 3824 2660 3895 ascenderunt,
2711 3829 2884 3895 atque
2953 3837 3052 3894 per
3105 3833 3457 3896 praeruptum
3516 3821 3715 3890 montis,
3757 3817 3821 3889 qui

500 3909 759 3966 fraudem
797 3903 970 3966 Gothi
1004 3909 1318 3980 perierunt,
1360 3907 1628 3968 Asturias
1651 3922 1781 3965 cum
1814 3909 2152 3968 innumera—
2260 3913 2432 3984 vulgo
2459 3913 2781 3984 appellatur
2821 3914 3048 3984 Amosa,
3091 3915 3159 3970 ad
3201 3915 3554 3972 territorium
3583 3908 3825 3968 Lebanien—

499 3996 606 4054 bili
628 3999 887 4054 exercitu
909 3998 1210 4054 miserunt.
2260 4003 2412 4059 sium
2439 4003 2763 4074 praecipites
2779 4003 3215 4060 descenderunt.
3250 4005 3357 4062 Sed
3379 4018 3479 4060 nec
3507 4003 3609 4074 ipsi
3632 3994 3820 4055 lDomini

570 4085 624 4143 9.
656 4088 910 4158 Cumque
949 4087 1214 4160 Pelagius
1249 4087 1570 4160 ingressum
1615 4103 1809 4146 eorum
1860 4091 2145 4163 cognovit,
2257 4099 2560 4150 evaserunt
2583 4093 2929 4149 vindictam:
2966 4107 3094 4149 nam
3125 4108 3259 4150 cum
3292 4109 3392 4166 per
3433 4095 3672 4150 verticem
3708 4097 3824 4142 mon-

503 4176 564 4233 in
591 4181 782 4233 monte
807 4176 1031 4234 Anseva
1057 4189 1118 4232 se
1148 4177 1397 4233 contulit
1427 4177 1488 4234 in
1517 4182 1702 4250 antro,
1732 4179 1880 4250 quod
1914 4184 2150 4236 vocatur
2258 4184 2358 4254 tis,
2393 4183 2494 4255 qui
2532 4183 2685 4239 situs
2703 4187 2790 4238 est
2823 4197 2996 4253 super
3025 4183 3210 4254 ripam
3251 4185 3508 4241 ﬂuminis
3535 4185 3690 4244 Devae,
3709 4178 3823 4247 juxta

499 4265 644 4324 Cova
699 4266 917 4323 Sancta
963 4266 1202 4335 Mariae;
1249 4267 1561 4338 statimque
1590 4281 1734 4332 .eum
1785 4269 2074 4324 exercitus
2122 4282 2151 4322 ις
2178 4343 2195 4344 7
2263 4272 2540 4344 praedium
2581 4272 2729 4342 quod
2761 4272 2983 4329 dicitur
3017 4273 3348 4344 Casegadia,
3381 4273 3466 4330 sic
3492 4271 3738 4328 evidenter
3755 4265 3826 4333 ju—

498 4357 916 4414 circumdedit:
963 4362 1018 4412 et
1042 4357 1434 4428 propinquans
1471 4357 1541 4412 ad
1571 4371 1700 4412 eum
1730 4357 1888 4427 Oppa
1917 4359 2148 4429 episco—
2173 4343 2230 4406 D
2262 4361 2419 4418 dicio
2447 4361 2676 4418 Domini
2705 4367 2894 4418 actum
2927 4365 3034 4433 est,
3071 4367 3136 4418 ut
3165 4343 3357 4432 ipsius
3387 4361 3586 4419 montis
3608 4371 3716 4430 pars
3746 4363 3824 4408 sea

498 4462 628 4520 pus,
673 4447 758 4504 sic
817 4447 1158 4518 alloquitur,
1213 4446 1444 4503 dicens:
1502 4445 1632 4501 Scio
1684 4451 1738 4502 te
1795 4460 1904 4502 non
1952 4447 2149 4512 latere,
2263 4448 2654 4508 fundamentis
2675 4455 2912 4508 evoVens
2941 4451 3238 4523 sexaginta
3263 4453 3378 4508 tria
3409 4444 3826 4508 milliaChaldeeo-

498 4533 693 4606 frater,
713 4535 1166 4607 qualiteromnis
1180 4533 1455 4602 Hispania
1471 4532 1689 4588 dudum
1706 4535 1730 4573 ιι
1755 4535 1863 4591 sub
1887 4549 2000 4593 uno
2013 4539 2158 4611 regi.
2265 4554 2391 4596 rum
2423 4544 2717 4612 stupenter
2740 4548 2781 4576 ιιι
2813 4539 2870 4595 in
2896 4541 3132 4596 ﬂumine
3159 4542 3484 4610 projecerit,
3511 4544 3662 4608 atque
3685 4541 3824 4588 omnes

501 4624 652 4680 mine
666 4625 984 4681 Gothorum
1005 4628 1154 4680 esset
1168 4623 1503 4692 constituta,
1527 4627 1732 4680 etcum
1750 4625 1939 4681 omnis
1953 4627 2151 4698 Hispa-
2261 4629 2610 4700 Oppresserit
2637 4641 2662 4669 ιι
2685 4627 2783 4685 ubi
2816 4642 2999 4700 usque
3020 4642 3168 4685 nunc
3201 4629 3220 4684 i
3229 4644 3327 4700 pse
3357 4630 3578 4692 ﬁuvius,
3603 4626 3717 4680 dum
3734 4625 3825 4674 tem-

499 4712 610 4769 nite
647 4713 936 4770 exercitus
965 4714 1027 4768 in
1063 4727 1176 4769 uno
1207 4711 1413 4769 fuisset
1449 4722 1848 4792 congregatus,
1900 4717 2151 4774 Ismaeli-
2262 4719 2387 4790 pori
2407 4717 2638 4775 hiemali
2657 4717 2877 4774 alveum
2899 4717 3586 4792 suumimplet,ripasque
3601 4706 3820 4771 dissolvit.

567 4881 599 4951 ξι
626 4872 784 4951 gerg,
813 4873 872 4951 in
891 4874 1100 4951 Regeyt:
1126 4876 1233 4929 Iste
1251 4891 1374 4930 vero
1395 4877 1472 4946 in,
1500 4881 1606 4951 etc.
1737 4949 1750 4951 Α
2253 4881 2434 4951 addit,
2462 4885 2662 4937 etcum
2679 4879 2886 4951 omnis.

568 4943 598 4987 δ
621 4943 899 5028 gorrupte
918 4945 989 5028 in
1021 4947 1313 5028 Berganzae
1337 4943 1516 5020 textu,
1547 4949 1864 5004 Sacerdotes
1890 4965 2034 5007 vero.
2324 4958 2341 5028 ἱ
2376 4943 2543 5028 peest
2561 4967 2680 5028 ῃοη
2699 4950 2848 5028 apud
2877 4951 3036 5023 Berg,

569 5013 682 5094 (Ξῐᾲ
709 5013 1158 5094 mitigantes?-
1217 5089 1271 5094 __
1372 5093 1375 5094 ,
1457 5091 1468 5094 ξ
1505 5013 1513 5094 ἶ
1757 5093 1768 5094 ί
1813 5093 1818 5094 ν
2318 5027 2338 5082 j
2377 5025 2512 5081 Cod.
2559 5024 2691 5094 Reg.
2721 5013 2860 5089 étsi;
2891 5013 3102 5094 caeteri,
3151 5025 3230 5086 ut,
3289 5023 3441 5093 quod
3481 5019 3645 5076 multo
3670 5017 3821 5072 incon-

567 5085 592 5168 tl
618 5087 708 5168 {ta
727 5087 994 5168 cod._ng.
1015 5089 1134 5168 Alii
1165 5089 1385 5168 addunt
1409 5091 1654 5154 ulti-mus,
1678 5093 1773 5148 sed
1807 5093 2138 5166 incongrue.
2253 5097 2573 5168 gruentius.

567 5167 590 5195 ο
619 5157 779 5237 l}er_g.
813 5161 872 5237 et
894 5158 1046 5237 Ferr.
1079 5161 1523 5237 Astuﬂensem._
1582 5233 1594 5237 _
1982 5157 2012 5166 ⁷
2254 5157 2286 5168 ν
2324 5165 2474 5237 lfSic
2495 5166 2781 5237 Mariana;
2811 5165 2937 5230 alii,
2971 5168 3274 5236 egressique
3301 5165 3502 5236 ﬁdeles.

619 5228 1471 5320 999935-13‘361.‘3‘"€ﬂ*”£‘li’€”i-,_
1483 5233 1695 5320 Essem
1719 5248 1946 5320 aneane
1979 5237 2144 5294 modo
2322 5235 2527 5320 [θέρει
2550 5241 2660 5320 ipsi
2686 5228 2837 5320 θρίω
2869 5228 3027 5320 Bars-

498 5299 1217 5382 Sandovalisleditiohquze
1253 5302 1389 5358 hinc
1421 5303 1646 5375 incipit,
1675 5299 1945 5362 omnibus
1969 5322 2144 5378 supra
2323 5317 2364 5345 ω
2408 5309 2501 5364 Sic
2543 5299 2668 5366 cod.
2715 5299 2848 5382 Reg.
2889 5299 3029 5381 Alii,
3078 5308 3269 5365 minus
3317 5309 3688 5380 congruenter,
3728 5300 3819 5352 stu—

499 5369 692 5451 allatjs
723 5369 1176 5451 prtewrntiss_is._
1544 5369 1644 5375 ’⁷
2043 5369 2060 5378 ’
2241 5385 2448 5451 pentes.

568 5440 1624 5544 scaenicae.
2241 5440 2262 5451 ‘
2319 5453 2566 5524 ηθονεοτ
3011 5453 3355 5522 oppresserit-

617 5513 781 5569 Forte
811 5514 980 5568 dum:
1012 5513 1182 5584 paulo
1207 5513 1452 5584 namque
1479 5513 1628 5572 infra
1671 5517 1849 5575 codex
1875 5521 2144 5578 Marianae
