4046 6182
236 228 384 286 m7
1020 242 1049 263 -
1229 228 1601 292 CHRONICON
1649 205 1889 293 SEBASI

2009 239 2061 293 NII
2096 238 2516 295 SALMANTIC.
2560 242 2661 296 ΕΡ.
3516 243 3657 301 ’1448

233 357 408 430 signa
459 372 751 417 armorum
802 364 860 416 et
926 361 1143 418 ossium
1207 375 1401 419 eorum
1464 352 1978 426 evidentissimeA
2011 363 3652 445 Secoviamf,Astoricam,Legionem,Saldaniam,Mabe,

232 447 515 504 ostendit.
536 451 656 505 Non
680 449 835 505 istud
867 450 1209 507 miraculum
1236 452 1403 509 inane
1436 458 1535 509 aut
1564 448 1894 510 fabulosum
2004 454 2284 526 Amaiam,
2337 459 2781 527 Septemancam,
2841 458 3073 529 Aucam,
3139 461 3445 533 Velegiam,
3512 463 3656 519 Ala-

235 537 478 605 putetis.
497 538 592 593 sed
611 539 1259 611 recordaminiquiaqui
1282 539 1898 614 inRubromariJEgy—
2005 545 2253 614 bensem,
2304 546 2618 602 Mirandam
2660 557 2704 611 ε,
2766 546 3170 620 Rebendecam,
3223 550 3648 622 Carbonariam,

233 627 396 696 ptios
450 628 712 684 Israelem
770 635 1173 700 persequentes
1244 632 1539 703 demersit,
1598 634 1721 703 ipse
1792 634 1895 690 hos

229 714 457 772 Arabes
499 718 804 775 Ecclesiam
858 719 1087 774 Domini
1140 727 1560 793 persequentes,
1616 722 1894 778 immensa

234 804 457 861 montis
480 806 626 862 mole
646 807 949 878 oppressit.

309 892 398 949 Μ.
424 896 528 950 Per
556 895 705 951 idem
739 902 964 968 tempus
987 897 1046 953 in
1078 898 1185 955 hac
1211 900 1441 972 regione
1460 899 1890 957 Asturiensium

233 983 297 1038 in
350 984 587 1040 civitate
635 986 887 1058 Gegione
951 989 1293 1059 praepositus
1319 989 1714 1047 Chaldaeorum
1772 996 1895 1046 erat

229 1074 473 1129 nomine
509 1075 774 1146 Munuza,
803 1076 905 1147 qui
948 1081 1193 1135 Munuza
1230 1093 1382 1136 unus
1402 1093 1470 1135 ex
1502 1087 1751 1150 quatuor
1792 1081 1894 1137 du-

228 1161 407 1218 cibus
423 1160 537 1218 fuit
556 1163 657 1234 qui
677 1164 841 1233 prius
869 1176 899 1206 ει
931 1167 1237 1237 Hispanias
1252 1173 1675 1239 oppresserunt.
1699 1171 1893 1241 Itaque

227 1251 376 1306 dum
433 1252 878 1309 internecionem
923 1255 1211 1333 exercitus
1254 1258 1441 1328 gentis
1487 1271 1604 1313 sua:
1659 1270 1894 1327 compe-

229 1339 431 1406 risset,
463 1339 664 1396 relicta
685 1342 825 1398 urbe
846 1342 1033 1415 fugam
1063 1345 1348 1416 arripuit:
1386 1360 1631 1417 cumque
1654 1344 1893 1401 Astures

230 1435 644 1500 persequentes
686 1445 837 1503 eum,
886 1433 945 1489 in
994 1432 1118 1489 loco
1166 1433 1453 1491 Olaliense
1519 1436 1884 1505 reperissent,

228 1517 414 1574 simul
450 1533 581 1576 cum
620 1522 877 1577 exercitu
909 1536 1013 1578 suo
1042 1537 1170 1580 eum
1196 1523 1389 1595 gladio
1422 1524 1776 1596 deleverunt,
1811 1524 1891 1579 ita

232 1613 303 1664 ut
336 1621 404 1663 ne
430 1622 608 1665 unum
628 1609 1023 1667 Chaldaeorum
1052 1613 1203 1669 intra
1226 1614 1468 1684 Pyrinaai
1493 1617 1691 1683 portus
1717 1626 1893 1669 rema-

2001 634 2289 705 Abeicam,
2327 636 2539 692 Brunes
2567 634 2610 706 h,
2641 636 3008 706 Cinisariam,
3039 636 3334 708 Alesanco,
3354 636 3653 710 (Cenicero

2001 738 2036 793 y
2059 722 2333 779 Alesanco
2372 738 2438 779 en
2472 726 2525 780 la
2555 724 2718 793 Rioja
2740 726 2775 795 ),
2798 724 3089 793 Oxomam,
3128 725 3411 796 Cluniam,
3444 728 3656 799 Argan-

2001 810 2162 879 tiam,
2186 811 2403 881 Septem
2436 812 2744 884 publicam,
2776 814 3031 884 exceptis
3049 814 3267 869 Castris
3290 812 3303 851 ί
3326 828 3455 869 cum
3484 814 3655 871 Villis

2000 899 2283 954 etviculis
2312 901 2472 955 suis:
2509 914 2705 975 omnes
2749 916 2977 972 quoque
3026 901 3242 958 Arabes
3272 907 3655 971 occupatores

2003 989 2463 1058 supradictarum
2508 990 2808 1047 civitatum
2861 991 3233 1063 interﬁciens,
3293 990 3653 1047 Christianos

2001 1090 2189 1133 secum
2217 1078 2285 1132 ad
2316 1079 2556 1147 patriam
2581 1080 2765 1135 duxit.

2076 1163 2158 1222 M.
2206 1167 2286 1222 Eo
2335 1171 2585 1238 tempore
2624 1168 2972 1239 populantur
3020 1169 3354 1242 Primorias,
3410 1169 3649 1243 Lebana,

2000 1253 2357 1325 Transmera,
2425 1256 2726 1325 Supporta,
2784 1257 3080 1327 Carranza,
3160 1257 3467 1313 BarduliaJ'
3527 1274 3653 1330 quze

2002 1355 2154 1397 nunc
2174 1343 2497 1412 appellatur
2518 1344 2747 1415 Castlla,
2780 1350 2836 1401 et
2868 1358 2994 1416 pars
3030 1346 3319 1402 maritima
3346 1344 3648 1415 Gallaeciaz,

2000 1430 2193 1502 Burgi.
2226 1432 2398 1487 Alava
2447 1446 2691 1502 namque
2742 1433 3000 1504 Vizcaya,
3042 1435 3273 1506 Alaone,
3306 1440 3363 1491 et
3389 1435 3651 1491 Urdunia

1999 1532 2031 1575 a
2076 1520 2200 1575 suis
2257 1520 2466 1577 incolis
2517 1522 2883 1592 reperiuntur
2912 1537 3133 1593 semper
3184 1537 3306 1580 esse
3357 1537 3649 1595 possessas,

2003 1608 2156 1664 sicut
2181 1610 2557 1679 Pampilonia,
2582 1611 2792 1683 Degius
2811 1616 2896 1667 est
2916 1616 3087 1683 atque
3116 1612 3148 1655 k
3176 1615 3430 1670 Berroza.
3456 1615 3652 1684 Itaque

229 1700 417 1753 neret.
462 1699 619 1755 Tunc
661 1699 888 1755 demum
943 1700 1194 1757 ﬁdelium
1226 1708 1609 1775 aggregantur
1636 1702 1884 1775 agmina,
1920 1696 1973 1757 B
2005 1700 2374 1768 supradictus
2401 1700 2721 1757 Adefonsus
2750 1702 3054 1759 admodum
3087 1704 3487 1776 magnanimus
3516 1702 3648 1775 fuit,

229 1788 590 1858 populantur
637 1790 857 1859 patria),
904 1794 1301 1847 restaurantur
1341 1792 1594 1847 ecclesiae
1619 1811 1630 1846 :
1660 1798 1716 1848 et
1753 1798 1892 1848 tunc

226 1893 435 1935 omnes
466 1879 528 1934 in
567 1881 857 1936 communi
904 1882 1120 1953 gratias
1167 1881 1442 1952 referunt,
1483 1883 1773 1938 dicentes:
1802 1883 1891 1937 Sit

228 1982 442 2025 nomen
472 1969 703 2025 Domini
726 1969 1109 2041 benedictum,
1138 1972 1239 2041 qui
1268 1970 1554 2027 confortat
1591 1972 1649 2026 in
1686 1985 1747 2027 se
1776 1985 1892 2027 cre-

227 2059 454 2127 dentes,
510 2063 566 2114 et
606 2059 675 2114 ad
724 2059 975 2115 nihilum
1040 2061 1276 2116 deducit
1328 2060 1618 2132 improbas
1671 2065 1886 2133 gentes.

228 2147 504 2218 Pelagius
545 2153 673 2218 post
721 2161 933 2205 nonum
975 2149 1261 2206 decimum
1322 2151 1482 2222 regni
1528 2150 1620 2206 sui
1674 2163 1889 2205 annum

226 2237 603 2308 completum,
658 2239 889 2308 prOpria
962 2243 1142 2295 morte
1194 2241 1459 2311 decessit,
1509 2245 1565 2296 et
1629 2240 1892 2310 sepultus

227 2340 367 2383 cum
399 2340 579 2383 uxore
607 2342 710 2384 sua
742 2328 1032 2385 Gaudiosa
1081 2330 1277 2402 regina
1333 2330 1627 2386 territorio
1673 2330 1891 2401 Cangas

232 2416 297 2471 in
329 2416 573 2472 ecclesia
601 2420 810 2472 sancta:
834 2417 1074 2473 Eulaliae
1093 2418 1164 2473 de
1190 2418 1462 2489 Velapnio
1482 2416 1618 2490 fuit,
1646 2431 1758 2473 tera
1782 2415 1890 2474 775

228 2507 368 2576 (an.
391 2502 499 2561 737
514 2507 559 2577 λ.

933 2596 1193 2653 FAFILA.

308 2698 396 2759 42.
431 2703 619 2759 Filius
669 2706 795 2774 ejus
843 2705 1016 2761 Faiila
1067 2706 1128 2761 in
1179 2719 1352 2778 regno
1404 2706 1704 2775 successit,
1786 2705 1888 2776 qui

233 2798 473 2863 propter
503 2794 843 2863 paucitatem
876 2796 1150 2866 temporis
1174 2796 1325 2851 nihil
1360 2795 1619 2851 historia:
1647 2795 1888 2866 dignum

231 2884 383 2955 egit.
410 2882 662 2952 Quadam
686 2885 985 2941 occasione
1012 2886 1272 2941 levivatis
1297 2885 1368 2941 ab
1392 2899 1526 2941 urso
1555 2884 1890 2941 interfectus

231 2978 325 3027 est
353 2985 506 3029 anno
539 2974 698 3045 regni
722 2975 815 3030 sui
850 2976 1119 3046 secundo,
1153 2981 1210 3031 et
1236 2975 1500 3045 sepultus
1541 2988 1671 3030 cum
1713 2988 1890 3030 uxore

231 3074 342 3116 sua
377 3061 575 3132 regina
602 3060 889 3119 bFroleba
935 3064 1232 3120 territorio
1274 3063 1492 3134 Cangas
1542 3063 1600 3117 in
1650 3063 1892 3118 ecclesia

230 3152 458 3207 Sanctae
485 3151 705 3223 Crucis,
740 3167 911 3224 quam
935 3153 1058 3224 ipse
1081 3154 1427 3220 construxit,
1460 3152 1595 3224 fuit,
1622 3165 1734 3208 tera
1761 3149 1884 3207 777.

598 3276 996 3334 ADEFONSUS
1040 3280 1059 3335 l
1100 3275 1118 3349 (
1135 3277 1494 3352 Catholicus).

313 3380 402 3438 43.
436 3383 567 3439 Post
605 3384 841 3440 Faﬁlani
883 3385 1184 3442 interitum
1214 3385 1535 3445 Adefonsus
1557 3397 1582 3426 ο
1612 3385 1892 3442 successit

232 3473 299 3528 in
331 3486 607 3546 regnum:
634 3474 724 3529 vir
754 3487 969 3546 magnae
990 3475 1248 3548 virtutis,
1275 3476 1434 3533 ﬁlius
1462 3477 1611 3533 Petri
1630 3477 1799 3532 ducis
1823 3490 1891 3531 ex

231 3562 459 3618 semine
503 3563 852 3635 Leuvegildi,
909 3569 966 3619 et
1017 3564 1320 3621 Reccaredi
1375 3580 1570 3638 regum
1617 3565 1893 3638 progeni-

231 3660 336 3709 tus
365 3651 410 3706 ἀ.
434 3653 705 3722 Tempore
726 3666 921 3725 regum
952 3655 1190 3725 Egicani
1225 3660 1282 3710 et
1313 3656 1593 3711 Witizani
1628 3656 1895 3727 princeps

232 3740 472 3796 militiae
502 3739 636 3812 fuit,
664 3741 766 3813 qui
792 3757 921 3798 cum
955 3744 1140 3815 gratia
1182 3745 1381 3800 divina
1431 3745 1592 3817 regni
1639 3745 1896 3815 suscepit

232 3836 481 3901 sceptra.
509 3831 760 3888 Arabum
782 3846 933 3903 saepe
970 3833 1041 3888 ab
1061 3848 1126 3890 eo
1147 3833 1263 3890 fuit
1285 3835 1527 3893 audacia
1547 3817 1890 3905 compressa.

231 3922 352 3975 Iste
392 3926 619 3991 quanta:
662 3922 881 3993 gratiae,
915 3922 999 3978 vel
1044 3924 1299 3996 virtutis,
1329 3929 1502 3995 atque
1527 3924 1894 3980 auctoritatis

232 4006 440 4080 fuerit,
485 4008 895 4079 subsequentia
933 4016 1057 4067 acta
1084 4013 1394 4068 declarant.
1435 4012 1616 4068 Simul
1652 4024 1894 4082 namque

232 4111 373 4153 cum
405 4097 579 4154 fratre
618 4113 723 4156 suo
754 4100 1015 4156 Froilane
1046 4102 1227 4156 multa
1274 4102 1548 4157 adversus
1586 4103 1895 4157 Saracenos

233 4186 442 4257 praelia
470 4188 669 4262 gessit,
702 4194 873 4260 atque
906 4190 1188 4260 plurimas
1213 4191 1478 4247 civitates
1525 4191 1596 4246 ab
1639 4191 1724 4246 eis
1755 4190 1893 4246 olim

232 4290 544 4347 Oppressas
572 4278 745 4349 cepit,
770 4280 828 4336 id
855 4288 959 4350 est,
984 4282 1219 4351 Lucum,
1246 4282 1481 4352 Tudem,
1514 4280 1893 4352 Portucalem,

2002 1789 2128 1844 sine
2174 1788 2486 1845 olfensione
2532 1804 2664 1862 erga
2721 1792 2896 1847 Deum
2955 1796 3011 1847 et
3074 1793 3407 1863 Ecclesiam,
3455 1794 3514 1848 et
3556 1790 3654 1847 vi—

2000 1883 2114 1934 tam
2170 1870 2373 1935 merito
2418 1880 2815 1935 immitabilem
2848 1880 2860 1917 ¹
2893 1882 3079 1938 duxit.
3133 1883 3410 1937 Basilicas
3458 1882 3653 1952 plures

2000 1969 2345 2039 construxit,
2372 1974 2427 2024 et
2458 1969 2817 2025 instauravit.
2854 1971 3129 2041 Regnavit
3152 1984 3335 2027 annos
3352 1985 3522 2027 xvut.
3560 1971 3653 2026 Vi-

2001 2062 2114 2112 tam
2142 2057 2389 2113 feliciter
2420 2059 2477 2113 in
2500 2073 2635 2129 pace
2667 2060 2884 2115 finivit:
2914 2060 3290 2130 sepultusque
3314 2073 3444 2116 cum
3474 2073 3651 2116 uxore

2000 2161 2102 2203 sua
2130 2148 2324 2218 regina
2352 2149 2685 2203 Ermesinda
2717 2148 2776 2204 in
2798 2150 3091 2205 territorio
3105 2149 3324 2223 Cangas
3353 2150 3413 2206 in
3444 2162 3651 2206 mona—

1999 2236 2175 2291 sterio
2199 2236 2254 2291 S.
2287 2237 2479 2292 Mariae
2500 2235 2632 2292 fuit.

2072 2324 2156 2381 45.
2189 2329 2301 2382 Nec
2334 2326 2437 2382 hoc
2472 2328 2815 2396 stupendum
2844 2327 3187 2384 miraculum
3221 2328 3652 2399 praetermitten-

1998 2417 2136 2473 dum
2174 2422 2278 2487 est,
2304 2418 2455 2487 quod
2488 2418 2623 2473 hora
2654 2418 3030 2473 discessionis
3061 2425 3098 2453 ιιι
3152 2420 3277 2489 ejus
3326 2419 3649 2475 certissime

1997 2510 2188 2562 actum
2209 2511 2324 2562 est:
2349 2520 2475 2562 nam
2502 2521 2631 2562 cum
2676 2507 2949 2577 spiritum
2975 2508 3261 2564 emisisset
3296 2508 3648 2579 intempesta:

2000 2597 2188 2653 noctis
2216 2596 2470 2665 silentio,
2521 2602 2578 2652 et
2612 2596 2867 2653 excubiae
2900 2597 3168 2668 palatina:
3200 2597 3652 2669 diligentissime

1999 2700 2209 2756 corpus
2239 2685 2404 2742 illius
2433 2685 2819 2750 observarent.
2861 2686 3056 2743 subito
3083 2687 3143 2742 in
3182 2700 3311 2759 aere
3339 2686 3580 2742 auditur
3617 2699 3650 2741 a

1999 2776 2226 2831 cunctis
2254 2775 2674 2831 excubantibus
2720 2790 2824 2831 vox
2855 2776 3187 2847 angelorum
3243 2775 3644 2847 psallentium:

1997 2868 2132 2919 Ecce
2174 2866 2437 2935 quomodo
2491 2866 2704 2919 tollitur
2722 2866 2936 2935 justus,
2995 2871 3044 2920 et
3089 2882 3242 2920 nemo
3299 2866 3648 2934 considerat;

1998 2959 2047 3008 et
2082 2956 2197 3007 veri
2211 2954 2359 3021 justi
2385 2955 2674 3016 tolluntur,
2707 2959 2758 3007 et
2783 2970 2936 3008 nemo
2964 2956 3194 3024 percipit
3236 2955 3425 3008 corde:
3451 2970 3486 3007 a
3511 2955 3652 3022 facie

1998 3044 2311 3111 iniquitatis
2338 3043 2588 3096 sublatus
2613 3046 2691 3095 est
2716 3042 2928 3109 justus,
2958 3045 3060 3096 erit
3098 3045 3157 3095 in
3191 3059 3324 3111 pace
3366 3043 3650 3111 sepultura

1999 3132 2137 3200 ejus.
2158 3133 2271 3187 Hoc
2299 3145 2492 3186 verum
2522 3144 2646 3187 esse
2668 3143 2904 3199 prorsus
2935 3130 3281 3201 cognoscite,
3332 3144 3434 3185 nec
3476 3128 3651 3185 fabu-

1999 3220 2184 3276 losum
2209 3221 2429 3275 dictum
2466 3219 2707 3288 putetis:
2742 3219 3006 3289 alioquin
3045 3224 3229 3274 tacere
3260 3217 3441 3289 magis
3464 3217 3651 3288 elige—

2000 3324 2139 3382 rem,
2173 3323 2341 3380 quam
2384 3308 2527 3366 falsa
2567 3321 2825 3379 promere
2850 3308 3202 3364 maluissem.
3230 3308 3360 3363 .IEra
3382 3303 3492 3362 795
3513 3305 3642 3376 (an.

1995 3397 2169 3501 75ης
2699 3468 2968 3526 FROILA.

2075 3559 2158 3617 46.
2206 3563 2339 3617 Post
2383 3559 2653 3617 Adefonsi
2706 3559 3023 3616 discessum
3076 3557 3267 3614 Froila
3319 3556 3478 3613 ﬁlius
3523 3555 3648 3625 ejus

2003 3651 2281 3709 successit
2302 3651 2360 3705 in
2388 3663 2644 3720 regnum.
2675 3650 2776 3704 Hic
2805 3648 2894 3703 vir
2928 3652 3112 3703 mente
3140 3652 3197 3703 et
3219 3646 3398 3702 armis
3425 3643 3650 3701 acerri-

2004 3756 2132 3797 mus
2183 3738 2326 3796 fuit:
2373 3739 2648 3795 victorias
2701 3737 2912 3793 multas
2966 3736 3086 3808 egit
3112 3736 3384 3791 adversus
3432 3732 3648 3789 hostem

2002 3828 2439 3885 Cordubensem.
2473 3829 2537 3883 In
2568 3827 2692 3883 loco
2724 3826 2824 3896 qui
2855 3830 3090 3881 vocatur
3133 3823 3435 3879 Pontumio
3458 3832 3484 3859 ιι
3512 3834 3651 3891 pro-

2002 3919 2206 3975 vinciaa
2224 3917 2507 3974 Gallaeciae
2536 3915 2839 3986 praeliavit,
2871 3926 3083 3984 eosque
3115 3916 3468 3983 expugnatos
3488 3909 3655 3982 quin-

2005 4010 2276 4082 quaginta
2295 4011 2541 4076 quatuor
2563 4005 2747 4059 millia
2763 4003 3155 4059 Chaldaaorum
3177 4000 3495 4074 interfecit;
3518 4015 3653 4072 quo-

2003 4112 2125 4155 rum
2157 4099 2359 4153 ducem
2398 4095 2833 4162 adolescentem,
2863 4092 3094 4149 nomine
3142 4093 3431 4167 Hammar,
3464 4091 3648 4147 tilium

2000 4188 2071 4244 de
2099 4187 2483 4243 Abderraman
2516 4182 2663 4236 Ibem
2691 4182 2925 4252 hiscem,
2950 4185 3178 4251 captum
3202 4181 3261 4235 in
3287 4180 3480 4235 eodem
3504 4179 3647 4249 loco,

2003 4277 2194 4351 gladio
2224 4285 2247 4312 ο
2266 4274 2600 4330 interemit?
2630 4312 2642 4325 .
2665 4274 2945 4329 Vascones
2972 4269 3313 4325 rebellantes
3334 4268 3648 4339 superavit,

236 4366 561 4438 Bracaram,
588 4368 1106 4439 Metropolitanam,
1140 4370 1390 4441 Viscum,
1423 4370 1646 4425 Flavias
1662 4376 1706 4441 °,
1739 4369 1895 4441 Aga-
1920 4378 1975 4439 Β
2003 4372 2175 4437 atque
2216 4362 2493 4421 edomuit.
2537 4361 2789 4418 Muniam
2834 4358 3137 4429 quamdam
3172 4355 3651 4413 adolescentulam

234 4464 382 4527 tam,
408 4458 741 4529 Letesmam,
767 4458 1229 4530 Salamanticam,
1278 4460 1589 4530 Zamoram,
1633 4458 1890 4531 Abelam,

309 4574 345 4638 ξι
370 4564 533 4638 Deest
556 4565 708 4634 apud
741 4566 902 4638 Berg.
925 4568 1102 4636 prius.

309 4633 343 4675 δ
371 4635 538 4692 Deest
553 4633 705 4707 apud
727 4633 987 4694 eumdem
1015 4640 1144 4707 Reg.

311 4718 339 4747 ε
370 4707 526 4779 Berg.
556 4710 893 4777 Adefonsus,
942 4712 1040 4779 qui
1096 4711 1301 4765 dicitur
1355 4710 1684 4773 Catholicus,
1734 4710 1888 4768 Ferr.

235 4779 347 4847 qui
374 4778 577 4851 dicitur
599 4796 849 4848 magnus.
886 4778 1045 4836 Nihil
1069 4782 1180 4837 tale
1208 4781 1356 4851 apud
1389 4784 1525 4837 Mar.
1555 4786 1613 4836 et
1636 4783 1818 4838 Perez.

313 4851 342 4888 ά
367 4846 476 4916 Qui
505 4846 753 4924 tempore
774 4852 926 4924 regis
954 4853 1189 4924 Egicani
1212 4846 1479 4923 princeps
1506 4852 1731 4908 militiae
1758 4852 1891 4924 fuit,

234 4922 410 4975 Pater
427 4928 549 4995 erat
568 4922 860 4994 Adefonsi,
890 4922 1301 4995 non'tilius,’ut
1324 4938 1392 4979 ex
1434 4928 1597 4980 aatate
1638 4922 1891 4993 apparet.

235 4996 482 5067 Itaergu
520 4994 855 5067 legendum:
885 4994 1205 5065 progenitus
1251 4996 1277 5065 (
1288 4998 1384 5063 qui
1427 5002 1659 5064 tempore
1710 5011 1897 5063 regum

233 5064 477 5131 Egicani
503 5071 553 5119 et
583 5064 850 5121 'Witisam'
872 5068 1128 5136 princeps
1164 5064 1375 5120 militia
1395 5069 1509 5134 fuit
1520 5072 1543 5134 )
1568 5081 1687 5120 cum
1709 5069 1894 5134 gratia

233 5141 352 5191 etc.
377 5137 589 5192 FLOREZ
609 5138 753 5191 Adio
781 5154 881 5191 ms.

309 5214 336 5241 υ
374 5208 469 5264 Sic
494 5211 628 5264 Mar.
664 5216 719 5264 et
743 5210 867 5265 cod.
893 5208 1010 5264 Alii
1032 5210 1296 5263 Flauiam.

313 5274 339 5317 ι’
369 5280 452 5335 Ita
481 5280 736 5349 praedicti
769 5280 932 5336 codd.
967 5286 1023 5336 et
1054 5282 1313 5336 Ferreras
1334 5281 1492 5351 Berg.
1525 5280 1784 5335 Abulam.

312 5363 348 5405 8
374 5354 496 5407 Ber.
521 5351 818 5405 Alanense.

313 5424 345 5465 h
370 5424 467 5479 Sic
496 5425 635 5478 Mar.
659 5427 716 5477 et
743 5423 867 5479 cod.
898 5422 1030 5494 Reg.
1072 5422 1211 5491 Alii,
1240 5423 1511 5485 Abticam,
1541 5422 1821 5478 Abeicam.

2001 4470 2070 4512 ex
2100 4458 2415 4512 Vasconum
2444 4453 2630 4524 praeda
2661 4450 2772 4506 sibi
2811 4448 3023 4504 servari
3057 4446 3415 4517 praecipiens,
3462 4447 3654 4514 postea

2072 4564 2091 4619 ,ἱ
2121 4565 2215 4620 Sic
2239 4564 2402 4629 Mar.,
2426 4564 2547 4618 Ber.
2587 4564 2642 4616 et
2666 4561 2787 4615 Fer.
2818 4556 3125 4612 Bardulies.

2070 4635 2103 4677 k
2132 4634 2408 4691 Sandoval
2441 4634 2646 4687 dictum
2671 4635 2766 4685 cst.

2072 4710 2086 4747 ¹
2116 4712 2197 4767 Ita
2224 4707 2359 4761 Mar.
2394 4709 2450 4760 et
2495 4704 2618 4760 cod.
2669 4703 2735 4756 Β.
2768 4703 2888 4757 Ber.
2934 4700 3225 4768 gloriosam
3250 4696 3423 4750 vitam
3462 4695 3654 4750 merito

1955 4842 1965 4851 ,
2003 4778 2385 4851 inimitabilem
2414 4777 2593 4851 (luxit.

2076 4862 2116 4889 ιη
2145 4853 2303 4921 Berg.
2334 4846 2676 4921 decessionis.

2074 4936 2099 4963 ιι
2129 4919 2316 4991 Perez,
2346 4919 2641 4991 Pentrivio.

2074 5004 2098 5031 ο
2124 4997 2290 5049 Deest
2306 4984 2465 5061 apud
2500 4990 2836 5061 Berganzam
2875 4984 3080 5061 gladio.

2077 5078 2105 5120 ρ
2137 5065 2239 5120 Hic
2288 5052 2502 5118 naSnias
2552 5052 2686 5114 su'as
2726 5056 2963 5112 intrusit
3023 5053 3286 5126 Pelagius
3326 5052 3652 5110 Ovetensis:

2010 5160 2036 5190 «
2077 5134 2477 5206 Rex(inquit)
2506 5132 2615 5206 iste
2652 5129 3041 5206 episcopatum
3068 5126 3125 5206 i_n
3143 5130 3659 5206 Uvetumtranstu-

2008 5210 2140 5265 lita
2174 5192 2436 5277 Lucensig
2459 5192 2732 5277 civitate,
2780 5192 2906 5271 qua:
2937 5204 3023 5253 est
3076 5197 3449 5277 in_Asturiis,
3501 5192 3656 5277 etab

2005 5278 2311 5336 Wandalis
2337 5275 2615 5332 aedificata
2651 5266 2837 5340 fu'it,'»
2872 5277 2935 5326 ut
2962 5269 3111 5346 apud
3137 5266 3656 5346 Sandovalium,_et

2009 5353 2128 5408 Ber.
2175 5351 2437 5423 legimus.
2460 5346 2660 5423 Vacat
2703 5337 2889 5423 tamen
2937 5337 3069 5423 cod.
3127 5341 3307 5423 Goth.
3344 5337 3653 5423 δοιῖξίεεὶιξδὶξ,³

2008 5402 2128 5494 quo
2170 5402 2431 5494 Mariana
2453 5417 2567 5494 fuit
2600 5432 2768 5494 usus,
2784 5415 3036 5494 sicutet
3063 5412 3186 5467 cod.
3241 5411 3369 5477 Reg.
3421 5402 3565 5459 Bibl.
3599 5409 3657 5457 et

316 5497 518 5567 iBerg.
565 5496 800 5563 emaeptis
842 5486 1048 5549 cunctis
1098 5486 1313 5549 castris.
1364 5495 1483 5549 Fer.
1552 5497 1786 5565 exceptis
1830 5511 1898 5550 ea:
2008 5486 2354 5564 exemplaria
2384 5491 2456 5546 cl.
2485 5491 2553 5544 V.
2593 5490 2750 5545 Joan.
2782 5487 2912 5556 Bap.
2939 5486 3121 5541 Perez.

240 5570 456 5623 cunctis
479 5567 692 5620 castris.
