4046 6182
180 318 309 376 4421

172 544 373 607 ceptus
398 544 485 594 est
513 538 816 593 clementia
866 540 1020 610 regia
1072 540 1131 594 in
1161 542 1452 611 Gallazcia,
1504 542 1703 613 ibique
1730 554 1827 611 per

173 635 387 698 septem
419 641 600 683 annos
632 634 886 683 moratus
910 635 1028 684 est:
1054 635 1251 686 octavo
1278 645 1408 687 vero
1438 646 1588 688 anno
1619 645 1828 703 aggre-

172 724 298 790 gata
324 730 500 772 manu
525 717 933 772 Saracenorum
965 718 1298 775 convicinos
1327 722 1622 790 praedavit,
1655 734 1827 791 seque

173 807 476 862 tutandum
494 805 552 860 in
567 806 850 876 quoddam
865 807 1184 879 castellum,
1204 810 1353 878 quod
1371 816 1603 866 vocatur
1624 811 1825 865 Sancta

168 896 484 964 Christina,
513 895 781 951 contulit.
804 895 964 964 Quod
1000 894 1235 967 factum,
1264 904 1329 954 ut
1360 899 1652 971 regalibus
1672 898 1822 954 auri-

172 986 275 1040 bus
301 984 633 1040 nuntiatum
660 990 763 1054 est,
791 998 1138 1053 pmmovens
1153 987 1493 1059 exercitum,
1522 987 1823 1043 castellum

172 1076 227 1129 in
248 1087 366 1143 quo
398 1073 725 1128 Mahzmuth
752 1079 873 1128 erat
894 1074 1140 1146 obsedit,
1174 1076 1328 1132 acies
1348 1075 1595 1147 ordinat,
1630 1074 1827 1131 castel-

172 1164 284 1218 lum
316 1160 702 1217 bellatoribus
732 1161 925 1233 vallat,
962 1177 1205 1234 moxque
1245 1164 1304 1219 in
1338 1165 1521 1235 prima
1550 1178 1825 1235 congres-

169 1252 330 1308 sione
415 1251 751 1306 certaminis
820 1250 1245 1309 famosissimus
1325 1254 1424 1309 ille
1483 1253 1822 1308 bellatorum

169 1340 499 1396 Mahzmuth
541 1340 847 1410 occiditur,
890 1342 1060 1411 cujus
1088 1349 1263 1413 caput
1316 1343 1469 1413 regis
1496 1341 1824 1412 aspectibus

169 1433 567 1499 praasentatur,
613 1428 919 1498 ipsumque
960 1434 1209 1486 castrum
1253 1430 1567 1498 invaditur,
1618 1429 1676 1484 in
1710 1441 1822 1498 quo

168 1516 668 1588 sequinquaginta
684 1516 869 1572 millia
885 1518 1315 1589 Saracenorum,
1332 1519 1432 1589 qui
1446 1519 1513 1573 ad
1533 1518 1820 1573 auxilium

166 1606 289 1676 ejus
313 1605 392 1660 ab
420 1605 697 1675 Hispania
740 1607 1145 1685 conﬂexerant,
1179 1607 1618 1676 detruncantur,
1649 1612 1822 1676 atque

167 1693 419 1750 feliciter
443 1692 766 1751 Adefonsus
786 1695 968 1752 victor
998 1709 1259 1752 reversus
1282 1700 1370 1751 est
1410 1696 1470 1751 in
1510 1708 1642 1765 pace
1670 1695 1823 1749 Ove—

1155 318 1542 376 CHRONICON
1581 310 1983 376 SEBASTIANI
2029 320 2436 382 SALMANTIC.
2480 329 2584 382 ΕΡ.

174 457 405 505 turnam
440 449 772 520 ingesserat,
800 450 948 529 civis
973 453 1256 521 quondam
1286 449 1681 522 Emeritensis,
1705 467 1827 508 sus—
1847 448 1907 508 A

3444 331 3583 390 4192

2004 452 2091 508 24.
2126 457 2359 512 Interim
2416 458 2753 514 Ranimirus
2802 458 3068 529 princeps
3112 460 3283 516 bellis
3313 460 3589 518 civilibus

1934 557 2079 612 saepe
2112 544 2398 614 impulsus
2444 554 2567 602 est:
2620 560 2747 601 nam
2807 560 2994 603 comes
3026 549 3224 617 palatii
3255 548 3591 605 Aldoroitus

1932 632 2204 688 adversus
2232 649 2415 703 regem
2441 636 2740 703 meditans,
2778 636 2932 706 regio
2964 643 3237 705 praecepto
3274 645 3590 693 excmcatus

1933 727 2037 775 est.
2072 723 2336 778 Piniolus
2355 725 2549 795 etiam,
2580 725 2680 795 qui
2707 732 2832 794 post
2853 738 2983 780 eum
3014 714 3207 781 comes
3226 726 3422 795 palatii
3454 725 3586 791 fuit,

1940 810 2133 879 patula
2174 814 2476 882 tyrannide
2505 814 2780 869 adversus
2811 828 2993 885 regem
3028 815 3301 883 surrexit,
3334 820 3389 870 et
3425 814 3496 869 ab
3525 828 3591 870 eo

1937 912 2048 953 una
2078 914 2209 955 cum
2241 909 2452 971 septem
2487 902 2628 957 ﬁliis
2658 903 2783 958 suis
2813 904 3191 972 interemptus
3222 908 3327 958 est.
3374 905 3591 958 Interea

1936 989 2307 1057 supradictus
2349 1004 2446 1045 rex
2486 992 2784 1047 ecclesiam
2834 993 3095 1048 condidit
3148 993 3205 1047 in
3258 992 3589 1047 memoriam

1934 1076 1988 1130 S.
2032 1077 2225 1133 Maria:
2278 1078 2337 1133 in
2387 1079 2563 1135 latere
2606 1081 2818 1136 montis
2868 1080 3193 1152 Naurantii,
3226 1081 3479 1137 distante
3518 1080 3590 1136 ab

1931 1164 2103 1221 Oveto
2128 1166 2373 1222 duorum
2400 1168 2584 1224 millia
2610 1183 2902 1240 passuum,
2927 1170 3083 1225 mira:
3104 1169 3587 1239 pulchritudinis,

1935 1252 2284 1325 perfectique
2311 1257 2572 1313 decoris:
2625 1265 2681 1314 et
2711 1265 2775 1314 ut
2797 1258 2912 1313 alia
2940 1258 3167 1314 decoris
3196 1259 3321 1327 ejus
3350 1264 3585 1328 taceam,

1931 1356 2059 1398 cum
2089 1344 2358 1413 pluribus
2378 1347 2593 1402 centris
2618 1346 2893 1403 forniceis
2914 1348 2992 1402 sit
3011 1354 3424 1415 concamerata,
3466 1348 3589 1402 sola

1932 1432 2084 1487 calce
2105 1438 2158 1488 et
2182 1434 2371 1503 lapide
2393 1442 2720 1492 constructa
2738 1435 2766 1477 ι)
2799 1478 2813 1507 ,
2837 1437 2932 1492 cui
2961 1438 3011 1492 si
3040 1437 3258 1506 aliquis
3274 1436 3585 1492 aadiﬁcium

1931 1523 2301 1578 consimilare
2321 1523 2586 1594 voluerit,
2612 1525 2670 1580 in
2688 1525 2964 1595 Hispania
2989 1539 3098 1580 non
3124 1526 3391 1581 inveniet.
3410 1524 3589 1581 Multa

1932 1624 2044 1666 non
2076 1611 2242 1684 longe
2268 1627 2300 1668 a
2334 1615 2669 1683 supradicta
2712 1613 2955 1669 ecclesia
2979 1614 3243 1670 condidit
3273 1615 3505 1684 palatia,
3534 1620 3591 1670 et

1931 1698 2133 1757 balnea
2161 1702 2400 1771 pulchra
2425 1709 2597 1774 atque
2621 1704 2826 1759 decora
2852 1721 2865 1756 :
2900 1717 3027 1758 nam
3058 1704 3334 1759 adversus
3364 1703 3595 1758 Sarace~

167 1790 305 1839 tum.
353 1784 566 1854 Sicque
595 1797 694 1854 per
723 1784 1149 1856 quinquaginta
1178 1790 1235 1841 et
1257 1786 1404 1841 duos
1433 1798 1616 1840 annos
1639 1789 1813 1852 caste,
1850 1772 1902 1832 Β
1935 1804 2038 1846 nos
2063 1790 2154 1846 bis
2184 1792 2486 1862 praeliavit,
2510 1772 2569 1848 et
2599 1793 2783 1848 victor
2811 1793 3053 1848 exstitit.
3079 1793 3371 1863 Completo
3396 1798 3587 1848 autem

167 1871 377 1938 sobrie,
414 1873 797 1943 immaculata,
834 1874 926 1943 pie
954 1888 1020 1930 ac
1051 1873 1301 1945 gloriose
1333 1874 1495 1945 regni
1527 1872 1820 1943 guberna—

167 1961 291 2017 cula
317 1975 528 2033 gerens
555 1961 825 2018 amabilis
863 1965 976 2019 Deo
1006 1969 1062 2018 et
1111 1962 1466 2032 hominibus,
1502 1962 1819 2034 gloriosum

168 2050 440 2120 spiritum
475 2050 671 2105 emisit
715 2052 784 2107 ad
826 2051 1055 2122 caelum,
1101 2066 1313 2120 corpus
1356 2064 1488 2106 vero
1533 2051 1659 2119 ejus
1689 2064 1819 2106 cum

167 2139 319 2194 omni
353 2139 719 2195 veneratione
764 2141 1168 2211 exsequiarum
1208 2140 1567 2195 reconditum
1608 2139 1667 2193 in
1712 2153 1820 2194 su—

170 2228 428 2297 pradicta
457 2227 529 2283 ab
556 2242 623 2284 eo
652 2226 889 2284 fundata
909 2228 1149 2284 ecclesia
1195 2220 1250 2283 S.
1281 2228 1475 2283 Maria:
1517 2241 1686 2284 saxeo
1720 2234 1822 2282 tu—

170 2317 322 2373 mulo
351 2316 603 2388 quiescit
643 2317 699 2373 in
730 2331 863 2387 pace
906 2332 1019 2373 mra
1047 2316 1152 2373 880
1177 2315 1287 2389 (an.
1316 2315 1459 2390 842).

772 2424 1151 2480 RANIMIRUS
1170 2427 1210 2480 Ι.

232 2530 323 2589 23.
378 2533 511 2589 Post
578 2531 849 2589 Adefonsi
897 2530 1190 2589 decessum
1254 2532 1609 2601 Ranimirus,
1662 2532 1824 2586 illius

165 2622 513 2679 Veremundi
570 2622 875 2693 principis,
909 2623 1125 2678 electus
1172 2627 1258 2677 est
1303 2622 1362 2676 in
1394 2633 1671 2691 regnum;
1721 2621 1817 2675 sed

168 2717 303 2767 tunc
335 2712 616 2782 temporis
634 2711 839 2768 absens
875 2718 996 2768 erat
1028 2712 1085 2767 in
1121 2710 1551 2766 Barduliensem
1580 2709 1822 2779 provin—

166 2800 311 2856 ciam
349 2801 418 2856 ad
447 2801 837 2877 accipiendam
870 2814 1119 2857 uxorem.
1149 2802 1383 2870 Propter
1404 2799 1581 2869 hujus
1610 2797 1824 2853 absen-

167 2889 301 2944 tiam
344 2890 563 2945 accidit
589 2895 653 2945 ut
693 2889 1068 2960 Nepotianus,
1118 2887 1319 2958 palatii
1364 2900 1554 2943 comes
1584 2898 1823 2957 regnum

167 2979 274 3035 sibi
306 2981 609 3051 tyrannice
630 2985 979 3050 usurpasset.
998 2981 1193 3049 Itaque
1209 2977 1563 3043 Ranimirus,
1590 2981 1654 3031 ut
1677 2975 1826 3030 didi-

1930 1893 2080 1935 anno
2111 1881 2269 1951 regni
2303 1880 2395 1936 sui
2428 1882 2693 1952 septimo,
2724 1881 2897 1937 Oveto
2929 1881 2989 1936 in
3022 1895 3156 1950 pace
3186 1881 3407 1951 quievit
3449 1895 3581 1937 cum

1931 1982 2108 2024 uxore
2133 1982 2238 2025 sua
2266 1970 2475 2025 domna
2505 1972 2761 2041 Paterna,
2789 1967 3025 2026 aara888
3044 1967 3153 2040 (an.
3188 1967 3333 2041 850).

2534 2077 2882 2133 ORDONIUS
2929 2080 2969 2133 Ι.

1999 2182 2088 2240 ‘25.
2114 2185 2411 2240 Ranimiro
2437 2184 2708 2241 defuncto
2727 2185 3019 2241 Ordonius
3043 2185 3202 2241 filius
3225 2187 3350 2255 ejus
3366 2199 3586 2242 succes-

1930 2272 2008 2327 sit
2040 2274 2099 2327 in
2128 2287 2364 2343 regnum
2394 2292 2408 2339 ;
2440 2274 2538 2344 qui
2566 2288 2779 2346 magna:
2804 2275 3069 2344 potentiae
3094 2280 3265 2345 atque
3293 2274 3584 2330 modestia:

1929 2361 2045 2418 fuit
2073 2375 2097 2403 ε
2129 2404 2140 2416 .
2169 2364 2443 2419 Civitates
2459 2365 2815 2434 desertas,ex
2838 2363 3051 2434 quibus
3070 2363 3587 2434 Adefonsusmajor

1927 2451 2223 2507 Chaldaeos
2251 2453 2512 2522 ejecerat,
2549 2453 2656 2507 iste
2686 2453 3068 2522 repopulavit,
3106 2453 3161 2508 id
3207 2458 3313 2523 est,
3346 2454 3582 2523 Tudem,

1928 2541 2269 2611 Astoricam,
2330 2542 2627 2613 Legionem
2687 2548 2743 2597 et
2796 2541 3046 2609 Amayan
3100 2541 3427 2596 Patriciam.
3463 2542 3586 2597 Ad-

1929 2643 2127 2685 versus
2164 2631 2478 2694 Chaldaaos,
2512 2631 2827 2699 saepissime
2850 2629 3145 2700 praeliatus
3168 2634 3272 2696 est,
3301 2634 3357 2684 et
3386 2630 3589 2685 trium-

1932 2719 2129 2788 phavit
2160 2720 2219 2774 in
2252 2719 2570 2789 primordio
2596 2718 2757 2790 regni
2784 2720 2898 2774 sui.
2923 2718 3058 2773 Cum
3087 2719 3361 2775 adversus
3389 2718 3589 2774 Vasco-

1935 2820 2035 2862 nes
2076 2807 2416 2863 rcbellantes
2458 2808 2771 2863 exercitum
2818 2815 3088 2877 moveret,
3142 2812 3316 2878 atque
3353 2806 3585 2861 illorum

1937 2899 2177 2967 patriam
2238 2911 2342 2952 suo
2385 2896 2504 2966 juri
2538 2896 2920 2967 subjugasset,
2976 2896 3078 2952 illo
3116 2896 3184 2951 ad
3236 2895 3466 2966 propria
3492 2908 3591 2950 re—

1939 2990 2156 3039 meante
2201 2985 2443 3040 nuntius
2491 2985 2741 3053 advenit,
2775 2986 3010 3039 dicens:
3065 2984 3204 3039 Ecce
3246 2998 3315 3038 ex
3359 2984 3591 3039 adverso

166 3071 244 3126 cit
262 3070 678 3127 consobrinum
702 3066 1506 3126 suumAdefonsumasaeculo
1525 3066 1822 3137 migrasse,
1856 3095 1905 3157 ρ
1939 3072 2123 3127 hostis
2163 3072 2412 3127 Arabum
2471 3077 2573 3126 est.
2620 3072 2782 3127 Illico
2817 3085 2911 3127 rex
2957 3070 3171 3126 ferrum
3217 3080 3273 3127 et
3317 3072 3472 3126 acies
3517 3072 3585 3125 ad

164 3167 217 3216 et
243 3161 629 3230 Nepotianum
661 3173 896 3231 regnum
942 3158 1240 3225 invasisse,
1275 3159 1579 3213 Lucensem
1611 3156 1826 3211 civita-

164 3258 269 3306 tem
288 3249 576 3305 Gallazcia:
599 3250 893 3322 ingressus
917 3253 1023 3318 est,
1048 3248 1281 3317 sibique
1298 3246 1613 3302 exercitum
1641 3245 1824 3301 totius

165 3341 478 3411 provinciae
523 3338 872 3411 aggregavit.
907 3341 1040 3395 Post
1071 3350 1313 3408 paucam
1361 3350 1495 3392 vero
1547 3335 1821 3406 temporis

165 3430 222 3484 in
247 3429 520 3486 Asturias
553 3429 931 3498 irruptionem
964 3428 1119 3483 fecit.
1163 3427 1269 3482 Cui
1312 3426 1665 3496 Nepotianus
1716 3438 1821 3480 oc-

162 3518 355 3573 currit
377 3517 446 3572 ad
468 3523 691 3586 pontem
715 3517 877 3572 ﬂuvii
898 3516 1117 3572 Narcia:
1137 3522 1436 3588 aggregata
1462 3527 1632 3570 manu
1651 3513 1819 3570 Astu-

165 3606 471 3675 riensium,
503 3612 559 3661 et
586 3608 905 3662 Vasconum
930 3623 942 3659 :
980 3619 1082 3660 nec
1104 3619 1261 3661 mora
1287 3619 1319 3659 a
1350 3604 1475 3660 suis
1499 3603 1816 3659 destitutus

159 3696 433 3766 Scipione
477 3695 747 3751 videlicet
791 3701 849 3750 et
884 3696 1181 3759 Somnane,
1229 3694 1287 3750 in
1341 3693 1635 3749 territorio
1674 3694 1817 3747 Pra—

159 3787 347 3841 viensi
374 3799 417 3853 -,
459 3786 546 3841 sic
581 3786 755 3856 digna
814 3783 984 3841 factis
1030 3784 1336 3854 recipiens,
1387 3783 1604 3839 evulsis
1628 3781 1816 3838 oculis

163 3875 514 3930 monasterio
541 3874 853 3945 deputatus
895 3879 999 3929 est.
1034 3875 1230 3943 Itaque
1257 3872 1630 3943 subsequenti
1666 3877 1818 3926 tem—

162 3977 297 4032 pore
329 3963 865 4019 Nordomannorum
906 3962 1119 4017 classes
1169 3975 1269 4031 per
1316 3960 1816 4031 septentrionalem

156 4051 450 4108 Oceanum
478 4052 547 4107 ad
590 4052 758 4108 littus
788 4050 1063 4123 Gegionis
1102 4050 1361 4106 civitatis
1399 4050 1733 4120 adveniunt,
1767 4055 1820 4106 et

162 4140 297 4198 inde
327 4143 400 4198 ad
433 4142 620 4198 locum
662 4141 759 4213 qui
793 4140 1015 4196 dicitur
1044 4141 1247 4195 Farum
1281 4140 1669 4211 Bregantium,
1704 4154 1825 4209 per-

160 4238 470 4287 rexerunt:
503 4231 652 4302 quod
683 4235 748 4285 ut
779 4229 1059 4299 comperit
1107 4229 1442 4284 Ranimirus
1478 4229 1595 4298 jam
1638 4227 1825 4284 factus

159 4336 277 4390 rex,
316 4321 482 4376 misit
527 4321 801 4377 adversus
846 4332 942 4374 eos
971 4324 1284 4375 exercitum
1315 4333 1443 4375 cum
1490 4318 1739 4375 ducibus
1768 4323 1824 4372 et

1937 3161 2071 3216 illos
2100 3160 2369 3216 invertit:
2421 3174 2521 3215 nec
2571 3173 2725 3214 mora
2774 3172 2967 3214 eorum
3004 3159 3204 3213 turbas
3248 3157 3487 3228 fugavit,
3531 3164 3588 3212 et

1932 3251 2192 3306 vibrante
2251 3264 2522 3305 mucrone
2562 3249 2872 3304 truncavit.
2920 3248 3023 3303 Sed
3060 3261 3161 3303 nec
3206 3247 3353 3303 illud
3401 3246 3584 3301 silebo

1933 3341 2081 3412 quod
2116 3352 2318 3395 verum
2362 3337 2574 3395 factum
2624 3352 2746 3393 esse
2799 3351 3095 3409 cognosco.
3138 3339 3299 3392 Muza
3351 3336 3581 3406 quidem

1931 3423 2159 3485 nomine
2189 3430 2411 3486 Gothus
2440 3428 2483 3498 ά,
2511 3428 2604 3483 sed
2640 3428 2758 3483 ritu
2780 3427 3236 3483 Mahamentiano
3261 3439 3391 3481 cum
3425 3424 3580 3480 omni

1928 3521 2116 3593 gentis
2166 3533 2282 3575 sua:
2334 3516 2755 3573 multitudine°
2800 3517 3089 3585 deceptus,
3148 3529 3293 3585 quos
3331 3514 3579 3570 Chaldazi

1923 3616 2129 3667 vocant
2150 3606 2469 3677 Benikazzi,
2501 3611 2699 3663 contra
2728 3604 3146 3661 Cordubensem
3179 3617 3366 3675 regem
3391 3602 3581 3659 rebel-

1925 3698 2083 3766 lavit,
2111 3697 2280 3767 eique
2322 3695 2530 3751 multas
2560 3694 2825 3749 civitates
2871 3692 3079 3762 partim
3126 3691 3339 3764 gladio,
3371 3691 3580 3761 partim

1926 3787 2126 3842 fraude
2150 3786 2388 3841 invasit:
2418 3784 2821 3855 priusquidem
2847 3784 3358 3853 Caesaraugustam,
3376 3780 3583 3837 deinde

1925 3877 2203 3946 Tutelam,
2248 3880 2304 3930 et
2355 3875 2578 3937 Oscam,
2634 3878 2917 3942 postremo
2961 3885 3093 3927 vero
3142 3871 3422 3939 Toletum,
3476 3868 3578 3925 ubi

1932 3965 2116 4021 filium
2139 3979 2304 4019 suum
2342 3964 2570 4017 nomine
2596 3963 2813 4031 Lupum
2837 3961 3033 4031 posuit
3054 3958 3400 4031 praefectum.
3433 3960 3615 4015 Postr

1932 4068 1995 4109 ea
2054 4053 2112 4107 in
2162 4052 2408 4107 Francos
2454 4056 2511 4105 et
2555 4050 2749 4105 Gallos
2796 4063 2954 4105 arma
3003 4048 3321 4105 convertit:
3372 4046 3585 4102 multas

1935 4143 2019 4199 ibi
2052 4147 2269 4213 strages
2311 4146 2367 4195 et
2412 4138 2629 4208 praedas
2681 4137 2853 4201 fecit:
2884 4139 3030 4194 duos
3075 4151 3205 4193 vero
3235 4138 3582 4193 Francorum

1936 4245 2170 4301 magnos
2212 4230 2407 4291 duces,
2442 4240 2619 4282 unum
2671 4226 2901 4280 nomine
2928 4225 3285 4292 Sancionem,
3318 4230 3374 4280 et
3402 4224 3580 4279 alium

1933 4316 2295 4388 Epulonemf
2327 4329 2426 4385 per
2477 4312 2733 4369 fraudem
2784 4312 2955 4381 cepit,
3005 4319 3063 4367 et
3113 4325 3210 4367 eos
3265 4312 3491 4366 vinctos
3523 4310 3581 4364 in

156 4409 497 4479 comitibus,
551 4416 608 4465 et
659 4410 1091 4466 multitudinem
1149 4422 1344 4465 eorum
1400 4406 1708 4478 interfecit,
1756 4421 1821 4463 ac
1848 4439 1900 4499 Β
1930 4423 2212 4466 carcerem
2257 4408 2437 4462 misit.
2474 4407 2553 4461 Ex
2597 4403 2880 4499 Chaldmi‘s
2904 4404 3058 4499 duos
3081 4403 3313 4499 quidem
3347 4412 3581 4499 magnos

156 4514 335 4556 naves
364 4500 495 4572 igne
523 4499 870 4555 combussit:
907 4499 1008 4571 qui
1034 4512 1163 4554 vero
1187 4512 1257 4554 ex
1280 4498 1367 4553 eis
1398 4502 1813 4567 remanserunt,

154 4590 453 4645 civitatem
491 4589 780 4657 Hispania:
802 4589 1082 4660 Hispalim
1121 4589 1459 4657 irruperunt
1487 4590 1544 4641 et
1569 4587 1816 4656 praadam

154 4693 224 4735 ex
254 4692 325 4735 ca
356 4678 666 4750 capientes,
692 4678 974 4749 plurimos
992 4677 1388 4733 Chaldaeorum
1422 4675 1615 4748 gladio
1644 4681 1817 4747 atque

158 4769 293 4839 igne
330 4766 757 4824 interfecerunt.

192 4906 247 4977 ο·
282 4894 452 4977 Perez
476 4898 533 4949 et
561 4894 724 4964 Man,
756 4894 1132 4947 Premoricnsi.
1165 4892 1336 4947 Sand.
1395 4895 1446 4945 et
1487 4891 1642 4957 Berg.
1691 4891 1820 4946 Pra-

152 4979 380 5093 “ipsi?
406 5037 570 5091 Perez
595 5042 650 5091 et
675 5039 811 5093 Mar.
851 5036 991 5107 Alii,
1027 5057 1052 5087 «
1089 5035 1215 5092 sine
1251 5034 1405 5090 calce
1442 5033 1633 5103 lapide
1672 5047 1818 5090 con—

153 5114 464 5235 susufitdldi’t)
497 5180 590 5235 hic
620 5180 777 5251 Berg.
815 5194 883 5235 ex
912 5178 1082 5235 Sand.
1115 5198 1140 5229 «
1172 5177 1412 5234 Uxorem
1445 5191 1673 5302 quoque
1702 5179 1822 5233 Mu-

154 5251 467 5302 niadonam
491 5250 714 5302 habuit.
738 5266 806 5302 ex
834 5266 942 5302 qua
966 5251 1067 5302 hos
1089 5250 1410 5302 suscriptos
1428 5249 1461 5302 ti
1494 5249 1579 5302 ios
1597 5249 1816 5302 genuit.

153 5251 467 5322 niadonam
491 5250 714 5317 habuit,
737 5249 806 5307 ex
834 5266 943 5322 qua
966 5251 1067 5306 hos
1089 5250 1410 5319 suscriptos
1428 5249 1579 5322 tilios
1597 5249 1816 5322 genuit,

152 5321 537 5391 Adefonsum,
596 5319 1037 5390 V'eremundum,
1100 5322 1415 5388 Nunnium,
1482 5319 1816 5388 Odoarium,

156 5393 654 5462 Froilanum,sive
677 5400 734 5449 et
762 5395 984 5464 Aragon
1010 5394 1125 5462 jam
1153 5392 1352 5463 tiliam,
1378 5411 1401 5441 ι)
1435 5404 1560 5461 quae
1604 5391 1817 5463 Pelagii

151 5465 456 5520 Uvetensis
476 5465 589 5520 tela
609 5471 712 5521 est.

228 5538 254 5575 ά
281 5537 525 5603 Gothus,
573 5550 675 5592 seu
705 5536 892 5606 Gotus,
932 5537 1155 5593 dicitur
1193 5535 1253 5591 in
1285 5534 1475 5590 tribus
1507 5548 1638 5591 mss.
1672 5534 1818 5590 Edi-

157 5606 348 5663 tiones
399 5607 662 5663 Gaetulus.
712 5607 957 5664 Silensis
985 5613 1171 5664 autem
1216 5606 1528 5663 monachus
1564 5606 1810 5662 Gothum

1929 4507 2221 4573 tyrannos,
2257 4512 2430 4554 unum
2464 4510 2533 4551 ex
2563 4507 2763 4566 genere
2792 4492 3061 4547 Alkorexi
3109 4491 3341 4545 nomine
3372 4488 3580 4543 Ibena—

1930 4604 2069 4659 maz,
2120 4589 2300 4644 alium
2351 4586 2592 4640 militem
2643 4582 2871 4639 nomine
2900 4581 3104 4650 Alporz
3153 4592 3280 4635 cum
3322 4577 3444 4632 lilio
3474 4591 3579 4632 suo

1926 4679 2121 4749 Azeth,
2152 4676 2361 4747 partim
2392 4678 2550 4744 pater
2578 4675 2758 4735 Muza,
2784 4670 2989 4741 partim
3024 4668 3183 4724 filius
3211 4669 3404 4737 Lupus
3431 4679 3582 4736 pra:-

1930 4768 2125 4825 liando
2155 4770 2463 4835 ceperunt:
2506 4761 2655 4816 unde
2680 4760 2752 4817 ob
2791 4764 2961 4814 tantae
2988 4770 3019 4812 ες
3051 4757 3305 4813 victoria:
3346 4767 3579 4811 causam

1929 4909 2059 4952 eum
2103 4891 2284 4947 fuisse
2333 4885 2559 4957 origine
2598 4884 2752 4957 satis
2781 4888 2974 4957 aperte
3007 4883 3245 4952 indicat,
3285 4896 3415 4938 cum
3452 4880 3573 4957 ait:

1932 4951 1958 5019 tr
1990 4964 2231 5020 Natione
2254 4951 2495 5023 Gothus,
2520 4956 2615 5011 sed
2649 4960 2711 5011 ut
2736 4951 2914 5010 variis
2937 4951 3257 5009 daamonum
3284 4951 3583 5010 erroribus

1930 5033 2196 5093 nonnulli
2214 5025 3009 5100 illaqueantur,liiahometica
3036 5026 3438 5100 superstitiosa
3471 5037 3585 5081 sec-

1931 5116 1987 5164 ta
2008 5120 2135 5163 cum
2159 5103 2314 5160 omni
2335 5096 2504 5156 domo
2518 5111 2618 5153 sua
2632 5096 2701 5152 ab
2712 5096 3094 5170 Abderramen
3108 5098 3399 5170 deceptus,
3423 5100 3581 5170 Muza

1932 5194 2030 5249 per
2060 5174 2484 5246 impositionem
2524 5176 2755 5226 vocatus
2795 5175 2881 5224 est
2921 5169 3194 5227 amittens
3238 5169 3452 5227 Christi
3487 5180 3583 5222 se—

1930 5258 2098 5306 ctam.
2133 5266 2159 5299 ))
2191 5254 2295 5302 etc.
2526 5288 2531 5291 -

2392 5317 2577 5384 Perez,
2655 5328 2775 5369 cum
2820 5315 2969 5368 omni
3026 5315 3202 5381 gentis
3247 5328 3377 5367 sua}.
3430 5307 3571 5380 Alii,

1929 5398 2083 5461 gente
2106 5407 2226 5445 sua.

2000 5462 2022 5503 ί
2052 5465 2131 5517 Ita
2156 5462 2383 5517 codices
2415 5474 2547 5515 mss.
2590 5458 2737 5513 Ber..
2766 5459 3040 5527 Eylonem.

1997 5536 2185 5589 sMar.
2252 5535 2316 5587 ob
2387 5536 2595 5599 tantae;
2645 5530 2773 5599 alii,
2815 5522 2890 5582 'ob
2941 5532 3075 5581 actae
3122 5524 3258 5580 Cod.
3312 5522 3446 5593 Reg.
3508 5525 3573 5577 ob

1924 5607 2085 5661 tanti.
