4082 6168
457 257 598 316 4423

1257 259 1544 314 APPEND.
1591 257 1682 312 AD
1721 259 1881 314 SzEC.
1927 258 2022 314 IX.
2054 288 2128 297 —
2163 255 2521 314 AUCTORES
2555 256 2724 313 ANNI
2763 256 3054 312 INCERTI.

3741 256 3871 316 4424

453 381 678 434 tantum
710 379 770 436 in
803 380 1074 451 superbia
1106 381 1406 453 intumuit,
1440 389 1505 438 ut
1533 395 1593 437 se
1621 394 1654 436 a
1703 381 1830 437 suis
1871 380 2106 436 tertium
2133 380 2189 439 A
2215 381 2269 437 ei
2301 379 2449 436 fuit:
2487 385 2681 451 postea
2708 394 2840 438 vero
2868 394 2998 438 cum
3023 393 3090 438 eo
3114 379 3388 436 adversus
3413 378 3716 435 Chaldaeos
3745 392 3874 448 pra:-

483 481 641 540 egem
669 469 729 524 in
759 469 1034 540 Hispania
1061 469 1338 541 appellari
1371 470 1720 540 praeceperit.

522 647 610 706 26.
635 650 922 706 Adversus
952 664 1117 722 quem
1157 651 1450 707 Ordonius
1479 665 1574 707 rex
1631 650 1947 706 exercitum
1980 663 2108 705 mo—

453 739 540 795 vit
567 740 637 796 ad
669 739 960 796 civitatem
1022 754 1190 810 quam
1235 741 1333 796 ille
1363 741 1585 798 noviter
1626 742 1772 796 miro
1813 754 1980 810 Opere
2008 740 2108 794 in-

452 833 762 899 struxerat,
806 833 862 884 et
900 827 1166 884 Albailda
1214 843 1417 886 nomen
1474 829 1768 900 imposuit.
1816 830 1930 885 Rex
1974 841 2105 886 cum

451 917 708 974 exercitu
749 918 818 974 ad
877 931 997 974 eam
1026 919 1199 986 venit,
1227 925 1283 974 et
1332 919 1654 975 munitione
1681 919 2105 988 circumdedit;

455 1005 576 1076 ipse
627 1020 760 1062 vero
809 1009 969 1063 Muza
1014 1022 1143 1062 cum
1178 1007 1480 1063 innumera
1513 1008 1890 1064 multitudine
1933 1007 2114 1062 adve-

345 1139 351 1152 .
454 1094 560 1166 nit,
587 1099 644 1150 et
665 1095 725 1150 in
759 1100 1003 1152 montem
1033 1095 1128 1152 cui
1158 1109 1378 1152 nomem
1407 1102 1494 1152 est
1519 1099 1757 1153 Laturzo
1777 1097 2022 1152 tentoria
2051 1095 2112 1151 ﬂ-

450 1183 556 1240 xit.
590 1184 706 1240 Rex
736 1198 868 1241 vero
897 1185 1190 1240 Ordonius
1215 1185 1529 1242 exercitum
1564 1187 1623 1241 in
1653 1187 1769 1242 duo
1793 1185 1998 1241 divisit
2023 1192 2111 1240 ca'

452 1275 592 1345 pila,
647 1288 842 1331 unum.
873 1275 1023 1346 quod
1071 1275 1361 1331 civitatem
1393 1276 1702 1348 obsideret,
1743 1275 1902 1332 aliud
1953 1275 2104 1346 quod

448 1369 647 1420 contra
675 1367 896 1422 Muzam
926 1365 1266 1422 dimicaret:
1313 1366 1620 1436 statimque
1653 1365 1912 1436 praelium
1943 1381 2110 1422 com-

450 1453 726 1519 mittitur,
771 1457 829 1508 et
871 1455 1032 1509 Muza
1057 1468 1186 1510 cum
1217 1454 1473 1510 exercitu
1503 1468 1610 1510 suo
1635 1452 1887 1525 fugatur.
1927 1455 2106 1512 Tanta

451 1541 511 1596 in
549 1542 636 1597 eis
659 1543 811 1598 caede
831 1543 1014 1598 vacati
1043 1548 1196 1615 sunt,
1227 1549 1292 1598 ut
1331 1543 1461 1614 plus
1487 1557 1655 1614 quam
1686 1544 1878 1600 decem
1918 1545 2106 1600 millia

448 1633 845 1703 Magnatorum
873 1642 901 1673 ει
938 1631 1152 1702 pariter
1181 1647 1310 1688 cum
1333 1647 1536 1704 genere
1560 1647 1685 1694 suo.
1719 1635 1948 1690 nomine
1970 1635 2108 1690 Gar-

2215 469 2296 526 lia
2328 471 2506 526 multa
2537 470 2732 543 gessit.

2285 559 2497 615 Multas
2525 565 2581 615 et
2610 559 2756 616 alias
2784 560 3049 616 civitates
3070 560 3187 630 jam
3208 559 3554 630 smpedictus
3581 556 3874 614 Ornonius

2217 661 2314 703 rex
2359 649 2674 718 prmliando
2703 650 2874 720 cepit,
2919 650 2975 705 id
3025 655 3130 722 est,
3172 649 3460 708 civitatem
3503 648 3870 704 Cauricnsem

2213 750 2343 792 cum
2376 752 2506 810 rege
2529 753 2635 794 suo
2657 740 2886 794 nomine
2910 738 3080 795 Zeth:
3130 738 3303 794 aliam
3332 751 3562 809 quoque
3591 737 3875 792 consimi-

2215 827 2323 882 lem
2372 829 2514 898 ejus.
2557 828 2855 884 Civitatem
2901 829 3293 885 Talamancam
3327 839 3506 884 ccum
3559 841 3697 898 rege
3751 841 3869 898 suo,

2217 917 2447 972 nomine
2502 919 2756 974 Mozeror
2783 917 2827 987 ἀ,
2870 923 2926 972 et
2955 931 3133 974 uxore
3175 930 3281 973 sua
3322 917 3510 987 cepit:
3565 915 3874 973 bellatores

2216 1020 2412 1062 eorum
2443 1021 2638 1064 omnes
2669 1006 2979 1077 interfecit,
3014 1007 3302 1078 reliquum
3335 1019 3464 1062 vero
3502 1005 3720 1078 vulgus
3748 1019 3870 1061 cum

2221 1095 2501 1152 uxoribus
2525 1102 2582 1152 et
2603 1096 2744 1152 filiis
2759 1097 2868 1152 sub
2895 1109 3104 1152 corona
3123 1095 3402 1152 vendidit.
3428 1097 3642 1151 Iterum
3669 1095 3878 1151 Norde-

2219 1185 2372 1240 mani
2406 1185 2605 1256 piratae
2637 1200 2734 1256 per
2761 1187 2878 1242 haec
2907 1191 3161 1256 tempora
3185 1185 3253 1240 ad
3287 1190 3480 1240 nostra
3503 1184 3709 1240 littora
3747 1199 3876 1254 per—

2214 1280 2516 1330 venerunt:
2551 1275 2757 1331 deinde
2777 1275 2835 1330 in
2854 1273 3184 1344 Hispaniam
3213 1279 3604 1344 perrexerunt.
3627 1286 3872 1334 omnem.

2216 1378 2326 1436 que
2351 1365 2474 1435 ejus
2508 1365 2853 1420 maritimam
2877 1363 3068 1436 gladio
3102 1363 3345 1435 igneque
3371 1363 3682 1432 praedando
3710 1362 3878 1418 dissi-

2217 1460 2494 1524 paverunt
2522 1472 2535 1508 :
2570 1453 2778 1510 exinde
2807 1453 2950 1508 mari
2992 1452 3298 1522 transjecto
3325 1451 3553 1508 Nachor
3581 1451 3872 1508 civitatem

2213 1543 2575 1600 Mauritaniae
2610 1544 2961 1614 invaserunt,
3009 1541 3207 1613 ibique
3236 1541 3675 1598 multitudinem
3701 1539 3876 1596 Chal—

2215 1633 2467 1689 daeorum
2496 1632 2688 1704 gladio
2743 1631 3173 1688 interfecerunt.
3218 1630 3476 1702 Denique
3519 1629 3874 1699 Majoricam-

448 1733 636 1791 seaue,
664 1721 918 1792 exceptis
957 1721 1222 1792 plebibus
1248 1723 1585 1792 interempta
1624 1728 1794 1779 sunt:
1833 1723 1954 1794 ipse
1976 1738 2105 1780 vero
2139 1716 2189 1777 Β
2218 1721 2647 1778 Fermentellam
2677 1727 2734 1778 et
2754 1721 3086 1778 Minoricam
3123 1719 3348 1777 insulas
3365 1719 3646 1791 aggressi,
3684 1719 3875 1791 gladio

447 1817 534 1866 ter
565 1811 758 1882 gladio
803 1810 1126 1881 confossus,
1157 1812 1468 1868 semivivus
1510 1813 1710 1883 evasit,
1746 1813 2106 1884 multumque

447 1898 530 1955 ibi
553 1899 748 1955 bellici
776 1907 1105 1970 apparatus,
1139 1901 1256 1956 sive
1277 1906 1333 1956 et
1361 1915 1615 1972 munera,
1643 1916 1769 1972 qua:
1790 1903 1842 1957 ei
1867 1903 2106 1959 Carolus

448 2003 546 2046 rex
602 1991 950 2046 Francorum
994 1990 1303 2063 direxerat,
1361 1991 1632 2063 perdidit,
1701 1999 1757 2048 et
1809 2007 2102 2064 nunquam

448 2082 642 2148 postea
665 2077 928 2135 eﬂ'ectum
960 2079 1218 2136 victoria:
1249 2080 1470 2136 habuit.
1505 2081 1622 2137 Rex
1653 2095 1782 2137 vero
1811 2082 2102 2139 Ordonius

446 2181 668 2224 omnem
716 2169 1032 2224 exercitum
1062 2169 1132 2225 ad
1181 2169 1472 2226 civitatem
1525 2170 1858 2241 applicavit,
1891 2172 1951 2226 in
1981 2185 2098 2227 eam

447 2271 676 2328 quoque
716 2257 960 2328 septimo
986 2257 1084 2314 die
1111 2259 1490 2328 irruptionem
1531 2258 1684 2315 fecit.
1716 2260 1923 2316 Omnes
1949 2261 2102 2316 viros

446 2345 750 2402 bellatores
780 2344 808 2387 ι)
839 2345 1033 2418 gladio
1081 2347 1389 2417 interfecit,
1426 2348 1606 2418 ipsam
1653 2363 1783 2405 vero
1812 2349 2100 2406 civitatem

448 2448 629 2504 usque
656 2435 724 2490 ad
753 2433 1126 2492 fundamenta
1146 2437 1456 2506 destruxit,
1479 2443 1680 2493 etcum
1709 2451 1908 2510 magna
1931 2438 2104 2494 victo-

447 2522 533 2578 ria
562 2523 632 2578 ad
662 2524 892 2593 propria
917 2525 1222 2594 repedavit.
1245 2527 1438 2595 Lupus
1466 2540 1597 2581 vero
1624 2525 1782 2582 filius
1808 2527 1879 2582 de
1907 2527 2100 2583 eodem

445 2612 626 2680 Muza,
653 2611 752 2681 qui
783 2611 974 2667 Toleto
1001 2613 1203 2670 consul
1228 2619 1486 2685 praeerat,
1513 2615 1651 2670 dum
1672 2615 1742 2671 de
1765 2623 1923 2685 patre
1949 2617 2099 2687 quod

444 2706 750 2770 superatus
770 2698 974 2770 fuerat,
998 2701 1243 2774 audivit,
1267 2701 1520 2759 Ordonio
1540 2703 1658 2774 regi
1681 2718 1810 2760 cum
1832 2705 2102 2762 omnibus

444 2788 572 2844 suis
591 2801 652 2844 se
681 2788 950 2859 subjecit,
990 2792 1048 2844 et
1083 2790 1220 2847 dum
1255 2791 1429 2846 vitam
1458 2791 1603 2848 hanc
1634 2792 1802 2865 vixit,
1829 2793 2101 2851 subditus

513 2924 543 2954 ει
570 2911 847 2968 Sandoval
878 2913 945 2968 ad
989 2927 1166 2982 oram,
1207 2915 1483 2971 Fortassis
1504 2917 1844 2972 Maurorum.

513 2983 542 3026 δ
571 2986 651 3039 Ita
680 2997 812 3040 mss.
849 2985 1028 3056 Berg..
1065 2985 1417 3053 gladiatores.

513 3067 538 3096 ο
568 3056 964 3132 Sttlmaaticam
1011 3056 1354 3132 praeferrem,
1415 3073 1484 3114 ex
1546 3060 1879 3118 confluitate
1925 3077 2092 3132 quam

447 3126 703 3183 invenire
734 3127 982 3200 videtur,
1013 3129 1151 3185 dum
1184 3131 1511 3194 consimilem
1535 3132 1800 3202 appellat.
1836 3126 2092 3207 ΕιοὶιεΖ.,

2215 1823 2310 1866 eas
2337 1810 2848 1880 depOpulaverunt.
2890 1801 3088 1866 Postea
3131 1808 3409 1865 Graeciam
3439 1807 3696 1878 advecti,
3757 1813 3875 1877 post

2213 1899 2532 1954 triennium
2565 1898 2624 1954 in
2647 1898 2891 1968 patriam
2918 1911 3080 1954 suam
3113 1902 3250 1953 sunt
3274 1895 3506 1952 reversi.

2281 1988 2571 2044 Ordonius
2595 1986 2926 2059 suprafatus
2965 2001 3061 2043 rex
3111 1991 3238 2058 post
3286 1989 3446 2042 sexto
3469 1985 3702 2041 decimo
3730 1998 3874 2040 anno

2213 2079 2372 2148 regni
2399 2078 2643 2148 expleto,
2675 2077 2870 2132 morbo
2897 2075 3204 2148 podagrico
3233 2081 3554 2145 correptus,
3583 2075 3766 2130 Oveto
3793 2082 3873 2130 est

2209 2166 2518 2224 defunctus
2556 2165 2704 2238 (ann.
2737 2165 2880 2239 866),
2913 2171 2968 2222 et
3019 2167 3076 2221 in
3111 2165 3351 2222 basilica
3399 2167 3452 2220 S.
3511 2165 3715 2220 Maria:
3747 2179 3868 2220 cum

2213 2257 2507 2327 prioribus
2535 2256 2767 2328 regibus
2783 2263 2869 2312 est
2887 2255 3225 2311 tumulatus.
3255 2255 3467 2310 Felicia
3485 2259 3750 2324 tempora
3778 2254 3872 2308 du-

2210 2349 2297 2403 xit
2315 2347 2374 2402 in
2402 2360 2595 2418 regno,
2623 2345 2764 2402 felix
2788 2351 2900 2402 stat
2919 2345 2978 2400 in
2995 2345 3158 2416 caelo,
3176 2352 3232 2400 et
3253 2345 3352 2415 qui
3382 2345 3478 2400 hic
3505 2343 3761 2399 nimium
3777 2343 3872 2398 di—

2211 2436 2394 2493 lectus
2414 2435 2528 2493 fuit
2542 2451 2574 2492 a
2595 2435 2847 2506 populis,
2869 2448 3024 2492 nunc
3042 2441 3232 2490 autem
3257 2434 3484 2492 laetatur
3501 2448 3636 2490 cum
3655 2433 3871 2490 sanctis

2207 2525 2502 2597 angelisin
2519 2524 2851 2582 ctelestibus
2863 2523 3079 2596 regnis:
3103 2523 3661 2594 praestauteDomiuo
3675 2529 3870 2578 nostro

2206 2618 2339 2673 Jesu
2367 2616 2618 2686 Christo,
2670 2615 2772 2685 qui
2813 2627 2942 2671 cum
2990 2615 3106 2670 Deo
3135 2614 3299 2669 Patre
3326 2618 3383 2668 et
3409 2612 3642 2684 Spiritu
3670 2617 3868 2669 sancto

2212 2705 2272 2760 in
2303 2705 2525 2761 unitate
2552 2703 2796 2760 Deitatis
2815 2702 2959 2760 vivit
2985 2708 3044 2758 et
3066 2701 3350 2774 gloriatur
3370 2715 3468 2771 per
3490 2715 3789 2774 nunquam
3813 2700 3870 2756 ti-

2210 2794 2416 2851 nienda
2449 2807 2669 2863 semper
2707 2792 2915 2850 saecula
2944 2791 3304 2849 saeculorum.
3339 2792 3539 2848 Amen.

2205 2919 2369 2976 Adic.
2430 2935 2564 2977 mss.
2615 2919 2784 2975 Sand.
2817 2922 2874 2975 et
2903 2931 3062 2984 mse.,
3107 2919 3515 2980 Talamancam,
3546 2917 3708 2974 sicut
3733 2919 3847 2974 Chr

2205 2992 2545 3048 Albeldense
2576 2993 2726 3047 Ferr.
2761 2998 2818 3047 et
2851 2991 2994 3055 Ber.,
3028 2991 3430 3046 Salamancam.

2275 3065 2300 3104 ἀ
2329 3066 2410 3119 Ita
2457 3064 2590 3120 Chr.
2646 3061 2868 3118 Albeld.
2922 3060 3072 3118 Fer.‘
3103 3067 3160 3118 et
3202 3063 3349 3135 Ber.,
3383 3063 3646 3116 Mum-ot.
3699 3063 3868 3117 Pet-er.

2206 3137 2434 3192 Mozror.

1257 3460 2044 3576 CHBONICON
2146 3463 2869 3576 ALBELDEN
2883 3465 3041 3576 SE

437 3646 913 3735 Auctore/orte
927 3657 1037 3718 Du
1044 3654 1751 3738 lcidiojSalmctz’ccnsi
1765 3679 1843 3742 ep
1850 3661 2093 3744 ἰιςσορο,
2111 3664 2584 3730 continuatam
2595 3669 2822 3732 autem
2836 3663 3092 3748 Vigila,
3107 3661 3424 3728 monac/io
3442 3660 3850 3728 Albeldensi.

1938 3821 2344 3834 —-———-—

1891 3933 2379 4004 MONITUM.

1623 4080 1798 4144 (Apud
1835 4081 2144 4145 Floresium,
2177 4084 2381 4149 Espana
2416 4085 2686 4150 Sagrada.)

1927 4209 2341 4222 _—__—-—

504 4318 1224 4408 Ch‘r‘ouirconhAlbeldeuse,
1257 4327 1830 4408 editum‘ab‘incerto
1858 4337 2092 4408 auctore
2119 4334 2168 4397 C
2202 4334 2398 4390 homat
2438 4334 2844 4408 Cordubensis,
2885 4336 3114 4394 addidit
3160 4351 3344 4408 usque
3371 4337 3442 4393 ad
3471 4351 3648 4394 ieram
3693 4336 3849 4395 4044.

433 4389 688 4472 (ιδῃ-924,
707 4394 968 4472 additum
991 4389 1260 4472 aVigila,
1278 4397 1952 4472 monachoAlbaildensi,
1975 4419 2088 4460 :era

437 4459 529 4518 404
540 4461 592 4534 4,
620 4459 893 4545 exstatin
905 4468 1110 4545 codice
1125 4459 1523 4545 Conciliorum
1547 4471 1818 4544 Gothico,
1844 4459 2089 4545 quiifuit

437 4537 766 4616 monasterii
788 4537 842 4592 S.
871 4538 1104 4616 hiat-uni
1130 4537 1512 4616 Albeldensis,
1538 4555 1689 4599 nunc
1720 4537 1996 4602 translato
2025 4547 2084 4604 in

431 4603 840 4682 bibliothecam
857 4609 926 4682 _S.
969 4609 1263 4682 Laurentii
1292 4611 1472 4682 Regii.

499 4675 824 4750 Chronich
857 4679 965 4735 hoc
995 4679 1274 4750 scriptum
1295 4675 1555 4740 est’anno
1587 4683 1655 4741 48
1681 4686 1950 4745 Adefonsi
1976 4691 2086 4745 Ma-

579 4747 1149 4872 rgglilsooaiéetﬁnsium,
1179 4766 1294 4807 tero
1333 4751 1432 4808 921
1465 4756 1660 4839 (idest
1685 4772 1838 4814 anno
1861 4760 2081 4844 Christi

561 4859 576 4872 .
953 4820 1181 4872 ahomat
1207 4823 1596 4872 Cnrdnhenmg
1619 4829 1683 4872 Qn
1695 4843 1929 4872 rmnnm,

536 4787 576 4889 δ,
609 4787 1934 4886 θῗῆοῇνυῇιᾱσῆδῶιᾶιωάξιοίῖιῖῦθᾚξὶξ

503 4890 666 4973 [forte
679 4891 956 4973 scriptum
977 4905 1008 4948 a
1023 4893 1311 4973 Dulcidio,
1325 4897 1768 4973 §almanticensi
1790 4901 2080 4973 episcopo,

433 4961 534 5046 qui
565 4961 828 5046 interfuit
858 4965 1276 5046 consecrationi
1298 4961 1785 5046 'Compostellana:
1809 4961 1920 5028 aera
1951 4961 2076 5046 9'47,

429 5031 531 5114 qui
558 5031 992 5114 Chronicorum
1015 5036 1319 5114 studiosus
1347 5031 1718 5114 investigator
1750 5051 1985 5113 apparet
2011 5031 2082 5101 ex

427 5103 670 5186 epistola
689 5103 958 5186 Adefonsi
979 5107 1220 5186 tertiiad
1235 5103 1652 5186 Sebastianuvm.
1675 5103 1870 5185 Itaque
1893 5118 2082 5184 potuit

425 5176 766 5260 continuare
811 5176 1112 5235 historiam
1136 5179 1456 5238 Sebastiani
1486 5176 1957 5242 Salmantiéensis
1986 5188 2080 5244 sui

427 5260 810 5317 prmcessoris.

496 5318 684 5400 Vigila
699 5333 830 5376 vero
851 5321 1164 5400 monachus
1183 5323 1540 5400 Albeldensis
1564 5328 1892 5400 monasterii
1908 5328 2080 5400 (nunc

425 5387 659 5470 Alyelda
689 5404 864 5470 prope
885 5393 1253 5470 Logronium)
1282 5395 1382 5470 isti
1407 5397 1710 5470 Chronico,
1735 5401 1885 5470 quod
1912 5387 2081 5458 desi—

425 5437 740 5520 nebat'aer'li
758 5437 864 5521 ἒὶᾖ
879 5437 924 5534 Γ
923 5437 1103 5521 iriiri)"
1113 5437 1726 5542 ἦῖᾎᾱὲἓὸἔὲἰᾜὲιξὶῖἰ,
1736 5437 2078 5530 1532313-

2202 4406 2518 4476 praesertim
2555 4421 2620 4480 ea
2651 4421 2778 4478 quae
2808 4408 3097 4480 pertinent
3143 4409 3212 4464 ad
3246 4406 3406 4480 reges
3436 4410 3856 4480 Pampeloneu—

2197 4491 2308 4552 ses,
2340 4483 2396 4533 et
2425 4478 2746 4552 catalogum
2775 4493 2971 4552 regum
2995 4478 3360 4536 Ovetensium
3385 4478 3658 4552 usquead
3687 4481 3854 4537 Bani-

2197 4549 2406 4604 mirum
2449 4549 2704 4606 tertium.

2266 4619 2710 4708 199.999.22diﬁ0,
2731 4621 3180 4708 visitasse“
3206 4636 3318 4706 εετει
3359 4617 3497 4708 19η
3527 4620 3589 4708 (ες
3618 4637 3672 4678 e-

2190 4687 2407 4764 Christi
2439 4687 2581 4764 976),
2609 4705 2758 4750 anno
2786 4687 2831 4749 b'
2849 4693 3150 4764 saucionis
3183 4693 3335 4764 regis
3360 4687 3846 4764 Pampelonelisis.

2193 4761 2308 4845 filii
2333 4761 2578 4835 Garseaé,
2611 4770 2666 4821 et
2693 4777 2843 4820 anno
2875 4761 2940 4822 40
2966 4761 3438 4822 Ranimiri'tertii
3472 4761 3844 4822 Oveteusium

2192 4847 2364 4890 τθειδ.

2256 4850 2458 4978 ῗξίῗᾷιιθ
2475 4911 2680 4978 quarto
2697 4905 2820 4979 tilio
2840 4905 3014 4979 istius
3031 4905 3168 4979 libri
3190 4903 3586 4979 (Alveldensis)
3602 4907 3640 4964 d
3643 4907 3846 4979 igitur.

2191 4979 2330 5033 tunc
2366 4974 2508 5034 esse'
2537 4991 2705 5033 seram
2765 4974 2921 5048 4044,
2979 4977 3130 5034 etab
3175 4974 3578 5034 incarnatione
3631 4977 3760 5044 976,
3791 4986 3846 5034 et

2192 5055 2414 5104 sextum
2447 5063 2660 5105 annum
2705 5048 3006 5105 Sancionis
3055 5049 3248 5120 regis:
3289 5055 3346 5104 et
3389 5050 3543 5105 idem
3586 5050 3686 5105 hic
3717 5050 3850 5105 linis

2193 5121 2604 5176 transcribitur
2632 5134 2700 5176 ex
2729 5121 2925 5177 codice
2949 5120 3272 5177 Alveldensi
3305 5121 3367 5176 in
3397 5120 3552 5178 libro
3579 5121 3636 5177 S.
3665 5121 3852 5176 Emi-

2192 5189 2336 5246 liani
2369 5191 2750 5248 conciliorum
2779 5193 2836 5248 in
2871 5191 2968 5248 fol.
2995 5189 3028 5247 4
3059 5191 3162 5247 lib.

2261 5262 2445 5318 Etiam
2479 5264 2538 5319 in
2570 5263 2764 5319 codice
2793 5264 3101 5319 JEmiliano
3121 5263 3220 5334 fol,
3244 5259 3350 5318 394
3378 5268 3502 5319 erat
3529 5263 3638 5320 hoc
3661 5263 3850 5319 Chro-

2191 5332 2394 5389 nicon:
2429 5336 2524 5390 sed
2561 5336 2692 5392 inde
2721 5334 3074 5408 discerptum
3104 5332 3216 5406 est,
3243 5334 3448 5392 relicto
3474 5341 3703 5392 tantum
3734 5349 3846 5392 uni

2189 5402 2330 5459 folio
2353 5413 2624 5459 extremo.

2212 5413 2265 5460 Ol
2275 5413 2330 5462 i0
2353 5413 2624 5464 extremo.

1972 5659 2312 5671 ———-———
