  <div class='ocr_page' id='page_1' title='image "/cluster/home/n/w/nwhite01/storage/ocr_20150623/129/hvd.32044054759907/571.png"; bbox 0 0 4082 6168; ppageno 0'>
   <div class='ocr_carea' id='block_1_1' title="bbox 404 314 534 373">
    <p class='ocr_par' dir='ltr' id='par_1_1' title="bbox 404 314 534 373">
     <span class='ocr_line' id='line_1_1' title="bbox 404 314 534 373; baseline -0.023 0"><span class='ocrx_word' id='word_1_1' title='bbox 404 314 534 373; x_wconf 73' lang='grc'><strong>4431</strong></span> 
     </span>
    </p>
   </div>
   <div class='ocr_carea' id='block_1_2' title="bbox 1185 318 3010 375">
    <p class='ocr_par' dir='ltr' id='par_1_2' title="bbox 1185 318 3010 375">
     <span class='ocr_line' id='line_1_2' title="bbox 1185 318 3010 375; baseline -0.001 -1"><span class='ocrx_word' id='word_1_2' title='bbox 1185 319 1472 375; x_wconf 73' lang='grc' dir='ltr'><strong>ΛΡΡΕΝΙ).</strong></span> <span class='ocrx_word' id='word_1_3' title='bbox 1521 321 1613 374; x_wconf 78' lang='lat' dir='ltr'><strong>Al)</strong></span> <span class='ocrx_word' id='word_1_4' title='bbox 1650 321 1812 375; x_wconf 63' lang='lat'><strong>8330.</strong></span> <span class='ocrx_word' id='word_1_5' title='bbox 1856 321 2072 373; x_wconf 72' lang='lat' dir='ltr'><strong>IX..—</strong></span> <span class='ocrx_word' id='word_1_6' title='bbox 2108 318 2466 373; x_wconf 81' lang='lat' dir='ltr'><strong>AUCTORES</strong></span> <span class='ocrx_word' id='word_1_7' title='bbox 2503 318 2678 374; x_wconf 70' lang='lat' dir='ltr'><strong>ANNI</strong></span> <span class='ocrx_word' id='word_1_8' title='bbox 2717 318 3010 374; x_wconf 77' lang='lat' dir='ltr'><strong>INCERTI.</strong></span> 
     </span>
    </p>
   </div>
   <div class='ocr_carea' id='block_1_3' title="bbox 3663 315 3816 377">
    <p class='ocr_par' dir='ltr' id='par_1_3' title="bbox 3663 315 3816 377">
     <span class='ocr_line' id='line_1_3' title="bbox 3663 315 3816 377; baseline 0.02 -3"><span class='ocrx_word' id='word_1_9' title='bbox 3663 315 3816 377; x_wconf 71' lang='grc'><strong>’4132</strong></span> 
     </span>
    </p>
   </div>
   <div class='ocr_carea' id='block_1_4' title="bbox 411 443 3818 517">
    <p class='ocr_par' dir='ltr' id='par_1_4' title="bbox 411 443 3818 517">
     <span class='ocr_line' id='line_1_4' title="bbox 411 443 3818 517; baseline 0.001 -21"><span class='ocrx_word' id='word_1_10' title='bbox 411 469 415 473; x_wconf 91' lang='lat'><strong><em>-</em></strong></span> <span class='ocrx_word' id='word_1_11' title='bbox 467 443 857 517; x_wconf 74' lang='lat' dir='ltr'><strong>Constantinus</strong></span> <span class='ocrx_word' id='word_1_12' title='bbox 885 447 941 499; x_wconf 90' lang='lat' dir='ltr'><strong>et</strong></span> <span class='ocrx_word' id='word_1_13' title='bbox 965 443 1228 517; x_wconf 81' lang='lat' dir='ltr'><strong>Constans</strong></span> <span class='ocrx_word' id='word_1_14' title='bbox 1253 459 1364 512; x_wconf 81' lang='lat' dir='ltr'><strong>reg.</strong></span> <span class='ocrx_word' id='word_1_15' title='bbox 1395 459 1486 517; x_wconf 84' lang='lat' dir='ltr'><strong>an.</strong></span> <span class='ocrx_word' id='word_1_16' title='bbox 1515 459 1724 500; x_wconf 67' lang='grc' dir='ltr'>χχχιιι.</span> <span class='ocrx_word' id='word_1_17' title='bbox 1747 445 2048 517; x_wconf 91' lang='lat' dir='ltr'><strong>Constans,</strong></span> <span class='ocrx_word' id='word_1_18' title='bbox 2079 445 2135 505; x_wconf 84' lang='lat' dir='ltr'><strong>A</strong></span> <span class='ocrx_word' id='word_1_19' title='bbox 2234 443 2520 514; x_wconf 87' lang='lat' dir='ltr'><strong>Ephesina</strong></span> <span class='ocrx_word' id='word_1_20' title='bbox 2541 445 2794 514; x_wconf 84' lang='lat' dir='ltr'><strong>synodus</strong></span> <span class='ocrx_word' id='word_1_21' title='bbox 2815 443 3090 500; x_wconf 85' lang='lat' dir='ltr'><strong>adversus</strong></span> <span class='ocrx_word' id='word_1_22' title='bbox 3112 443 3439 500; x_wconf 78' lang='lat' dir='ltr'><strong>Nestorium</strong></span> <span class='ocrx_word' id='word_1_23' title='bbox 3466 444 3665 517; x_wconf 88' lang='lat' dir='ltr'><strong>agitur</strong></span> <span class='ocrx_word' id='word_1_24' title='bbox 3688 443 3818 514; x_wconf 87' lang='lat' dir='ltr'><strong>epi-</strong></span> 
     </span>
    </p>
   </div>
   <div class='ocr_carea' id='block_1_5' title="bbox 393 513 2053 586">
    <p class='ocr_par' dir='ltr' id='par_1_5' title="bbox 393 513 2053 586">
     <span class='ocr_line' id='line_1_5' title="bbox 393 513 2053 586; baseline 0.004 -20"><span class='ocrx_word' id='word_1_25' title='bbox 393 514 650 586; x_wconf 77' lang='lat' dir='ltr'><strong>crudelis</strong></span> <span class='ocrx_word' id='word_1_26' title='bbox 675 515 955 586; x_wconf 90' lang='lat' dir='ltr'><strong>moribus,</strong></span> <span class='ocrx_word' id='word_1_27' title='bbox 981 515 1233 572; x_wconf 86' lang='lat' dir='ltr'><strong>Arianus</strong></span> <span class='ocrx_word' id='word_1_28' title='bbox 1257 513 1510 586; x_wconf 76' lang='lat' dir='ltr'><strong>etfectus,</strong></span> <span class='ocrx_word' id='word_1_29' title='bbox 1543 516 1905 572; x_wconf 89' lang='lat' dir='ltr'><strong>Christianos</strong></span> <span class='ocrx_word' id='word_1_30' title='bbox 1932 530 2053 586; x_wconf 90' lang='lat' dir='ltr'><strong>per-</strong></span> 
     </span>
    </p>
   </div>
   <div class='ocr_carea' id='block_1_6' title="bbox 393 585 680 642">
    <p class='ocr_par' dir='ltr' id='par_1_6' title="bbox 393 585 680 642">
     <span class='ocr_line' id='line_1_6' title="bbox 393 585 680 642; baseline 0.01 -5"><span class='ocrx_word' id='word_1_31' title='bbox 393 585 680 642; x_wconf 84' lang='lat' dir='ltr'><strong>sequitur.</strong></span> 
     </span>
    </p>
   </div>
   <div class='ocr_carea' id='block_1_7' title="bbox 513 657 2046 729">
    <p class='ocr_par' dir='ltr' id='par_1_7' title="bbox 513 657 2046 729">
     <span class='ocr_line' id='line_1_7' title="bbox 513 657 2046 729; baseline 0.001 -17"><span class='ocrx_word' id='word_1_32' title='bbox 513 657 658 727; x_wconf 91' lang='lat' dir='ltr'><strong>rius,</strong></span> <span class='ocrx_word' id='word_1_33' title='bbox 686 657 910 729; x_wconf 83' lang='lat' dir='ltr'><strong>amicus</strong></span> <span class='ocrx_word' id='word_1_34' title='bbox 933 659 1079 729; x_wconf 87' lang='lat' dir='ltr'><strong>ejus,</strong></span> <span class='ocrx_word' id='word_1_35' title='bbox 1110 659 1606 729; x_wconf 77' lang='lat' dir='ltr'><strong>Constantinopoli</strong></span> <span class='ocrx_word' id='word_1_36' title='bbox 1633 659 1851 715; x_wconf 80' lang='lat' dir='ltr'><strong>viscera</strong></span> <span class='ocrx_word' id='word_1_37' title='bbox 1873 658 2046 715; x_wconf 84' lang='lat' dir='ltr'><strong>simul</strong></span> 
     </span>
    </p>
   </div>
   <div class='ocr_carea' id='block_1_8' title="bbox 389 727 920 784">
    <p class='ocr_par' dir='ltr' id='par_1_8' title="bbox 389 727 920 784">
     <span class='ocr_line' id='line_1_8' title="bbox 389 727 920 784; baseline 0.008 -4"><span class='ocrx_word' id='word_1_38' title='bbox 389 739 518 782; x_wconf 94' lang='lat' dir='ltr'><strong>cum</strong></span> <span class='ocrx_word' id='word_1_39' title='bbox 551 729 668 784; x_wconf 90' lang='lat' dir='ltr'><strong>vita</strong></span> <span class='ocrx_word' id='word_1_40' title='bbox 699 727 920 784; x_wconf 76' lang='lat' dir='ltr'><strong>effudit.</strong></span> 
     </span>
    </p>
   </div>
   <div class='ocr_carea' id='block_1_9' title="bbox 460 799 1588 858">
    <p class='ocr_par' dir='ltr' id='par_1_9' title="bbox 460 799 1588 858">
     <span class='ocr_line' id='line_1_9' title="bbox 460 799 1588 858; baseline 0.004 -6"><span class='ocrx_word' id='word_1_41' title='bbox 460 799 718 856; x_wconf 83' lang='lat' dir='ltr'><strong>Hilarius</strong></span> <span class='ocrx_word' id='word_1_42' title='bbox 747 812 777 840; x_wconf 67' lang='grc' dir='ltr'><strong>α</strong></span> <span class='ocrx_word' id='word_1_43' title='bbox 808 801 1073 858; x_wconf 79' lang='lat' dir='ltr'><strong>doctrina</strong></span> <span class='ocrx_word' id='word_1_44' title='bbox 1104 801 1297 857; x_wconf 89' lang='lat' dir='ltr'><strong>clarus</strong></span> <span class='ocrx_word' id='word_1_45' title='bbox 1329 802 1588 858; x_wconf 89' lang='lat' dir='ltr'><strong>habetur.</strong></span> 
     </span>
    </p>
   </div>
   <div class='ocr_carea' id='block_1_10' title="bbox 459 869 2044 943">
    <p class='ocr_par' dir='ltr' id='par_1_10' title="bbox 459 869 2044 943">
     <span class='ocr_line' id='line_1_10' title="bbox 459 869 2044 943; baseline 0.001 -17"><span class='ocrx_word' id='word_1_46' title='bbox 459 869 737 943; x_wconf 77' lang='lat' dir='ltr'><strong>Donatus,</strong></span> <span class='ocrx_word' id='word_1_47' title='bbox 794 873 896 940; x_wconf 91' lang='lat' dir='ltr'><strong>qui</strong></span> <span class='ocrx_word' id='word_1_48' title='bbox 937 873 1323 943; x_wconf 63' lang='lat' dir='ltr'><strong>grammaticae</strong></span> <span class='ocrx_word' id='word_1_49' title='bbox 1357 873 1502 929; x_wconf 90' lang='lat' dir='ltr'><strong>artis</strong></span> <span class='ocrx_word' id='word_1_50' title='bbox 1542 874 1718 930; x_wconf 82' lang='lat' dir='ltr'><strong>Roma</strong></span> <span class='ocrx_word' id='word_1_51' title='bbox 1757 869 2044 942; x_wconf 78' lang='lat' dir='ltr'><strong>claruitb,</strong></span> 
     </span>
    </p>
   </div>
   <div class='ocr_carea' id='block_1_11' title="bbox 387 941 1262 1013">
    <p class='ocr_par' dir='ltr' id='par_1_11' title="bbox 387 941 1262 1013">
     <span class='ocr_line' id='line_1_11' title="bbox 387 941 1262 1013; baseline 0.005 -19"><span class='ocrx_word' id='word_1_52' title='bbox 387 941 582 996; x_wconf 84' lang='lat' dir='ltr'><strong>eodem</strong></span> <span class='ocrx_word' id='word_1_53' title='bbox 624 941 876 1013; x_wconf 89' lang='lat' dir='ltr'><strong>tempore</strong></span> <span class='ocrx_word' id='word_1_54' title='bbox 917 941 1120 1013; x_wconf 78' lang='lat' dir='ltr'><strong>passus</strong></span> <span class='ocrx_word' id='word_1_55' title='bbox 1158 951 1262 1000; x_wconf 89' lang='lat' dir='ltr'><strong>est.</strong></span> 
     </span>
    </p>
   </div>
   <div class='ocr_carea' id='block_1_12' title="bbox 456 1014 1638 1084">
    <p class='ocr_par' dir='ltr' id='par_1_12' title="bbox 456 1014 1638 1084">
     <span class='ocr_line' id='line_1_12' title="bbox 456 1014 1638 1084; baseline 0.001 -17"><span class='ocrx_word' id='word_1_56' title='bbox 456 1014 744 1084; x_wconf 79' lang='lat' dir='ltr'><strong>Antonius</strong></span> <span class='ocrx_word' id='word_1_57' title='bbox 776 1015 1090 1071; x_wconf 86' lang='lat' dir='ltr'><strong>monachus</strong></span> <span class='ocrx_word' id='word_1_58' title='bbox 1123 1016 1178 1070; x_wconf 92' lang='lat' dir='ltr'><strong>id</strong></span> <span class='ocrx_word' id='word_1_59' title='bbox 1214 1022 1438 1084; x_wconf 87' lang='lat' dir='ltr'><strong>tempus</strong></span> <span class='ocrx_word' id='word_1_60' title='bbox 1467 1015 1638 1072; x_wconf 92' lang='lat' dir='ltr'><strong>obiit.</strong></span> 
     </span>
    </p>
   </div>
   <div class='ocr_carea' id='block_1_13' title="bbox 415 1081 2047 1164">
    <p class='ocr_par' dir='ltr' id='par_1_13' title="bbox 415 1081 2047 1164">
     <span class='ocr_line' id='line_1_13' title="bbox 415 1081 2047 1164; baseline 0.002 -26"><span class='ocrx_word' id='word_1_61' title='bbox 415 1151 428 1164; x_wconf 41' lang='grc' dir='ltr'><strong><em>ο</em></strong></span> <span class='ocrx_word' id='word_1_62' title='bbox 453 1081 596 1164; x_wconf 85' lang='lat' dir='ltr'><strong>Ossa</strong></span> <span class='ocrx_word' id='word_1_63' title='bbox 621 1085 856 1164; x_wconf 74' lang='lat' dir='ltr'><strong>Andreae</strong></span> <span class='ocrx_word' id='word_1_64' title='bbox 877 1093 934 1142; x_wconf 91' lang='lat' dir='ltr'><strong>et</strong></span> <span class='ocrx_word' id='word_1_65' title='bbox 961 1087 1122 1142; x_wconf 63' lang='lat' dir='ltr'><strong>Lucae</strong></span> <span class='ocrx_word' id='word_1_66' title='bbox 1147 1081 1540 1156; x_wconf 82' lang='lat' dir='ltr'><strong>apostolorum</strong></span> <span class='ocrx_word' id='word_1_67' title='bbox 1571 1087 2047 1156; x_wconf 89' lang='lat' dir='ltr'><strong>Constantinopo-</strong></span> 
     </span>
    </p>
   </div>
   <div class='ocr_carea' id='block_1_14' title="bbox 385 1150 967 1214">
    <p class='ocr_par' dir='ltr' id='par_1_14' title="bbox 385 1150 967 1214">
     <span class='ocr_line' id='line_1_14' title="bbox 385 1150 967 1214; baseline 0.01 -8"><span class='ocrx_word' id='word_1_68' title='bbox 385 1150 487 1208; x_wconf 91' lang='lat' dir='ltr'><strong>lim</strong></span> <span class='ocrx_word' id='word_1_69' title='bbox 523 1155 967 1214; x_wconf 84' lang='lat' dir='ltr'><strong>transferuntur.</strong></span> 
     </span>
    </p>
   </div>
   <div class='ocr_carea' id='block_1_15' title="bbox 455 1218 2048 1300">
    <p class='ocr_par' dir='ltr' id='par_1_15' title="bbox 455 1218 2048 1300">
     <span class='ocr_line' id='line_1_15' title="bbox 455 1218 2048 1300; baseline 0.003 -21"><span class='ocrx_word' id='word_1_70' title='bbox 455 1218 508 1280; x_wconf 87' lang='lat'><strong>6.</strong></span> <span class='ocrx_word' id='word_1_71' title='bbox 551 1228 809 1282; x_wconf 78' lang='lat' dir='ltr'><strong>Julianus</strong></span> <span class='ocrx_word' id='word_1_72' title='bbox 851 1243 942 1284; x_wconf 89' lang='lat' dir='ltr'><strong>an.</strong></span> <span class='ocrx_word' id='word_1_73' title='bbox 1000 1243 1062 1284; x_wconf 91' lang='grc' dir='ltr'>ιι.</span> <span class='ocrx_word' id='word_1_74' title='bbox 1109 1230 1232 1298; x_wconf 82' lang='lat' dir='ltr'><strong>Hic,</strong></span> <span class='ocrx_word' id='word_1_75' title='bbox 1279 1244 1346 1285; x_wconf 84' lang='lat' dir='ltr'><strong>ex</strong></span> <span class='ocrx_word' id='word_1_76' title='bbox 1391 1229 1602 1286; x_wconf 86' lang='lat' dir='ltr'><strong>clerico</strong></span> <span class='ocrx_word' id='word_1_77' title='bbox 1643 1231 1954 1300; x_wconf 86' lang='lat' dir='ltr'><strong>imperator</strong></span> <span class='ocrx_word' id='word_1_78' title='bbox 1991 1232 2048 1284; x_wconf 88' lang='lat' dir='ltr'><strong>et</strong></span> 
     </span>
    </p>
   </div>
   <div class='ocr_carea' id='block_1_16' title="bbox 387 1299 2046 1371">
    <p class='ocr_par' dir='ltr' id='par_1_16' title="bbox 387 1299 2046 1371">
     <span class='ocr_line' id='line_1_16' title="bbox 387 1299 2046 1371; baseline 0.002 -21"><span class='ocrx_word' id='word_1_79' title='bbox 387 1309 641 1371; x_wconf 81' lang='lat' dir='ltr'><strong>paganus</strong></span> <span class='ocrx_word' id='word_1_80' title='bbox 670 1300 924 1371; x_wconf 73' lang='lat' dir='ltr'><strong>effectus,</strong></span> <span class='ocrx_word' id='word_1_81' title='bbox 962 1300 1114 1356; x_wconf 90' lang='lat' dir='ltr'><strong>idola</strong></span> <span class='ocrx_word' id='word_1_82' title='bbox 1145 1301 1348 1357; x_wconf 90' lang='lat' dir='ltr'><strong>coluit.</strong></span> <span class='ocrx_word' id='word_1_83' title='bbox 1383 1299 1742 1357; x_wconf 83' lang='lat' dir='ltr'><strong>Christianis</strong></span> <span class='ocrx_word' id='word_1_84' title='bbox 1771 1299 2046 1370; x_wconf 85' lang='lat' dir='ltr'><strong>martyria</strong></span> 
     </span>
    </p>
   </div>
   <div class='ocr_carea' id='block_1_17' title="bbox 387 1369 2046 1442">
    <p class='ocr_par' dir='ltr' id='par_1_17' title="bbox 387 1369 2046 1442">
     <span class='ocr_line' id='line_1_17' title="bbox 387 1369 2046 1442; baseline 0.002 -21"><span class='ocrx_word' id='word_1_85' title='bbox 387 1369 610 1442; x_wconf 80' lang='lat' dir='ltr'><strong>intulit.</strong></span> <span class='ocrx_word' id='word_1_86' title='bbox 654 1372 713 1438; x_wconf 71' lang='lat' dir='ltr'><strong>In</strong></span> <span class='ocrx_word' id='word_1_87' title='bbox 755 1369 954 1427; x_wconf 87' lang='lat' dir='ltr'><strong>odium</strong></span> <span class='ocrx_word' id='word_1_88' title='bbox 992 1373 1210 1429; x_wconf 80' lang='lat' dir='ltr'><strong>Christi</strong></span> <span class='ocrx_word' id='word_1_89' title='bbox 1254 1373 1526 1442; x_wconf 86' lang='lat' dir='ltr'><strong>templum</strong></span> <span class='ocrx_word' id='word_1_90' title='bbox 1565 1369 1928 1442; x_wconf 69' lang='lat' dir='ltr'><strong>Jerosolymte</strong></span> <span class='ocrx_word' id='word_1_91' title='bbox 1954 1373 2046 1426; x_wconf 85' lang='lat' dir='ltr'><strong>Ju-</strong></span> 
     </span>
    </p>
   </div>
   <div class='ocr_carea' id='block_1_18' title="bbox 381 1438 2046 1512">
    <p class='ocr_par' dir='ltr' id='par_1_18' title="bbox 381 1438 2046 1512">
     <span class='ocr_line' id='line_1_18' title="bbox 381 1438 2046 1512; baseline 0.002 -20"><span class='ocrx_word' id='word_1_92' title='bbox 381 1438 524 1512; x_wconf 70' lang='lat' dir='ltr'><strong>daais</strong></span> <span class='ocrx_word' id='word_1_93' title='bbox 569 1443 882 1498; x_wconf 83' lang='lat' dir='ltr'><strong>restaurari</strong></span> <span class='ocrx_word' id='word_1_94' title='bbox 950 1445 1239 1512; x_wconf 68' lang='lat' dir='ltr'><strong>przecepit,</strong></span> <span class='ocrx_word' id='word_1_95' title='bbox 1293 1438 1388 1499; x_wconf 87' lang='lat' dir='ltr'><strong>sed</strong></span> <span class='ocrx_word' id='word_1_96' title='bbox 1440 1445 1720 1500; x_wconf 90' lang='lat' dir='ltr'><strong>Dominus</strong></span> <span class='ocrx_word' id='word_1_97' title='bbox 1763 1438 1874 1497; x_wconf 80' lang='lat' dir='ltr'><strong>non</strong></span> <span class='ocrx_word' id='word_1_98' title='bbox 1927 1456 2046 1512; x_wconf 89' lang='lat' dir='ltr'><strong>per-</strong></span> 
     </span>
    </p>
   </div>
   <div class='ocr_carea' id='block_1_19' title="bbox 381 1509 2044 1590">
    <p class='ocr_par' dir='ltr' id='par_1_19' title="bbox 381 1509 2044 1590">
     <span class='ocr_line' id='line_1_19' title="bbox 381 1509 2044 1590; baseline 0.003 -26"><span class='ocrx_word' id='word_1_99' title='bbox 381 1509 860 1590; x_wconf 31' lang='lat' dir='ltr'><strong>misit...Julianus</strong></span> <span class='ocrx_word' id='word_1_100' title='bbox 897 1509 1087 1570; x_wconf 79' lang='lat' dir='ltr'><strong>autem</strong></span> <span class='ocrx_word' id='word_1_101' title='bbox 1119 1509 1266 1585; x_wconf 78' lang='lat' dir='ltr'><strong>apud</strong></span> <span class='ocrx_word' id='word_1_102' title='bbox 1314 1517 1512 1570; x_wconf 87' lang='lat' dir='ltr'><strong>Persas</strong></span> <span class='ocrx_word' id='word_1_103' title='bbox 1547 1515 1741 1584; x_wconf 89' lang='lat' dir='ltr'><strong>jaculo</strong></span> <span class='ocrx_word' id='word_1_104' title='bbox 1777 1509 2044 1584; x_wconf 85' lang='lat' dir='ltr'><strong>suscepto</strong></span> 
     </span>
    </p>
   </div>
   <div class='ocr_carea' id='block_1_20' title="bbox 382 1582 629 1637">
    <p class='ocr_par' dir='ltr' id='par_1_20' title="bbox 382 1582 629 1637">
     <span class='ocr_line' id='line_1_20' title="bbox 382 1582 629 1637; baseline 0.016 -4"><span class='ocrx_word' id='word_1_105' title='bbox 382 1582 629 1637; x_wconf 84' lang='lat' dir='ltr'><strong>interiit.</strong></span> 
     </span>
    </p>
   </div>
   <div class='ocr_carea' id='block_1_21' title="bbox 417 1653 2046 1734">
    <p class='ocr_par' dir='ltr' id='par_1_21' title="bbox 417 1653 2046 1734">
     <span class='ocr_line' id='line_1_21' title="bbox 417 1653 2046 1734; baseline 0.003 -28"><span class='ocrx_word' id='word_1_106' title='bbox 417 1721 430 1734; x_wconf 39' lang='grc' dir='ltr'><strong>ο</strong></span> <span class='ocrx_word' id='word_1_107' title='bbox 451 1653 861 1734; x_wconf 83' lang='lat' dir='ltr'><strong>Jovianus_reg.</strong></span> <span class='ocrx_word' id='word_1_108' title='bbox 889 1668 980 1710; x_wconf 92' lang='lat' dir='ltr'><strong>an.</strong></span> <span class='ocrx_word' id='word_1_109' title='bbox 1013 1670 1058 1734; x_wconf 61' lang='grc' dir='ltr'><strong>ιἶ</strong></span> <span class='ocrx_word' id='word_1_110' title='bbox 1083 1658 1212 1726; x_wconf 90' lang='lat' dir='ltr'><strong>Iste,</strong></span> <span class='ocrx_word' id='word_1_111' title='bbox 1235 1655 1624 1734; x_wconf 79' lang='lat' dir='ltr'><strong>Christianus.</strong></span> <span class='ocrx_word' id='word_1_112' title='bbox 1661 1657 1850 1734; x_wconf 85' lang='lat' dir='ltr'><strong>noluit</strong></span> <span class='ocrx_word' id='word_1_113' title='bbox 1873 1657 2046 1726; x_wconf 89' lang='lat' dir='ltr'><strong>impe-</strong></span> 
     </span>
    </p>
   </div>
   <div class='ocr_carea' id='block_1_22' title="bbox 383 1725 2039 1800">
    <p class='ocr_par' dir='ltr' id='par_1_22' title="bbox 383 1725 2039 1800">
     <span class='ocr_line' id='line_1_22' title="bbox 383 1725 2039 1800; baseline 0.004 -22"><span class='ocrx_word' id='word_1_114' title='bbox 383 1725 537 1800; x_wconf 64' lang='lat' dir='ltr'><strong>rium</strong></span> <span class='ocrx_word' id='word_1_115' title='bbox 588 1725 926 1800; x_wconf 74' lang='lat' dir='ltr'><strong>suscipere:</strong></span> <span class='ocrx_word' id='word_1_116' title='bbox 965 1729 1061 1800; x_wconf 76' lang='lat' dir='ltr'><strong>sed</strong></span> <span class='ocrx_word' id='word_1_117' title='bbox 1111 1728 1269 1783; x_wconf 94' lang='lat' dir='ltr'><strong>omni</strong></span> <span class='ocrx_word' id='word_1_118' title='bbox 1319 1728 1619 1800; x_wconf 82' lang='lat' dir='ltr'><strong>exercitui,</strong></span> <span class='ocrx_word' id='word_1_119' title='bbox 1673 1729 1744 1784; x_wconf 93' lang='lat' dir='ltr'><strong>ob</strong></span> <span class='ocrx_word' id='word_1_120' title='bbox 1790 1725 2039 1784; x_wconf 82' lang='lat' dir='ltr'><strong>amorem</strong></span> 
     </span>
    </p>
   </div>
   <div class='ocr_carea' id='block_1_23' title="bbox 2161 528 2414 570">
    <p class='ocr_par' dir='ltr' id='par_1_23' title="bbox 2161 528 2414 570">
     <span class='ocr_line' id='line_1_23' title="bbox 2161 528 2414 570; baseline 0 0"><span class='ocrx_word' id='word_1_121' title='bbox 2161 528 2414 570; x_wconf 89' lang='lat' dir='ltr'><strong>sconum.</strong></span> 
     </span>
    </p>
   </div>
   <div class='ocr_carea' id='block_1_24' title="bbox 2231 531 3814 657">
    <p class='ocr_par' dir='ltr' id='par_1_24' title="bbox 2231 531 3814 657">
     <span class='ocr_line' id='line_1_24' title="bbox 2231 531 3814 657; baseline 0.001 -17"><span class='ocrx_word' id='word_1_122' title='bbox 2231 531 2554 641; x_wconf 52' lang='lat' dir='ltr'><strong>ir‘é‘iménam</strong></span> <span class='ocrx_word' id='word_1_123' title='bbox 2604 593 2855 656; x_wconf 88' lang='lat' dir='ltr'><strong>tempore</strong></span> <span class='ocrx_word' id='word_1_124' title='bbox 2899 585 3186 654; x_wconf 87' lang='lat' dir='ltr'><strong>diabolus,</strong></span> <span class='ocrx_word' id='word_1_125' title='bbox 3240 586 3300 641; x_wconf 92' lang='lat' dir='ltr'><strong>in</strong></span> <span class='ocrx_word' id='word_1_126' title='bbox 3350 585 3599 656; x_wconf 82' lang='lat' dir='ltr'><strong>speciem</strong></span> <span class='ocrx_word' id='word_1_127' title='bbox 3640 587 3814 657; x_wconf 80' lang='lat' dir='ltr'><strong>Moysi</strong></span> 
     </span>
    </p>
   </div>
   <div class='ocr_carea' id='block_1_25' title="bbox 2155 657 3818 726">
    <p class='ocr_par' dir='ltr' id='par_1_25' title="bbox 2155 657 3818 726">
     <span class='ocr_line' id='line_1_25' title="bbox 2155 657 3818 726; baseline 0.001 -15"><span class='ocrx_word' id='word_1_128' title='bbox 2155 657 2370 712; x_wconf 68' lang='lat' dir='ltr'><strong>Iudaeis</strong></span> <span class='ocrx_word' id='word_1_129' title='bbox 2410 659 2470 712; x_wconf 93' lang='lat' dir='ltr'><strong>in</strong></span> <span class='ocrx_word' id='word_1_130' title='bbox 2507 658 2671 712; x_wconf 87' lang='lat' dir='ltr'><strong>Creta</strong></span> <span class='ocrx_word' id='word_1_131' title='bbox 2713 671 3012 726; x_wconf 88' lang='lat' dir='ltr'><strong>apparens,</strong></span> <span class='ocrx_word' id='word_1_132' title='bbox 3047 657 3183 712; x_wconf 91' lang='lat' dir='ltr'><strong>dum</strong></span> <span class='ocrx_word' id='word_1_133' title='bbox 3224 671 3321 713; x_wconf 93' lang='lat' dir='ltr'><strong>eos</strong></span> <span class='ocrx_word' id='word_1_134' title='bbox 3363 671 3463 726; x_wconf 91' lang='lat' dir='ltr'><strong>per</strong></span> <span class='ocrx_word' id='word_1_135' title='bbox 3493 671 3650 712; x_wconf 83' lang='lat' dir='ltr'><strong>mare</strong></span> <span class='ocrx_word' id='word_1_136' title='bbox 3681 658 3818 726; x_wconf 82' lang='lat' dir='ltr'><strong>pede</strong></span> 
     </span>
    </p>
   </div>
   <div class='ocr_carea' id='block_1_26' title="bbox 2159 728 3814 798">
    <p class='ocr_par' dir='ltr' id='par_1_26' title="bbox 2159 728 3814 798">
     <span class='ocr_line' id='line_1_26' title="bbox 2159 728 3814 798; baseline 0.001 -16"><span class='ocrx_word' id='word_1_137' title='bbox 2159 728 2314 784; x_wconf 91' lang='lat' dir='ltr'><strong>sicco</strong></span> <span class='ocrx_word' id='word_1_138' title='bbox 2343 729 2411 784; x_wconf 91' lang='lat' dir='ltr'><strong>ad</strong></span> <span class='ocrx_word' id='word_1_139' title='bbox 2440 735 2646 784; x_wconf 87' lang='lat' dir='ltr'><strong>terram</strong></span> <span class='ocrx_word' id='word_1_140' title='bbox 2675 728 3144 798; x_wconf 87' lang='lat' dir='ltr'><strong>repromissionis</strong></span> <span class='ocrx_word' id='word_1_141' title='bbox 3170 729 3456 798; x_wconf 87' lang='lat' dir='ltr'><strong>promittit</strong></span> <span class='ocrx_word' id='word_1_142' title='bbox 3484 729 3814 798; x_wconf 82' lang='lat' dir='ltr'><strong>perducere,</strong></span> 
     </span>
    </p>
   </div>
   <div class='ocr_carea' id='block_1_27' title="bbox 2163 799 3814 926">
    <p class='ocr_par' dir='ltr' id='par_1_27' title="bbox 2163 799 3814 926">
     <span class='ocr_line' id='line_1_27' title="bbox 2163 799 3814 926; baseline 0 -72"><span class='ocrx_word' id='word_1_143' title='bbox 2163 800 2432 926; x_wconf 52' lang='lat' dir='ltr'><strong>p‘lInritmis</strong></span> <span class='ocrx_word' id='word_1_144' title='bbox 2451 801 2687 926; x_wconf 66' lang='lat' dir='ltr'><strong>necatis,</strong></span> <span class='ocrx_word' id='word_1_145' title='bbox 2709 800 2920 870; x_wconf 90' lang='lat' dir='ltr'><strong>reliqui</strong></span> <span class='ocrx_word' id='word_1_146' title='bbox 2939 800 3040 870; x_wconf 87' lang='lat' dir='ltr'><strong>qui</strong></span> <span class='ocrx_word' id='word_1_147' title='bbox 3061 807 3475 868; x_wconf 89' lang='lat' dir='ltr'><strong>remanserunt,</strong></span> <span class='ocrx_word' id='word_1_148' title='bbox 3493 799 3814 855; x_wconf 77' lang='lat' dir='ltr'><strong>Christiani</strong></span> 
     </span>
     <span class='ocr_line' id='line_1_28' title="bbox 2163 885 2530 926; baseline 0 0"><span class='ocrx_word' id='word_1_149' title='bbox 2163 885 2189 926; x_wconf 88' lang='lat' dir='ltr'><strong>e</strong></span> <span class='ocrx_word' id='word_1_150' title='bbox 2233 885 2293 926; x_wconf 91' lang='lat' dir='ltr'><strong>ec</strong></span> <span class='ocrx_word' id='word_1_151' title='bbox 2326 887 2341 926; x_wconf 91' lang='grc' dir='ltr'><strong>ι</strong></span> <span class='ocrx_word' id='word_1_152' title='bbox 2375 885 2481 926; x_wconf 91' lang='lat' dir='ltr'><strong>sun</strong></span> <span class='ocrx_word' id='word_1_153' title='bbox 2517 913 2530 925; x_wconf 95' lang='lat'><strong>.</strong></span> 
     </span>
    </p>
   </div>
   <div class='ocr_carea' id='block_1_28' title="bbox 2159 871 2548 926">
    <p class='ocr_par' dir='ltr' id='par_1_28' title="bbox 2159 871 2548 926">
     <span class='ocr_line' id='line_1_29' title="bbox 2159 871 2548 926; baseline 0 0"><span class='ocrx_word' id='word_1_154' title='bbox 2159 871 2341 926; x_wconf 65' lang='lat' dir='ltr'><strong>effecti</strong></span> <span class='ocrx_word' id='word_1_155' title='bbox 2375 872 2548 926; x_wconf 70' lang='lat' dir='ltr'><strong>sunt.</strong></span> 
     </span>
    </p>
   </div>
   <div class='ocr_carea' id='block_1_29' title="bbox 2229 941 3818 1013">
    <p class='ocr_par' dir='ltr' id='par_1_29' title="bbox 2229 941 3818 1013">
     <span class='ocr_line' id='line_1_30' title="bbox 2229 941 3818 1013; baseline 0.001 -16"><span class='ocrx_word' id='word_1_156' title='bbox 2229 942 2264 997; x_wconf 89' lang='lat'><strong>9</strong></span> <span class='ocrx_word' id='word_1_157' title='bbox 2302 945 2614 996; x_wconf 80' lang='lat' dir='ltr'><strong>Martianus</strong></span> <span class='ocrx_word' id='word_1_158' title='bbox 2653 956 2768 1013; x_wconf 90' lang='lat' dir='ltr'><strong>reg.</strong></span> <span class='ocrx_word' id='word_1_159' title='bbox 2811 956 2905 997; x_wconf 89' lang='lat' dir='ltr'><strong>an.</strong></span> <span class='ocrx_word' id='word_1_160' title='bbox 2937 955 3052 998; x_wconf 88' lang='lat' dir='ltr'><strong>sex.</strong></span> <span class='ocrx_word' id='word_1_161' title='bbox 3083 942 3266 1012; x_wconf 84' lang='lat' dir='ltr'><strong>Hujus</strong></span> <span class='ocrx_word' id='word_1_162' title='bbox 3302 941 3475 998; x_wconf 92' lang='lat' dir='ltr'><strong>initio</strong></span> <span class='ocrx_word' id='word_1_163' title='bbox 3501 941 3818 998; x_wconf 88' lang='lat' dir='ltr'><strong>Chalcido—</strong></span> 
     </span>
    </p>
   </div>
   <div class='ocr_carea' id='block_1_30' title="bbox 2159 1013 2950 1084">
    <p class='ocr_par' dir='ltr' id='par_1_30' title="bbox 2159 1013 2950 1084">
     <span class='ocr_line' id='line_1_31' title="bbox 2159 1013 2950 1084; baseline 0 -16"><span class='ocrx_word' id='word_1_164' title='bbox 2159 1026 2331 1068; x_wconf 90' lang='lat' dir='ltr'><strong>nense</strong></span> <span class='ocrx_word' id='word_1_165' title='bbox 2360 1014 2673 1084; x_wconf 82' lang='lat' dir='ltr'><strong>concilium</strong></span> <span class='ocrx_word' id='word_1_166' title='bbox 2711 1013 2950 1084; x_wconf 83' lang='lat' dir='ltr'><strong>geritur.</strong></span> 
     </span>
    </p>
   </div>
   <div class='ocr_carea' id='block_1_31' title="bbox 2229 1083 3814 1156">
    <p class='ocr_par' dir='ltr' id='par_1_31' title="bbox 2229 1083 3814 1156">
     <span class='ocr_line' id='line_1_32' title="bbox 2229 1083 3814 1156; baseline 0.001 -18"><span class='ocrx_word' id='word_1_167' title='bbox 2229 1083 2591 1140; x_wconf 78' lang='lat' dir='ltr'><strong>Rudericusi</strong></span> <span class='ocrx_word' id='word_1_168' title='bbox 2627 1083 2734 1140; x_wconf 73' lang='lat' dir='ltr'><strong>rex</strong></span> <span class='ocrx_word' id='word_1_169' title='bbox 2758 1084 3076 1142; x_wconf 90' lang='lat' dir='ltr'><strong>Gothorum</strong></span> <span class='ocrx_word' id='word_1_170' title='bbox 3117 1099 3247 1141; x_wconf 91' lang='lat' dir='ltr'><strong>cum</strong></span> <span class='ocrx_word' id='word_1_171' title='bbox 3295 1085 3515 1156; x_wconf 81' lang='lat' dir='ltr'><strong>ingenti</strong></span> <span class='ocrx_word' id='word_1_172' title='bbox 3555 1085 3814 1141; x_wconf 75' lang='lat' dir='ltr'><strong>exemita</strong></span> 
     </span>
    </p>
   </div>
   <div class='ocr_carea' id='block_1_32' title="bbox 2154 1155 2793 1226">
    <p class='ocr_par' dir='ltr' id='par_1_32' title="bbox 2154 1155 2793 1226">
     <span class='ocr_line' id='line_1_33' title="bbox 2154 1155 2793 1226; baseline 0 -16"><span class='ocrx_word' id='word_1_173' title='bbox 2154 1155 2422 1226; x_wconf 88' lang='lat' dir='ltr'><strong>Spaniam</strong></span> <span class='ocrx_word' id='word_1_174' title='bbox 2466 1156 2793 1226; x_wconf 81' lang='lat' dir='ltr'><strong>ingreditur</strong></span> 
     </span>
    </p>
   </div>
   <div class='ocr_carea' id='block_1_33' title="bbox 2225 1227 3636 1298">
    <p class='ocr_par' dir='ltr' id='par_1_33' title="bbox 2225 1227 3636 1298">
     <span class='ocr_line' id='line_1_34' title="bbox 2225 1227 3636 1298; baseline 0.003 -18"><span class='ocrx_word' id='word_1_175' title='bbox 2225 1227 2327 1280; x_wconf 84' lang='lat' dir='ltr'><strong>Leo</strong></span> <span class='ocrx_word' id='word_1_176' title='bbox 2367 1227 2548 1296; x_wconf 88' lang='lat' dir='ltr'><strong>major</strong></span> <span class='ocrx_word' id='word_1_177' title='bbox 2583 1241 2712 1284; x_wconf 91' lang='lat' dir='ltr'><strong>cum</strong></span> <span class='ocrx_word' id='word_1_178' title='bbox 2748 1229 2930 1282; x_wconf 91' lang='lat' dir='ltr'><strong>Leone</strong></span> <span class='ocrx_word' id='word_1_179' title='bbox 2965 1227 3185 1282; x_wconf 90' lang='lat' dir='ltr'><strong>minore</strong></span> <span class='ocrx_word' id='word_1_180' title='bbox 3229 1241 3343 1298; x_wconf 88' lang='lat' dir='ltr'><strong>reg.</strong></span> <span class='ocrx_word' id='word_1_181' title='bbox 3379 1241 3472 1282; x_wconf 89' lang='lat' dir='ltr'><strong>an.</strong></span> <span class='ocrx_word' id='word_1_182' title='bbox 3511 1242 3636 1284; x_wconf 76' lang='lat' dir='ltr'><strong>xvx.</strong></span> 
     </span>
    </p>
   </div>
   <div class='ocr_carea' id='block_1_34' title="bbox 2224 1298 3818 1369">
    <p class='ocr_par' dir='ltr' id='par_1_34' title="bbox 2224 1298 3818 1369">
     <span class='ocr_line' id='line_1_35' title="bbox 2224 1298 3818 1369; baseline 0.002 -18"><span class='ocrx_word' id='word_1_183' title='bbox 2224 1299 2402 1352; x_wconf 84' lang='lat' dir='ltr'><strong>Zenon</strong></span> <span class='ocrx_word' id='word_1_184' title='bbox 2454 1313 2567 1369; x_wconf 86' lang='lat' dir='ltr'><strong>reg.</strong></span> <span class='ocrx_word' id='word_1_185' title='bbox 2622 1311 2714 1353; x_wconf 90' lang='lat' dir='ltr'><strong>an.</strong></span> <span class='ocrx_word' id='word_1_186' title='bbox 2761 1311 2903 1352; x_wconf 82' lang='lat' dir='ltr'><strong>xvn.</strong></span> <span class='ocrx_word' id='word_1_187' title='bbox 2951 1299 3056 1354; x_wconf 91' lang='lat' dir='ltr'><strong>Per</strong></span> <span class='ocrx_word' id='word_1_188' title='bbox 3109 1298 3256 1354; x_wconf 90' lang='lat' dir='ltr'><strong>idem</strong></span> <span class='ocrx_word' id='word_1_189' title='bbox 3312 1305 3541 1368; x_wconf 87' lang='lat' dir='ltr'><strong>tempus</strong></span> <span class='ocrx_word' id='word_1_190' title='bbox 3604 1313 3818 1369; x_wconf 88' lang='lat' dir='ltr'><strong>corpus</strong></span> 
     </span>
    </p>
   </div>
   <div class='ocr_carea' id='block_1_35' title="bbox 2153 1369 3819 1442">
    <p class='ocr_par' dir='ltr' id='par_1_35' title="bbox 2153 1369 3819 1442">
     <span class='ocr_line' id='line_1_36' title="bbox 2153 1369 3819 1442; baseline 0.001 -19"><span class='ocrx_word' id='word_1_191' title='bbox 2153 1369 2422 1442; x_wconf 65' lang='lat' dir='ltr'><strong>Barnabae</strong></span> <span class='ocrx_word' id='word_1_192' title='bbox 2457 1370 2726 1439; x_wconf 86' lang='lat' dir='ltr'><strong>apostoli,</strong></span> <span class='ocrx_word' id='word_1_193' title='bbox 2754 1375 2810 1424; x_wconf 91' lang='lat' dir='ltr'><strong>et</strong></span> <span class='ocrx_word' id='word_1_194' title='bbox 2835 1369 3204 1442; x_wconf 88' lang='lat' dir='ltr'><strong>Evangelium</strong></span> <span class='ocrx_word' id='word_1_195' title='bbox 3242 1370 3518 1433; x_wconf 74' lang='lat' dir='ltr'><strong>Matthaei,</strong></span> <span class='ocrx_word' id='word_1_196' title='bbox 3555 1371 3684 1440; x_wconf 88' lang='lat' dir='ltr'><strong>ipso</strong></span> <span class='ocrx_word' id='word_1_197' title='bbox 3717 1383 3819 1425; x_wconf 86' lang='lat' dir='ltr'><strong>re—</strong></span> 
     </span>
    </p>
   </div>
   <div class='ocr_carea' id='block_1_36' title="bbox 2153 1440 2845 1510">
    <p class='ocr_par' dir='ltr' id='par_1_36' title="bbox 2153 1440 2845 1510">
     <span class='ocr_line' id='line_1_37' title="bbox 2153 1440 2845 1510; baseline 0 -16"><span class='ocrx_word' id='word_1_198' title='bbox 2153 1440 2392 1509; x_wconf 90' lang='lat' dir='ltr'><strong>velante,</strong></span> <span class='ocrx_word' id='word_1_199' title='bbox 2429 1446 2712 1510; x_wconf 88' lang='lat' dir='ltr'><strong>repertum</strong></span> <span class='ocrx_word' id='word_1_200' title='bbox 2744 1446 2845 1496; x_wconf 91' lang='lat' dir='ltr'><strong>est.</strong></span> 
     </span>
    </p>
   </div>
   <div class='ocr_carea' id='block_1_37' title="bbox 2223 1511 3818 1594">
    <p class='ocr_par' dir='ltr' id='par_1_37' title="bbox 2223 1511 3818 1594">
     <span class='ocr_line' id='line_1_38' title="bbox 2223 1511 3818 1594; baseline 0.002 -30"><span class='ocrx_word' id='word_1_201' title='bbox 2223 1511 2560 1594; x_wconf 67' lang='lat' dir='ltr'><strong>Anastasius</strong></span> <span class='ocrx_word' id='word_1_202' title='bbox 2588 1527 2708 1594; x_wconf 80' lang='lat' dir='ltr'><strong>reg.</strong></span> <span class='ocrx_word' id='word_1_203' title='bbox 2743 1525 2836 1566; x_wconf 89' lang='lat' dir='ltr'><strong>an.</strong></span> <span class='ocrx_word' id='word_1_204' title='bbox 2860 1525 3048 1594; x_wconf 63' lang='lat' dir='ltr'><strong>xxvii.</strong></span> <span class='ocrx_word' id='word_1_205' title='bbox 3079 1513 3157 1594; x_wconf 58' lang='lat'><strong>1:30</strong></span> <span class='ocrx_word' id='word_1_206' title='bbox 3181 1516 3437 1594; x_wconf 48' lang='lat' dir='ltr'><strong>tempere</strong></span> <span class='ocrx_word' id='word_1_207' title='bbox 3469 1511 3818 1594; x_wconf 78' lang='lat' dir='ltr'><strong>Fulgentius</strong></span> 
     </span>
    </p>
   </div>
   <div class='ocr_carea' id='block_1_38' title="bbox 2153 1581 3817 1652">
    <p class='ocr_par' dir='ltr' id='par_1_38' title="bbox 2153 1581 3817 1652">
     <span class='ocr_line' id='line_1_39' title="bbox 2153 1581 3817 1652; baseline 0.001 -16"><span class='ocrx_word' id='word_1_208' title='bbox 2153 1581 2458 1652; x_wconf 87' lang='lat' dir='ltr'><strong>episcopus</strong></span> <span class='ocrx_word' id='word_1_209' title='bbox 2486 1581 2764 1639; x_wconf 69' lang='lat' dir='ltr'><strong>doctrinm</strong></span> <span class='ocrx_word' id='word_1_210' title='bbox 2793 1583 3038 1639; x_wconf 89' lang='lat' dir='ltr'><strong>scientia</strong></span> <span class='ocrx_word' id='word_1_211' title='bbox 3064 1582 3297 1639; x_wconf 88' lang='lat' dir='ltr'><strong>claruit.</strong></span> <span class='ocrx_word' id='word_1_212' title='bbox 3331 1581 3817 1640; x_wconf 54' lang='lat' dir='ltr'><strong>Htereses&#39;multa:</strong></span> 
     </span>
    </p>
   </div>
   <div class='ocr_carea' id='block_1_39' title="bbox 2152 1661 2552 1710">
    <p class='ocr_par' dir='ltr' id='par_1_39' title="bbox 2152 1661 2552 1710">
     <span class='ocr_line' id='line_1_40' title="bbox 2152 1661 2552 1710; baseline 0 -2"><span class='ocrx_word' id='word_1_213' title='bbox 2152 1661 2360 1709; x_wconf 61' lang='lat' dir='ltr'><strong>BXON$</strong></span> <span class='ocrx_word' id='word_1_214' title='bbox 2399 1661 2552 1710; x_wconf 90' lang='lat' dir='ltr'><strong>sunt.</strong></span> 
     </span>
    </p>
   </div>
   <div class='ocr_carea' id='block_1_40' title="bbox 2221 1725 3814 1796">
    <p class='ocr_par' dir='ltr' id='par_1_40' title="bbox 2221 1725 3814 1796">
     <span class='ocr_line' id='line_1_41' title="bbox 2221 1725 3814 1796; baseline 0.001 -17"><span class='ocrx_word' id='word_1_215' title='bbox 2221 1727 2472 1780; x_wconf 79' lang='lat' dir='ltr'><strong>Justinus</strong></span> <span class='ocrx_word' id='word_1_216' title='bbox 2495 1727 2674 1794; x_wconf 84' lang='lat' dir='ltr'><strong>major</strong></span> <span class='ocrx_word' id='word_1_217' title='bbox 2701 1739 2822 1795; x_wconf 85' lang='lat' dir='ltr'><strong>reg.</strong></span> <span class='ocrx_word' id='word_1_218' title='bbox 2856 1738 2948 1781; x_wconf 89' lang='lat' dir='ltr'><strong>an.</strong></span> <span class='ocrx_word' id='word_1_219' title='bbox 2979 1739 3105 1781; x_wconf 79' lang='lat' dir='ltr'><strong>vni.</strong></span> <span class='ocrx_word' id='word_1_220' title='bbox 3140 1727 3250 1782; x_wconf 87' lang='lat' dir='ltr'><strong>Iste</strong></span> <span class='ocrx_word' id='word_1_221' title='bbox 3278 1725 3480 1796; x_wconf 90' lang='lat' dir='ltr'><strong>synodi</strong></span> <span class='ocrx_word' id='word_1_222' title='bbox 3513 1725 3814 1781; x_wconf 84' lang='lat' dir='ltr'><strong>Chalcido-</strong></span> 
     </span>
    </p>
   </div>
   <div class='ocr_carea' id='block_1_41' title="bbox 385 1793 3700 1874">
    <p class='ocr_par' dir='ltr' id='par_1_41' title="bbox 385 1793 3700 1874">
     <span class='ocr_line' id='line_1_42' title="bbox 385 1793 3700 1874; baseline 0.001 -26"><span class='ocrx_word' id='word_1_223' title='bbox 385 1793 566 1874; x_wconf 76' lang='lat' dir='ltr'><strong>illius</strong></span> <span class='ocrx_word' id='word_1_224' title='bbox 581 1793 926 1874; x_wconf 75' lang='lat' dir='ltr'><strong>Christiano</strong></span> <span class='ocrx_word' id='word_1_225' title='bbox 959 1797 1448 1874; x_wconf 28' lang='lat' dir='ltr'><strong>eﬁ‘ecto,‘tandem</strong></span> <span class='ocrx_word' id='word_1_226' title='bbox 1491 1793 1684 1870; x_wconf 78' lang='lat' dir='ltr'><strong>cessit,</strong></span> <span class='ocrx_word' id='word_1_227' title='bbox 1729 1801 2040 1874; x_wconf 78' lang='lat' dir='ltr'><strong>statimque</strong></span> <span class='ocrx_word' id='word_1_228' title='bbox 2071 1815 2122 1874; x_wconf 83' lang='grc' dir='ltr'>Β</span> <span class='ocrx_word' id='word_1_229' title='bbox 2152 1796 2347 1874; x_wconf 73' lang='lat' dir='ltr'><strong>nensis</strong></span> <span class='ocrx_word' id='word_1_230' title='bbox 2369 1793 2618 1874; x_wconf 70' lang='lat' dir='ltr'><strong>amator,</strong></span> <span class='ocrx_word' id='word_1_231' title='bbox 2655 1793 3101 1866; x_wconf 76' lang='lat' dir='ltr'><strong>acephalorumj</strong></span> <span class='ocrx_word' id='word_1_232' title='bbox 3141 1793 3420 1874; x_wconf 63' lang='lat' dir='ltr'><strong>haeresetn</strong></span> <span class='ocrx_word' id='word_1_233' title='bbox 3447 1796 3700 1874; x_wconf 80' lang='lat' dir='ltr'><strong>abdicat.</strong></span> 
     </span>
    </p>
   </div>
   <div class='ocr_carea' id='block_1_42' title="bbox 379 1865 2038 1942">
    <p class='ocr_par' dir='ltr' id='par_1_42' title="bbox 379 1865 2038 1942">
     <span class='ocr_line' id='line_1_43' title="bbox 379 1865 2038 1942; baseline 0.004 -23"><span class='ocrx_word' id='word_1_234' title='bbox 379 1865 730 1942; x_wconf 78' lang='lat' dir='ltr'><strong>Christianis</strong></span> <span class='ocrx_word' id='word_1_235' title='bbox 755 1868 1058 1941; x_wconf 84' lang='lat' dir='ltr'><strong>privilegia</strong></span> <span class='ocrx_word' id='word_1_236' title='bbox 1082 1865 1243 1926; x_wconf 84' lang='lat' dir='ltr'><strong>dedit</strong></span> <span class='ocrx_word' id='word_1_237' title='bbox 1266 1889 1278 1924; x_wconf 90' lang='lat'><strong>:</strong></span> <span class='ocrx_word' id='word_1_238' title='bbox 1306 1869 1590 1927; x_wconf 90' lang='lat' dir='ltr'><strong>idolorum</strong></span> <span class='ocrx_word' id='word_1_239' title='bbox 1616 1865 1826 1942; x_wconf 85' lang='lat' dir='ltr'><strong>templa</strong></span> <span class='ocrx_word' id='word_1_240' title='bbox 1845 1865 2038 1927; x_wconf 83' lang='lat' dir='ltr'><strong>claudi</strong></span> 
     </span>
    </p>
   </div>
   <div class='ocr_carea' id='block_1_43' title="bbox 381 1938 668 2008">
    <p class='ocr_par' dir='ltr' id='par_1_43' title="bbox 381 1938 668 2008">
     <span class='ocr_line' id='line_1_44' title="bbox 381 1938 668 2008; baseline 0.003 -17"><span class='ocrx_word' id='word_1_241' title='bbox 381 1938 668 2008; x_wconf 71' lang='lat' dir='ltr'><strong>prtecepit.</strong></span> 
     </span>
    </p>
   </div>
   <div class='ocr_carea' id='block_1_44' title="bbox 457 2009 2038 2085">
    <p class='ocr_par' dir='ltr' id='par_1_44' title="bbox 457 2009 2038 2085">
     <span class='ocr_line' id='line_1_45' title="bbox 457 2009 2038 2085; baseline 0.006 -25"><span class='ocrx_word' id='word_1_242' title='bbox 457 2009 880 2085; x_wconf 50' lang='lat' dir='ltr'><strong>Yaientinianus</strong></span> <span class='ocrx_word' id='word_1_243' title='bbox 909 2016 966 2067; x_wconf 90' lang='lat' dir='ltr'><strong>et</strong></span> <span class='ocrx_word' id='word_1_244' title='bbox 991 2013 1200 2085; x_wconf 78' lang='lat' dir='ltr'><strong>Valens</strong></span> <span class='ocrx_word' id='word_1_245' title='bbox 1231 2011 1406 2085; x_wconf 78' lang='lat' dir='ltr'><strong>frater</strong></span> <span class='ocrx_word' id='word_1_246' title='bbox 1445 2013 1570 2082; x_wconf 85' lang='lat' dir='ltr'><strong>ejus</strong></span> <span class='ocrx_word' id='word_1_247' title='bbox 1600 2028 1715 2085; x_wconf 83' lang='lat' dir='ltr'><strong>reg.</strong></span> <span class='ocrx_word' id='word_1_248' title='bbox 1749 2027 1840 2068; x_wconf 91' lang='lat' dir='ltr'><strong>an.</strong></span> <span class='ocrx_word' id='word_1_249' title='bbox 1879 2027 2038 2070; x_wconf 78' lang='lat' dir='ltr'><strong>xmt.</strong></span> 
     </span>
    </p>
   </div>
   <div class='ocr_carea' id='block_1_45' title="bbox 379 2077 2034 2156">
    <p class='ocr_par' dir='ltr' id='par_1_45' title="bbox 379 2077 2034 2156">
     <span class='ocr_line' id='line_1_46' title="bbox 379 2077 2034 2156; baseline 0.004 -23"><span class='ocrx_word' id='word_1_250' title='bbox 379 2077 554 2134; x_wconf 90' lang='lat' dir='ltr'><strong>Gothi</strong></span> <span class='ocrx_word' id='word_1_251' title='bbox 583 2079 808 2156; x_wconf 79' lang='lat' dir='ltr'><strong>bifarie</strong></span> <span class='ocrx_word' id='word_1_252' title='bbox 862 2083 936 2156; x_wconf 9' lang='lat' dir='ltr'><strong>in,</strong></span> <span class='ocrx_word' id='word_1_253' title='bbox 969 2084 1320 2156; x_wconf 86' lang='lat' dir='ltr'><strong>Athanarico</strong></span> <span class='ocrx_word' id='word_1_254' title='bbox 1363 2091 1419 2140; x_wconf 90' lang='lat' dir='ltr'><strong>et</strong></span> <span class='ocrx_word' id='word_1_255' title='bbox 1451 2077 1812 2156; x_wconf 69' lang='lat' dir='ltr'><strong>Fridigerno</strong></span> <span class='ocrx_word' id='word_1_256' title='bbox 1859 2085 2034 2140; x_wconf 87' lang='lat' dir='ltr'><strong>divisi</strong></span> 
     </span>
    </p>
   </div>
   <div class='ocr_carea' id='block_1_46' title="bbox 380 2152 2041 2226">
    <p class='ocr_par' dir='ltr' id='par_1_46' title="bbox 380 2152 2041 2226">
     <span class='ocr_line' id='line_1_47' title="bbox 380 2152 2041 2226; baseline 0.004 -22"><span class='ocrx_word' id='word_1_257' title='bbox 380 2152 831 2226; x_wconf 24' lang='lat' dir='ltr'><strong>sunt.‘Alaricus</strong></span> <span class='ocrx_word' id='word_1_258' title='bbox 848 2165 880 2226; x_wconf 58' lang='lat'><strong>9</strong></span> <span class='ocrx_word' id='word_1_259' title='bbox 905 2155 1328 2226; x_wconf 83' lang='lat' dir='ltr'><strong>Fridigernum,</strong></span> <span class='ocrx_word' id='word_1_260' title='bbox 1364 2155 1618 2210; x_wconf 85' lang='lat' dir='ltr'><strong>Valentis</strong></span> <span class='ocrx_word' id='word_1_261' title='bbox 1643 2152 1841 2210; x_wconf 78' lang='lat' dir='ltr'><strong>Ariani</strong></span> <span class='ocrx_word' id='word_1_262' title='bbox 1869 2157 2041 2226; x_wconf 89' lang='lat' dir='ltr'><strong>impe-</strong></span> 
     </span>
    </p>
   </div>
   <div class='ocr_carea' id='block_1_47' title="bbox 382 2221 2035 2297">
    <p class='ocr_par' dir='ltr' id='par_1_47' title="bbox 382 2221 2035 2297">
     <span class='ocr_line' id='line_1_48' title="bbox 382 2221 2035 2297; baseline 0.005 -23"><span class='ocrx_word' id='word_1_263' title='bbox 382 2221 600 2297; x_wconf 80' lang='lat' dir='ltr'><strong>ratoris</strong></span> <span class='ocrx_word' id='word_1_264' title='bbox 631 2223 946 2297; x_wconf 9' lang='lat' dir='ltr'><strong>drauxilio,</strong></span> <span class='ocrx_word' id='word_1_265' title='bbox 993 2221 1228 2296; x_wconf 79' lang='lat' dir='ltr'><strong>superat</strong></span> <span class='ocrx_word' id='word_1_266' title='bbox 1256 2244 1269 2280; x_wconf 89' lang='lat'><strong>:</strong></span> <span class='ocrx_word' id='word_1_267' title='bbox 1299 2221 1372 2282; x_wconf 91' lang='lat' dir='ltr'><strong>ob</strong></span> <span class='ocrx_word' id='word_1_268' title='bbox 1421 2227 1553 2283; x_wconf 90' lang='lat' dir='ltr'><strong>inde</strong></span> <span class='ocrx_word' id='word_1_269' title='bbox 1599 2228 1720 2297; x_wconf 84' lang='lat' dir='ltr'><strong>ipse</strong></span> <span class='ocrx_word' id='word_1_270' title='bbox 1765 2241 1861 2282; x_wconf 87' lang='lat' dir='ltr'><strong>rex</strong></span> <span class='ocrx_word' id='word_1_271' title='bbox 1906 2221 2035 2282; x_wconf 80' lang='lat' dir='ltr'><strong>cum</strong></span> 
     </span>
    </p>
   </div>
   <div class='ocr_carea' id='block_1_48' title="bbox 380 2293 2040 2369">
    <p class='ocr_par' dir='ltr' id='par_1_48' title="bbox 380 2293 2040 2369">
     <span class='ocr_line' id='line_1_49' title="bbox 380 2293 2040 2369; baseline 0.005 -23"><span class='ocrx_word' id='word_1_272' title='bbox 380 2293 535 2369; x_wconf 88' lang='lat' dir='ltr'><strong>omni</strong></span> <span class='ocrx_word' id='word_1_273' title='bbox 561 2295 878 2369; x_wconf 74' lang='lat' dir='ltr'><strong>Gothorum</strong></span> <span class='ocrx_word' id='word_1_274' title='bbox 910 2293 1083 2369; x_wconf 76' lang='lat' dir='ltr'><strong>gente</strong></span> <span class='ocrx_word' id='word_1_275' title='bbox 1102 2297 1356 2369; x_wconf 81' lang='lat' dir='ltr'><strong>Arianus</strong></span> <span class='ocrx_word' id='word_1_276' title='bbox 1387 2311 1488 2368; x_wconf 88' lang='lat' dir='ltr'><strong>per</strong></span> <span class='ocrx_word' id='word_1_277' title='bbox 1515 2293 1808 2354; x_wconf 83' lang='lat' dir='ltr'><strong>Valentem</strong></span> <span class='ocrx_word' id='word_1_278' title='bbox 1853 2299 2040 2368; x_wconf 88' lang='lat' dir='ltr'><strong>impe-</strong></span> 
     </span>
    </p>
   </div>
   <div class='ocr_carea' id='block_1_49' title="bbox 381 2367 2038 2491">
    <p class='ocr_par' dir='ltr' id='par_1_49' title="bbox 381 2367 2038 2491">
     <span class='ocr_line' id='line_1_50' title="bbox 381 2367 2038 2491; baseline 0.005 -73"><span class='ocrx_word' id='word_1_279' title='bbox 381 2367 621 2491; x_wconf 55' lang='grc' dir='ltr'><strong>ἔξιθι-ἕῳ</strong></span> <span class='ocrx_word' id='word_1_280' title='bbox 667 2367 932 2491; x_wconf 50' lang='lat' dir='ltr'><strong>enitar;</strong></span> <span class='ocrx_word' id='word_1_281' title='bbox 979 2368 1192 2425; x_wconf 89' lang='lat' dir='ltr'><strong>Gulﬁla</strong></span> <span class='ocrx_word' id='word_1_282' title='bbox 1230 2367 1428 2424; x_wconf 89' lang='lat' dir='ltr'><strong>eorum</strong></span> <span class='ocrx_word' id='word_1_283' title='bbox 1464 2369 1772 2440; x_wconf 90' lang='lat' dir='ltr'><strong>episcopus</strong></span> <span class='ocrx_word' id='word_1_284' title='bbox 1811 2367 2038 2426; x_wconf 84' lang='lat' dir='ltr'><strong>litteras</strong></span> 
     </span>
     <span class='ocr_line' id='line_1_51' title="bbox 413 2448 806 2491; baseline 0.008 -3"><span class='ocrx_word' id='word_1_285' title='bbox 413 2448 464 2490; x_wconf 75' lang='grc' dir='ltr'>ιε</span> <span class='ocrx_word' id='word_1_286' title='bbox 491 2448 520 2490; x_wconf 76' lang='grc'><strong>3</strong></span> <span class='ocrx_word' id='word_1_287' title='bbox 570 2452 759 2491; x_wconf 90' lang='lat' dir='ltr'><strong>mvem</strong></span> <span class='ocrx_word' id='word_1_288' title='bbox 794 2479 806 2491; x_wconf 91' lang='lat'><strong>.</strong></span> 
     </span>
    </p>
   </div>
   <div class='ocr_carea' id='block_1_50' title="bbox 375 2437 806 2494">
    <p class='ocr_par' dir='ltr' id='par_1_50' title="bbox 375 2437 806 2494">
     <span class='ocr_line' id='line_1_52' title="bbox 375 2437 806 2494; baseline 0.009 -6"><span class='ocrx_word' id='word_1_289' title='bbox 375 2437 464 2490; x_wconf 91' lang='lat' dir='ltr'><strong>eis</strong></span> <span class='ocrx_word' id='word_1_290' title='bbox 491 2437 806 2494; x_wconf 90' lang='lat' dir='ltr'><strong>adinvenit.</strong></span> 
     </span>
    </p>
   </div>
   <div class='ocr_carea' id='block_1_51' title="bbox 449 2505 2028 2582">
    <p class='ocr_par' dir='ltr' id='par_1_51' title="bbox 449 2505 2028 2582">
     <span class='ocr_line' id='line_1_53' title="bbox 449 2505 2028 2582; baseline 0.003 -21"><span class='ocrx_word' id='word_1_291' title='bbox 449 2505 751 2582; x_wconf 65' lang='lat' dir='ltr'><strong>Gratianus</strong></span> <span class='ocrx_word' id='word_1_292' title='bbox 795 2524 924 2582; x_wconf 84' lang='lat' dir='ltr'><strong>cum</strong></span> <span class='ocrx_word' id='word_1_293' title='bbox 971 2508 1148 2566; x_wconf 86' lang='lat' dir='ltr'><strong>fratre</strong></span> <span class='ocrx_word' id='word_1_294' title='bbox 1206 2510 1597 2564; x_wconf 74' lang='lat' dir='ltr'><strong>Valentiniano</strong></span> <span class='ocrx_word' id='word_1_295' title='bbox 1643 2526 1756 2582; x_wconf 77' lang='lat' dir='ltr'><strong>reg.</strong></span> <span class='ocrx_word' id='word_1_296' title='bbox 1807 2526 1898 2566; x_wconf 86' lang='lat' dir='ltr'><strong>an.</strong></span> <span class='ocrx_word' id='word_1_297' title='bbox 1954 2526 2028 2566; x_wconf 74' lang='grc' dir='ltr'>γι.</span> 
     </span>
    </p>
   </div>
   <div class='ocr_carea' id='block_1_52' title="bbox 374 2575 2036 2658">
    <p class='ocr_par' dir='ltr' id='par_1_52' title="bbox 374 2575 2036 2658">
     <span class='ocr_line' id='line_1_54' title="bbox 374 2575 2036 2658; baseline 0.004 -27"><span class='ocrx_word' id='word_1_298' title='bbox 374 2575 716 2658; x_wconf 63' lang='lat' dir='ltr'><strong>Ambrosius</strong></span> <span class='ocrx_word' id='word_1_299' title='bbox 743 2581 1184 2658; x_wconf 75' lang='lat' dir='ltr'><strong>Mediolanensis</strong></span> <span class='ocrx_word' id='word_1_300' title='bbox 1225 2581 1532 2658; x_wconf 81' lang='lat' dir='ltr'><strong>episcopus</strong></span> <span class='ocrx_word' id='word_1_301' title='bbox 1555 2589 1578 2618; x_wconf 83' lang='lat'><strong><em>°</em></strong></span> <span class='ocrx_word' id='word_1_302' title='bbox 1608 2575 1822 2658; x_wconf 74' lang='lat' dir='ltr'><strong>elui-uit</strong></span> <span class='ocrx_word' id='word_1_303' title='bbox 1847 2599 1860 2636; x_wconf 90' lang='lat'><strong>:</strong></span> <span class='ocrx_word' id='word_1_304' title='bbox 1895 2585 2036 2658; x_wconf 68' lang='lat' dir='ltr'><strong>Mar-</strong></span> 
     </span>
    </p>
   </div>
   <div class='ocr_carea' id='block_1_53' title="bbox 373 2651 2036 2723">
    <p class='ocr_par' dir='ltr' id='par_1_53' title="bbox 373 2651 2036 2723">
     <span class='ocr_line' id='line_1_55' title="bbox 373 2651 2036 2723; baseline 0.005 -23"><span class='ocrx_word' id='word_1_305' title='bbox 373 2651 652 2723; x_wconf 80' lang='lat' dir='ltr'><strong>tinusque</strong></span> <span class='ocrx_word' id='word_1_306' title='bbox 673 2652 962 2723; x_wconf 86' lang='lat' dir='ltr'><strong>Turonum</strong></span> <span class='ocrx_word' id='word_1_307' title='bbox 987 2651 1010 2692; x_wconf 66' lang='grc' dir='ltr'>ι’</span> <span class='ocrx_word' id='word_1_308' title='bbox 1035 2651 1236 2707; x_wconf 78' lang='lat' dir='ltr'><strong>Galliae</strong></span> <span class='ocrx_word' id='word_1_309' title='bbox 1257 2653 1514 2708; x_wconf 84' lang='lat' dir='ltr'><strong>civitatis</strong></span> <span class='ocrx_word' id='word_1_310' title='bbox 1537 2653 1842 2723; x_wconf 87' lang='lat' dir='ltr'><strong>episcopus</strong></span> <span class='ocrx_word' id='word_1_311' title='bbox 1867 2655 2036 2709; x_wconf 82' lang='lat' dir='ltr'><strong>mira-</strong></span> 
     </span>
    </p>
   </div>
   <div class='ocr_carea' id='block_1_54' title="bbox 374 2718 1740 2792">
    <p class='ocr_par' dir='ltr' id='par_1_54' title="bbox 374 2718 1740 2792">
     <span class='ocr_line' id='line_1_56' title="bbox 374 2718 1740 2792; baseline 0.003 -20"><span class='ocrx_word' id='word_1_312' title='bbox 374 2718 639 2792; x_wconf 66' lang='lat' dir='ltr'><strong>culorum</strong></span> <span class='ocrx_word' id='word_1_313' title='bbox 671 2723 857 2792; x_wconf 83' lang='lat' dir='ltr'><strong>signis</strong></span> <span class='ocrx_word' id='word_1_314' title='bbox 883 2722 1118 2779; x_wconf 73' lang='lat' dir='ltr'><strong>effulsit.</strong></span> <span class='ocrx_word' id='word_1_315' title='bbox 1575 2718 1588 2722; x_wconf 71' lang='grc'>⁷</span> <span class='ocrx_word' id='word_1_316' title='bbox 1734 2718 1740 2776; x_wconf 77' lang='grc' dir='ltr'>ἶ</span> 
     </span>
    </p>
   </div>
   <div class='ocr_carea' id='block_1_55' title="bbox 444 2786 2028 2865">
    <p class='ocr_par' dir='ltr' id='par_1_55' title="bbox 444 2786 2028 2865">
     <span class='ocr_line' id='line_1_57' title="bbox 444 2786 2028 2865; baseline 0.004 -21"><span class='ocrx_word' id='word_1_317' title='bbox 444 2786 497 2844; x_wconf 91' lang='lat'><strong>7.</strong></span> <span class='ocrx_word' id='word_1_318' title='bbox 541 2786 974 2865; x_wconf 76' lang='lat' dir='ltr'><strong>_Valcntinianus</strong></span> <span class='ocrx_word' id='word_1_319' title='bbox 1027 2809 1158 2850; x_wconf 91' lang='lat' dir='ltr'><strong>cum</strong></span> <span class='ocrx_word' id='word_1_320' title='bbox 1218 2793 1537 2850; x_wconf 86' lang='lat' dir='ltr'><strong>Theodosio</strong></span> <span class='ocrx_word' id='word_1_321' title='bbox 1595 2808 1707 2865; x_wconf 87' lang='lat' dir='ltr'><strong>reg.</strong></span> <span class='ocrx_word' id='word_1_322' title='bbox 1773 2810 1867 2851; x_wconf 89' lang='lat' dir='ltr'><strong>an.</strong></span> <span class='ocrx_word' id='word_1_323' title='bbox 1926 2811 2028 2852; x_wconf 87' lang='lat' dir='ltr'><strong>vn.</strong></span> 
     </span>
    </p>
   </div>
   <div class='ocr_carea' id='block_1_56' title="bbox 371 2859 2032 2942">
    <p class='ocr_par' dir='ltr' id='par_1_56' title="bbox 371 2859 2032 2942">
     <span class='ocr_line' id='line_1_58' title="bbox 371 2859 2032 2942; baseline 0.006 -29"><span class='ocrx_word' id='word_1_324' title='bbox 371 2859 556 2942; x_wconf 66' lang='lat' dir='ltr'><strong>Synod</strong></span> <span class='ocrx_word' id='word_1_325' title='bbox 568 2877 634 2942; x_wconf 78' lang='lat' dir='ltr'><strong>ns</strong></span> <span class='ocrx_word' id='word_1_326' title='bbox 653 2865 1285 2942; x_wconf 83' lang='lat' dir='ltr'><strong>Constantinopolitana</strong></span> <span class='ocrx_word' id='word_1_327' title='bbox 1307 2878 1366 2942; x_wconf 57' lang='lat' dir='ltr'><strong>ci.</strong></span> <span class='ocrx_word' id='word_1_328' title='bbox 1387 2859 1787 2942; x_wconf 70' lang='lat' dir='ltr'><strong>episcoporum</strong></span> <span class='ocrx_word' id='word_1_329' title='bbox 1815 2880 1847 2919; x_wconf 78' lang='grc' dir='ltr'>κ</span> <span class='ocrx_word' id='word_1_330' title='bbox 1871 2867 2032 2942; x_wconf 86' lang='lat' dir='ltr'><strong>colli-</strong></span> 
     </span>
    </p>
   </div>
   <div class='ocr_carea' id='block_1_57' title="bbox 375 2934 2030 3006">
    <p class='ocr_par' dir='ltr' id='par_1_57' title="bbox 375 2934 2030 3006">
     <span class='ocr_line' id='line_1_59' title="bbox 375 2934 2030 3006; baseline 0.006 -20"><span class='ocrx_word' id='word_1_331' title='bbox 375 2934 552 3006; x_wconf 79' lang='lat' dir='ltr'><strong>gitur.</strong></span> <span class='ocrx_word' id='word_1_332' title='bbox 575 2934 910 3006; x_wconf 86' lang='lat' dir='ltr'><strong>Jeronymus</strong></span> <span class='ocrx_word' id='word_1_333' title='bbox 932 2937 1223 3006; x_wconf 84' lang='lat' dir='ltr'><strong>presbyter</strong></span> <span class='ocrx_word' id='word_1_334' title='bbox 1241 2937 1300 2990; x_wconf 89' lang='lat' dir='ltr'><strong>in</strong></span> <span class='ocrx_word' id='word_1_335' title='bbox 1323 2934 1646 2993; x_wconf 55' lang='lat' dir='ltr'><strong>Bethlehe&#39;m</strong></span> <span class='ocrx_word' id='word_1_336' title='bbox 1674 2943 1794 2994; x_wconf 90' lang='lat' dir='ltr'><strong>toto</strong></span> <span class='ocrx_word' id='word_1_337' title='bbox 1817 2941 2030 2996; x_wconf 91' lang='lat' dir='ltr'><strong>mundo</strong></span> 
     </span>
    </p>
   </div>
   <div class='ocr_carea' id='block_1_58' title="bbox 373 3001 858 3063">
    <p class='ocr_par' dir='ltr' id='par_1_58' title="bbox 373 3001 858 3063">
     <span class='ocr_line' id='line_1_60' title="bbox 373 3001 858 3063; baseline 0.01 -7"><span class='ocrx_word' id='word_1_338' title='bbox 373 3001 566 3059; x_wconf 88' lang='lat' dir='ltr'><strong>clarus</strong></span> <span class='ocrx_word' id='word_1_339' title='bbox 595 3001 858 3063; x_wconf 80' lang='lat' dir='ltr'><strong>habetur.</strong></span> 
     </span>
    </p>
   </div>
   <div class='ocr_carea' id='block_1_59' title="bbox 409 3074 2030 3156">
    <p class='ocr_par' dir='ltr' id='par_1_59' title="bbox 409 3074 2030 3156">
     <span class='ocr_line' id='line_1_61' title="bbox 409 3074 2030 3156; baseline 0.005 -26"><span class='ocrx_word' id='word_1_340' title='bbox 409 3074 626 3156; x_wconf 84' lang='lat' dir='ltr'><strong>__Caput</strong></span> <span class='ocrx_word' id='word_1_341' title='bbox 659 3078 898 3156; x_wconf 86' lang='lat' dir='ltr'><strong>Joannis</strong></span> <span class='ocrx_word' id='word_1_342' title='bbox 937 3080 1202 3156; x_wconf 68' lang='lat' dir='ltr'><strong>Baptista!</strong></span> <span class='ocrx_word' id='word_1_343' title='bbox 1237 3080 1794 3156; x_wconf 81' lang='lat' dir='ltr'><strong>Constantinopolim</strong></span> <span class='ocrx_word' id='word_1_344' title='bbox 1829 3083 2030 3150; x_wconf 89' lang='lat' dir='ltr'><strong>perdu-</strong></span> 
     </span>
    </p>
   </div>
   <div class='ocr_carea' id='block_1_60' title="bbox 370 3151 1808 3220">
    <p class='ocr_par' dir='ltr' id='par_1_60' title="bbox 370 3151 1808 3220">
     <span class='ocr_line' id='line_1_62' title="bbox 370 3151 1808 3220; baseline 0.005 -21"><span class='ocrx_word' id='word_1_345' title='bbox 370 3151 545 3220; x_wconf 88' lang='lat' dir='ltr'><strong>cit_ur,</strong></span> <span class='ocrx_word' id='word_1_346' title='bbox 573 3154 630 3220; x_wconf 84' lang='lat' dir='ltr'><strong>et</strong></span> <span class='ocrx_word' id='word_1_347' title='bbox 653 3151 896 3220; x_wconf 89' lang='lat' dir='ltr'><strong>septimo</strong></span> <span class='ocrx_word' id='word_1_348' title='bbox 924 3151 1203 3206; x_wconf 87' lang='lat' dir='ltr'><strong>milliario</strong></span> <span class='ocrx_word' id='word_1_349' title='bbox 1233 3151 1490 3206; x_wconf 88' lang='lat' dir='ltr'><strong>civitatis</strong></span> <span class='ocrx_word' id='word_1_350' title='bbox 1519 3152 1808 3208; x_wconf 89' lang='lat' dir='ltr'><strong>humatur.</strong></span> 
     </span>
    </p>
   </div>
   <div class='ocr_carea' id='block_1_61' title="bbox 440 3218 1920 3288">
    <p class='ocr_par' dir='ltr' id='par_1_61' title="bbox 440 3218 1920 3288">
     <span class='ocr_line' id='line_1_63' title="bbox 440 3218 1920 3288; baseline 0.006 -17"><span class='ocrx_word' id='word_1_351' title='bbox 440 3218 734 3288; x_wconf 81' lang='lat' dir='ltr'><strong>Templum</strong></span> <span class='ocrx_word' id='word_1_352' title='bbox 769 3222 1052 3279; x_wconf 89' lang='lat' dir='ltr'><strong>idolorum</strong></span> <span class='ocrx_word' id='word_1_353' title='bbox 1085 3235 1116 3278; x_wconf 86' lang='lat' dir='ltr'><strong>a</strong></span> <span class='ocrx_word' id='word_1_354' title='bbox 1145 3223 1464 3279; x_wconf 86' lang='lat' dir='ltr'><strong>Theodosio</strong></span> <span class='ocrx_word' id='word_1_355' title='bbox 1493 3223 1850 3280; x_wconf 87' lang='lat' dir='ltr'><strong>subvertitur</strong></span> <span class='ocrx_word' id='word_1_356' title='bbox 1871 3223 1920 3280; x_wconf 83' lang='lat' dir='ltr'><strong>h.</strong></span> 
     </span>
    </p>
   </div>
   <div class='ocr_carea' id='block_1_62' title="bbox 445 3290 1608 3366">
    <p class='ocr_par' dir='ltr' id='par_1_62' title="bbox 445 3290 1608 3366">
     <span class='ocr_line' id='line_1_64' title="bbox 445 3290 1608 3366; baseline 0.006 -24"><span class='ocrx_word' id='word_1_357' title='bbox 445 3290 774 3366; x_wconf 54' lang='lat' dir='ltr'><strong>Theodosius</strong></span> <span class='ocrx_word' id='word_1_358' title='bbox 803 3308 933 3350; x_wconf 92' lang='lat' dir='ltr'><strong>cum</strong></span> <span class='ocrx_word' id='word_1_359' title='bbox 963 3295 1209 3349; x_wconf 84' lang='lat' dir='ltr'><strong>Arcadio</strong></span> <span class='ocrx_word' id='word_1_360' title='bbox 1243 3307 1358 3366; x_wconf 88' lang='lat' dir='ltr'><strong>reg.</strong></span> <span class='ocrx_word' id='word_1_361' title='bbox 1392 3308 1484 3349; x_wconf 90' lang='lat' dir='ltr'><strong>an.</strong></span> <span class='ocrx_word' id='word_1_362' title='bbox 1525 3309 1608 3350; x_wconf 85' lang='grc' dir='ltr'>ιιι.</span> 
     </span>
    </p>
   </div>
   <div class='ocr_carea' id='block_1_63' title="bbox 403 3359 2029 3486">
    <p class='ocr_par' dir='ltr' id='par_1_63' title="bbox 403 3359 2029 3486">
     <span class='ocr_line' id='line_1_65' title="bbox 403 3359 2029 3486; baseline 0.007 -72"><span class='ocrx_word' id='word_1_363' title='bbox 403 3359 736 3486; x_wconf 39' lang='lat' dir='ltr'><strong>laPet-..t&#39;idem</strong></span> <span class='ocrx_word' id='word_1_364' title='bbox 789 3371 1012 3436; x_wconf 90' lang='lat' dir='ltr'><strong>tempus</strong></span> <span class='ocrx_word' id='word_1_365' title='bbox 1054 3359 1680 3422; x_wconf 46' lang='lat' dir='ltr'><strong>Joannes‘anachoreta</strong></span> <span class='ocrx_word' id='word_1_366' title='bbox 1728 3367 2029 3424; x_wconf 89' lang='lat' dir='ltr'><strong>miraculis</strong></span> 
     </span>
     <span class='ocr_line' id='line_1_66' title="bbox 459 3447 594 3486; baseline 0 0"><span class='ocrx_word' id='word_1_367' title='bbox 459 3447 548 3486; x_wconf 77' lang='lat' dir='ltr'><strong>rut</strong></span> <span class='ocrx_word' id='word_1_368' title='bbox 583 3473 594 3486; x_wconf 91' lang='lat'><strong>.</strong></span> 
     </span>
    </p>
   </div>
   <div class='ocr_carea' id='block_1_64' title="bbox 367 3439 594 3488">
    <p class='ocr_par' dir='ltr' id='par_1_64' title="bbox 367 3439 594 3488">
     <span class='ocr_line' id='line_1_67' title="bbox 367 3439 594 3488; baseline 0.009 -2"><span class='ocrx_word' id='word_1_369' title='bbox 367 3439 594 3488; x_wconf 86' lang='lat' dir='ltr'><strong>ctaruit.</strong></span> 
     </span>
    </p>
   </div>
   <div class='ocr_carea' id='block_1_65' title="bbox 436 3504 2028 3579">
    <p class='ocr_par' dir='ltr' id='par_1_65' title="bbox 436 3504 2028 3579">
     <span class='ocr_line' id='line_1_68' title="bbox 436 3504 2028 3579; baseline 0.005 -22"><span class='ocrx_word' id='word_1_370' title='bbox 436 3504 717 3561; x_wconf 83' lang='lat' dir='ltr'><strong>Arcadius</strong></span> <span class='ocrx_word' id='word_1_371' title='bbox 759 3521 888 3564; x_wconf 90' lang='lat' dir='ltr'><strong>cum</strong></span> <span class='ocrx_word' id='word_1_372' title='bbox 930 3507 1106 3562; x_wconf 89' lang='lat' dir='ltr'><strong>fratre</strong></span> <span class='ocrx_word' id='word_1_373' title='bbox 1148 3509 1386 3562; x_wconf 79' lang='lat' dir='ltr'><strong>Honorio</strong></span> <span class='ocrx_word' id='word_1_374' title='bbox 1432 3523 1546 3579; x_wconf 91' lang='lat' dir='ltr'><strong>reg.</strong></span> <span class='ocrx_word' id='word_1_375' title='bbox 1597 3521 1689 3563; x_wconf 90' lang='lat' dir='ltr'><strong>an.</strong></span> <span class='ocrx_word' id='word_1_376' title='bbox 1740 3523 1868 3564; x_wconf 81' lang='lat' dir='ltr'><strong>xm.</strong></span> <span class='ocrx_word' id='word_1_377' title='bbox 1913 3511 2028 3565; x_wconf 90' lang='lat' dir='ltr'><strong>Hoc</strong></span> 
     </span>
    </p>
   </div>
   <div class='ocr_carea' id='block_1_66' title="bbox 369 3577 2026 3700">
    <p class='ocr_par' dir='ltr' id='par_1_66' title="bbox 369 3577 2026 3700">
     <span class='ocr_line' id='line_1_69' title="bbox 369 3577 2026 3700; baseline 0.004 -69"><span class='ocrx_word' id='word_1_378' title='bbox 369 3577 620 3700; x_wconf 45' lang='lat' dir='ltr'><strong>ﬁgpni&#39;e</strong></span> <span class='ocrx_word' id='word_1_379' title='bbox 659 3579 1024 3650; x_wconf 83' lang='lat' dir='ltr'><strong>Augustinus</strong></span> <span class='ocrx_word' id='word_1_380' title='bbox 1083 3579 1393 3649; x_wconf 85' lang='lat' dir='ltr'><strong>episcopus</strong></span> <span class='ocrx_word' id='word_1_381' title='bbox 1443 3577 1722 3634; x_wconf 73' lang='lat' dir='ltr'><strong>doctrinae</strong></span> <span class='ocrx_word' id='word_1_382' title='bbox 1781 3581 2026 3636; x_wconf 90' lang='lat' dir='ltr'><strong>scientia</strong></span> 
     </span>
     <span class='ocr_line' id='line_1_70' title="bbox 493 3662 599 3700; baseline 0 0"><span class='ocrx_word' id='word_1_383' title='bbox 493 3662 530 3700; x_wconf 88' lang='grc' dir='ltr'><strong>ιι</strong></span> <span class='ocrx_word' id='word_1_384' title='bbox 586 3689 599 3700; x_wconf 96' lang='grc'><strong>.</strong></span> 
     </span>
    </p>
   </div>
   <div class='ocr_carea' id='block_1_67' title="bbox 368 3647 599 3703">
    <p class='ocr_par' dir='ltr' id='par_1_67' title="bbox 368 3647 599 3703">
     <span class='ocr_line' id='line_1_71' title="bbox 368 3647 599 3703; baseline 0.022 -5"><span class='ocrx_word' id='word_1_385' title='bbox 368 3647 599 3703; x_wconf 83' lang='lat' dir='ltr'><strong>claruit.</strong></span> 
     </span>
    </p>
   </div>
   <div class='ocr_carea' id='block_1_68' title="bbox 438 3711 2036 3790">
    <p class='ocr_par' dir='ltr' id='par_1_68' title="bbox 438 3711 2036 3790">
     <span class='ocr_line' id='line_1_72' title="bbox 438 3711 2036 3790; baseline 0.004 -18"><span class='ocrx_word' id='word_1_386' title='bbox 438 3718 542 3790; x_wconf 84' lang='lat' dir='ltr'><strong>Per</strong></span> <span class='ocrx_word' id='word_1_387' title='bbox 569 3720 848 3790; x_wconf 10' lang='lat' dir='ltr'><strong>idemitem</strong></span> <span class='ocrx_word' id='word_1_388' title='bbox 861 3736 967 3790; x_wconf 91' lang='lat' dir='ltr'><strong>pus</strong></span> <span class='ocrx_word' id='word_1_389' title='bbox 991 3721 1246 3776; x_wconf 88' lang='lat' dir='ltr'><strong>Donatus</strong></span> <span class='ocrx_word' id='word_1_390' title='bbox 1271 3719 1432 3788; x_wconf 87' lang='lat' dir='ltr'><strong>Epiri</strong></span> <span class='ocrx_word' id='word_1_391' title='bbox 1461 3720 1768 3789; x_wconf 90' lang='lat' dir='ltr'><strong>episcopus</strong></span> <span class='ocrx_word' id='word_1_392' title='bbox 1797 3711 2036 3778; x_wconf 47' lang='lat' dir='ltr'><strong>virtuti?</strong></span> 
     </span>
    </p>
   </div>
   <div class='ocr_carea' id='block_1_69' title="bbox 367 3783 2024 3862">
    <p class='ocr_par' dir='ltr' id='par_1_69' title="bbox 367 3783 2024 3862">
     <span class='ocr_line' id='line_1_73' title="bbox 367 3783 2024 3862; baseline 0.005 -22"><span class='ocrx_word' id='word_1_393' title='bbox 367 3783 478 3842; x_wconf 91' lang='lat' dir='ltr'><strong>bus</strong></span> <span class='ocrx_word' id='word_1_394' title='bbox 516 3788 768 3862; x_wconf 86' lang='lat' dir='ltr'><strong>insignis</strong></span> <span class='ocrx_word' id='word_1_395' title='bbox 801 3783 1042 3862; x_wconf 75' lang='lat' dir='ltr'><strong>habetur</strong></span> <span class='ocrx_word' id='word_1_396' title='bbox 1073 3807 1088 3859; x_wconf 83' lang='lat'><strong>;</strong></span> <span class='ocrx_word' id='word_1_397' title='bbox 1116 3791 1214 3862; x_wconf 84' lang='lat' dir='ltr'><strong>qui</strong></span> <span class='ocrx_word' id='word_1_398' title='bbox 1249 3783 1551 3844; x_wconf 75' lang='lat' dir='ltr'><strong>draconem</strong></span> <span class='ocrx_word' id='word_1_399' title='bbox 1595 3783 1903 3862; x_wconf 80' lang='lat' dir='ltr'><strong>ingentem,</strong></span> <span class='ocrx_word' id='word_1_400' title='bbox 1933 3807 2024 3848; x_wconf 88' lang='lat' dir='ltr'><strong>ex—</strong></span> 
     </span>
    </p>
   </div>
   <div class='ocr_carea' id='block_1_70' title="bbox 367 3859 2023 3934">
    <p class='ocr_par' dir='ltr' id='par_1_70' title="bbox 367 3859 2023 3934">
     <span class='ocr_line' id='line_1_74' title="bbox 367 3859 2023 3934; baseline 0.005 -22"><span class='ocrx_word' id='word_1_401' title='bbox 367 3870 546 3934; x_wconf 78' lang='lat' dir='ltr'><strong>puens</strong></span> <span class='ocrx_word' id='word_1_402' title='bbox 577 3859 774 3934; x_wconf 21' lang='lat' dir='ltr'><strong>iniere</strong></span> <span class='ocrx_word' id='word_1_403' title='bbox 811 3861 958 3934; x_wconf 86' lang='lat' dir='ltr'><strong>ejus,</strong></span> <span class='ocrx_word' id='word_1_404' title='bbox 1005 3860 1243 3934; x_wconf 79' lang='lat' dir='ltr'><strong>necavit,</strong></span> <span class='ocrx_word' id='word_1_405' title='bbox 1281 3873 1447 3929; x_wconf 87' lang='lat' dir='ltr'><strong>quem</strong></span> <span class='ocrx_word' id='word_1_406' title='bbox 1488 3866 1615 3916; x_wconf 91' lang='lat' dir='ltr'><strong>octo</strong></span> <span class='ocrx_word' id='word_1_407' title='bbox 1649 3859 1786 3934; x_wconf 61' lang='lat' dir='ltr'><strong>j&#39;uga</strong></span> <span class='ocrx_word' id='word_1_408' title='bbox 1812 3859 2023 3920; x_wconf 87' lang='lat' dir='ltr'><strong>bobum</strong></span> 
     </span>
    </p>
   </div>
   <div class='ocr_carea' id='block_1_71' title="bbox 365 3927 1589 4001">
    <p class='ocr_par' dir='ltr' id='par_1_71' title="bbox 365 3927 1589 4001">
     <span class='ocr_line' id='line_1_75' title="bbox 365 3927 1589 4001; baseline 0.005 -21"><span class='ocrx_word' id='word_1_409' title='bbox 365 3927 810 4001; x_wconf 14' lang='lat' dir='ltr'><strong>adgincendium</strong></span> <span class='ocrx_word' id='word_1_410' title='bbox 842 3927 952 3986; x_wconf 80' lang='lat' dir='ltr'><strong>vix</strong></span> <span class='ocrx_word' id='word_1_411' title='bbox 995 3927 1240 3986; x_wconf 85' lang='lat' dir='ltr'><strong>trahere</strong></span> <span class='ocrx_word' id='word_1_412' title='bbox 1263 3927 1589 4001; x_wconf 81' lang='lat' dir='ltr'><strong>potuerunt.</strong></span> 
     </span>
    </p>
   </div>
   <div class='ocr_carea' id='block_1_72' title="bbox 435 3999 2024 4071">
    <p class='ocr_par' dir='ltr' id='par_1_72' title="bbox 435 3999 2024 4071">
     <span class='ocr_line' id='line_1_76' title="bbox 435 3999 2024 4071; baseline 0.006 -19"><span class='ocrx_word' id='word_1_413' title='bbox 435 3999 542 4071; x_wconf 91' lang='lat' dir='ltr'><strong>Per</strong></span> <span class='ocrx_word' id='word_1_414' title='bbox 583 4000 731 4057; x_wconf 88' lang='lat' dir='ltr'><strong>idem</strong></span> <span class='ocrx_word' id='word_1_415' title='bbox 773 4007 998 4071; x_wconf 91' lang='lat' dir='ltr'><strong>tempus</strong></span> <span class='ocrx_word' id='word_1_416' title='bbox 1033 3999 1278 4070; x_wconf 82' lang='lat' dir='ltr'><strong>corpora</strong></span> <span class='ocrx_word' id='word_1_417' title='bbox 1312 4009 1640 4058; x_wconf 89' lang='lat' dir='ltr'><strong>sanctorum</strong></span> <span class='ocrx_word' id='word_1_418' title='bbox 1674 4003 1942 4062; x_wconf 87' lang='lat' dir='ltr'><strong>Abbacuc</strong></span> <span class='ocrx_word' id='word_1_419' title='bbox 1966 4009 2024 4062; x_wconf 92' lang='lat' dir='ltr'><strong>et</strong></span> 
     </span>
    </p>
   </div>
   <div class='ocr_carea' id='block_1_73' title="bbox 365 4069 2016 4146">
    <p class='ocr_par' dir='ltr' id='par_1_73' title="bbox 365 4069 2016 4146">
     <span class='ocr_line' id='line_1_77' title="bbox 365 4069 2016 4146; baseline 0.005 -23"><span class='ocrx_word' id='word_1_420' title='bbox 365 4069 610 4146; x_wconf 66' lang='lat' dir='ltr'><strong>Micheae</strong></span> <span class='ocrx_word' id='word_1_421' title='bbox 629 4069 1034 4146; x_wconf 76' lang='lat' dir='ltr'><strong>prophetarum</strong></span> <span class='ocrx_word' id='word_1_422' title='bbox 1065 4069 1263 4128; x_wconf 86' lang='lat' dir='ltr'><strong>divina</strong></span> <span class='ocrx_word' id='word_1_423' title='bbox 1295 4073 1644 4131; x_wconf 90' lang='lat' dir='ltr'><strong>revelatione</strong></span> <span class='ocrx_word' id='word_1_424' title='bbox 1673 4077 2016 4146; x_wconf 90' lang='lat' dir='ltr'><strong>produntur.</strong></span> 
     </span>
    </p>
   </div>
   <div class='ocr_carea' id='block_1_74' title="bbox 434 4141 950 4200">
    <p class='ocr_par' dir='ltr' id='par_1_74' title="bbox 434 4141 950 4200">
     <span class='ocr_line' id='line_1_78' title="bbox 434 4141 950 4200; baseline 0.012 -6"><span class='ocrx_word' id='word_1_425' title='bbox 434 4141 690 4199; x_wconf 90' lang='lat' dir='ltr'><strong>Teufilus</strong></span> <span class='ocrx_word' id='word_1_426' title='bbox 718 4141 950 4200; x_wconf 88' lang='lat' dir='ltr'><strong>claruit.</strong></span> 
     </span>
    </p>
   </div>
   <div class='ocr_carea' id='block_1_75' title="bbox 359 4211 2020 4337">
    <p class='ocr_par' dir='ltr' id='par_1_75' title="bbox 359 4211 2020 4337">
     <span class='ocr_line' id='line_1_79' title="bbox 359 4211 2020 4337; baseline 0.003 -68"><span class='ocrx_word' id='word_1_427' title='bbox 359 4211 614 4337; x_wconf 47' lang='lat' dir='ltr'><strong>distat?</strong></span> <span class='ocrx_word' id='word_1_428' title='bbox 641 4215 884 4287; x_wconf 86' lang='lat' dir='ltr'><strong>Italiam,</strong></span> <span class='ocrx_word' id='word_1_429' title='bbox 915 4215 1182 4271; x_wconf 88' lang='lat' dir='ltr'><strong>Wandali</strong></span> <span class='ocrx_word' id='word_1_430' title='bbox 1205 4220 1378 4287; x_wconf 88' lang='lat' dir='ltr'><strong>atque</strong></span> <span class='ocrx_word' id='word_1_431' title='bbox 1397 4216 1564 4272; x_wconf 86' lang='lat' dir='ltr'><strong>Alani</strong></span> <span class='ocrx_word' id='word_1_432' title='bbox 1587 4217 1808 4274; x_wconf 88' lang='lat' dir='ltr'><strong>Gallias</strong></span> <span class='ocrx_word' id='word_1_433' title='bbox 1827 4231 2020 4290; x_wconf 86' lang='lat' dir='ltr'><strong>aggre-</strong></span> 
     </span>
     <span class='ocr_line' id='line_1_80' title="bbox 578 4302 624 4337; baseline 0 0"><span class='ocrx_word' id='word_1_434' title='bbox 578 4302 624 4337; x_wconf 77' lang='grc' dir='ltr'>ι’.</span> 
     </span>
    </p>
   </div>
   <div class='ocr_carea' id='block_1_76' title="bbox 404 4290 624 4342">
    <p class='ocr_par' dir='ltr' id='par_1_76' title="bbox 404 4290 624 4342">
     <span class='ocr_line' id='line_1_81' title="bbox 404 4290 624 4342; baseline 0.009 -4"><span class='ocrx_word' id='word_1_435' title='bbox 404 4290 624 4342; x_wconf 89' lang='lat' dir='ltr'><strong>iuntur.</strong></span> 
     </span>
    </p>
   </div>
   <div class='ocr_carea' id='block_1_77' title="bbox 431 4353 2017 4424">
    <p class='ocr_par' dir='ltr' id='par_1_77' title="bbox 431 4353 2017 4424">
     <span class='ocr_line' id='line_1_82' title="bbox 431 4353 2017 4424; baseline 0.002 -12"><span class='ocrx_word' id='word_1_436' title='bbox 431 4353 486 4412; x_wconf 88' lang='lat'><strong>8.</strong></span> <span class='ocrx_word' id='word_1_437' title='bbox 531 4359 806 4413; x_wconf 79' lang='lat' dir='ltr'><strong>Honorius</strong></span> <span class='ocrx_word' id='word_1_438' title='bbox 849 4373 980 4414; x_wconf 89' lang='lat' dir='ltr'><strong>cum</strong></span> <span class='ocrx_word' id='word_1_439' title='bbox 1026 4359 1320 4413; x_wconf 81' lang='lat' dir='ltr'><strong>Theodosio</strong></span> <span class='ocrx_word' id='word_1_440' title='bbox 1365 4359 1603 4424; x_wconf 82' lang='lat' dir='ltr'><strong>minore,</strong></span> <span class='ocrx_word' id='word_1_441' title='bbox 1655 4357 1855 4414; x_wconf 83' lang='lat' dir='ltr'><strong>fratris</strong></span> <span class='ocrx_word' id='word_1_442' title='bbox 1896 4359 2017 4416; x_wconf 88' lang='lat' dir='ltr'><strong>ﬁlio</strong></span> 
     </span>
    </p>
   </div>
   <div class='ocr_carea' id='block_1_78' title="bbox 364 4428 2011 4500">
    <p class='ocr_par' dir='ltr' id='par_1_78' title="bbox 364 4428 2011 4500">
     <span class='ocr_line' id='line_1_83' title="bbox 364 4428 2011 4500; baseline 0.001 -18"><span class='ocrx_word' id='word_1_443' title='bbox 364 4439 480 4500; x_wconf 76' lang='lat' dir='ltr'><strong>reg.</strong></span> <span class='ocrx_word' id='word_1_444' title='bbox 503 4442 595 4484; x_wconf 90' lang='lat' dir='ltr'><strong>an.</strong></span> <span class='ocrx_word' id='word_1_445' title='bbox 619 4444 715 4484; x_wconf 85' lang='lat' dir='ltr'><strong>xv.</strong></span> <span class='ocrx_word' id='word_1_446' title='bbox 735 4431 837 4486; x_wconf 86' lang='lat' dir='ltr'><strong>His</strong></span> <span class='ocrx_word' id='word_1_447' title='bbox 861 4428 1277 4500; x_wconf 84' lang='lat' dir='ltr'><strong>imperantibus</strong></span> <span class='ocrx_word' id='word_1_448' title='bbox 1299 4429 1472 4483; x_wconf 88' lang='lat' dir='ltr'><strong>Gothi</strong></span> <span class='ocrx_word' id='word_1_449' title='bbox 1502 4431 1732 4484; x_wconf 76' lang='lat' dir='ltr'><strong>Romam</strong></span> <span class='ocrx_word' id='word_1_450' title='bbox 1753 4430 2011 4500; x_wconf 88' lang='lat' dir='ltr'><strong>capiunt.</strong></span> 
     </span>
    </p>
   </div>
   <div class='ocr_carea' id='block_1_79' title="bbox 359 4498 1938 4572">
    <p class='ocr_par' dir='ltr' id='par_1_79' title="bbox 359 4498 1938 4572">
     <span class='ocr_line' id='line_1_84' title="bbox 359 4498 1938 4572; baseline 0.003 -20"><span class='ocrx_word' id='word_1_451' title='bbox 359 4498 630 4572; x_wconf 81' lang='lat' dir='ltr'><strong>wandali</strong></span> <span class='ocrx_word' id='word_1_452' title='bbox 661 4507 716 4558; x_wconf 94' lang='lat' dir='ltr'><strong>et</strong></span> <span class='ocrx_word' id='word_1_453' title='bbox 745 4498 1141 4572; x_wconf 43' lang='lat' dir='ltr'><strong>Alani,‘atque</strong></span> <span class='ocrx_word' id='word_1_454' title='bbox 1169 4500 1334 4554; x_wconf 88' lang='lat' dir='ltr'><strong>Suevi</strong></span> <span class='ocrx_word' id='word_1_455' title='bbox 1367 4500 1608 4572; x_wconf 73' lang='lat' dir='ltr'><strong>Spanius</strong></span> <span class='ocrx_word' id='word_1_456' title='bbox 1637 4498 1938 4570; x_wconf 85' lang='lat' dir='ltr'><strong>occupant.</strong></span> 
     </span>
    </p>
   </div>
   <div class='ocr_carea' id='block_1_80' title="bbox 2224 1863 3816 1938">
    <p class='ocr_par' dir='ltr' id='par_1_80' title="bbox 2224 1863 3816 1938">
     <span class='ocr_line' id='line_1_85' title="bbox 2224 1863 3816 1938; baseline 0.001 -16"><span class='ocrx_word' id='word_1_457' title='bbox 2224 1863 2306 1922; x_wconf 72' lang='grc'><strong>40.</strong></span> <span class='ocrx_word' id='word_1_458' title='bbox 2355 1863 2704 1922; x_wconf 75' lang='lat' dir='ltr'><strong>Justiniahus</strong></span> <span class='ocrx_word' id='word_1_459' title='bbox 2745 1863 2858 1938; x_wconf 77' lang='lat' dir='ltr'><strong>reg.</strong></span> <span class='ocrx_word' id='word_1_460' title='bbox 2902 1882 2996 1922; x_wconf 90' lang='lat' dir='ltr'><strong>an.</strong></span> <span class='ocrx_word' id='word_1_461' title='bbox 3037 1881 3308 1923; x_wconf 80' lang='lat' dir='ltr'><strong>xxxvnn.</strong></span> <span class='ocrx_word' id='word_1_462' title='bbox 3351 1869 3461 1922; x_wconf 89' lang='lat' dir='ltr'><strong>Iste</strong></span> <span class='ocrx_word' id='word_1_463' title='bbox 3497 1867 3816 1936; x_wconf 55' lang='lat' dir='ltr'><strong>acephalor</strong></span> 
     </span>
    </p>
   </div>
   <div class='ocr_carea' id='block_1_81' title="bbox 2152 1938 3815 2010">
    <p class='ocr_par' dir='ltr' id='par_1_81' title="bbox 2152 1938 3815 2010">
     <span class='ocr_line' id='line_1_86' title="bbox 2152 1938 3815 2010; baseline 0.001 -17"><span class='ocrx_word' id='word_1_464' title='bbox 2152 1953 2276 1994; x_wconf 90' lang='lat' dir='ltr'><strong>rum</strong></span> <span class='ocrx_word' id='word_1_465' title='bbox 2321 1939 2588 1995; x_wconf 73' lang='lat' dir='ltr'><strong>haeresem</strong></span> <span class='ocrx_word' id='word_1_466' title='bbox 2635 1939 2960 2008; x_wconf 88' lang='lat' dir='ltr'><strong>suscipiens</strong></span> <span class='ocrx_word' id='word_1_467' title='bbox 2998 1939 3298 2010; x_wconf 89' lang='lat' dir='ltr'><strong>episcopos</strong></span> <span class='ocrx_word' id='word_1_468' title='bbox 3332 1938 3815 1994; x_wconf 78' lang='lat' dir='ltr'><strong>Chalcidonensis</strong></span> 
     </span>
    </p>
   </div>
   <div class='ocr_carea' id='block_1_82' title="bbox 2149 2010 3088 2066">
    <p class='ocr_par' dir='ltr' id='par_1_82' title="bbox 2149 2010 3088 2066">
     <span class='ocr_line' id='line_1_87' title="bbox 2149 2010 3088 2066; baseline -0.002 -1"><span class='ocrx_word' id='word_1_469' title='bbox 2149 2010 2386 2066; x_wconf 89' lang='lat' dir='ltr'><strong>concilii</strong></span> <span class='ocrx_word' id='word_1_470' title='bbox 2417 2017 2700 2066; x_wconf 89' lang='lat' dir='ltr'><strong>amatores</strong></span> <span class='ocrx_word' id='word_1_471' title='bbox 2728 2011 3088 2065; x_wconf 90' lang='lat' dir='ltr'><strong>condemnat.</strong></span> 
     </span>
    </p>
   </div>
   <div class='ocr_carea' id='block_1_83' title="bbox 2218 2081 3812 2150">
    <p class='ocr_par' dir='ltr' id='par_1_83' title="bbox 2218 2081 3812 2150">
     <span class='ocr_line' id='line_1_88' title="bbox 2218 2081 3812 2150; baseline 0.001 -14"><span class='ocrx_word' id='word_1_472' title='bbox 2218 2083 2280 2136; x_wconf 89' lang='lat' dir='ltr'><strong>In</strong></span> <span class='ocrx_word' id='word_1_473' title='bbox 2304 2081 2495 2136; x_wconf 83' lang='lat' dir='ltr'><strong>Africa</strong></span> <span class='ocrx_word' id='word_1_474' title='bbox 2520 2081 2788 2136; x_wconf 84' lang='lat' dir='ltr'><strong>Wandali</strong></span> <span class='ocrx_word' id='word_1_475' title='bbox 2816 2095 2916 2150; x_wconf 92' lang='lat' dir='ltr'><strong>per</strong></span> <span class='ocrx_word' id='word_1_476' title='bbox 2950 2081 3297 2137; x_wconf 88' lang='lat' dir='ltr'><strong>Belesarium</strong></span> <span class='ocrx_word' id='word_1_477' title='bbox 3328 2081 3646 2150; x_wconf 85' lang='lat' dir='ltr'><strong>patricium</strong></span> <span class='ocrx_word' id='word_1_478' title='bbox 3691 2082 3812 2138; x_wconf 83' lang='lat' dir='ltr'><strong>Bo—</strong></span> 
     </span>
    </p>
   </div>
   <div class='ocr_carea' id='block_1_84' title="bbox 2149 2152 2874 2209">
    <p class='ocr_par' dir='ltr' id='par_1_84' title="bbox 2149 2152 2874 2209">
     <span class='ocr_line' id='line_1_89' title="bbox 2149 2152 2874 2209; baseline 0 -3"><span class='ocrx_word' id='word_1_479' title='bbox 2149 2165 2378 2209; x_wconf 88' lang='lat' dir='ltr'><strong>manum</strong></span> <span class='ocrx_word' id='word_1_480' title='bbox 2411 2152 2682 2208; x_wconf 84' lang='lat' dir='ltr'><strong>exstincti</strong></span> <span class='ocrx_word' id='word_1_481' title='bbox 2720 2159 2874 2208; x_wconf 91' lang='lat' dir='ltr'><strong>sunt.</strong></span> 
     </span>
    </p>
   </div>
   <div class='ocr_carea' id='block_1_85' title="bbox 2134 2223 3814 2295">
    <p class='ocr_par' dir='ltr' id='par_1_85' title="bbox 2134 2223 3814 2295">
     <span class='ocr_line' id='line_1_90' title="bbox 2134 2223 3814 2295; baseline 0.003 -19"><span class='ocrx_word' id='word_1_482' title='bbox 2218 2225 2280 2278; x_wconf 90' lang='lat' dir='ltr'><strong>In</strong></span> <span class='ocrx_word' id='word_1_483' title='bbox 2327 2223 2494 2278; x_wconf 86' lang='lat' dir='ltr'><strong>Italia</strong></span> <span class='ocrx_word' id='word_1_484' title='bbox 2537 2237 2765 2294; x_wconf 90' lang='lat' dir='ltr'><strong>quoque</strong></span> <span class='ocrx_word' id='word_1_485' title='bbox 2811 2223 2988 2278; x_wconf 88' lang='lat' dir='ltr'><strong>Attila</strong></span> <span class='ocrx_word' id='word_1_486' title='bbox 3037 2223 3517 2295; x_wconf 84' lang='lat' dir='ltr'><strong>Ostrogothorum</strong></span> <span class='ocrx_word' id='word_1_487' title='bbox 3552 2239 3590 2280; x_wconf 90' lang='lat' dir='ltr'><strong>a</strong></span> <span class='ocrx_word' id='word_1_488' title='bbox 3627 2226 3814 2281; x_wconf 88' lang='lat' dir='ltr'><strong>Narse</strong></span> 
     </span>
    </p>
   </div>
   <div class='ocr_carea' id='block_1_86' title="bbox 2147 2293 3236 2364">
    <p class='ocr_par' dir='ltr' id='par_1_86' title="bbox 2147 2293 3236 2364">
     <span class='ocr_line' id='line_1_91' title="bbox 2147 2293 3236 2364; baseline 0.006 -17"><span class='ocrx_word' id='word_1_489' title='bbox 2147 2293 2400 2351; x_wconf 82' lang='lat' dir='ltr'><strong>Romano</strong></span> <span class='ocrx_word' id='word_1_490' title='bbox 2441 2293 2687 2364; x_wconf 86' lang='lat' dir='ltr'><strong>patricio</strong></span> <span class='ocrx_word' id='word_1_491' title='bbox 2722 2301 3047 2363; x_wconf 90' lang='lat' dir='ltr'><strong>superatur.</strong></span> <span class='ocrx_word' id='word_1_492' title='bbox 3219 2293 3236 2354; x_wconf 68' lang='grc' dir='ltr'><strong>ἶ</strong></span> 
     </span>
    </p>
   </div>
   <div class='ocr_carea' id='block_1_87' title="bbox 2191 2363 3814 2448">
    <p class='ocr_par' dir='ltr' id='par_1_87' title="bbox 2191 2363 3814 2448">
     <span class='ocr_line' id='line_1_92' title="bbox 2191 2363 3814 2448; baseline 0.001 -28"><span class='ocrx_word' id='word_1_493' title='bbox 2191 2363 2518 2448; x_wconf 82' lang='lat' dir='ltr'><strong>_In_Spania</strong></span> <span class='ocrx_word' id='word_1_494' title='bbox 2546 2365 2876 2436; x_wconf 88' lang='lat' dir='ltr'><strong>Attanagild</strong></span> <span class='ocrx_word' id='word_1_495' title='bbox 2888 2381 2954 2422; x_wconf 92' lang='lat' dir='ltr'><strong>us</strong></span> <span class='ocrx_word' id='word_1_496' title='bbox 2972 2365 3202 2438; x_wconf 88' lang='lat' dir='ltr'><strong>Agilani</strong></span> <span class='ocrx_word' id='word_1_497' title='bbox 3226 2365 3534 2436; x_wconf 87' lang='lat' dir='ltr'><strong>imperium</strong></span> <span class='ocrx_word' id='word_1_498' title='bbox 3559 2363 3593 2406; x_wconf 73' lang='grc' dir='ltr'><strong>ιι</strong></span> <span class='ocrx_word' id='word_1_499' title='bbox 3623 2373 3814 2435; x_wconf 85' lang='lat' dir='ltr'><strong>tyran-</strong></span> 
     </span>
    </p>
   </div>
   <div class='ocr_carea' id='block_1_88' title="bbox 2146 2444 2320 2494">
    <p class='ocr_par' dir='ltr' id='par_1_88' title="bbox 2146 2444 2320 2494">
     <span class='ocr_line' id='line_1_93' title="bbox 2146 2444 2320 2494; baseline 0.011 -4"><span class='ocrx_word' id='word_1_500' title='bbox 2146 2444 2320 2494; x_wconf 86' lang='lat' dir='ltr'><strong>nizat.</strong></span> 
     </span>
    </p>
   </div>
   <div class='ocr_carea' id='block_1_89' title="bbox 2216 2508 3812 2578">
    <p class='ocr_par' dir='ltr' id='par_1_89' title="bbox 2216 2508 3812 2578">
     <span class='ocr_line' id='line_1_94' title="bbox 2216 2508 3812 2578; baseline 0 -14"><span class='ocrx_word' id='word_1_501' title='bbox 2216 2510 2321 2564; x_wconf 92' lang='lat' dir='ltr'><strong>Per</strong></span> <span class='ocrx_word' id='word_1_502' title='bbox 2347 2509 2496 2565; x_wconf 90' lang='lat' dir='ltr'><strong>idem</strong></span> <span class='ocrx_word' id='word_1_503' title='bbox 2535 2515 2760 2578; x_wconf 91' lang='lat' dir='ltr'><strong>tempus</strong></span> <span class='ocrx_word' id='word_1_504' title='bbox 2784 2523 2994 2578; x_wconf 90' lang='lat' dir='ltr'><strong>corpus</strong></span> <span class='ocrx_word' id='word_1_505' title='bbox 3019 2509 3202 2564; x_wconf 88' lang='lat' dir='ltr'><strong>sancti</strong></span> <span class='ocrx_word' id='word_1_506' title='bbox 3235 2508 3472 2564; x_wconf 84' lang='lat' dir='ltr'><strong>Antonii</strong></span> <span class='ocrx_word' id='word_1_507' title='bbox 3509 2509 3812 2578; x_wconf 87' lang='lat' dir='ltr'><strong>monachi,</strong></span> 
     </span>
    </p>
   </div>
   <div class='ocr_carea' id='block_1_90' title="bbox 2143 2579 3813 2650">
    <p class='ocr_par' dir='ltr' id='par_1_90' title="bbox 2143 2579 3813 2650">
     <span class='ocr_line' id='line_1_95' title="bbox 2143 2579 3813 2650; baseline 0 -14"><span class='ocrx_word' id='word_1_508' title='bbox 2143 2581 2342 2636; x_wconf 87' lang='lat' dir='ltr'><strong>divina</strong></span> <span class='ocrx_word' id='word_1_509' title='bbox 2374 2581 2718 2636; x_wconf 87' lang='lat' dir='ltr'><strong>revelatione</strong></span> <span class='ocrx_word' id='word_1_510' title='bbox 2747 2587 3054 2649; x_wconf 83' lang='lat' dir='ltr'><strong>repertum,</strong></span> <span class='ocrx_word' id='word_1_511' title='bbox 3085 2579 3490 2636; x_wconf 81' lang='lat' dir='ltr'><strong>Alexandriam</strong></span> <span class='ocrx_word' id='word_1_512' title='bbox 3525 2581 3813 2650; x_wconf 81' lang='lat' dir='ltr'><strong>perduci-</strong></span> 
     </span>
    </p>
   </div>
   <div class='ocr_carea' id='block_1_91' title="bbox 2143 2651 3510 2723">
    <p class='ocr_par' dir='ltr' id='par_1_91' title="bbox 2143 2651 3510 2723">
     <span class='ocr_line' id='line_1_96' title="bbox 2143 2651 3510 2723; baseline -0.001 -17"><span class='ocrx_word' id='word_1_513' title='bbox 2143 2660 2260 2723; x_wconf 93' lang='lat' dir='ltr'><strong>tur,</strong></span> <span class='ocrx_word' id='word_1_514' title='bbox 2290 2657 2346 2706; x_wconf 89' lang='lat' dir='ltr'><strong>et</strong></span> <span class='ocrx_word' id='word_1_515' title='bbox 2379 2652 2436 2706; x_wconf 91' lang='lat' dir='ltr'><strong>in</strong></span> <span class='ocrx_word' id='word_1_516' title='bbox 2471 2651 2710 2707; x_wconf 86' lang='lat' dir='ltr'><strong>ecclesia</strong></span> <span class='ocrx_word' id='word_1_517' title='bbox 2741 2651 2922 2706; x_wconf 89' lang='lat' dir='ltr'><strong>sancti</strong></span> <span class='ocrx_word' id='word_1_518' title='bbox 2953 2652 3190 2706; x_wconf 85' lang='lat' dir='ltr'><strong>Joannis</strong></span> <span class='ocrx_word' id='word_1_519' title='bbox 3221 2651 3510 2707; x_wconf 85' lang='lat' dir='ltr'><strong>humatur.</strong></span> 
     </span>
    </p>
   </div>
   <div class='ocr_carea' id='block_1_92' title="bbox 2212 2723 3812 2792">
    <p class='ocr_par' dir='ltr' id='par_1_92' title="bbox 2212 2723 3812 2792">
     <span class='ocr_line' id='line_1_97' title="bbox 2212 2723 3812 2792; baseline 0.001 -16"><span class='ocrx_word' id='word_1_520' title='bbox 2212 2725 2464 2776; x_wconf 82' lang='lat' dir='ltr'><strong>Justinus</strong></span> <span class='ocrx_word' id='word_1_521' title='bbox 2503 2725 2683 2777; x_wconf 77' lang='lat' dir='ltr'><strong>minor</strong></span> <span class='ocrx_word' id='word_1_522' title='bbox 2722 2736 2839 2789; x_wconf 79' lang='lat' dir='ltr'><strong>reg.</strong></span> <span class='ocrx_word' id='word_1_523' title='bbox 2879 2735 2973 2777; x_wconf 91' lang='lat' dir='ltr'><strong>an.</strong></span> <span class='ocrx_word' id='word_1_524' title='bbox 3007 2737 3087 2778; x_wconf 79' lang='grc' dir='ltr'>ιιι.</span> <span class='ocrx_word' id='word_1_525' title='bbox 3120 2725 3232 2778; x_wconf 83' lang='lat' dir='ltr'><strong>iste</strong></span> <span class='ocrx_word' id='word_1_526' title='bbox 3256 2735 3318 2778; x_wconf 89' lang='lat' dir='ltr'><strong>ea</strong></span> <span class='ocrx_word' id='word_1_527' title='bbox 3359 2736 3486 2792; x_wconf 65' lang='lat' dir='ltr'><strong>quae</strong></span> <span class='ocrx_word' id='word_1_528' title='bbox 3523 2723 3812 2778; x_wconf 87' lang='lat' dir='ltr'><strong>adversus</strong></span> 
     </span>
    </p>
   </div>
   <div class='ocr_carea' id='block_1_93' title="bbox 2139 2793 3814 2860">
    <p class='ocr_par' dir='ltr' id='par_1_93' title="bbox 2139 2793 3814 2860">
     <span class='ocr_line' id='line_1_98' title="bbox 2139 2793 3814 2860; baseline 0.001 -12"><span class='ocrx_word' id='word_1_529' title='bbox 2139 2793 2592 2850; x_wconf 88' lang='lat' dir='ltr'><strong>Chalcidonense</strong></span> <span class='ocrx_word' id='word_1_530' title='bbox 2619 2793 2934 2850; x_wconf 73' lang='lat' dir='ltr'><strong>comitium</strong></span> <span class='ocrx_word' id='word_1_531' title='bbox 2963 2793 3187 2848; x_wconf 79' lang='lat' dir='ltr'><strong>fuerant</strong></span> <span class='ocrx_word' id='word_1_532' title='bbox 3209 2794 3362 2848; x_wconf 88' lang='lat' dir='ltr'><strong>edita</strong></span> <span class='ocrx_word' id='word_1_533' title='bbox 3386 2794 3728 2860; x_wconf 84' lang='lat' dir='ltr'><strong>destruxit;</strong></span> <span class='ocrx_word' id='word_1_534' title='bbox 3754 2801 3814 2850; x_wconf 89' lang='lat' dir='ltr'><strong>et</strong></span> 
     </span>
    </p>
   </div>
   <div class='ocr_carea' id='block_1_94' title="bbox 2136 2865 3810 2936">
    <p class='ocr_par' dir='ltr' id='par_1_94' title="bbox 2136 2865 3810 2936">
     <span class='ocr_line' id='line_1_99' title="bbox 2136 2865 3810 2936; baseline 0.001 -17"><span class='ocrx_word' id='word_1_535' title='bbox 2136 2865 2464 2936; x_wconf 86' lang='lat' dir='ltr'><strong>Symbolum</strong></span> <span class='ocrx_word' id='word_1_536' title='bbox 2486 2879 2547 2919; x_wconf 87' lang='lat' dir='ltr'><strong>CL</strong></span> <span class='ocrx_word' id='word_1_537' title='bbox 2571 2867 2797 2920; x_wconf 81' lang='lat' dir='ltr'><strong>Patrum</strong></span> <span class='ocrx_word' id='word_1_538' title='bbox 2820 2869 3069 2934; x_wconf 89' lang='lat' dir='ltr'><strong>tempore</strong></span> <span class='ocrx_word' id='word_1_539' title='bbox 3090 2865 3360 2921; x_wconf 84' lang='lat' dir='ltr'><strong>sacrificii</strong></span> <span class='ocrx_word' id='word_1_540' title='bbox 3377 2865 3810 2922; x_wconf 87' lang='lat' dir='ltr'><strong>concinendum</strong></span> 
     </span>
    </p>
   </div>
   <div class='ocr_carea' id='block_1_95' title="bbox 2139 2936 2745 3006">
    <p class='ocr_par' dir='ltr' id='par_1_95' title="bbox 2139 2936 2745 3006">
     <span class='ocr_line' id='line_1_100' title="bbox 2139 2936 2745 3006; baseline -0.003 -15"><span class='ocrx_word' id='word_1_541' title='bbox 2139 2949 2172 2991; x_wconf 90' lang='lat' dir='ltr'><strong>a</strong></span> <span class='ocrx_word' id='word_1_542' title='bbox 2202 2936 2414 3006; x_wconf 90' lang='lat' dir='ltr'><strong>populo</strong></span> <span class='ocrx_word' id='word_1_543' title='bbox 2451 2937 2745 3006; x_wconf 69' lang='lat' dir='ltr'><strong>praecepit.</strong></span> 
     </span>
    </p>
   </div>
   <div class='ocr_carea' id='block_1_96' title="bbox 2209 3006 3809 3077">
    <p class='ocr_par' dir='ltr' id='par_1_96' title="bbox 2209 3006 3809 3077">
     <span class='ocr_line' id='line_1_101' title="bbox 2209 3006 3809 3077; baseline -0.001 -15"><span class='ocrx_word' id='word_1_544' title='bbox 2209 3008 2442 3062; x_wconf 88' lang='lat' dir='ltr'><strong>Armeni</strong></span> <span class='ocrx_word' id='word_1_545' title='bbox 2492 3014 2628 3063; x_wconf 90' lang='lat' dir='ltr'><strong>tunc</strong></span> <span class='ocrx_word' id='word_1_546' title='bbox 2671 3007 2918 3077; x_wconf 90' lang='lat' dir='ltr'><strong>primum</strong></span> <span class='ocrx_word' id='word_1_547' title='bbox 2967 3006 3132 3062; x_wconf 84' lang='lat' dir='ltr'><strong>fidem</strong></span> <span class='ocrx_word' id='word_1_548' title='bbox 3181 3006 3399 3062; x_wconf 88' lang='lat' dir='ltr'><strong>Christi</strong></span> <span class='ocrx_word' id='word_1_549' title='bbox 3440 3007 3809 3076; x_wconf 89' lang='lat' dir='ltr'><strong>suscipiunt.</strong></span> 
     </span>
    </p>
   </div>
   <div class='ocr_carea' id='block_1_97' title="bbox 2211 3077 3811 3149">
    <p class='ocr_par' dir='ltr' id='par_1_97' title="bbox 2211 3077 3811 3149">
     <span class='ocr_line' id='line_1_102' title="bbox 2211 3077 3811 3149; baseline 0.001 -16"><span class='ocrx_word' id='word_1_550' title='bbox 2211 3079 2315 3133; x_wconf 88' lang='lat' dir='ltr'><strong>Per</strong></span> <span class='ocrx_word' id='word_1_551' title='bbox 2347 3080 2495 3134; x_wconf 91' lang='lat' dir='ltr'><strong>idem</strong></span> <span class='ocrx_word' id='word_1_552' title='bbox 2521 3085 2744 3148; x_wconf 89' lang='lat' dir='ltr'><strong>tempus</strong></span> <span class='ocrx_word' id='word_1_553' title='bbox 2765 3077 3048 3132; x_wconf 82' lang='lat' dir='ltr'><strong>Martinus</strong></span> <span class='ocrx_word' id='word_1_554' title='bbox 3079 3077 3444 3133; x_wconf 89' lang='lat' dir='ltr'><strong>Bracarensis</strong></span> <span class='ocrx_word' id='word_1_555' title='bbox 3468 3079 3811 3149; x_wconf 83' lang='lat' dir='ltr'><strong>episcopus,</strong></span> 
     </span>
    </p>
   </div>
   <div class='ocr_carea' id='block_1_98' title="bbox 2060 3149 3812 3228">
    <p class='ocr_par' dir='ltr' id='par_1_98' title="bbox 2060 3149 3812 3228">
     <span class='ocr_line' id='line_1_103' title="bbox 2060 3149 3812 3228; baseline 0 -24"><span class='ocrx_word' id='word_1_556' title='bbox 2060 3167 2107 3228; x_wconf 73' lang='grc' dir='ltr'>ο</span> <span class='ocrx_word' id='word_1_557' title='bbox 2139 3151 2288 3228; x_wconf 78' lang='lat' dir='ltr'><strong>apud</strong></span> <span class='ocrx_word' id='word_1_558' title='bbox 2316 3149 2650 3228; x_wconf 66' lang='lat' dir='ltr'><strong>Gallzeciatn</strong></span> <span class='ocrx_word' id='word_1_559' title='bbox 2671 3149 2976 3218; x_wconf 88' lang='lat' dir='ltr'><strong>prudentia</strong></span> <span class='ocrx_word' id='word_1_560' title='bbox 2999 3149 3298 3205; x_wconf 69' lang='lat' dir='ltr'><strong>catholica:</strong></span> <span class='ocrx_word' id='word_1_561' title='bbox 3324 3149 3456 3204; x_wconf 90' lang='lat' dir='ltr'><strong>fidei</strong></span> <span class='ocrx_word' id='word_1_562' title='bbox 3484 3150 3686 3204; x_wconf 88' lang='lat' dir='ltr'><strong>clarus</strong></span> <span class='ocrx_word' id='word_1_563' title='bbox 3710 3151 3812 3206; x_wconf 87' lang='lat' dir='ltr'><strong>ha-</strong></span> 
     </span>
    </p>
   </div>
   <div class='ocr_carea' id='block_1_99' title="bbox 2139 3220 2951 3291">
    <p class='ocr_par' dir='ltr' id='par_1_99' title="bbox 2139 3220 2951 3291">
     <span class='ocr_line' id='line_1_104' title="bbox 2139 3220 2951 3291; baseline -0.004 -15"><span class='ocrx_word' id='word_1_564' title='bbox 2139 3220 2308 3291; x_wconf 90' lang='lat' dir='ltr'><strong>betur</strong></span> <span class='ocrx_word' id='word_1_565' title='bbox 2338 3228 2588 3291; x_wconf 90' lang='lat' dir='ltr'><strong>tempore</strong></span> <span class='ocrx_word' id='word_1_566' title='bbox 2619 3223 2951 3276; x_wconf 89' lang='lat' dir='ltr'><strong>Suevorum.</strong></span> 
     </span>
    </p>
   </div>
   <div class='ocr_carea' id='block_1_100' title="bbox 2214 3289 3807 3363">
    <p class='ocr_par' dir='ltr' id='par_1_100' title="bbox 2214 3289 3807 3363">
     <span class='ocr_line' id='line_1_105' title="bbox 2214 3289 3807 3363; baseline 0.001 -18"><span class='ocrx_word' id='word_1_567' title='bbox 2214 3289 2296 3346; x_wconf 76' lang='lat' dir='ltr'><strong>tt.</strong></span> <span class='ocrx_word' id='word_1_568' title='bbox 2337 3289 2585 3346; x_wconf 61' lang='lat' dir='ltr'><strong>Tiberius</strong></span> <span class='ocrx_word' id='word_1_569' title='bbox 2608 3306 2722 3363; x_wconf 88' lang='lat' dir='ltr'><strong>reg.</strong></span> <span class='ocrx_word' id='word_1_570' title='bbox 2756 3305 2846 3346; x_wconf 89' lang='lat' dir='ltr'><strong>an.</strong></span> <span class='ocrx_word' id='word_1_571' title='bbox 2884 3303 2983 3346; x_wconf 84' lang='lat' dir='ltr'><strong>vn.</strong></span> <span class='ocrx_word' id='word_1_572' title='bbox 3013 3291 3390 3363; x_wconf 90' lang='lat' dir='ltr'><strong>Longobardi,</strong></span> <span class='ocrx_word' id='word_1_573' title='bbox 3414 3292 3592 3347; x_wconf 87' lang='lat' dir='ltr'><strong>Roma</strong></span> <span class='ocrx_word' id='word_1_574' title='bbox 3618 3292 3807 3362; x_wconf 84' lang='lat' dir='ltr'><strong>pulsi,</strong></span> 
     </span>
    </p>
   </div>
   <div class='ocr_carea' id='block_1_101' title="bbox 2138 3363 2634 3419">
    <p class='ocr_par' dir='ltr' id='par_1_101' title="bbox 2138 3363 2634 3419">
     <span class='ocr_line' id='line_1_106' title="bbox 2138 3363 2634 3419; baseline -0.002 -2"><span class='ocrx_word' id='word_1_575' title='bbox 2138 3363 2358 3418; x_wconf 86' lang='lat' dir='ltr'><strong>Italiam</strong></span> <span class='ocrx_word' id='word_1_576' title='bbox 2396 3364 2634 3419; x_wconf 88' lang='lat' dir='ltr'><strong>adeunt.</strong></span> 
     </span>
    </p>
   </div>
   <div class='ocr_carea' id='block_1_102' title="bbox 2207 3433 3808 3506">
    <p class='ocr_par' dir='ltr' id='par_1_102' title="bbox 2207 3433 3808 3506">
     <span class='ocr_line' id='line_1_107' title="bbox 2207 3433 3808 3506; baseline 0.001 -17"><span class='ocrx_word' id='word_1_577' title='bbox 2207 3435 2382 3506; x_wconf 79' lang='lat' dir='ltr'><strong>Gothi</strong></span> <span class='ocrx_word' id='word_1_578' title='bbox 2425 3433 3022 3506; x_wconf 85' lang='lat' dir='ltr'><strong>perErmenegildum</strong></span> <span class='ocrx_word' id='word_1_579' title='bbox 3068 3433 3384 3506; x_wconf 88' lang='lat' dir='ltr'><strong>Liuvigildi</strong></span> <span class='ocrx_word' id='word_1_580' title='bbox 3420 3435 3577 3506; x_wconf 85' lang='lat' dir='ltr'><strong>regis</strong></span> <span class='ocrx_word' id='word_1_581' title='bbox 3607 3435 3808 3492; x_wconf 83' lang='lat' dir='ltr'><strong>ﬁlium</strong></span> 
     </span>
    </p>
   </div>
   <div class='ocr_carea' id='block_1_103' title="bbox 2138 3503 3320 3562">
    <p class='ocr_par' dir='ltr' id='par_1_103' title="bbox 2138 3503 3320 3562">
     <span class='ocr_line' id='line_1_108' title="bbox 2138 3503 3320 3562; baseline 0.001 -3"><span class='ocrx_word' id='word_1_582' title='bbox 2138 3503 2346 3560; x_wconf 80' lang='lat' dir='ltr'><strong>bifarie</strong></span> <span class='ocrx_word' id='word_1_583' title='bbox 2381 3503 2558 3562; x_wconf 87' lang='lat' dir='ltr'><strong>divisi</strong></span> <span class='ocrx_word' id='word_1_584' title='bbox 2592 3511 2789 3562; x_wconf 90' lang='lat' dir='ltr'><strong>mutua</strong></span> <span class='ocrx_word' id='word_1_585' title='bbox 2807 3503 2972 3562; x_wconf 42' lang='lat' dir='ltr'><strong>“caede</strong></span> <span class='ocrx_word' id='word_1_586' title='bbox 3007 3503 3320 3561; x_wconf 77' lang='lat' dir='ltr'><strong>vastantur.</strong></span> 
     </span>
    </p>
   </div>
   <div class='ocr_carea' id='block_1_104' title="bbox 2207 3576 3810 3650">
    <p class='ocr_par' dir='ltr' id='par_1_104' title="bbox 2207 3576 3810 3650">
     <span class='ocr_line' id='line_1_109' title="bbox 2207 3576 3810 3650; baseline 0.001 -20"><span class='ocrx_word' id='word_1_587' title='bbox 2207 3579 2506 3650; x_wconf 67' lang='lat' dir='ltr'><strong>Mam-titius</strong></span> <span class='ocrx_word' id='word_1_588' title='bbox 2532 3591 2657 3650; x_wconf 81' lang='lat' dir='ltr'><strong>reg.</strong></span> <span class='ocrx_word' id='word_1_589' title='bbox 2697 3591 2792 3650; x_wconf 86' lang='lat' dir='ltr'><strong>an.</strong></span> <span class='ocrx_word' id='word_1_590' title='bbox 2837 3591 2957 3650; x_wconf 71' lang='lat' dir='ltr'><strong>xxi.</strong></span> <span class='ocrx_word' id='word_1_591' title='bbox 2999 3577 3259 3650; x_wconf 82' lang='lat' dir='ltr'><strong>Suevi,_a</strong></span> <span class='ocrx_word' id='word_1_592' title='bbox 3303 3576 3634 3648; x_wconf 86' lang='lat' dir='ltr'><strong>Liuvigildo</strong></span> <span class='ocrx_word' id='word_1_593' title='bbox 3664 3591 3810 3650; x_wconf 83' lang='lat' dir='ltr'><strong>rege</strong></span> 
     </span>
    </p>
   </div>
   <div class='ocr_carea' id='block_1_105' title="bbox 2134 3647 3428 3718">
    <p class='ocr_par' dir='ltr' id='par_1_105' title="bbox 2134 3647 3428 3718">
     <span class='ocr_line' id='line_1_110' title="bbox 2134 3647 3428 3718; baseline 0 -16"><span class='ocrx_word' id='word_1_594' title='bbox 2134 3647 2452 3704; x_wconf 90' lang='lat' dir='ltr'><strong>Gothorum</strong></span> <span class='ocrx_word' id='word_1_595' title='bbox 2491 3647 2732 3718; x_wconf 82' lang='lat' dir='ltr'><strong>obtenti,</strong></span> <span class='ocrx_word' id='word_1_596' title='bbox 2772 3649 2980 3704; x_wconf 91' lang='lat' dir='ltr'><strong>Gothis</strong></span> <span class='ocrx_word' id='word_1_597' title='bbox 3013 3647 3428 3716; x_wconf 89' lang='lat' dir='ltr'><strong>subjiciuntur.</strong></span> 
     </span>
    </p>
   </div>
   <div class='ocr_carea' id='block_1_106' title="bbox 2207 3719 3806 3790">
    <p class='ocr_par' dir='ltr' id='par_1_106' title="bbox 2207 3719 3806 3790">
     <span class='ocr_line' id='line_1_111' title="bbox 2207 3719 3806 3790; baseline 0.002 -17"><span class='ocrx_word' id='word_1_598' title='bbox 2207 3720 2414 3774; x_wconf 89' lang='lat' dir='ltr'><strong>Eodem</strong></span> <span class='ocrx_word' id='word_1_599' title='bbox 2455 3725 2710 3790; x_wconf 87' lang='lat' dir='ltr'><strong>tempore</strong></span> <span class='ocrx_word' id='word_1_600' title='bbox 2747 3719 2931 3790; x_wconf 17' lang='lat' dir='ltr'><strong>Gothi,</strong></span> <span class='ocrx_word' id='word_1_601' title='bbox 2957 3733 3052 3788; x_wconf 91' lang='lat' dir='ltr'><strong>per</strong></span> <span class='ocrx_word' id='word_1_602' title='bbox 3093 3719 3436 3790; x_wconf 66' lang='lat' dir='ltr'><strong>necaredum</strong></span> <span class='ocrx_word' id='word_1_603' title='bbox 3470 3732 3656 3787; x_wconf 79' lang='lat' dir='ltr'><strong>regem</strong></span> <span class='ocrx_word' id='word_1_604' title='bbox 3695 3734 3806 3776; x_wconf 82' lang='lat' dir='ltr'><strong>re-</strong></span> 
     </span>
    </p>
   </div>
   <div class='ocr_carea' id='block_1_107' title="bbox 2135 3788 3799 3862">
    <p class='ocr_par' dir='ltr' id='par_1_107' title="bbox 2135 3788 3799 3862">
     <span class='ocr_line' id='line_1_112' title="bbox 2135 3788 3799 3862; baseline 0.001 -18"><span class='ocrx_word' id='word_1_605' title='bbox 2135 3788 2591 3862; x_wconf 46' lang='lat' dir='ltr'><strong>ligiosissimum&#39;</strong></span> <span class='ocrx_word' id='word_1_606' title='bbox 2633 3791 2701 3846; x_wconf 81' lang='lat' dir='ltr'><strong>ad</strong></span> <span class='ocrx_word' id='word_1_607' title='bbox 2747 3789 3088 3862; x_wconf 82' lang='lat' dir='ltr'><strong>catholicam</strong></span> <span class='ocrx_word' id='word_1_608' title='bbox 3135 3789 3301 3844; x_wconf 85' lang='lat' dir='ltr'><strong>ﬁdem</strong></span> <span class='ocrx_word' id='word_1_609' title='bbox 3349 3796 3799 3862; x_wconf 74' lang='lat' dir='ltr'><strong>convertuntur.</strong></span> 
     </span>
    </p>
   </div>
   <div class='ocr_carea' id='block_1_108' title="bbox 2205 3861 3808 3932">
    <p class='ocr_par' dir='ltr' id='par_1_108' title="bbox 2205 3861 3808 3932">
     <span class='ocr_line' id='line_1_113' title="bbox 2205 3861 3808 3932; baseline 0.002 -17"><span class='ocrx_word' id='word_1_610' title='bbox 2205 3863 2319 3932; x_wconf 84' lang='lat' dir='ltr'><strong>Hoc</strong></span> <span class='ocrx_word' id='word_1_611' title='bbox 2343 3868 2597 3932; x_wconf 90' lang='lat' dir='ltr'><strong>tempore</strong></span> <span class='ocrx_word' id='word_1_612' title='bbox 2627 3861 2877 3932; x_wconf 85' lang='lat' dir='ltr'><strong>Leander</strong></span> <span class='ocrx_word' id='word_1_613' title='bbox 2905 3861 3529 3932; x_wconf 87' lang='lat' dir='ltr'><strong>episcopusSpalensis</strong></span> <span class='ocrx_word' id='word_1_614' title='bbox 3555 3861 3627 3916; x_wconf 87' lang='lat' dir='ltr'><strong>ad</strong></span> <span class='ocrx_word' id='word_1_615' title='bbox 3657 3875 3808 3918; x_wconf 79' lang='lat' dir='ltr'><strong>con-</strong></span> 
     </span>
    </p>
   </div>
   <div class='ocr_carea' id='block_1_109' title="bbox 2133 3931 3807 4005">
    <p class='ocr_par' dir='ltr' id='par_1_109' title="bbox 2133 3931 3807 4005">
     <span class='ocr_line' id='line_1_114' title="bbox 2133 3931 3807 4005; baseline 0.002 -20"><span class='ocrx_word' id='word_1_616' title='bbox 2133 3931 2672 4005; x_wconf 37' lang='lat' dir='ltr'><strong>versionem’gentis</strong></span> <span class='ocrx_word' id='word_1_617' title='bbox 2694 3931 3010 4005; x_wconf 85' lang='lat' dir='ltr'><strong>Gothorum</strong></span> <span class='ocrx_word' id='word_1_618' title='bbox 3027 3931 3312 4005; x_wconf 80' lang='lat' dir='ltr'><strong>doctrina</strong></span> <span class='ocrx_word' id='word_1_619' title='bbox 3339 3931 3472 3987; x_wconf 89' lang='lat' dir='ltr'><strong>ﬁdei</strong></span> <span class='ocrx_word' id='word_1_620' title='bbox 3498 3939 3556 3987; x_wconf 88' lang='lat' dir='ltr'><strong>et</strong></span> <span class='ocrx_word' id='word_1_621' title='bbox 3587 3932 3807 3988; x_wconf 86' lang='lat' dir='ltr'><strong>scien—</strong></span> 
     </span>
    </p>
   </div>
   <div class='ocr_carea' id='block_1_110' title="bbox 2133 4001 3211 4072">
    <p class='ocr_par' dir='ltr' id='par_1_110' title="bbox 2133 4001 3211 4072">
     <span class='ocr_line' id='line_1_115' title="bbox 2133 4001 3211 4072; baseline -0.002 -14"><span class='ocrx_word' id='word_1_622' title='bbox 2133 4001 2345 4059; x_wconf 90' lang='lat' dir='ltr'><strong>tiarum</strong></span> <span class='ocrx_word' id='word_1_623' title='bbox 2373 4001 2570 4059; x_wconf 59' lang='lat' dir='ltr'><strong>clar&#39;us</strong></span> <span class='ocrx_word' id='word_1_624' title='bbox 2601 4005 2658 4059; x_wconf 93' lang='lat' dir='ltr'><strong>in</strong></span> <span class='ocrx_word' id='word_1_625' title='bbox 2687 4003 2921 4072; x_wconf 89' lang='lat' dir='ltr'><strong>Spaniis</strong></span> <span class='ocrx_word' id='word_1_626' title='bbox 2951 4002 3211 4060; x_wconf 89' lang='lat' dir='ltr'><strong>habetur.</strong></span> 
     </span>
    </p>
   </div>
   <div class='ocr_carea' id='block_1_111' title="bbox 2199 4072 3805 4147">
    <p class='ocr_par' dir='ltr' id='par_1_111' title="bbox 2199 4072 3805 4147">
     <span class='ocr_line' id='line_1_116' title="bbox 2199 4072 3805 4147; baseline 0.001 -20"><span class='ocrx_word' id='word_1_627' title='bbox 2199 4076 2515 4147; x_wconf 22' lang='lat' dir='ltr'><strong>Focasﬂreg.</strong></span> <span class='ocrx_word' id='word_1_628' title='bbox 2551 4088 2642 4130; x_wconf 88' lang='lat' dir='ltr'><strong>an.</strong></span> <span class='ocrx_word' id='word_1_629' title='bbox 2684 4088 2808 4129; x_wconf 87' lang='lat' dir='ltr'><strong>vm.</strong></span> <span class='ocrx_word' id='word_1_630' title='bbox 2850 4077 2958 4130; x_wconf 84' lang='lat' dir='ltr'><strong>Iste</strong></span> <span class='ocrx_word' id='word_1_631' title='bbox 2987 4075 3272 4147; x_wconf 87' lang='lat' dir='ltr'><strong>seditione</strong></span> <span class='ocrx_word' id='word_1_632' title='bbox 3312 4072 3558 4147; x_wconf 75' lang='lat' dir='ltr'><strong>militari</strong></span> <span class='ocrx_word' id='word_1_633' title='bbox 3597 4073 3805 4144; x_wconf 80' lang='lat' dir='ltr'><strong>impe—</strong></span> 
     </span>
    </p>
   </div>
   <div class='ocr_carea' id='block_1_112' title="bbox 2130 4144 3804 4218">
    <p class='ocr_par' dir='ltr' id='par_1_112' title="bbox 2130 4144 3804 4218">
     <span class='ocr_line' id='line_1_117' title="bbox 2130 4144 3804 4218; baseline 0.002 -19"><span class='ocrx_word' id='word_1_634' title='bbox 2130 4151 2287 4218; x_wconf 89' lang='lat' dir='ltr'><strong>rator</strong></span> <span class='ocrx_word' id='word_1_635' title='bbox 2332 4144 2584 4218; x_wconf 71' lang='lat' dir='ltr'><strong>enectus,</strong></span> <span class='ocrx_word' id='word_1_636' title='bbox 2630 4147 2968 4218; x_wconf 81' lang='lat' dir='ltr'><strong>Mauritium</strong></span> <span class='ocrx_word' id='word_1_637' title='bbox 3013 4145 3331 4218; x_wconf 66' lang='lat' dir='ltr'><strong>Augustum</strong></span> <span class='ocrx_word' id='word_1_638' title='bbox 3383 4144 3804 4216; x_wconf 84' lang='lat' dir='ltr'><strong>nobiliumque</strong></span> 
     </span>
    </p>
   </div>
   <div class='ocr_carea' id='block_1_113' title="bbox 2129 4215 3152 4272">
    <p class='ocr_par' dir='ltr' id='par_1_113' title="bbox 2129 4215 3152 4272">
     <span class='ocr_line' id='line_1_118' title="bbox 2129 4215 3152 4272; baseline 0.002 -2"><span class='ocrx_word' id='word_1_639' title='bbox 2129 4216 2342 4272; x_wconf 83' lang='lat' dir='ltr'><strong>multos</strong></span> <span class='ocrx_word' id='word_1_640' title='bbox 2384 4215 2689 4272; x_wconf 89' lang='lat' dir='ltr'><strong>interfecit.</strong></span> <span class='ocrx_word' id='word_1_641' title='bbox 3112 4215 3152 4247; x_wconf 57' lang='lat'><strong>&quot;-</strong></span> 
     </span>
    </p>
   </div>
   <div class='ocr_carea' id='block_1_114' title="bbox 2201 4287 3810 4358">
    <p class='ocr_par' dir='ltr' id='par_1_114' title="bbox 2201 4287 3810 4358">
     <span class='ocr_line' id='line_1_119' title="bbox 2201 4287 3810 4358; baseline 0.001 -17"><span class='ocrx_word' id='word_1_642' title='bbox 2201 4288 2400 4342; x_wconf 70' lang='lat' dir='ltr'><strong>Prtelia</strong></span> <span class='ocrx_word' id='word_1_643' title='bbox 2430 4301 2655 4358; x_wconf 86' lang='lat' dir='ltr'><strong>quoque</strong></span> <span class='ocrx_word' id='word_1_644' title='bbox 2685 4289 2980 4343; x_wconf 90' lang='lat' dir='ltr'><strong>Persarum</strong></span> <span class='ocrx_word' id='word_1_645' title='bbox 3023 4287 3296 4343; x_wconf 88' lang='lat' dir='ltr'><strong>adversus</strong></span> <span class='ocrx_word' id='word_1_646' title='bbox 3326 4287 3518 4356; x_wconf 82' lang='lat' dir='ltr'><strong>Remp.</strong></span> <span class='ocrx_word' id='word_1_647' title='bbox 3551 4288 3810 4358; x_wconf 68' lang='lat' dir='ltr'><strong>gravis-</strong></span> 
     </span>
    </p>
   </div>
   <div class='ocr_carea' id='block_1_115' title="bbox 2128 4357 3796 4430">
    <p class='ocr_par' dir='ltr' id='par_1_115' title="bbox 2128 4357 3796 4430">
     <span class='ocr_line' id='line_1_120' title="bbox 2128 4357 3796 4430; baseline 0.002 -18"><span class='ocrx_word' id='word_1_648' title='bbox 2128 4357 2272 4430; x_wconf 77' lang='lat' dir='ltr'><strong>sima</strong></span> <span class='ocrx_word' id='word_1_649' title='bbox 2298 4357 2646 4420; x_wconf 79' lang='lat' dir='ltr'><strong>excitantur,</strong></span> <span class='ocrx_word' id='word_1_650' title='bbox 2667 4373 2697 4414; x_wconf 89' lang='lat' dir='ltr'><strong>a</strong></span> <span class='ocrx_word' id='word_1_651' title='bbox 2719 4358 2933 4430; x_wconf 90' lang='lat' dir='ltr'><strong>quibus</strong></span> <span class='ocrx_word' id='word_1_652' title='bbox 2958 4358 3198 4413; x_wconf 82' lang='lat' dir='ltr'><strong>Romani</strong></span> <span class='ocrx_word' id='word_1_653' title='bbox 3219 4359 3448 4430; x_wconf 84' lang='lat' dir='ltr'><strong>fortiter</strong></span> <span class='ocrx_word' id='word_1_654' title='bbox 3483 4357 3796 4415; x_wconf 80' lang='lat' dir='ltr'><strong>debellati.</strong></span> 
     </span>
    </p>
   </div>
   <div class='ocr_carea' id='block_1_116' title="bbox 2201 4427 3796 4502">
    <p class='ocr_par' dir='ltr' id='par_1_116' title="bbox 2201 4427 3796 4502">
     <span class='ocr_line' id='line_1_121' title="bbox 2201 4427 3796 4502; baseline 0.002 -19"><span class='ocrx_word' id='word_1_655' title='bbox 2201 4427 2284 4502; x_wconf 68' lang='lat'><strong>42.</strong></span> <span class='ocrx_word' id='word_1_656' title='bbox 2340 4431 2602 4502; x_wconf 76' lang='lat' dir='ltr'><strong>Eraglius</strong></span> <span class='ocrx_word' id='word_1_657' title='bbox 2645 4427 2758 4502; x_wconf 60' lang='lat' dir='ltr'><strong>regi</strong></span> <span class='ocrx_word' id='word_1_658' title='bbox 2823 4443 2915 4502; x_wconf 88' lang='lat' dir='ltr'><strong>an.</strong></span> <span class='ocrx_word' id='word_1_659' title='bbox 2967 4443 3169 4502; x_wconf 12' lang='lat' dir='ltr'><strong>ixvau.</strong></span> <span class='ocrx_word' id='word_1_660' title='bbox 3243 4429 3427 4502; x_wconf 78' lang='lat' dir='ltr'><strong>Sclavi</strong></span> <span class='ocrx_word' id='word_1_661' title='bbox 3495 4431 3796 4487; x_wconf 72' lang='lat' dir='ltr'><strong>Graeciam</strong></span> 
     </span>
    </p>
   </div>
   <div class='ocr_carea' id='block_1_117' title="bbox 2125 4497 3629 4571">
    <p class='ocr_par' dir='ltr' id='par_1_117' title="bbox 2125 4497 3629 4571">
     <span class='ocr_line' id='line_1_122' title="bbox 2125 4497 3629 4571; baseline -0.001 -16"><span class='ocrx_word' id='word_1_662' title='bbox 2125 4497 2399 4558; x_wconf 86' lang='lat' dir='ltr'><strong>Romanis</strong></span> <span class='ocrx_word' id='word_1_663' title='bbox 2437 4497 2734 4556; x_wconf 66' lang='lat' dir='ltr'><strong>tulerunt?</strong></span> <span class='ocrx_word' id='word_1_664' title='bbox 2765 4501 2919 4556; x_wconf 83' lang='lat' dir='ltr'><strong>Persi</strong></span> <span class='ocrx_word' id='word_1_665' title='bbox 2956 4501 3178 4570; x_wconf 89' lang='lat' dir='ltr'><strong>Syriam</strong></span> <span class='ocrx_word' id='word_1_666' title='bbox 3215 4507 3273 4557; x_wconf 89' lang='lat' dir='ltr'><strong>et</strong></span> <span class='ocrx_word' id='word_1_667' title='bbox 3303 4501 3629 4571; x_wconf 64' lang='lat' dir='ltr'><strong>Egyptum.</strong></span> 
     </span>
    </p>
   </div>
   <div class='ocr_carea' id='block_1_118' title="bbox 430 4570 3804 4643">
    <p class='ocr_par' dir='ltr' id='par_1_118' title="bbox 430 4570 3804 4643">
     <span class='ocr_line' id='line_1_123' title="bbox 430 4570 3804 4643; baseline 0.001 -17"><span class='ocrx_word' id='word_1_668' title='bbox 430 4570 752 4643; x_wconf 79' lang='lat' dir='ltr'><strong>Concilium</strong></span> <span class='ocrx_word' id='word_1_669' title='bbox 773 4570 1140 4643; x_wconf 86' lang='lat' dir='ltr'><strong>Carthaginis</strong></span> <span class='ocrx_word' id='word_1_670' title='bbox 1159 4583 1350 4643; x_wconf 76' lang='lat' dir='ltr'><strong>ccxuu</strong></span> <span class='ocrx_word' id='word_1_671' title='bbox 1373 4571 1773 4643; x_wconf 72' lang='lat' dir='ltr'><strong>episcoporum</strong></span> <span class='ocrx_word' id='word_1_672' title='bbox 1795 4573 2007 4643; x_wconf 88' lang='lat' dir='ltr'><strong>agitur.</strong></span> <span class='ocrx_word' id='word_1_673' title='bbox 2053 4579 2101 4638; x_wconf 83' lang='grc' dir='ltr'>ι)</span> <span class='ocrx_word' id='word_1_674' title='bbox 2196 4574 2255 4626; x_wconf 94' lang='lat' dir='ltr'><strong>ln</strong></span> <span class='ocrx_word' id='word_1_675' title='bbox 2283 4573 2523 4641; x_wconf 88' lang='lat' dir='ltr'><strong>Spanias</strong></span> <span class='ocrx_word' id='word_1_676' title='bbox 2551 4586 2779 4642; x_wconf 88' lang='lat' dir='ltr'><strong>quoque</strong></span> <span class='ocrx_word' id='word_1_677' title='bbox 2799 4571 3102 4628; x_wconf 89' lang='lat' dir='ltr'><strong>Sisebutus</strong></span> <span class='ocrx_word' id='word_1_678' title='bbox 3124 4570 3443 4628; x_wconf 83' lang='lat' dir='ltr'><strong>Gothorum</strong></span> <span class='ocrx_word' id='word_1_679' title='bbox 3477 4585 3573 4626; x_wconf 83' lang='lat' dir='ltr'><strong>rex</strong></span> <span class='ocrx_word' id='word_1_680' title='bbox 3595 4585 3804 4642; x_wconf 86' lang='lat' dir='ltr'><strong>quas-</strong></span> 
     </span>
    </p>
   </div>
   <div class='ocr_carea' id='block_1_119' title="bbox 429 4641 3800 4714">
    <p class='ocr_par' dir='ltr' id='par_1_119' title="bbox 429 4641 3800 4714">
     <span class='ocr_line' id='line_1_124' title="bbox 429 4641 3800 4714; baseline 0.001 -18"><span class='ocrx_word' id='word_1_681' title='bbox 429 4641 682 4712; x_wconf 89' lang='lat' dir='ltr'><strong>Cyrillus</strong></span> <span class='ocrx_word' id='word_1_682' title='bbox 712 4641 1072 4698; x_wconf 70' lang='lat' dir='ltr'><strong>Alexandria:</strong></span> <span class='ocrx_word' id='word_1_683' title='bbox 1111 4641 1415 4712; x_wconf 89' lang='lat' dir='ltr'><strong>episcopus</strong></span> <span class='ocrx_word' id='word_1_684' title='bbox 1449 4641 1698 4714; x_wconf 87' lang='lat' dir='ltr'><strong>insignis</strong></span> <span class='ocrx_word' id='word_1_685' title='bbox 1728 4649 1814 4698; x_wconf 89' lang='lat' dir='ltr'><strong>est</strong></span> <span class='ocrx_word' id='word_1_686' title='bbox 1839 4641 2016 4698; x_wconf 84' lang='lat' dir='ltr'><strong>habi—</strong></span> <span class='ocrx_word' id='word_1_687' title='bbox 2123 4643 2250 4699; x_wconf 87' lang='lat' dir='ltr'><strong>dam</strong></span> <span class='ocrx_word' id='word_1_688' title='bbox 2310 4641 2584 4713; x_wconf 40' lang='lat' dir='ltr'><strong>ejusdem’</strong></span> <span class='ocrx_word' id='word_1_689' title='bbox 2629 4641 2891 4699; x_wconf 71' lang='lat' dir='ltr'><strong>Romanae</strong></span> <span class='ocrx_word' id='word_1_690' title='bbox 2961 4643 3185 4698; x_wconf 69' lang='lat' dir='ltr'><strong>militiae</strong></span> <span class='ocrx_word' id='word_1_691' title='bbox 3244 4643 3414 4698; x_wconf 73' lang='lat' dir='ltr'><strong>urbes</strong></span> <span class='ocrx_word' id='word_1_692' title='bbox 3473 4641 3632 4712; x_wconf 85' lang='lat' dir='ltr'><strong>cepit</strong></span> <span class='ocrx_word' id='word_1_693' title='bbox 3672 4663 3685 4696; x_wconf 90' lang='lat'>:</span> <span class='ocrx_word' id='word_1_694' title='bbox 3732 4653 3800 4701; x_wconf 87' lang='lat' dir='ltr'><strong>et</strong></span> 
     </span>
    </p>
   </div>
   <div class='ocr_carea' id='block_1_120' title="bbox 361 4716 2008 4856">
    <p class='ocr_par' dir='ltr' id='par_1_120' title="bbox 361 4716 2008 4856">
     <span class='ocr_line' id='line_1_125' title="bbox 361 4716 472 4766; baseline 0 0"><span class='ocrx_word' id='word_1_695' title='bbox 361 4716 420 4766; x_wconf 86' lang='lat' dir='ltr'><strong>tu</strong></span> <span class='ocrx_word' id='word_1_696' title='bbox 461 4753 472 4766; x_wconf 95' lang='lat'><strong>.</strong></span> 
     </span>
     <span class='ocr_line' id='line_1_126' title="bbox 427 4726 2008 4856; baseline 0.001 -20"><span class='ocrx_word' id='word_1_697' title='bbox 427 4726 1014 4856; x_wconf 48' lang='lat' dir='ltr'><strong>Eneodosiusminor,</strong></span> <span class='ocrx_word' id='word_1_698' title='bbox 1055 4782 1294 4856; x_wconf 78' lang='lat' dir='ltr'><strong>Arcadii</strong></span> <span class='ocrx_word' id='word_1_699' title='bbox 1333 4783 1510 4839; x_wconf 89' lang='lat' dir='ltr'><strong>ﬁlius.</strong></span> <span class='ocrx_word' id='word_1_700' title='bbox 1551 4799 1662 4856; x_wconf 90' lang='lat' dir='ltr'><strong>reg.</strong></span> <span class='ocrx_word' id='word_1_701' title='bbox 1698 4799 1790 4840; x_wconf 90' lang='lat' dir='ltr'><strong>an.</strong></span> <span class='ocrx_word' id='word_1_702' title='bbox 1823 4799 2008 4840; x_wconf 86' lang='lat' dir='ltr'><strong>xxvn.</strong></span> 
     </span>
    </p>
   </div>
   <div class='ocr_carea' id='block_1_121' title="bbox 431 4853 2012 4927">
    <p class='ocr_par' dir='ltr' id='par_1_121' title="bbox 431 4853 2012 4927">
     <span class='ocr_line' id='line_1_127' title="bbox 431 4853 2012 4927; baseline 0.001 -17"><span class='ocrx_word' id='word_1_703' title='bbox 431 4853 700 4927; x_wconf 81' lang='lat' dir='ltr'><strong>Wandali</strong></span> <span class='ocrx_word' id='word_1_704' title='bbox 740 4854 812 4927; x_wconf 85' lang='lat' dir='ltr'><strong>ab</strong></span> <span class='ocrx_word' id='word_1_705' title='bbox 836 4855 1047 4927; x_wconf 83' lang='lat' dir='ltr'><strong>Spania</strong></span> <span class='ocrx_word' id='word_1_706' title='bbox 1075 4855 1143 4910; x_wconf 89' lang='lat' dir='ltr'><strong>ad</strong></span> <span class='ocrx_word' id='word_1_707' title='bbox 1175 4853 1426 4927; x_wconf 84' lang='lat' dir='ltr'><strong>Africam</strong></span> <span class='ocrx_word' id='word_1_708' title='bbox 1460 4853 1780 4927; x_wconf 80' lang='lat' dir='ltr'><strong>transeunt,</strong></span> <span class='ocrx_word' id='word_1_709' title='bbox 1812 4856 2012 4927; x_wconf 85' lang='lat' dir='ltr'><strong>ibique</strong></span> 
     </span>
    </p>
   </div>
   <div class='ocr_carea' id='block_1_122' title="bbox 359 4924 1864 4996">
    <p class='ocr_par' dir='ltr' id='par_1_122' title="bbox 359 4924 1864 4996">
     <span class='ocr_line' id='line_1_128' title="bbox 359 4924 1864 4996; baseline 0.001 -16"><span class='ocrx_word' id='word_1_710' title='bbox 359 4924 699 4982; x_wconf 88' lang='lat' dir='ltr'><strong>catholicam</strong></span> <span class='ocrx_word' id='word_1_711' title='bbox 734 4926 899 4982; x_wconf 92' lang='lat' dir='ltr'><strong>ﬁdem</strong></span> <span class='ocrx_word' id='word_1_712' title='bbox 933 4925 1146 4981; x_wconf 87' lang='lat' dir='ltr'><strong>Ariana</strong></span> <span class='ocrx_word' id='word_1_713' title='bbox 1179 4926 1472 4996; x_wconf 88' lang='lat' dir='ltr'><strong>impietate</strong></span> <span class='ocrx_word' id='word_1_714' title='bbox 1505 4926 1864 4982; x_wconf 83' lang='lat' dir='ltr'><strong>subvertant.</strong></span> 
     </span>
    </p>
   </div>
   <div class='ocr_carea' id='block_1_123' title="bbox 430 5051 908 5123">
    <p class='ocr_par' dir='ltr' id='par_1_123' title="bbox 430 5051 908 5123">
     <span class='ocr_line' id='line_1_129' title="bbox 430 5051 908 5123; baseline 0 -17"><span class='ocrx_word' id='word_1_715' title='bbox 430 5064 452 5123; x_wconf 53' lang='grc' dir='ltr'>ἐ</span> <span class='ocrx_word' id='word_1_716' title='bbox 489 5053 599 5107; x_wconf 88' lang='lat' dir='ltr'><strong>Ms.</strong></span> <span class='ocrx_word' id='word_1_717' title='bbox 614 5093 629 5123; x_wconf 93' lang='lat'><strong>,</strong></span> <span class='ocrx_word' id='word_1_718' title='bbox 671 5051 908 5106; x_wconf 85' lang='lat' dir='ltr'><strong>Clarius.</strong></span> 
     </span>
    </p>
   </div>
   <div class='ocr_carea' id='block_1_124' title="bbox 427 5122 2010 5194">
    <p class='ocr_par' dir='ltr' id='par_1_124' title="bbox 427 5122 2010 5194">
     <span class='ocr_line' id='line_1_130' title="bbox 427 5122 2010 5194; baseline 0.001 -17"><span class='ocrx_word' id='word_1_719' title='bbox 427 5122 458 5166; x_wconf 77' lang='grc'><strong>1)</strong></span> <span class='ocrx_word' id='word_1_720' title='bbox 507 5122 782 5194; x_wconf 75' lang='lat' dir='ltr'><strong>Berganza</strong></span> <span class='ocrx_word' id='word_1_721' title='bbox 834 5129 890 5178; x_wconf 84' lang='lat' dir='ltr'><strong>et</strong></span> <span class='ocrx_word' id='word_1_722' title='bbox 940 5123 1060 5178; x_wconf 86' lang='lat' dir='ltr'><strong>Saz.</strong></span> <span class='ocrx_word' id='word_1_723' title='bbox 1131 5125 1375 5176; x_wconf 84' lang='lat' dir='ltr'><strong>Donatus</strong></span> <span class='ocrx_word' id='word_1_724' title='bbox 1457 5125 1826 5190; x_wconf 78' lang='lat' dir='ltr'><strong>grammaticae</strong></span> <span class='ocrx_word' id='word_1_725' title='bbox 1891 5129 2010 5178; x_wconf 79' lang='lat' dir='ltr'><strong>arte</strong></span> 
     </span>
    </p>
   </div>
   <div class='ocr_carea' id='block_1_125' title="bbox 355 5194 2010 5264">
    <p class='ocr_par' dir='ltr' id='par_1_125' title="bbox 355 5194 2010 5264">
     <span class='ocr_line' id='line_1_131' title="bbox 355 5194 2010 5264; baseline 0 -14"><span class='ocrx_word' id='word_1_726' title='bbox 355 5196 533 5250; x_wconf 58' lang='lat' dir='ltr'><strong>Roma</strong></span> <span class='ocrx_word' id='word_1_727' title='bbox 575 5195 793 5250; x_wconf 77' lang='lat' dir='ltr'><strong>claruit.</strong></span> <span class='ocrx_word' id='word_1_728' title='bbox 823 5195 1120 5256; x_wconf 83' lang='lat' dir='ltr'><strong>Antonius,</strong></span> <span class='ocrx_word' id='word_1_729' title='bbox 1161 5200 1294 5262; x_wconf 90' lang='lat' dir='ltr'><strong>etc.,</strong></span> <span class='ocrx_word' id='word_1_730' title='bbox 1339 5194 1568 5262; x_wconf 89' lang='lat' dir='ltr'><strong>penitus</strong></span> <span class='ocrx_word' id='word_1_731' title='bbox 1607 5196 2010 5264; x_wconf 68' lang='lat' dir='ltr'><strong>praetermissis</strong></span> 
     </span>
    </p>
   </div>
   <div class='ocr_carea' id='block_1_126' title="bbox 359 5266 2002 5337">
    <p class='ocr_par' dir='ltr' id='par_1_126' title="bbox 359 5266 2002 5337">
     <span class='ocr_line' id='line_1_132' title="bbox 359 5266 2002 5337; baseline -0.001 -14"><span class='ocrx_word' id='word_1_732' title='bbox 359 5281 484 5337; x_wconf 75' lang='lat' dir='ltr'><strong>quae</strong></span> <span class='ocrx_word' id='word_1_733' title='bbox 522 5273 866 5336; x_wconf 88' lang='lat' dir='ltr'><strong>sequuntur,</strong></span> <span class='ocrx_word' id='word_1_734' title='bbox 919 5266 1100 5319; x_wconf 67' lang='lat' dir='ltr'><strong>eodem</strong></span> <span class='ocrx_word' id='word_1_735' title='bbox 1144 5271 1376 5337; x_wconf 73' lang='lat' dir='ltr'><strong>tempore</strong></span> <span class='ocrx_word' id='word_1_736' title='bbox 1409 5272 1726 5337; x_wconf 13' lang='lat' dir='ltr'><strong>passusrest</strong></span> <span class='ocrx_word' id='word_1_737' title='bbox 1752 5284 1768 5330; x_wconf 90' lang='lat'><strong><em>;</em></strong></span> <span class='ocrx_word' id='word_1_738' title='bbox 1797 5278 1922 5336; x_wconf 63' lang='lat' dir='ltr'><strong>qua:</strong></span> <span class='ocrx_word' id='word_1_739' title='bbox 1953 5267 2002 5322; x_wconf 90' lang='lat' dir='ltr'><strong>si</strong></span> 
     </span>
    </p>
   </div>
   <div class='ocr_carea' id='block_1_127' title="bbox 358 5336 2000 5408">
    <p class='ocr_par' dir='ltr' id='par_1_127' title="bbox 358 5336 2000 5408">
     <span class='ocr_line' id='line_1_133' title="bbox 358 5336 2000 5408; baseline 0 -16"><span class='ocrx_word' id='word_1_740' title='bbox 358 5336 673 5408; x_wconf 83' lang='lat' dir='ltr'><strong>retinenda,</strong></span> <span class='ocrx_word' id='word_1_741' title='bbox 726 5338 934 5392; x_wconf 90' lang='lat' dir='ltr'><strong>melius</strong></span> <span class='ocrx_word' id='word_1_742' title='bbox 980 5345 1043 5392; x_wconf 92' lang='lat' dir='ltr'><strong>ut</strong></span> <span class='ocrx_word' id='word_1_743' title='bbox 1089 5337 1238 5405; x_wconf 92' lang='lat' dir='ltr'><strong>apud</strong></span> <span class='ocrx_word' id='word_1_744' title='bbox 1288 5336 1553 5408; x_wconf 85' lang='lat' dir='ltr'><strong>Ferreras</strong></span> <span class='ocrx_word' id='word_1_745' title='bbox 1599 5336 2000 5408; x_wconf 88' lang='lat' dir='ltr'><strong>disponenda:</strong></span> 
     </span>
    </p>
   </div>
   <div class='ocr_carea' id='block_1_128' title="bbox 351 5407 2007 5478">
    <p class='ocr_par' dir='ltr' id='par_1_128' title="bbox 351 5407 2007 5478">
     <span class='ocr_line' id='line_1_134' title="bbox 351 5407 2007 5478; baseline 0.001 -16"><span class='ocrx_word' id='word_1_746' title='bbox 351 5412 596 5466; x_wconf 83' lang='lat' dir='ltr'><strong>Donatus</strong></span> <span class='ocrx_word' id='word_1_747' title='bbox 636 5407 1004 5478; x_wconf 70' lang='lat' dir='ltr'><strong>grammatica:</strong></span> <span class='ocrx_word' id='word_1_748' title='bbox 1043 5412 1158 5460; x_wconf 83' lang='lat' dir='ltr'><strong>arte</strong></span> <span class='ocrx_word' id='word_1_749' title='bbox 1196 5410 1374 5462; x_wconf 76' lang='lat' dir='ltr'><strong>Romae</strong></span> <span class='ocrx_word' id='word_1_750' title='bbox 1395 5407 1612 5478; x_wconf 69' lang='lat' dir='ltr'><strong>claruit.</strong></span> <span class='ocrx_word' id='word_1_751' title='bbox 1652 5407 1853 5460; x_wconf 81' lang='lat' dir='ltr'><strong>Eodem</strong></span> <span class='ocrx_word' id='word_1_752' title='bbox 1882 5413 2007 5463; x_wconf 75' lang='lat' dir='ltr'><strong>tem-</strong></span> 
     </span>
    </p>
   </div>
   <div class='ocr_carea' id='block_1_129' title="bbox 347 5477 2004 5552">
    <p class='ocr_par' dir='ltr' id='par_1_129' title="bbox 347 5477 2004 5552">
     <span class='ocr_line' id='line_1_135' title="bbox 347 5477 2004 5552; baseline 0.002 -20"><span class='ocrx_word' id='word_1_753' title='bbox 347 5498 480 5550; x_wconf 78' lang='lat' dir='ltr'><strong>pore</strong></span> <span class='ocrx_word' id='word_1_754' title='bbox 507 5477 708 5552; x_wconf 82' lang='lat' dir='ltr'><strong>passus</strong></span> <span class='ocrx_word' id='word_1_755' title='bbox 742 5486 885 5536; x_wconf 79' lang='lat' dir='ltr'><strong>est...</strong></span> <span class='ocrx_word' id='word_1_756' title='bbox 908 5480 1217 5552; x_wconf 78' lang='lat' dir='ltr'><strong>Antonius,</strong></span> <span class='ocrx_word' id='word_1_757' title='bbox 1253 5483 1359 5532; x_wconf 88' lang='lat' dir='ltr'><strong>etc.</strong></span> <span class='ocrx_word' id='word_1_758' title='bbox 1396 5477 1647 5546; x_wconf 84' lang='lat' dir='ltr'><strong>Scilicet,</strong></span> <span class='ocrx_word' id='word_1_759' title='bbox 1681 5485 1764 5548; x_wconf 87' lang='lat' dir='ltr'><strong>ut,</strong></span> <span class='ocrx_word' id='word_1_760' title='bbox 1795 5478 2004 5552; x_wconf 86' lang='lat' dir='ltr'><strong>lacuna</strong></span> 
     </span>
    </p>
   </div>
   <div class='ocr_carea' id='block_1_130' title="bbox 354 5551 2006 5623">
    <p class='ocr_par' dir='ltr' id='par_1_130' title="bbox 354 5551 2006 5623">
     <span class='ocr_line' id='line_1_136' title="bbox 354 5551 2006 5623; baseline 0.001 -18"><span class='ocrx_word' id='word_1_761' title='bbox 354 5551 596 5623; x_wconf 78' lang='lat' dir='ltr'><strong>signata,</strong></span> <span class='ocrx_word' id='word_1_762' title='bbox 632 5552 855 5622; x_wconf 86' lang='lat' dir='ltr'><strong>aliquid</strong></span> <span class='ocrx_word' id='word_1_763' title='bbox 877 5551 1082 5623; x_wconf 82' lang='lat' dir='ltr'><strong>deesse</strong></span> <span class='ocrx_word' id='word_1_764' title='bbox 1110 5554 1316 5619; x_wconf 87' lang='lat' dir='ltr'><strong>pateat,</strong></span> <span class='ocrx_word' id='word_1_765' title='bbox 1349 5561 1464 5618; x_wconf 91' lang='lat' dir='ltr'><strong>quo</strong></span> <span class='ocrx_word' id='word_1_766' title='bbox 1487 5561 1778 5618; x_wconf 80' lang='lat' dir='ltr'><strong>congruas</strong></span> <span class='ocrx_word' id='word_1_767' title='bbox 1797 5551 2006 5608; x_wconf 85' lang='lat' dir='ltr'><strong>oratio-</strong></span> 
     </span>
    </p>
   </div>
   <div class='ocr_carea' id='block_1_131' title="bbox 353 5621 1076 5690">
    <p class='ocr_par' dir='ltr' id='par_1_131' title="bbox 353 5621 1076 5690">
     <span class='ocr_line' id='line_1_137' title="bbox 353 5621 1076 5690; baseline -0.004 -14"><span class='ocrx_word' id='word_1_768' title='bbox 353 5621 445 5676; x_wconf 81' lang='lat' dir='ltr'><strong>nis</strong></span> <span class='ocrx_word' id='word_1_769' title='bbox 473 5637 678 5678; x_wconf 85' lang='lat' dir='ltr'><strong>sensus</strong></span> <span class='ocrx_word' id='word_1_770' title='bbox 705 5621 1076 5690; x_wconf 86' lang='lat' dir='ltr'><strong>compleatur.</strong></span> 
     </span>
    </p>
   </div>
   <div class='ocr_carea' id='block_1_132' title="bbox 419 5691 1226 5763">
    <p class='ocr_par' dir='ltr' id='par_1_132' title="bbox 419 5691 1226 5763">
     <span class='ocr_line' id='line_1_138' title="bbox 419 5691 1226 5763; baseline -0.006 -15"><span class='ocrx_word' id='word_1_771' title='bbox 419 5702 447 5763; x_wconf 54' lang='grc' dir='ltr'>ξ</span> <span class='ocrx_word' id='word_1_772' title='bbox 483 5693 548 5763; x_wconf 68' lang='lat' dir='ltr'><strong>in</strong></span> <span class='ocrx_word' id='word_1_773' title='bbox 579 5693 907 5763; x_wconf 76' lang='lat' dir='ltr'><strong>archetypo,</strong></span> <span class='ocrx_word' id='word_1_774' title='bbox 943 5691 1226 5763; x_wconf 81' lang='lat' dir='ltr'><strong>Atarieus.</strong></span> 
     </span>
    </p>
   </div>
   <div class='ocr_carea' id='block_1_133' title="bbox 419 5757 1996 5834">
    <p class='ocr_par' dir='ltr' id='par_1_133' title="bbox 419 5757 1996 5834">
     <span class='ocr_line' id='line_1_139' title="bbox 419 5757 1996 5834; baseline 0.004 -20"><span class='ocrx_word' id='word_1_775' title='bbox 419 5757 446 5798; x_wconf 73' lang='grc' dir='ltr'>ἀ</span> <span class='ocrx_word' id='word_1_776' title='bbox 487 5761 616 5832; x_wconf 83' lang='lat' dir='ltr'><strong>Ms.,</strong></span> <span class='ocrx_word' id='word_1_777' title='bbox 651 5757 834 5832; x_wconf 56' lang='lat' dir='ltr'><strong>malé,‘</strong></span> <span class='ocrx_word' id='word_1_778' title='bbox 855 5757 986 5818; x_wconf 76' lang='lat' dir='ltr'><strong>Arii</strong></span> <span class='ocrx_word' id='word_1_779' title='bbox 1016 5762 1236 5832; x_wconf 81' lang='lat' dir='ltr'><strong>imperii</strong></span> <span class='ocrx_word' id='word_1_780' title='bbox 1265 5779 1284 5829; x_wconf 74' lang='grc' dir='ltr'><strong><em>ς</em></strong></span> <span class='ocrx_word' id='word_1_781' title='bbox 1309 5764 1365 5818; x_wconf 90' lang='lat' dir='ltr'><strong>et</strong></span> <span class='ocrx_word' id='word_1_782' title='bbox 1401 5760 1619 5834; x_wconf 84' lang='lat' dir='ltr'><strong>statim,</strong></span> <span class='ocrx_word' id='word_1_783' title='bbox 1655 5761 1779 5833; x_wconf 87' lang='lat' dir='ltr'><strong>ipse</strong></span> <span class='ocrx_word' id='word_1_784' title='bbox 1809 5777 1906 5821; x_wconf 86' lang='lat' dir='ltr'><strong>rex</strong></span> <span class='ocrx_word' id='word_1_785' title='bbox 1933 5769 1996 5820; x_wconf 85' lang='lat' dir='ltr'><strong>ut</strong></span> 
     </span>
    </p>
   </div>
   <div class='ocr_carea' id='block_1_134' title="bbox 2121 4714 3798 4840">
    <p class='ocr_par' dir='ltr' id='par_1_134' title="bbox 2121 4714 3798 4840">
     <span class='ocr_line' id='line_1_140' title="bbox 2121 4714 3798 4840; baseline 0.002 -72"><span class='ocrx_word' id='word_1_786' title='bbox 2121 4714 2345 4840; x_wconf 56' lang='lat' dir='ltr'><strong>Judtaatos</strong></span> <span class='ocrx_word' id='word_1_787' title='bbox 2392 4714 2551 4786; x_wconf 83' lang='lat' dir='ltr'><strong>regni</strong></span> <span class='ocrx_word' id='word_1_788' title='bbox 2598 4715 2689 4770; x_wconf 92' lang='lat' dir='ltr'><strong>sui</strong></span> <span class='ocrx_word' id='word_1_789' title='bbox 2730 4714 2995 4772; x_wconf 88' lang='lat' dir='ltr'><strong>subditos</strong></span> <span class='ocrx_word' id='word_1_790' title='bbox 3039 4715 3107 4770; x_wconf 89' lang='lat' dir='ltr'><strong>ad</strong></span> <span class='ocrx_word' id='word_1_791' title='bbox 3157 4714 3374 4770; x_wconf 87' lang='lat' dir='ltr'><strong>Christi</strong></span> <span class='ocrx_word' id='word_1_792' title='bbox 3422 4714 3588 4770; x_wconf 88' lang='lat' dir='ltr'><strong>ﬁdem</strong></span> <span class='ocrx_word' id='word_1_793' title='bbox 3632 4729 3798 4772; x_wconf 90' lang='lat' dir='ltr'><strong>con—</strong></span> 
     </span>
     <span class='ocr_line' id='line_1_141' title="bbox 2122 4799 2312 4840; baseline 0 0"><span class='ocrx_word' id='word_1_794' title='bbox 2122 4799 2218 4840; x_wconf 90' lang='lat' dir='ltr'><strong>ver</strong></span> <span class='ocrx_word' id='word_1_795' title='bbox 2249 4801 2263 4838; x_wconf 95' lang='lat' dir='ltr'>l</span> <span class='ocrx_word' id='word_1_796' title='bbox 2299 4827 2312 4840; x_wconf 89' lang='lat'><strong>.</strong></span> 
     </span>
    </p>
   </div>
   <div class='ocr_carea' id='block_1_135' title="bbox 2122 4799 2312 4841">
    <p class='ocr_par' dir='ltr' id='par_1_135' title="bbox 2122 4799 2312 4841">
     <span class='ocr_line' id='line_1_142' title="bbox 2122 4799 2312 4841; baseline 0 -1"><span class='ocrx_word' id='word_1_797' title='bbox 2122 4799 2312 4841; x_wconf 71' lang='grc' dir='ltr'>νθιιιι.</span> 
     </span>
    </p>
   </div>
   <div class='ocr_carea' id='block_1_136' title="bbox 2193 4855 3784 4928">
    <p class='ocr_par' dir='ltr' id='par_1_136' title="bbox 2193 4855 3784 4928">
     <span class='ocr_line' id='line_1_143' title="bbox 2193 4855 3784 4928; baseline 0.002 -17"><span class='ocrx_word' id='word_1_798' title='bbox 2193 4855 2502 4928; x_wconf 77' lang='lat' dir='ltr'><strong>Ecclesium</strong></span> <span class='ocrx_word' id='word_1_799' title='bbox 2550 4869 2776 4928; x_wconf 84' lang='lat' dir='ltr'><strong>quoque</strong></span> <span class='ocrx_word' id='word_1_800' title='bbox 2805 4860 3014 4912; x_wconf 69' lang='lat' dir='ltr'><strong>sanctae</strong></span> <span class='ocrx_word' id='word_1_801' title='bbox 3057 4856 3348 4913; x_wconf 70' lang='lat' dir='ltr'><strong>Leocadiae</strong></span> <span class='ocrx_word' id='word_1_802' title='bbox 3379 4856 3576 4913; x_wconf 87' lang='lat' dir='ltr'><strong>Toleto</strong></span> <span class='ocrx_word' id='word_1_803' title='bbox 3623 4858 3784 4914; x_wconf 84' lang='lat' dir='ltr'><strong>mire</strong></span> 
     </span>
    </p>
   </div>
   <div class='ocr_carea' id='block_1_137' title="bbox 2122 4925 2399 4984">
    <p class='ocr_par' dir='ltr' id='par_1_137' title="bbox 2122 4925 2399 4984">
     <span class='ocr_line' id='line_1_144' title="bbox 2122 4925 2399 4984; baseline 0 -4"><span class='ocrx_word' id='word_1_804' title='bbox 2122 4925 2399 4984; x_wconf 86' lang='lat' dir='ltr'><strong>fundavit.</strong></span> 
     </span>
    </p>
   </div>
   <div class='ocr_carea' id='block_1_138' title="bbox 2117 5051 2598 5119">
    <p class='ocr_par' dir='ltr' id='par_1_138' title="bbox 2117 5051 2598 5119">
     <span class='ocr_line' id='line_1_145' title="bbox 2117 5051 2598 5119; baseline -0.006 -11"><span class='ocrx_word' id='word_1_805' title='bbox 2117 5067 2248 5108; x_wconf 91' lang='lat' dir='ltr'><strong>cum</strong></span> <span class='ocrx_word' id='word_1_806' title='bbox 2281 5051 2456 5119; x_wconf 91' lang='lat' dir='ltr'><strong>omni,</strong></span> <span class='ocrx_word' id='word_1_807' title='bbox 2491 5055 2598 5106; x_wconf 90' lang='lat' dir='ltr'><strong>etc.</strong></span> 
     </span>
    </p>
   </div>
   <div class='ocr_carea' id='block_1_139' title="bbox 2187 5122 3174 5192">
    <p class='ocr_par' dir='ltr' id='par_1_139' title="bbox 2187 5122 3174 5192">
     <span class='ocr_line' id='line_1_146' title="bbox 2187 5122 3174 5192; baseline -0.001 -15"><span class='ocrx_word' id='word_1_808' title='bbox 2187 5133 2211 5160; x_wconf 81' lang='grc' dir='ltr'><strong>ο</strong></span> <span class='ocrx_word' id='word_1_809' title='bbox 2241 5125 2299 5177; x_wconf 90' lang='lat' dir='ltr'><strong>In</strong></span> <span class='ocrx_word' id='word_1_810' title='bbox 2331 5124 2655 5192; x_wconf 78' lang='lat' dir='ltr'><strong>archetypo,</strong></span> <span class='ocrx_word' id='word_1_811' title='bbox 2689 5122 2872 5180; x_wconf 86' lang='lat' dir='ltr'><strong>addit.</strong></span> <span class='ocrx_word' id='word_1_812' title='bbox 2907 5123 3174 5176; x_wconf 83' lang='lat' dir='ltr'><strong>doctrina.</strong></span> 
     </span>
    </p>
   </div>
   <div class='ocr_carea' id='block_1_140' title="bbox 2187 5194 3064 5263">
    <p class='ocr_par' dir='ltr' id='par_1_140' title="bbox 2187 5194 3064 5263">
     <span class='ocr_line' id='line_1_147' title="bbox 2187 5194 3064 5263; baseline -0.001 -15"><span class='ocrx_word' id='word_1_813' title='bbox 2187 5195 2210 5236; x_wconf 63' lang='grc' dir='ltr'><strong><em>ἲ</em></strong></span> <span class='ocrx_word' id='word_1_814' title='bbox 2247 5197 2301 5248; x_wconf 88' lang='grc' dir='ltr'><strong>Ιιι</strong></span> <span class='ocrx_word' id='word_1_815' title='bbox 2334 5194 2658 5263; x_wconf 81' lang='lat' dir='ltr'><strong>archetypo,</strong></span> <span class='ocrx_word' id='word_1_816' title='bbox 2698 5196 3064 5248; x_wconf 82' lang='lat' dir='ltr'><strong>Turunorum.</strong></span> 
     </span>
    </p>
   </div>
   <div class='ocr_carea' id='block_1_141' title="bbox 2188 5265 3793 5336">
    <p class='ocr_par' dir='ltr' id='par_1_141' title="bbox 2188 5265 3793 5336">
     <span class='ocr_line' id='line_1_148' title="bbox 2188 5265 3793 5336; baseline 0.002 -20"><span class='ocrx_word' id='word_1_817' title='bbox 2188 5277 2220 5316; x_wconf 75' lang='grc' dir='ltr'>ιξ</span> <span class='ocrx_word' id='word_1_818' title='bbox 2256 5269 2315 5320; x_wconf 94' lang='lat' dir='ltr'><strong>ln</strong></span> <span class='ocrx_word' id='word_1_819' title='bbox 2351 5265 2679 5336; x_wconf 88' lang='lat' dir='ltr'><strong>archetypo,</strong></span> <span class='ocrx_word' id='word_1_820' title='bbox 2720 5265 3242 5334; x_wconf 78' lang='lat' dir='ltr'><strong>ConstantinOpol-im</strong></span> <span class='ocrx_word' id='word_1_821' title='bbox 3270 5278 3330 5320; x_wconf 90' lang='lat' dir='ltr'><strong>CL</strong></span> <span class='ocrx_word' id='word_1_822' title='bbox 3370 5266 3603 5320; x_wconf 77' lang='lat' dir='ltr'><strong>Patrum</strong></span> <span class='ocrx_word' id='word_1_823' title='bbox 3635 5267 3793 5320; x_wconf 75' lang='lat' dir='ltr'><strong>cotti-</strong></span> 
     </span>
    </p>
   </div>
   <div class='ocr_carea' id='block_1_142' title="bbox 2113 5339 2420 5406">
    <p class='ocr_par' dir='ltr' id='par_1_142' title="bbox 2113 5339 2420 5406">
     <span class='ocr_line' id='line_1_149' title="bbox 2113 5339 2420 5406; baseline -0.007 -16"><span class='ocrx_word' id='word_1_824' title='bbox 2113 5339 2284 5406; x_wconf 84' lang='lat' dir='ltr'><strong>gitur,</strong></span> <span class='ocrx_word' id='word_1_825' title='bbox 2316 5343 2420 5390; x_wconf 85' lang='lat' dir='ltr'><strong>etc.</strong></span> 
     </span>
    </p>
   </div>
   <div class='ocr_carea' id='block_1_143' title="bbox 2185 5407 3789 5480">
    <p class='ocr_par' dir='ltr' id='par_1_143' title="bbox 2185 5407 3789 5480">
     <span class='ocr_line' id='line_1_150' title="bbox 2185 5407 3789 5480; baseline 0.001 -19"><span class='ocrx_word' id='word_1_826' title='bbox 2185 5409 2214 5449; x_wconf 81' lang='lat' dir='ltr'><strong>h</strong></span> <span class='ocrx_word' id='word_1_827' title='bbox 2250 5407 2454 5464; x_wconf 82' lang='lat' dir='ltr'><strong>Melius</strong></span> <span class='ocrx_word' id='word_1_828' title='bbox 2492 5407 2641 5477; x_wconf 88' lang='lat' dir='ltr'><strong>apud</strong></span> <span class='ocrx_word' id='word_1_829' title='bbox 2687 5407 2845 5479; x_wconf 85' lang='lat' dir='ltr'><strong>Berg.</strong></span> <span class='ocrx_word' id='word_1_830' title='bbox 2889 5413 2946 5462; x_wconf 90' lang='lat' dir='ltr'><strong>et</strong></span> <span class='ocrx_word' id='word_1_831' title='bbox 2983 5407 3128 5480; x_wconf 65' lang='grc' dir='ltr'>δίη..</span> <span class='ocrx_word' id='word_1_832' title='bbox 3181 5409 3496 5476; x_wconf 55' lang='lat' dir='ltr'><strong>Templa...</strong></span> <span class='ocrx_word' id='word_1_833' title='bbox 3541 5409 3789 5463; x_wconf 73' lang='lat' dir='ltr'><strong>subver—</strong></span> 
     </span>
    </p>
   </div>
   <div class='ocr_carea' id='block_1_144' title="bbox 2113 5484 2322 5533">
    <p class='ocr_par' dir='ltr' id='par_1_144' title="bbox 2113 5484 2322 5533">
     <span class='ocr_line' id='line_1_151' title="bbox 2113 5484 2322 5533; baseline 0 -1"><span class='ocrx_word' id='word_1_834' title='bbox 2113 5484 2322 5533; x_wconf 79' lang='lat' dir='ltr'><strong>tantur.</strong></span> 
     </span>
    </p>
   </div>
   <div class='ocr_carea' id='block_1_145' title="bbox 2183 5549 2803 5620">
    <p class='ocr_par' dir='ltr' id='par_1_145' title="bbox 2183 5549 2803 5620">
     <span class='ocr_line' id='line_1_152' title="bbox 2183 5549 2803 5620; baseline 0 -16"><span class='ocrx_word' id='word_1_835' title='bbox 2183 5550 2197 5592; x_wconf 76' lang='grc' dir='ltr'><strong>ί</strong></span> <span class='ocrx_word' id='word_1_836' title='bbox 2246 5551 2386 5620; x_wconf 86' lang='lat' dir='ltr'><strong>Lege</strong></span> <span class='ocrx_word' id='word_1_837' title='bbox 2421 5549 2803 5604; x_wconf 73' lang='lat' dir='ltr'><strong>Theudoricus.</strong></span> 
     </span>
    </p>
   </div>
   <div class='ocr_carea' id='block_1_146' title="bbox 2176 5619 2780 5690">
    <p class='ocr_par' dir='ltr' id='par_1_146' title="bbox 2176 5619 2780 5690">
     <span class='ocr_line' id='line_1_153' title="bbox 2176 5619 2780 5690; baseline 0.002 -16"><span class='ocrx_word' id='word_1_838' title='bbox 2176 5620 2196 5674; x_wconf 89' lang='lat' dir='ltr'><strong>.i</strong></span> <span class='ocrx_word' id='word_1_839' title='bbox 2241 5619 2370 5690; x_wconf 57' lang='lat' dir='ltr'><strong>Ms},</strong></span> <span class='ocrx_word' id='word_1_840' title='bbox 2401 5619 2780 5690; x_wconf 77' lang='lat' dir='ltr'><strong>Accvalorum.</strong></span> 
     </span>
    </p>
   </div>
   <div class='ocr_carea' id='block_1_147' title="bbox 2177 5689 3790 5762">
    <p class='ocr_par' dir='ltr' id='par_1_147' title="bbox 2177 5689 3790 5762">
     <span class='ocr_line' id='line_1_154' title="bbox 2177 5689 3790 5762; baseline 0.001 -14"><span class='ocrx_word' id='word_1_841' title='bbox 2177 5693 2210 5736; x_wconf 75' lang='grc' dir='ltr'><strong>ιι</strong></span> <span class='ocrx_word' id='word_1_842' title='bbox 2242 5689 2411 5762; x_wconf 77' lang='lat' dir='ltr'><strong>DeeSt</strong></span> <span class='ocrx_word' id='word_1_843' title='bbox 2453 5689 2514 5744; x_wconf 90' lang='lat' dir='ltr'><strong>in</strong></span> <span class='ocrx_word' id='word_1_844' title='bbox 2550 5705 2654 5748; x_wconf 90' lang='lat' dir='ltr'><strong>ms.</strong></span> <span class='ocrx_word' id='word_1_845' title='bbox 2687 5693 2974 5762; x_wconf 65' lang='lat' dir='ltr'><strong>imperium</strong></span> <span class='ocrx_word' id='word_1_846' title='bbox 3004 5711 3023 5760; x_wconf 86' lang='lat'><strong><em>;</em></strong></span> <span class='ocrx_word' id='word_1_847' title='bbox 3055 5697 3241 5749; x_wconf 81' lang='lat' dir='ltr'><strong>exstat</strong></span> <span class='ocrx_word' id='word_1_848' title='bbox 3281 5690 3343 5748; x_wconf 91' lang='lat' dir='ltr'><strong>iu</strong></span> <span class='ocrx_word' id='word_1_849' title='bbox 3371 5705 3441 5749; x_wconf 89' lang='lat' dir='ltr'><strong>eo</strong></span> <span class='ocrx_word' id='word_1_850' title='bbox 3479 5707 3598 5762; x_wconf 90' lang='lat' dir='ltr'><strong>quo</strong></span> <span class='ocrx_word' id='word_1_851' title='bbox 3629 5707 3790 5750; x_wconf 87' lang='lat' dir='ltr'><strong>usus</strong></span> 
     </span>
    </p>
   </div>
   <div class='ocr_carea' id='block_1_148' title="bbox 2109 5761 2540 5821">
    <p class='ocr_par' dir='ltr' id='par_1_148' title="bbox 2109 5761 2540 5821">
     <span class='ocr_line' id='line_1_155' title="bbox 2109 5761 2540 5821; baseline -0.009 -2"><span class='ocrx_word' id='word_1_852' title='bbox 2109 5763 2222 5821; x_wconf 85' lang='lat' dir='ltr'><strong>fuit</strong></span> <span class='ocrx_word' id='word_1_853' title='bbox 2259 5761 2540 5820; x_wconf 83' lang='lat' dir='ltr'><strong>Ferreras.</strong></span> 
     </span>
    </p>
   </div>
  </div>
