4082 6168
314 212 450 270 ΗΜ

1565 214 1964 270 cunomcox
2024 215 2482 297 ALBELDEiVSE.

3593 216 3731 277 4442

304 354 486 397 cursu
532 339 601 395 ad
639 353 736 395 eos
780 339 1038 411 inruens,
1087 339 1176 396 illi
1208 352 1230 379 ι
1258 338 1451 410 fugam
1490 341 1835 411 arripientes
1874 341 1955 396 ibi
1995 343 2252 402 Acastro
2279 344 2483 409 praeter
2509 352 2716 395 vacuas
2743 341 2950 397 domus
2982 344 3218 400 invenit.
3252 344 3382 401 Alio
3407 344 3591 403 tamen
3622 348 3721 405 die

303 411 492 467 Zmael
516 411 644 466 lben
672 412 908 467 Furtum
930 426 997 467 ex
1018 425 1164 482 equo
1192 412 1422 480 cecidit,
1455 416 1512 466 et
1531 413 1725 467 statim
1755 417 1957 481 captus

302 488 411 538 est.
466 483 750 538 Similiter
802 496 1027 553 quoque
1080 489 1136 538 et
1180 483 1363 538 Zmael
1412 483 1543 539 lben
1594 484 1773 550 Muza,
1819 484 1954 537 dum

300 553 611 609 subrinum
628 555 849 623 eripere
864 553 1067 617 voluit,
1090 554 1300 610 ibidem
1318 554 1573 623 capitur;
1593 555 1873 623 multique
1890 567 1957 609 ex

302 625 532 681 idoneis
552 625 813 680 Benikazi
834 625 1045 680 ibidem
1064 626 1214 695 capti
1234 631 1385 681 sunt.
1404 626 1653 681 Caeterus
1670 626 1958 681 exercitus

302 695 569 766 iniplana
597 697 919 752 consistens
948 695 1176 766 fugiens
1205 697 1403 753 evasit.

410 765 462 822 2.
496 766 803 823 Ababdella
824 781 973 831 vero,
997 765 1122 822 acta
1152 768 1414 838 victoria,
1450 769 1604 838 ipsos
1635 782 1778 837 quos
1806 767 1957 836 cepit

298 838 370 893 ad
405 853 575 894 suum
606 846 858 894 castrum
900 839 1161 895 Beccaria
1194 853 1292 894 eos
1322 839 1472 895 ferro
1502 841 1724 894 vinctos
1758 845 1956 893 trans-

300 910 482 965 misit.
528 911 651 978 lpse
681 910 913 980 quidem
947 910 1079 965 inde
1111 923 1446 981 progressus
1474 911 1544 965 ad
1573 912 1951 981 Ciesaraugu-

298 985 448 1035 stam
491 980 669 1049 venit,
709 994 946 1051 eamque
984 980 1092 1036 sub
1134 980 1362 1037 nomine
1402 981 1557 1050 pacis
1596 982 1721 1037 sine
1760 980 1950 1051 gladio

297 1052 456 1123 cepit
490 1051 727 1122 jurique
766 1066 871 1107 suo
910 1051 1176 1121 subjecit.
1231 1053 1549 1123 Statimque
1598 1052 1833 1108 nuntios
1878 1051 1946 1123 ad

295 1121 614 1179 Cordobam
639 1121 828 1194 misit,
862 1123 1026 1193 quasi
1070 1138 1171 1193 pro
1206 1123 1388 1194 gratia
1424 1121 1575 1194 regis
1609 1123 1724 1179 haec
1758 1122 1950 1177 omnia

295 1194 528 1266 egisset,
564 1194 643 1266 ita
679 1199 738 1266 ut
766 1193 825 1248 in
852 1193 1120 1266 omnibus
1150 1193 1338 1250 ﬁdelis
1364 1193 1649 1253 existeret.
1685 1195 1789 1249 Sed
1817 1207 1946 1249 cum

292 1236 1260 1337 geuge'(Eor‘do‘bensefipsavcivitas,
1284 1236 1430 1323 v21”?
1424 1236 1676 1337 psiwquos
1699 1270 1943 1335 ceperat,

297 1340 644 1406 peterentur,
684 1340 740 1391 et
780 1336 885 1391 hoc
918 1336 1602 1393 Ababdella'nullatenus
1647 1337 1941 1405 adnueret,

297 1420 428 1462 mox
458 1421 687 1478 quoque
721 1407 1107 1463 Cordobenses
1149 1409 1208 1463 in
1248 1408 1333 1463 ira
1366 1413 1500 1464 sunt
1542 1408 1809 1464 commoti
1840 1425 1852 1461 :
1888 1413 1945 1461 et

295 1477 396 1534 isti
418 1478 476 1533 in
493 1477 607 1534 una
622 1483 757 1533 sunt
771 1478 1134 1535 concordiam
1146 1480 1314 1534 versi.
1334 1481 1603 1549 Tuncque
1615 1478 1945 1534 Ababdella-

292 1549 444 1605 tium
472 1550 719 1616 dimisit,
752 1555 810 1605 et
838 1549 910 1605 ob
942 1550 1074 1605 inde
1104 1550 1416 1606 Valterram
1447 1557 1696 1605 castrum
1735 1550 1807 1605 ab
1840 1549 1942 1605 illo

290 1620 555 1691 accepit;
586 1621 860 1676 similiter
895 1628 949 1676 et
995 1634 1434 1690 congermanum
1474 1621 1720 1691 dimisit,
1768 1621 1839 1677 ob
1882 1620 1938 1675 id

290 1635 860 1746 accep11;s1m1111er
895 1635 949 1676 et
995 1635 1434 1690 congermanum
1474 1635 1720 1691 mmtsn,
1768 1635 1839 1677 on
1882 1635 1938 1675 ια

289 1692 435 1747 Tute
460 1704 571 1757 am,
600 1696 773 1762 atque
802 1697 1051 1748 castrum
1083 1693 1267 1748 sancti
1297 1692 1568 1763 Stephani
1596 1692 1665 1747 ab
1687 1706 1751 1747 eo
1775 1705 1944 1747 acce-

293 1763 424 1834 pit;
456 1770 512 1818 et
536 1763 1021 1834 Caesaraugustam
1068 1764 1190 1834 ipse
1230 1764 1406 1820 sicuti
1445 1778 1567 1819 eam
1611 1771 1855 1834 ceperat,
1888 1768 1944 1819 et

291 1833 552 1890 obtinuit
579 1843 635 1889 et
662 1833 901 1889 obtinet.
1099 1833 1104 1834 ⁷
1582 1898 1583 1901 η

365 1902 457 1959 73.
497 1906 754 1975 lpsisque
791 1905 998 1961 diebus
1030 1920 1062 1961 a
1092 1905 1405 1962 comitibus
1434 1906 1691 1961 Castellaa
1720 1912 1775 1961 ct
1804 1906 1944 1962 Ala—

292 1989 376 2049 va‘.
401 1976 617 2049 Didaco
638 1983 696 2031 et
722 1976 912 2049 Yigila
946 1977 1155 2032 multas
1186 1978 1611 2047 persecutiones
1640 1984 1695 2032 et
1723 1992 1942 2049 pugnas

291 2047 446 2101 idem
486 2047 814 2102 Ababdella
845 2050 1128 2104 sustinuit
1158 2070 1172 2110 ;
1206 2055 1262 2103 et
1303 2050 1438 2103 dum
1480 2050 1627 2103 vidit
1676 2063 1734 2103 se
1778 2047 1941 2104 valde

289 2119 543 2188 Opprimi
576 2119 647 2174 ab
677 2119 780 2181 eis,
820 2120 1015 2174 statim
1056 2120 1271 2191 legatos
1304 2134 1403 2189 pro
1435 2134 1567 2189 pace
1600 2121 1715 2191 regi
1749 2126 1941 2176 nostro

286 2189 509 2263 direxit
550 2196 606 2244 et
646 2192 860 2263 saepius
903 2191 1152 2263 dirigit:
1187 2191 1281 2246 sed
1334 2191 1521 2263 adhuc
1575 2191 1870 2261 hucusque
1909 2205 1941 2246 a

290 2261 555 2330 principe
586 2262 915 2317 nullatenus
942 2261 1129 2332 pacem
1156 2262 1369 2331 accipit
1400 2262 1617 2317 ﬁrmam
1642 2262 1668 2302 ι)
1696 2304 1707 2316 .
1738 2263 1839 2317 Ille
1865 2270 1943 2318 ta-

290 2345 421 2403 men
464 2332 521 2387 in
555 2339 746 2387 nostra
776 2334 1069 2389 amicitate
1102 2333 1361 2402 persistit
1398 2339 1453 2388 et
1484 2334 1787 2403 persistere
1818 2333 1943 2389 vel-

296 2402 424 2472 let};
457 2421 471 2472 ;
499 2404 593 2458 sed
630 2418 725 2459 rex
758 2410 950 2459 uoster
976 2405 1029 2459 ei
1057 2406 1245 2460 adhuc
1276 2418 1386 2459 non
1418 2402 1723 2460 consentit.

361 2470 678 2530 7LPostea
721 2489 947 2546 quoque
980 2477 1038 2535 in
1068 2489 1181 2530 aera
1222 2473 1348 2546 92l,
1391 2490 1517 2546 quae
1545 2483 1630 2531 est
1675 2476 1940 2545 prmsenti

286 2557 462 2618 anno,
488 2545 606 2613 jam
636 2545 967 2618 suprafatus
994 2545 1343 2617 Almundar,’
1368 2545 1655 2602 Mahomat
1686 2548 1838 2618 regis
1868 2547 1944 2602 ﬁ-

290 2614 432 2680 lius,
452 2614 591 2671 'cum
616 2617 761 2672 duce
788 2618 1072 2675 Abohalit.
1098 2624 1154 2673 et
1177 2614 1498 2673 cum’omne
1527 2614 1783 2673 exercitu
1813 2620 1945 2688 Spa-

290 2689 493 2760 niie,ia
530 2687 688 2743 Patre
730 2703 835 2746 suo
866 2689 943 2760 ad
988 2689 1476 2760 Caesaraugustam
1520 2691 1779 2745 directus
1816 2687 1940 2759 eSt;

289 2757 393 2813 ubi
421 2759 556 2813 dum
591 2760 766 2829 venit,
813 2759 1180 2815 Ababdellam
1226 2757 1385 2815 intus
1427 2760 1663 2815 invenit.
1707 2757 1942 2816 Duobus

285 2835 514 2902 tantum
552 2830 756 2886 diebus
788 2831 867 2886 ibi
899 2832 1171 2902 pugnavit
1199 2850 1212 2885 :
1244 2832 1465 2887 labores
1493 2837 1549 2886 et
1577 2832 1814 2888 arbusta
1841 2832 1942 2886 di-

286 2899 497 2969 ripuit,
568 2915 680 2956 non
745 2899 1095 2958 tantum'ad
1163 2903 1674 2973 Caesaraugustam,
1737 2905 1832 2958 sed
1880 2903 1937 2958 in

286 2984 514 3026 omnem
548 2975 752 3045 terram
784 2973 853 3027 de
887 2973 1149 3028 Venikasi
1182 2974 1458 3045 similiter
1486 2975 1618 3044 egit.
1656 2974 1895 3045 Degium
1917 2976 1942 3013 ἀ

285 3055 358 3115 ex
389 3048 544 3115 parte
573 3043 829 3115 intravit,
863 3051 919 3098 et
947 3045 1331 3114 deprmdavit:
1370 3044 1464 3099 sed
1499 3043 1724 3100 nullum
1749 3043 1820 3100 de
1849 3045 1941 3099 ci—

282 3113 569 3168 vitatibus
618 3115 701 3169 vel
756 3113 962 3170 castris
1010 3113 1180 3185 cepit,
1242 3115 1335 3171 sed
1385 3117 1501 3183 jam
1549 3123 1572 3151 ο
1624 3115 1936 3185 popula‘vit.

288 3185 752 3267 .Po‘steahquoque
794 3186 916 3256 ipsa
950 3186 1131 3267 hostis
1174 3188 1231 3267 in
1264 3187 1543 3267 terminis
1562 3188 1743 3242 nostri
1780 3187 1939 3257 regni

287 3255 562 3339 intravit,
587 3255 958 3339 primuinque
976 3258 1045 3339 ad
1079 3262 1329 3339 castrum
1358 3257 1687 3339 geloliicurn‘
1714 3255 1942 3339 pugna-

284 3327 390 3394 vit,
426 3327 750 3397 multosque
780 3327 1108 3385 interfectos
1134 3342 1163 3383 e
1189 3329 1314 3383 suis
1356 3327 1436 3383 ibi
1468 3328 1716 3383 dimisit.
1756 3327 1940 3398 Vigila

281 3411 477 3469 comes
508 3399 799 3454 muniebat
834 3400 1021 3469 ipsum
1058 3405 1331 3455 castrum.

351 3464 442 3524 75.
479 3469 692 3525 Deinde
730 3472 799 3526 ad
834 3464 1110 3526 terminos
1147 3470 1404 3526 Castellze
1450 3471 1509 3525 in
1544 3474 1712 3539 ponte
1750 3470 1940 3527 Curbo

278 3539 482 3625 Castro
510 3542 781 3625 pervenit,
810 3541 1007 3625 ibique
1029 3556 1135 3625 sua
1158 3542 1451 3625 voluntate
1481 3542 1936 3625 pugnare'cepit,

280 3611 383 3666 sed
428 3611 599 3667 tertio
641 3612 736 3667 die
778 3613 965 3668 victus
1012 3613 1173 3668 valde
1225 3613 1357 3668 inde
1388 3611 1637 3672 .reced’it.
1690 3614 1941 3668 Didacus

279 3695 477 3755 comes
502 3688 640 3737 erat.
688 3683 903 3739 Dehinc
931 3685 1227 3740 castellum
1258 3684 1500 3755 Sigerici
1536 3684 1824 3740 munitum
1859 3685 1937 3739 in-

282 3754 899 3842 venitajaleihilia
922 3769 993 3842 9°
1020 3756 1173 3842 Αθείεο
1212 3754 1592 3842 augereque
1640 3756 1935 3842 menseed

283 3824 665 3895 Legionenses
698 3826 976 3882 terminos
1013 3824 1272 3882 acoessit.
1308 3824 1409 3882 Sed
1444 3824 1581 3881 dum
1616 3841 1801 3896 regem
1829 3840 1941 3881 no-

281 3902 470 3967 sti-um
516 3896 575 3951 in
613 3897 806 3951 eadem
850 3897 988 3952 urbe
1029 3911 1153 3953 esse
1190 3897 1434 3952 audivit.
1473 3904 1529 3952 et
1560 3899 1696 3967 quia
1730 3898 1787 3952 in
1823 3899 1939 3953 Su—

280 3966 508 4021 blantio
545 3972 732 4022 castro
761 3982 891 4023 cum
922 3969 1007 4023 eis
1040 3968 1299 4038 praeliare
1323 3969 1439 4037 jam
1474 3966 1776 4024 deﬁnitum
1815 3982 1937 4023 esse

280 4038 583 4108 comperit,
610 4039 680 4093 de
707 4039 882 4094 ﬂuvio
910 4039 1049 4094 Zelte
1072 4038 1093 4079 τ
1125 4045 1287 4095 nocte
1320 4040 1631 4108 prtemovit,
1660 4047 1716 4094 et
1742 4040 1938 4094 luces—

281 4115 447 4164 eente
473 4109 568 4163 die
596 4110 664 4165 ad
700 4111 889 4179 ipsum
916 4117 1165 4165 castrum
1200 4110 1477 4179 pervenit,
1511 4116 1813 4179 antequam
1845 4124 1939 4166 no-

281 4184 403 4236 ster
452 4182 740 4235 exercitus
790 4181 932 4237 illuc
986 4181 1332 4251 perrexisset
1373 4198 1388 4250 ;
1430 4181 1526 4236 sed
1570 4181 1720 4235 nihil
1772 4182 1832 4236 in
1873 4194 1939 4236 eo

360 4297 384 4359 ξ
409 4287 469 4340 In
500 4288 828 4359 archetypo,
861 4290 948 4341 illi
976 4290 1033 4341 in
1062 4291 1279 4357 fugam,
1310 4292 1417 4343 etc.

354 4355 387 4397 ι)
417 4359 476 4411 In
507 4355 848 4429 Archetjpo,
878 4363 1086 4429 ﬁrmen.

356 4441 384 4468 ε
412 4429 470 4500 In
501 4430 837 4500 Archetypo,
869 4432 997 4484 velit
1026 4433 1074 4485 si
1101 4446 1218 4484 rem.

2066 424 2193 465 cum
2227 411 2648 489 alacritaiceos
2681 425 2778 489 rex
2799 420 2998 489 noster
3026 417 3095 469 ad
3132 416 3326 471 urbem
3358 424 3720 489 pugnaturos

2067 482 2367 560 sperabat;
2397 483 2503 560 sed
2532 482 2867 560 ipsa_hostis
2900 498 3014 560 non
3042 492 3263 560 tantum
3302 482 3382 560 ad,
3416 482 3711 560 Hegionem

2067 566 2177 608 non
2213 554 2385 621 venit,
2411 554 2505 608 sed
2537 560 2593 608 et
2620 554 2763 609 viam
2796 556 3069 622 praeteriti
3101 558 3236 611 anni
3266 554 3594 616 nullatenus
3618 575 3718 618 ar—

2070 624 2270 692 ripuit,
2319 628 2721 702 nectistoram
2764 626 3002 702 ilu_vi_um
3049 630 3401 702 transcendit
3433 648 3448 698 ;
3480 632 3575 686 sed
3620 647 3718 702 per

2066 702 2315 779 castrum
2358 696 2660 779 Coiancam
2708 698 2776 752 ad
2820 696 3514 779 Zeiamniterumfeversi
3559 696 3715 779 sunt,

2064 766 2412 845 domumque
2448 775 2774 845 sanctorum
2816 770 3066 845 Facundi
3108 775 3165 823 et
3203 769 3491 826 Primitivi
3532 766 3716 845 usque

2063 838 2132 892 ad
2169 836 2541 915 fundamenta
2567 838 2893 915 diruerant.
2937 841 3143 915 Sicque
3184 846 3347 915 retro
3373 846 3578 915 reversi
3619 836 3717 915 per

2064 914 2288 985 portum
2308 910 2408 978 qui
2426 910 2653 985 dicitur
2665 910 3077 985 Balatcomalti’,
3098 913 3157 985 in
3180 912 3445 981 Spaniam
3467 910 3712 985 ingressi

2061 984 2215 1034 sunt.
2256 982 2383 1058 Ipse
2403 994 2547 1058 vero
2580 981 2868 1058 _Abuhalit
2907 984 3045 1038 dum
3092 984 3153 1038 in
3193 985 3471 1058 terminos
3510 981 3718 1058 Hegio—

2061 1050 2433 1126 nen_ses_fuit,
2480 1051 2649 1126 verba
2690 1053 2854 1121 plura
2899 1068 3000 1123 pro
3049 1068 3183 1123 pace
3218 1056 3335 1126 regi
3380 1050 3716 1115 nostro'di-

2059 1122 2376 1197 rex_it_.A_Pro
2401 1123 2726 1197 quo_etiam
2762 1130 2818 1179 et
2845 1122 2941 1197 rex
2979 1122 3170 1181 noster
3198 1122 3444 1197 legatum
3476 1130 3707 1186 nomine

2055 1192 2389 1271 Duicidium
2407 1192 2447 1271 ξ
2478 1236 2493 1261 ,
2515 1194 2795 1271 Toletanis
2818 1195 2981 1251 urbis
3008 1192 3420 1271 presbyterum,
3444 1214 3574 1255 cum
3596 1203 3712 1271 epi-

2056 1263 2224 1318 stolis
2280 1265 2349 1319 ad
2399 1264 2812 1340 Cordobensem
2861 1263 3045 1337 regem
3088 1263 3306 1323 direxit
3354 1263 3710 1340 Septembrio

2057 1347 2272 1408 mense,
2307 1336 2457 1391 unde
2494 1337 2872 1408 adhucusque
2912 1336 3024 1393 non
3056 1346 3141 1394 est
3173 1336 3443 1397 reversus
3462 1342 3707 1399 Novem-

2053 1404 2181 1460 brio
2217 1404 2595 1461 discurrente.

2120 1472 2208 1531 76.
2252 1477 2645 1554 Supradictus
2690 1493 2919 1554 quoque
2971 1479 3282 1554 Ababdella
3340 1482 3558 1553 legatos
3606 1500 3708 1554 pro

2054 1559 2187 1620 pace
2211 1552 2266 1602 et
2281 1549 2471 1620 gratia
2495 1550 2647 1620 regis
2672 1551 2855 1620 nostri
2880 1551 3094 1620 saepius
3117 1552 3372 1620 dirigere
3400 1549 3514 1609 non
3545 1549 3711 1611 desi—

2052 1616 2511 1744 iiitestedadhuc
2536 1616 2583 1662 δ’
2598 1619 2908 1691 perfectum
2938 1616 3090 1677 e'riti
3129 1616 3278 1695 quod
3312 1624 3553 1680 Domino
3580 1626 3711 1696 pla—

2089 1705 2122 1744 u
2194 1705 2209 1743 1
2245 1730 2256 1742 .

2051 1702 2256 1745 Cllerll.

2168 1799 2300 1851 Item
2329 1800 2592 1865 ingressio
2622 1798 3018 1854 Saracenorum
3046 1802 3105 1854 in
3135 1801 3343 1871 Spania
3374 1805 3454 1857 ita
3483 1810 3580 1859 est.

2116 1899 2391 1982 77._Sicut
2407 1904 2522 1982 jam
2550 1918 2723 1982 supra
2749 1904 3386 1982 retul_i_mus,_‘R_uderico
3412 1916 3704 1982 regnante,

2047 1974 2292 2050 Gothisj
2333 1974 2392 2050 in
2426 1976 2655 2050 Spania,
2708 1976 2998 2050 periﬁlios
3046 1977 3290 2033 Vitizani
3339 1974 3711 2050 regisoritur

2047 2046 2251 2100 Gothis
2301 2046 2552 2120 rixarum
2599 2048 2878 2120 discessio
2915 2066 2929 2120 -,
2962 2049 3039 2103 ita
3088 2056 3150 2103 ut
3198 2064 3310 2105 una
3347 2046 3487 2120 pa'rs,
3513 2065 3710 2109 eorum

2051 2129 2287 2191 regnum
2310 2118 2567 2191 dirutum
2592 2118 2785 2191 videre
2810 2119 3239 2191 desiderarent:
3267 2118 3510 2191 quorum
3536 2125 3708 2179 etiam

2051 2186 2240 2262 favore
2305 2194 2476 2259 atque
2544 2188 2806 2262 farmalio
2843 2189 2872 2230 ιι
2911 2192 3175 2246 Saraceni
3241 2186 3509 2262 spaniam
3573 2202 3712 2251 sunt

2053 2258 2297 2329 ingressi
2352 2273 2501 2314 anno
2554 2261 2709 2330 regni
2760 2262 3030 2316 Ruderici
3085 2258 3415 2329 tertio,'die
3464 2279 3527 2319 ιιι
3577 2266 3712 2322 ldus

2050 2330 2405 2399 Novembris,
2456 2344 2551 2385 era
2602 2329 2748 2386 7521
2788 2374 2802 2400 ,
2846 2338 3115 2400 regnante
3163 2342 3201 2368 ιη
3253 2334 3311 2388 in
3359 2333 3552 2391 Africa
3594 2338 3714 2392 Ulit

2049 2376 2560 2457 Amiralmuminin
2604 2402 2725 2457 ﬁlio
2755 2376 2824 2458 de
2868 2376 3708 2472 Abde'llinvelic,anno-lirame

2050 2484 2098 2525 c.
2124 2474 2445 2548 ingressus
2476 2484 2505 2513 ιι
2539 2478 2637 2548 est
2680 2475 2927 2548 primum
2962 2475 3286 2531 ‘Abzuhura
3325 2485 3348 2511 ο
3397 2478 3454 2533 in
3499 2478 3711 2548 Spania

2050 2542 2158 2598 sub
2192 2546 2348 2599 Muza
2387 2545 2532 2599 duce
2570 2542 2637 2599 in
2673 2542 2866 2600 Africa
2911 2555 3349 2602 commauentep
3377 2553 3434 2603 et
3471 2542 3710 2606 Mauro-

2051 2627 2176 2683 rum
2218 2615 2432 2683 patrias
2470 2614 2761 2671 defecante
2790 2629 2816 2670 ει
2851 2657 2862 2669 .

2120 2682 2227 2739 78.
2253 2686 2383 2740 Alio
2425 2700 2576 2741 anno
2628 2687 2923 2757 ingressus
2961 2691 3047 2743 est
3086 2688 3277 2744 Tarik.
3328 2689 3520 2745 Tertio
3558 2704 3710 2747 anno

2045 2756 2162 2825 jam
2189 2758 2382 2811 eodem
2425 2758 2590 2832 Turio
2630 2756 2829 2832 prinlio
2864 2765 3067 2832 agente
3098 2773 3251 2832 cum”
3278 2761 3578 2832 Ruderico,
3610 2763 3711 2818 in-

2052 2841 2281 2904 gressus
2310 2834 2396 2883 est
2425 2829 2585 2883 Muza
2618 2830 2747 2884 lbcn
2768 2830 3004 2904 Muzeir,
3032 2836 3088 2885 et
3116 2831 3287 2904 periit
3320 2829 3713 2904 regnum'Go-

2051 2899 2302 2975 thorum,
2336 2904 2400 2975 _et
2444 2906 2579 2954 tunc
2620 2901 2814 2975 omnis
2859 2902 3031 2956 decor
3070 2903 3326 2957 Gothicae
3371 2899 3561 2974 gentis
3604 2918 3712 2975 pa-

2050 2982 2183 3023 vore
2213 2970 2297 3023 vel
2330 2968 2479 3024 ferro
2514 2971 2705 3039 periit.

2124 3042 2201 3094 De
2238 3054 2367 3110 rege
2403 3054 2630 3111 quoque
2668 3042 2862 3097 eodem
2903 3044 3187 3103 Ruderico
3226 3045 3374 3101 nulli
3407 3059 3578 3103 causa
3607 3048 3708 3104 in-

2050 3111 2260 3236 tleritus
2310 3112 2436 3179 ejus
2481 3112 2711 3183 cognita
2775 3118 2963 3168 manet
3030 3129 3211 3184 usque
3262 3116 3320 3170 in
3373 3123 3705 3186 prmsentem

2050 3196 2221 3236 item.

2049 3196 2221 3237 111cm.

2048 3289 2123 3342 Hi
2141 3293 2269 3342 sunt
2298 3289 2458 3343 duces
2494 3289 2744 3343 Arabum
2776 3291 2874 3358 qui
2928 3296 3296 3357 regnaverunt
3322 3292 3382 3346 in
3418 3293 3630 3363 Spania
3658 3305 3700 3350 τ.

2118 3389 2211 3472 79;
2236 3394 2615 3472 Supradictus
2643 3408 2872 3465 quoque
2898 3395 3056 3450 Muza
3084 3394 3216 3450 lben
3246 3397 3451 3455 Euzeir
3477 3400 3707 3472 ingres—

2049 3479 2151 3537 sus
2174 3466 2467 3537 Spaniam,
2502 3479 2616 3537 reg.
2645 3478 2737 3521 an.
2770 3480 2809 3535 1,
2844 3480 3020 3523 mens.
3054 3480 3141 3521 ιιι.

2119 3535 2420 3609 Abdelaziz
2455 3535 2584 3592 {ben
2612 3538 2738 3591 Muz
2767 3551 2880 3608 reg.
2914 3550 3007 3593 an.
3041 3552 3106 3609 11,
3139 3552 3312 3595 mens.
3349 3554 3426 3597 v1.

2118 3608 2270 3679 Aiub
2303 3621 2417 3679 reg.
2456 3622 2630 3664 mens.
2663 3623 2701 3663 1.

2119 3678 2299 3734 Alhor
2328 3678 2440 3750 reg.
2471 3693 2562 3735 an.
2598 3694 2658 3747 11,
2693 3692 2869 3735 mens.
2900 3693 2958 3734 x.

2119 3751 2283 3805 Zama
2316 3764 2470 3822 regn.
2507 3765 2599 3806 an.
2636 3765 2720 3806 ιιι.

2117 3822 2548 3894 Abderahaman
2582 3836 2694 3894 reg.
2726 3836 2818 3878 an.
2855 3837 2892 3877 1.

2119 3893 2336 3949 llodera
2370 3907 2483 3964 reg.
2528 3908 2620 3950 an.
2655 3893 2699 3949 ’1.

2116 3964 2433 4036 iahiadreg.
2474 3979 2565 4020 an.
2606 3981 2644 4035 1,
2686 3980 2861 4021 mens.
2905 3981 2983 4021 v1.

2120 4033 2338 4106 llodiifa
2374 4033 2486 4106 reg.
2524 4033 2697 4091 mens.
2734 4050 2812 4091 v1.

2116 4105 2403 4160 Autuman
2442 4105 2552 4176 reg.
2592 4121 2766 4162 mens.
2805 4121 2883 4162 v1.

2117 4176 2394 4232 Geleitam
2433 4191 2608 4233 mens.
2643 4191 2699 4232 ιι.

2114 4284 2297 4359 J'_Ms.,
2337 4285 2591 4359 Gotisque
2616 4286 2674 4338 in
2712 4284 2922 4359 Spa‘nia
2953 4302 3054 4354 pre
3091 4287 3242 4354 ﬁliis.
3288 4288 3472 4359 Berg.,
3514 4289 3699 4344 Gothis

2047 4358 2106 4409 in
2136 4357 2345 4426 Spuniu
2370 4373 2470 4426 per
2498 4358 2658 4426 ﬁlios.
2692 4356 2966 4423 Mariana,
2988 4372 3091 4424 pro
3114 4360 3265 4426 ﬁliis.

2118 4427 2147 4468 ιι
2181 4425 2469 4496 Mariana,
2523 4428 2800 4496 formaliu.
2845 4428 3047 4496 Supra.
3096 4425 3252 4483 num.
3300 4425 3388 4499 47,
3433 4430 3695 4496 formatio

355 4501 381 4539 ἀ
412 4473 837 4571 ἦἆὲ
1307 4492 1432 4567 532,
1480 4500 1659 4573 etihic
1701 4501 1850 4559 infra
1877 4517 1932 4559 n.
1963 4473 2017 4534 ἶ)
2048 4504 2205 4573 terra:
2243 4473 2408 4571 le‘gi‘m
2421 4473 2486 4554 us
2516 4473 2824 4573 Saracenos
2858 4473 3119 4553 vocatos:
3151 4500 3246 4573 sed
3275 4473 3406 4573 cum
3433 4473 3541 4573 'hic
3561 4473 3695 4569 far:

277 4566 374 4625 87.
413 4573 574 4637 Degio
605 4573 689 4627 vel
723 4566 873 4634 Deio,
918 4566 1093 4628 hodie
1124 4566 1467 4642 Monjardin,
1510 4571 1649 4628 olim
1681 4574 1737 4628 S.
1772 4576 1939 4629 Este—

282 4644 396 4695 ban
426 4642 491 4713 de
524 4645 685 4712 Deyo.
730 4645 869 4700 Vide
898 4647 1117 4713 Moret.,
1157 4645 1261 4701 loc.
1297 4645 1397 4699 cit.

354 4720 378 4748 ο
417 4712 689 4785 Mariana,
735 4716 830 4769 sed
876 4731 957 4769 ea.
1008 4717 1202 4787 Moret,
1251 4716 1455 4787 Invest.
1510 4730 1633 4787 pag.
1680 4713 1807 4784 532,
1841 4718 1937 4771 sed

279 4799 404 4837 eam
434 4783 735 4855 papulavit.
769 4816 843 4825 —
881 4787 1018 4841 Vide
1055 4783 1205 4842 infra
1235 4800 1289 4841 ιι.
1328 4783 1416 4841 87.
1465 4783 1696 4843 1101132.
1734 4783 1931 4844 Addit.

279 4869 392 4911 IIIS.

356 4925 470 5000 fin
510 4927 834 4999 archetypo,
867 4930 974 4983 liae
1000 4947 1017 4994 ;
1044 4929 1226 5000 Berg.,
1274 4930 1418 4991 Ceia,
1463 4926 1728 4999 infraque
1755 4931 1938 4983 Zeiam

279 4996 493 5052 scribit
520 4999 601 5054 Jo.
640 4996 908 5070 Va'zquez.

355 5081 390 5143 ξ
436 5070 751 5143 Dulcidium
809 5072 1114 5127 ediderunt
1178 5071 1419 5126 Pellicer
1472 5072 1869 5143 etrBerganza
1916 5090 1932 5143 ;

277 5139 733 5213 Dulcidiumque
794 5142 1053 5198 nominat
1124 5143 1475 5197 Breviartum
1536 5139 1808 5199 Ovetense
1875 5139 1934 5198 in

230 5277 247 5282 _
280 5211 662 5286 translatione
691 5214 952 5283 corporis
972 5214 1028 5268 S.
1058 5214 1306 5286 Eulogii.
1340 5216 1403 5269 In
1432 5214 1756 5284 archetypo.
1792 5216 1936 5268 Dul—

276 5297 445 5335 mum.
869 5314 883 5325 -

354 5353 386 5394 δ
416 5355 580 5410 Forte
609 5355 685 5409 ad
712 5356 826 5410 hoc.

356 5425 370 5465 ί
412 5427 492 5498 Ita
529 5427 705 5482 codex
755 5427 1000 5498 Albeld.,
1041 5427 1315 5498 Mariana,
1359 5430 1417 5481 et
1463 5428 1620 5497 Berg.
1667 5426 1782 5482 Alii
1833 5434 1927 5483 est.

282 5496 470 5551 Nicol.
498 5499 703 5553 Anton.
731 5498 833 5569 lib,
862 5513 963 5568 v1.,
989 5495 1153 5555 num.
1177 5495 1311 5567 2.54,
1330 5495 1610 5564 emendat,
1639 5500 1732 5552 sed
1752 5500 1935 5555 adhuc

284 5581 401 5623 non
429 5572 727 5640 perfectum
759 5575 856 5632 est,
884 5571 1033 5640 quod
1076 5584 1189 5626 non
1219 5570 1358 5626 bene
1386 5571 1632 5626 cohaeret
1678 5583 1807 5625 cum
1838 5585 1936 5626 se—

284 5639 602 5707 quentibus
629 5639 990 5710 deprecantis
1010 5641 1198 5697 verbis
1222 5642 1368 5710 quod
1398 5644 1622 5696 Domino
1636 5642 1929 5709 placuerit.

1167 5907 1196 5921 ρ

2044 4572 2208 4623 mulio
2237 4572 2473 4640 ﬁliorum
2513 4574 2720 4627 Witij
2753 4571 3046 4641 ingressus
3081 4583 3179 4625 eos
3205 4570 3265 4626 in
3295 4571 3563 4641 Spaniam
3593 4573 3696 4628 di-

2045 4648 2230 4707 catur,
2281 4641 2504 4712 aliquid
2556 4655 2728 4711 supra
2783 4642 3228 4708 przetermissum
3279 4642 3553 4699 videtur:
3598 4644 3692 4701 hic

2043 4714 2196 4768 enim
2224 4714 2548 4780 farmalium
2572 4727 2672 4769 seu
2695 4715 2957 4781 formalia
2984 4719 3210 4783 pactum
3240 4713 3324 4769 vel
3356 4715 3696 4773 conventio—

2046 4798 2171 4839 nem
2204 4786 2451 4839 denotat.

2114 4856 2129 4897 ι
2158 4859 2218 4911 In
2254 4856 2581 4925 archetypo,
2612 4871 2724 4908 aera
2750 4851 2857 4910 7352
2889 4862 3075 4911 exstat
3106 4856 3176 4911 ad
3212 4869 3389 4912 oram.

2116 4940 2156 4967 ιιι
2187 4927 2282 4982 Sic
2317 4928 2581 4981 Ferreras
2608 4944 2622 4995 ;
2646 4926 2773 4996 alii,
2805 4932 3084 4992 regnante.
3398 4941 3417 4953 '

2115 5016 2144 5044 ιι
2175 4999 2332 5067 Berg.
2366 5004 2422 5051 et
2445 4997 2570 5064 alii,
2603 5013 2748 5050 anno
2786 4996 3035 5050 Arabum
3071 4999 3354 5053 centesimo
3392 5001 3689 5067 ingressus.

2045 5074 2126 5128 Ita
2162 5083 2390 5141 quoque
2430 5069 2489 5123 in
2539 5068 2863 5141 archetypo.
2898 5069 3179 5141 ,Ferreras
3220 5077 3280 5124 ut
3307 5071 3367 5126 in
3396 5076 3552 5127 textu
3584 5085 3695 5139 ;ex

2044 5157 2159 5214 quo
2181 5139 2307 5197 vera
2335 5141 2532 5195 rimari
2562 5146 2749 5214 potest
2769 5139 2970 5214 lectio,
2998 5140 3241 5209 scilicet,
3270 5158 3416 5197 anno
3445 5142 3693 5214 Arabum

2042 5211 2104 5270 94
2156 5216 2430 5279 ingressus
2460 5216 2580 5265 est:
2613 5212 2662 5265 is
2690 5211 2842 5265 enim
2891 5225 3041 5267 unus
3078 5226 3265 5268 annus
3305 5212 3687 5277 nonagesimus

2036 5289 2252 5357 primus
2291 5282 2545 5338 Arabicae
2579 5289 2994 5357 consentaneus
3025 5283 3384 5340 cbronotaxi.

2111 5377 2137 5405 ο
2164 5356 2425 5410 Abuzara
2454 5355 2603 5424 apud
2634 5356 2949 5410 Pacensem.

2112 5454 2141 5496 p
2172 5430 2486 5483 Comorante
2512 5426 2662 5496 apud
2696 5427 2974 5483 Ferreras.

2113 5528 2138 5547 η
2176 5501 2353 5547 Item-
2385 5500 2450 5547 de
2482 5502 2720 5547 fauente.
2755 5499 2918 5547 forte.
2952 5494 3244 5547 defendent

2113 5528 2140 5570 q
2172 5501 2354 5569 Berg.,
2385 5500 2450 5551 de
2478 5502 2720 5566 favente,
2755 5499 2918 5567 forte,
2952 5498 3289 5572 defendente.

2115 5578 2134 5605 τ
2163 5571 2244 5625 Ad
2286 5583 2440 5624 oram
2477 5569 2591 5624 haec
2627 5567 2994 5637 transcripsit
3031 5567 3113 5637 lo.
3158 5566 3425 5632 \azquez.
3470 5562 3691 5621 Desunt

2043 5642 2193 5711 apud
2227 5642 2383 5711 Berg.
2417 5644 2474 5694 et
2496 5641 2615 5695 Saz.
2654 5636 2891 5694 Exstant
2915 5636 3064 5705 apud
3097 5637 3377 5691 Ferreras.
