4082 6168
253 253 396 311 1145
1152 254 1518 310 SIGLOARDI
1563 256 1653 310 DE
1700 255 1936 315 MORTE
1983 258 2312 316 FULCONIS
2360 261 2747 321 RHYTHMUS.
3533 270 3670 329 M46

248 375 448 460 omnia
508 379 715 460 castra.
776 377 1013 460 Terram.
1063 376 1303 460 quidem
1364 378 1672 448 Degensem
1717 381 1986 460 afumA
2018 377 2150 460 fuit,
2206 386 2263 460 e_t
2303 382 2622 460 occisiones
2671 386 2880 460 multas
2931 390 3049 460 egit
3090 396 3288 448 contra
3335 393 3662 460 Saracenos,

248 447 486 527 oppidis
501 452 763 502 cunctam
788 447 1363 527 _possedi‘vi_t_._{\_rbam
1459 447 1709 518 namque
1752 450 1906 527 Pam-
2015 458 2072 527 et
2102 452 2188 527 sic
2219 453 2480 508 decessit.
2520 456 2860 513 Tumulatus
2889 447 3059 514 estvin
3095 447 3284 518 castro
3313 447 3668 520 sancti'St'e;

253 517 609 590 pilonensem
644 533 748 590 suo
778 519 898 586 juri
941 518 1246 584 subdidit;
1291 534 1506 577 necnon
1537 517 1666 575 cum
1699 521 1905 576 castris
2019 523 2212 590 phani.

249 589 1910 673 omne.territoriumAragonensecapit.Dehincexpulsis
2019 589 2406 673 ;Supersitnt
2451 597 2592 673 ejus
2620 597 2727 673 ﬁlii
2789 599 2848 673 in
2900 601 3083 673 patria
3132 603 3339 671 ipsius,
3401 605 3668 661 videlicet

249 659 538 742 omnibus
564 660 896 742 Biotenatis,
940 661 1208 742 xxﬁregni
1243 659 1334 742 sui
1375 676 1524 742 anno
1573 659 1842 742 migravit
1878 677 1909 718 e
2017 659 2222 719 Sancio
2253 673 2308 720 et
2337 659 2515 742 frater
2543 669 2670 737 ejus
2698 659 3049 742 llanim'irus,
3080 659 3223 742 quos
3253 659 3430 731 sal'vet
3459 659 3668 732 Omni?

507 731 778 871 Sgpluétlgs
799 732 983 786 sancti
1010 730 1283 801 Stephani
1309 735 1528 802 portico
1551 730 1750 804 regnat
1777 749 1908 790 cum
2021 743 2220 804 potens
2249 751 2348 806 per
2380 739 2557 794 multa
2572 730 2874 796 curricula
2900 730 3202 798 annorum.
3229 730 3425 800 Amen.

325 873 464 927 Item
493 872 650 928 illius
679 873 805 942 ejus
833 873 1044 930 Garsea
1075 888 1172 930 rex
1200 889 1312 946 reg.
1341 889 1433 931 an.
1468 890 1523 932 x.
1550 875 1839 946 Benignus

325 974 355 1002 α
398 961 538 1017 Vide
564 976 619 1016 n.
646 958 736 1016 74.

2341 874 2715 920 DISCURRENTE
2742 879 3024 922 PRESENTI
3058 881 3182 923 ,ΕΒΑ
3212 881 3366 924 TXIV.

2093 975 2122 1017 b
2147 967 2313 1024 Forte
2337 969 2541 1024 urbem.

1410 1345 2541 1466 SIGLOARDI

1603 1601 1907 1646 CANONICI
1950 1603 2134 1645 RHEM
2144 1603 2326 1648 ENSIS

610 1766 1098 1853 RHYTHMUS
1186 1769 1300 1852 DE
1390 1769 1686 1855 MORTE
1769 1769 2184 1857 FULCONIS
2284 1770 2679 1856 EPISCOPI
2782 1771 3312 1857 RHEMENSIS.

243 1964 428 2035 (Apud
459 1962 639 2021 Labb.,
674 1962 918 2011 Biblioth.
951 1977 1094 2022 mss.,
1127 1978 1187 2012 ex
1211 1965 1392 2013 codice
1423 1965 1707 2025 Igniacensi
1739 1966 1826 2028 qui
1855 1967 2084 2015 continet
2118 1966 2436 2014 Breviarium
2468 1965 2743 2015 Flodoardi
2772 1966 2915 2015 libris
2950 1966 3154 2015 duobus
3189 1965 3648 2028 comprehensum.

1321 2045 1449 2093 Post
1476 2045 1793 2108 epitaphium
1826 2045 2091 2108 Fulconis,
2122 2046 2210 2094 lib.
2249 2046 2340 2108 IV,
2374 2060 2488 2108 cap.
2520 2046 2590 2108 8.)

466 2337 513 2393 Ο
536 2338 707 2394 Fulco
735 2339 939 2409 prmsul
965 2340 1197 2409 optime,
1940 2339 1993 2398 B
2229 2341 2367 2397 Ruit
2393 2342 2555 2412 illuc,
2587 2347 2644 2397 et
2668 2341 2859 2411 rapuit

466 2426 512 2482 Ο
541 2428 768 2482 cunctis
798 2429 1194 2484 amantissime
2227 2429 2447 2500 Corpus
2475 2437 2530 2486 et
2553 2445 2742 2486 secum
2769 2429 3000 2498 detulit,

469 2517 546 2570 Re
577 2516 830 2586 pontifex
860 2524 914 2573 et
941 2518 1203 2573 nomine!
2229 2519 2552 2590 Multasque
2583 2519 2735 2575 fudit
2779 2519 3055 2587 lacrymas

467 2605 642 2661 Homo
668 2607 763 2660 sed
794 2607 973 2675 major
1001 2607 1246 2674 homine,
2225 2608 2372 2662 Dum
2393 2608 2642 2663 celebrat
2662 2607 2984 2678 exsequias,

468 2695 568 2748 Vir
595 2695 809 2750 nobilis
841 2695 1138 2766 prosapiae,
2226 2696 2559 2751 Translatus
2587 2697 2645 2751 in
2668 2694 2928 2759 ecclesia,

467 2783 536 2837 Et
558 2784 692 2838 talis
717 2784 1016 2853 sapientiae
2227 2784 2394 2840 Stans
2416 2790 2604 2840 rectus
2631 2785 2699 2839 ad
2727 2783 2954 2838 altaria.

469 2870 669 2938 Qualis
697 2873 894 2928 nullus
925 2877 1012 2926 est
1038 2873 1224 2928 hodie.
2227 2873 2473 2928 Abbates
2510 2879 2567 2928 et
2595 2873 2849 2942 episcopi

468 2961 604 3014 Toto
630 2957 914 3016 formosus
939 2975 1194 3031 corpore,
2228 2962 2389 3016 Hunc
2420 2967 2745 3015 sustentant
2789 2959 3060 3014 revestiti.

472 3051 796 3119 Magnzeque
827 3049 1190 3119 eloquentiaa,
2232 3051 2488 3104 Iuduunt
2518 3062 2646 3103 eum
2697 3047 2884 3102 infula

471 3137 528 3190 1n
563 3143 661 3192 tuo
689 3139 886 3193 ﬂentes
917 3137 1116 3193 funere
2231 3138 2528 3207 Pallioque
2558 3141 2614 3191 et
2638 3137 2856 3201 tunica,

473 3227 576 3282 Vix
605 3241 909 3296 possumus
942 3229 1270 3297 reprimere.
2229 3226 2382 3280 Stola
2409 3225 2556 3280 collo
2576 3224 2915 3292 imponitur,

471 3317 574 3371 Det
604 3316 711 3371 tibi
746 3316 1016 3371 Christus
1045 3316 1302 3386 requiem
2230 3315 2298 3368 Et
2322 3313 2557 3368 candela
2583 3312 2938 3367 accenditur.

471 3405 654 3476 Atque
685 3419 948 3461 coronam
983 3411 1284 3475 perpetem.
2230 3403 2342 3456 Nec
2372 3402 2529 3457 deest
2555 3401 2635 3455 ibi
2665 3400 2924 3464 baculus,

468 3495 581 3549 Nos
611 3500 798 3549 autem
833 3501 887 3549 te
919 3495 1276 3564 plorabimus
2229 3491 2332 3545 Sed
2363 3490 2691 3559 applicatur
2722 3487 3009 3543 manibus.

471 3583 683 3640 Diebus
705 3589 877 3653 atque
898 3585 1166 3640 noctibus
1198 3603 1210 3638 :
1939 3623 1988 3684 Ο
2230 3580 2387 3684 'l‘uan
2411 3579 2661 3633 decanus
2695 3577 3030 3684 ponti‘ticum

471 3675 607 3727 Nam
653 3674 857 3728 amasti
889 3674 1186 3738 veraciter,
1940 3664 1988 3684 υ
2230 3666 2399 3720 Jubet
2422 3673 2478 3722 et
2505 3672 2666 3737 rogat
2694 3664 2990 3734 pOpulum,

473 3762 586 3817 Nos
611 3769 666 3817 et
688 3763 945 3817 tractasti
972 3763 1242 3830 dulciter,
2231 3757 2303 3810 Ut
2327 3760 2490 3810 orent
2510 3768 2705 3809 omnes
2728 3753 3036 3808 Dominum

471 3849 778 3904 Adornasti
810 3850 1143 3920 Ecclesiam,
2234 3845 2340 3899 Pro
2371 3845 2560 3899 anima
2596 3842 2888 3913 pontiﬁcis

472 3938 816 3993 Gubernasti
847 3938 1126 3993 familiam
2231 3934 2311 3988 Ne
2351 3940 2641 4003 mergatur
2666 3932 2726 3986 in
2755 3930 2978 3999 inferis,

473 4029 577 4082 Per
605 4042 885 4083 summam
909 4028 1007 4082 Dei
1037 4027 1302 4098 gratiam,
2231 4022 2332 4076 Sed
2369 4021 2592 4076 laetetur
2621 4035 2751 4076 cum
2779 4019 3027 4088 superis,

472 4117 615 4171 Bene
646 4117 846 4171 rexisti
881 4115 1120 4186 patriam
1149 4135 1162 4170 :
2233 4111 2302 4164 Et
2323 4115 2386 4164 ut
2411 4110 2522 4164 Deo
2542 4109 2677 4162 dent
2714 4108 2958 4162 hostiam

471 4206 573 4261 Sed
605 4206 836 4276 quidam
869 4219 1101 4274 serpens
1141 4204 1422 4272 lubricus,
2231 4198 2365 4267 Quae
2396 4201 2598 4267 purget
2641 4197 2766 4265 ejus
2795 4196 3064 4250 animam.

472 4297 540 4350 Et
567 4310 676 4350 non
707 4301 885 4363 pater,
914 4294 1010 4349 sed
1043 4294 1312 4360 vitricus,
2230 4289 2388 4343 Tunc
2417 4299 2613 4341 omnes
2637 4287 2747 4340 Deo
2785 4283 3134 4353 supplicant,

476 4384 603 4438 Tibi
637 4384 874 4438 tendens
916 4383 1164 4438 insidias
2230 4379 2368 4432 Cum
2398 4375 2665 4446 lacrymis
2690 4379 2745 4430 et
2771 4372 3042 4443 rogitant.

472 4476 675 4529 Nostra
707 4473 870 4528 auxit
901 4472 1168 4542 injurias.
2227 4468 2441 4521 Tenent
2467 4464 2756 4520 candelam
2792 4459 3008 4532 singuli

475 4562 813 4617 Maledictus
839 4573 870 4616 a
900 4561 1143 4616 Domino
2232 4557 2558 4626 Pontiﬁces,
2590 4552 2925 4624 presbyteri.

473 4651 754 4706 Puniatur
782 4651 842 4705 in
879 4650 1126 4705 baratro.
2229 4646 2551 4714 Tyrannum
2580 4641 3102 4709 excommunicant,

474 4741 612 4796 Cum
639 4739 832 4812 gladio
856 4747 910 4794 et
931 4737 1206 4810 fustibus,
2230 4735 2300 4788 Et
2323 4734 2602 4789 viventem
2633 4732 2999 4797 mortiﬁcant,

472 4831 542 4884 Et
570 4828 810 4884 armatis
847 4827 1158 4896 militibus,
2229 4823 2578 4891 Omnemque
2606 4828 2814 4876 coetum
2864 4820 3116 4875 militum

477 4917 688 4974 Invasit
714 4923 766 4972 te
791 4917 1196 4986 Guinemarus,
2231 4910 2340 4978 Qui
2368 4911 2473 4965 ded
2486 4915 2650 4965 erunt
2679 4908 2992 4976 auxilium,

473 5007 633 5062 Nulli
655 5007 867 5073 dulcis,
897 5006 991 5061 sed
1018 5018 1267 5075 amarus,
1819 5040 1823 5045 ι
1939 4997 1994 5056 D
2235 5001 2369 5055 Post
2394 4999 2500 5053 hoc
2524 4997 2858 5054 defunctum
2890 4996 3154 5065 eﬂ'erunt,

473 5095 578 5150 Cui
611 5095 760 5150 nihil
801 5094 1139 5162 abstuleras,

474 5186 533 5239 In
563 5197 729 5254 quem
768 5183 918 5238 nihil
956 5197 1304 5252 peccaveras.

474 5274 535 5327 In
559 5273 655 5327 die
681 5285 792 5343 qua
817 5278 869 5326 te
902 5272 1163 5340 tradidit,

392 5389 399 5397 ο
471 5365 541 5416 Et
572 5367 626 5416 te
655 5368 710 5416 et
749 5361 937 5430 ipsum
973 5361 1244 5430 perdidit.

472 5451 652 5519 Quam
682 5450 798 5505 cito
827 5449 1020 5505 clerus
1048 5449 1240 5505 audiit

473 5539 716 5593 Tantum
756 5538 989 5609 malum,
1025 5536 1344 5592 infremuit.

474 5627 544 5681 Et
567 5625 723 5696 plebs
754 5633 810 5682 et
838 5627 977 5682 ordo
999 5626 1238 5697 gemuit,

2232 5089 2302 5143 Et
2331 5089 2564 5142 honeste
2590 5087 2894 5157 sepeliunt.

2232 5179 2483 5248 Ejusque
2513 5183 2643 5232 ante
2669 5176 2958 5232 tumulum

2233 5269 2639 5324 Commendant
2662 5268 2774 5321 Deo
2804 5266 3095 5336 spiritum.

2233 5360 2294 5412 In
2323 5357 2520 5428 requie
2551 5358 2630 5412 sit
2659 5356 2850 5411 anima
2929 5385 2932 5388 -

2234 5449 2396 5501 Nunc
2433 5453 2489 5500 et
2520 5460 2617 5515 per
2641 5452 2848 5501 cuncta
2878 5444 3084 5501 saecula

2233 5535 2430 5604 Amen,
2462 5547 2647 5603 amen,
2678 5532 2774 5588 tlat
2795 5533 2875 5587 ita

2234 5622 2398 5678 Dicat
2427 5623 2616 5677 omnis
2657 5620 2928 5676 Ecclesia.
