4082 6168
473 210 603 267 4454

1271 213 1563 279 ΑΡΡΕΝΙ).
1605 216 1696 270 AD
1733 214 1894 271 SJEC.
1935 216 2034 271 IX.
2074 243 2146 255 -—
2184 209 2538 269 AUCTORES
2574 208 2747 266 ANNI
2788 205 3080 264 INCERTI.

3748 199 3873 259 “5?.

468 330 651 386 amice
692 333 910 401 Lector,
949 333 1021 388 de
1058 347 1177 417 quo
1190 339 1273 417 te
1311 318 2116 417 commonefaciamus,_quam
2140 339 2198 399 Α
2227 347 2374 417 nem,
2414 334 2465 389 si
2493 332 2720 417 quando
2757 323 3873 417 occurrebant,tummetﬁmteﬁrgtiguo

469 414 574 457 nos
614 400 983 477 summorum
1047 400 1381 477 pontiﬁcum
1437 408 1700 474 decreta,
1747 421 1871 477 qua
1898 400 1987 477 iii
2029 406 2121 461 his
2224 400 2527 461 Canonum‘
2563 403 2817 477 capitula
2860 400 3237 477 adnotavisse.

470 472 801 546 pontiﬁcum
833 475 988 546 VVitis
1019 472 1229 545 passim
1261 477 1534 546 citantur,
1580 472 1781 533 sedulo
1810 492 1940 532 cum
1968 476 2122 532 fonte

469 543 804 617 contulisse,
831 545 936 600 hoc
960 543 1046 602 est
1069 561 1197 602 cum
1223 549 1468 604 decretis
1491 543 1615 617 qua
1639 555 1865 603 exstant
1890 549 1949 603 in
1969 548 2123 604 Con--

471 616 741 672 ciliorum
787 617 960 673 tomis
990 626 1083 686 ;et
1114 624 1235 673 tum
1271 619 1461 675 varias
1490 616 1765 680 lectiones
1802 621 1872 675 ad
1903 620 2124 691 margi-

3270 398 3449 467 Quam
3488 409 3724 466 cperam
3775 409 3875 449 no—

2229 483 2403 532 stram
2444 489 2556 530 non
2594 466 2931 529 dubitamus
2971 471 3240 527 omnibus
3264 466 3569 538 theologia
3599 466 3875 522 studiosis

2232 547 2350 604 fore
2374 552 2710 617 pergratam,
2746 545 2896 600 Vale.

1659 1001 2159 1106 INCIPIT
2257 1001 2685 1104 LIBER.

789 1406 834 1459 Ι.
873 1435 947 1447 —
980 1406 1036 1462 S.
1084 1407 1348 1463 PETRUS
1385 1406 1792 1464 APOSTOLUS.

1007 1512 1194 1581 (Anno
1233 1513 1435 1568 Christi
1482 1511 1592 1587 45.)

538 1614 745 1710 Beatus
771 1617 973 1676 Petrus
999 1620 1314 1710 apostolus,
1339 1626 1396 1675 et
1417 1621 1685 1710 princeps
1706 1621 2121 1710 apostolorum,

466 1701 877 1777 Antiochenus,
908 1707 1341 1777 ﬁliusloannis,
1376 1709 1683 1779 provincia
1700 1708 1969 1779 Galilaa,
1996 1701 2124 1766 vico

469 1792 792 1859 Bethsaida,
843 1793 1018 1851 frater
1046 1797 1304 1865 Andrea,
1339 1798 1588 1868 primum
1621 1797 1772 1853 sedit
1802 1798 1860 1852 in
1891 1796 2122 1867 episco-

470 1879 584 1950 pali
610 1881 881 1939 cathedra
910 1884 1231 1941 Antiochia
1270 1898 1452 1941 annos
1480 1886 1534 1942 7.
1577 1886 1645 1943 Et
1685 1891 1813 1956 post
1839 1886 1907 1941 ad
1935 1900 2122 1956 expu-

468 1969 758 2040 gnandum
788 1971 1074 2028 Simonem
1106 1976 1391 2045 Magnum,
1444 1980 1508 2031 ut
1548 1974 1927 2046 Hieronymus
1972 1974 2120 2030 dicit

470 2054 555 2128 (de
579 2058 755 2128 Scrip.
805 2062 988 2129 eccles,
1022 2064 1080 2116 in
1110 2064 1311 2135 Petro),
1343 2064 1573 2120 Romam
1617 2064 1913 2135 ingressus
1941 2063 2121 2119 Clau—

465 2146 553 2202 dii
584 2160 735 2205 anno
767 2146 821 2220 2,
862 2151 925 2206 in
968 2152 1282 2222 episcOpali
1307 2153 1575 2209 cathedra
1610 2153 1762 2210 sedit
1797 2166 1978 2209 annos
2026 2152 2122 2207 vi—

468 2236 617 2309 ginti
645 2238 921 2310 quinque,
960 2254 1182 2298 menses
1207 2242 1374 2310 duos,
1405 2242 1533 2298 dies
1572 2248 1706 2299 tres.
1739 2242 1849 2312 Qui
1878 2255 1993 2298 uno
2018 2256 2123 2297 eo—

466 2325 710 2397 demque
757 2333 1010 2400 tempore
1049 2336 1106 2386 et
1146 2330 1264 2403 die,
1312 2331 1602 2401 videlicet,
1637 2337 1767 2401 post
1795 2332 2120 2402 passionem

466 2414 698 2470 Domini
727 2429 878 2474 anno
912 2416 1003 2488 38,
1041 2418 1245 2476 ultimo
1274 2434 1407 2476 vero
1431 2434 1580 2477 anno
1610 2422 1854 2477 Neronis
1885 2434 1972 2490 ιιι,
2001 2420 2121 2475 Ka—

470 2501 667 2558 lendas
704 2505 847 2561 Julii
902 2520 1033 2563 cum
1072 2508 1248 2564 Paulo
1296 2510 1632 2578 martyrium
1678 2508 2120 2565 consummavit.

467 2589 571 2644 llic
590 2590 736 2647 duas
758 2593 1046 2661 Epistolas
1065 2594 1222 2667 fecit,
1247 2611 1373 2667 qua
1391 2598 1688 2654 Canonica
1710 2598 2117 2653 nominantur:

471 2678 531 2733 in
569 2692 812 2749 quarum
855 2683 1059 2754 prima,
1095 2685 1280 2754 primo
1308 2686 1650 2757 generaliter
1677 2686 1990 2742 Ecclesiam
2023 2685 2124 2740 in—

468 2768 666 2838 struit,
703 2769 999 2838 explicans
1021 2771 1296 2827 beneﬁcia
1320 2774 1534 2843 quibus
1563 2788 1668 2830 nos
1695 2775 1893 2831 divina
1938 2775 2120 2845 pietas

450 2855 538 2910 ad
558 2855 800 2911 salutem
822 2871 1042 2928 vocare,
1065 2860 1151 2915 vel
1173 2860 1323 2916 dona
1339 2861 1556 2932 quibus
1576 2876 1681 2919 nos
1695 2863 2010 2934 aliquando
2028 2865 2122 2918 Ju-

467 2943 640 3014 daos,
671 2958 822 3001 nunc
838 2952 1028 3002 autem
1052 2961 1156 3005 nos
1179 2949 1458 3006 honorare
1481 2951 1716 3023 dignata
1742 2958 1846 3007 est.
1870 2953 2120 3008 Postmo-

467 3031 604 3088 dum
631 3046 761 3090 vero
776 3034 1033 3091 diversas
1058 3036 1313 3094 ﬁdelium
1358 3053 1630 3109 personas
1666 3040 1907 3097 solerter
1933 3042 2117 3098 hortaé

472 3125 583 3190 tur,
619 3135 689 3177 ne
717 3136 777 3178 se
808 3128 964 3180 tanta
1010 3125 1266 3195 Spiritus
1308 3128 1491 3200 gratia
1529 3129 1839 3185 carnaliter
1876 3131 2116 3188 vivendo

468 3209 708 3266 reddant
747 3212 1017 3285 indignos
1048 3234 1064 3284 ;
1094 3229 1185 3285 ne,
1220 3217 1321 3286 qui
1349 3216 1526 3288 regali
1549 3232 1616 3273 ac
1639 3219 1979 3275 sacerdotali
2006 3234 2117 3276 γορ

466 3298 671 3355 cabulo
714 3307 851 3357 sunt
896 3302 1187 3376 insigniti,
1217 3305 1493 3362 vitiorum
1526 3307 1748 3363 malitia
1792 3307 2040 3377 subacti,
2078 3322 2111 3366 a

465 3388 798 3445 condonata
821 3390 907 3445 vel
940 3393 1235 3461 promissa
1260 3393 1375 3449 sibi
1404 3394 1731 3451 nobilitatis
1751 3396 1933 3467 gloria
1953 3398 2114 3469 dege-

467 3482 683 3533 nerent.
714 3479 784 3534 Et
822 3479 1008 3549 primo
1040 3481 1256 3538 liberos
1283 3488 1339 3538 et
1363 3496 1574 3554 servos,
1606 3484 1814 3540 deinde
1843 3485 2113 3541 mulieres

465 3570 523 3620 et
550 3566 705 3622 viros
752 3568 1082 3636 specialiter
1109 3570 1430 3640 alloquitur
1456 3590 1469 3625 :
1495 3577 1667 3641 atque
1699 3578 1825 3641 post
1869 3574 2118 3630 interlo-

464 3653 752 3710 cutionem
795 3656 1078 3726 generalis
1107 3658 1547 3730 exhortationis,
1589 3661 1844 3716 seniores
1887 3675 2116 3732 quoque

464 3746 523 3796 et
552 3742 941 3799 adolescentes
967 3744 1217 3814 qualiter
1257 3760 1379 3802 sese
1408 3748 1650 3804 debeant
1676 3763 1888 3821 gerere,
1916 3756 2116 3806 osten—

464 3829 584 3883 dit.
618 3832 681 3884 In
701 3831 949 3886 secunda
970 3844 1101 3887 vero
1131 3833 1408 3905 Epistola,
1443 3850 1611 3905 quam
1638 3837 1854 3893 eisdem
1875 3839 2114 3909 scripsit

466 3915 683 3985 quibus
719 3922 776 3971 et
812 3918 1076 3990 primam,
1130 3921 1437 3979 miseratus
1463 3924 1709 3995 eosdem,
1732 3926 1850 3996 jam
1885 3934 1948 3982 ut
1980 3940 2115 3996 per-

2146 1405 2206 1466 A

2768 1401 2859 1459 III.
2884 1431 2960 1442 —
2983 1400 3037 1456 S.
3068 1397 3342 1455 CLETUS.

2781 1492 2965 1563 (Anno
2995 1489 3196 1545 Christi
3217 1484 3331 1549 84.)
3770 1568 3781 1570 ξ
3825 1568 3857 1570 Α
3962 1558 3977 1570 ~

2302 1585 2516 1652 Cletus,
2547 1582 2781 1638 natione
2800 1581 3088 1637 Romanus
3113 1578 3184 1632 de
3208 1575 3441 1647 regione
3464 1572 3607 1628 Vico
3633 1568 3882 1639 patricii,

2235 1678 2395 1745 patre
2449 1671 2778 1741 Emiliano,
2830 1669 2982 1725 sedit
3023 1680 3204 1722 annos
3254 1662 3582 1730 duodecim,
3640 1670 3883 1713 mensem

2234 1776 2432 1832 unum,
2463 1762 2590 1818 dies
2612 1760 2894 1817 undecim.
2921 1758 3055 1813 Fuit
3083 1761 3271 1812 autem
3298 1749 3661 1821 temporibus
3692 1748 3891 1815 VeSpa-

2231 1853 2381 1908 siani
2426 1858 2482 1907 et
2525 1850 2662 1913 Titi,
2702 1864 2735 1905 a
2761 1848 3064 1905 consulatu
3108 1841 3436 1913 Vespasiani
3468 1853 3573 1909 vu,
3602 1844 3662 1893 et
3686 1835 3887 1890 Domi—

2229 1942 2375 1997 tiani
2412 1955 2469 2007 v,
2503 1953 2685 2011 usque
2723 1940 2793 1995 ad
2836 1936 3223 1993 Domitianum
3251 1936 3409 2003 ix,et
3433 1928 3647 1985 Rufum
3670 1938 3885 1980 consu-

2231 2033 2338 2087 lem
2381 2050 2393 2085 :
2445 2030 2554 2087 sub
2596 2027 2812 2101 quibus
2860 2024 3133 2096 martyrio
3188 2026 3496 2078 coronatur
3540 2031 3592 2072 v1
3643 2015 3878 2070 Kalend.

2228 2120 2386 2176 Maii.
2419 2120 2523 2175 Hic
2550 2132 2619 2175 ex
2646 2122 2925 2188 pracepto
2949 2115 3007 2170 B.
3035 2113 3187 2170 Petri
3208 2109 3415 2183 viginti
3444 2107 3707 2178 quinque
3740 2118 3885 2173 pres

2231 2210 2460 2281 byteros
2492 2207 2781 2264 ordinavit
2813 2207 2873 2262 in
2907 2206 3100 2260 Roma.
3143 2204 3285 2257 Nota
3329 2200 3435 2255 hos
3470 2198 3643 2263 duos,
3682 2193 3881 2248 Linum

2232 2305 2289 2355 et
2314 2298 2556 2367 Cletum,
2586 2296 2735 2352 nihil
2765 2294 3111 2366 pontiﬁcale,
3138 2292 3255 2348 nisi
3280 2304 3348 2345 ex
3375 2292 3658 2359 pracepto
3687 2285 3746 2338 Β.
3780 2284 3884 2336 Pe-

2234 2386 2333 2456 tri,
2364 2385 2589 2457 egisse:
2626 2383 2776 2440 unde
2805 2387 3031 2439 constat
3052 2394 3150 2437 eos
3191 2378 3552 2447 coadjutores
3596 2373 3751 2442 ejus,
3773 2383 3880 2425 non

2234 2486 2592 2532 successores
2620 2473 2821 2531 fuisee.

2727 2563 2817 2618 IV.
2847 2592 2923 2602 —
2949 2561 3001 2617 S.
3043 2557 3379 2616 CLEMENS.

2796 2651 2980 2722 (Anno
3001 2651 3206 2706 Christi
3221 2638 3336 2716 93.)

2155 2719 2205 2779 Β
2299 2742 2579 2813 Clemens,
2628 2719 2862 2797 natione
2916 2741 3223 2809 Romanus,
3289 2736 3360 2791 de
3421 2733 3659 2805 regione
3710 2729 3885 2786 Caelio

2231 2838 2458 2902 momte,
2486 2846 2555 2888 ex
2585 2836 2744 2902 patre
2767 2830 3063 2899 Faustino,
3090 2828 3242 2884 sedit
3259 2839 3441 2882 annos
3466 2836 3692 2891 novem,
3724 2834 3888 2876 men-

2230 2936 2321 2978 ses
2340 2923 2506 2992 duos,
2538 2921 2666 2978 dies
2692 2921 2905 2977 decem.
2930 2919 3064 2976 Fuit
3081 2922 3272 2973 autem
3300 2913 3666 2983 temporibus
3692 2910 3887 2966 Galba

2226 3014 2284 3066 et
2301 3010 2635 3080 Vespasiani
2658 3023 2689 3064 a
2710 3008 3015 3064 consulatu
3034 3005 3260 3077 Tragali
3286 3011 3342 3058 et
3377 3002 3585 3069 italici,
3612 3012 3805 3070 usque
3819 2998 3882 3052 ad

2226 3099 2558 3170 Vespasiani
2600 3112 2811 3155 nonum
2843 3103 2899 3154 et
2914 3096 3113 3157 Titum
3146 3106 3206 3148 ι.
3238 3093 3364 3159 Hic,
3400 3090 3672 3162 quamvis
3700 3089 3765 3143 in
3789 3101 3887 3143 or—

2222 3191 2358 3247 dine
2390 3189 2634 3260 catalogi
2696 3194 2822 3258 post
2872 3188 2931 3242 B.
2986 3187 3213 3241 Petrum
3267 3182 3477 3238 tertius
3526 3179 3880 3239 inveniatur,

2221 3291 2415 3334 revera
2442 3282 2650 3347 tamen,
2682 3277 2836 3333 sicut
2867 3276 2988 3345 ipse
3020 3275 3079 3329 in
3113 3270 3359 3343 epistola
3394 3268 3642 3337 scripsit
3682 3266 3884 3322 Jacobo

2219 3367 2738 3438 Hierosolymorum
2779 3364 3065 3435 episcopo,
3097 3368 3226 3432 post
3251 3361 3478 3415 beatum
3508 3359 3747 3412 Petrum
3780 3355 3887 3425 pri-

2224 3471 2374 3525 mus,
2406 3454 2564 3511 nullo
2596 3454 2957 3524 interposito,
3000 3453 3262 3507 Romana
3293 3448 3446 3503 sedis
3490 3444 3881 3517 gubernacula

2227 3542 2425 3614 procul
2473 3542 2656 3598 dubio
2697 3542 2884 3597 tenuit
2916 3559 2931 3610 ;
2958 3540 3139 3595 Linus
3183 3543 3373 3594 autem
3417 3542 3474 3590 et
3514 3534 3721 3589 Cletus
3762 3533 3881 3587 ideo

2223 3633 2383 3689 velut
2406 3645 2729 3688 sucessores
2758 3631 2908 3686 Petri
2935 3633 3442 3693 connumerantur,
3470 3624 3615 3694 quia
3636 3623 3765 3692 ipse
3792 3634 3881 3676 eos

2224 3723 2283 3777 in
2316 3722 2433 3776 vita
2470 3721 2830 3789 coadjutores
2867 3718 2980 3775 sibi
3026 3717 3163 3773 fecit
3193 3723 3255 3772 ut
3301 3721 3459 3770 tanto
3506 3711 3727 3767 melius
3767 3712 3881 3779 ipse

2222 3822 2421 3865 vacare
2473 3813 2663 3879 posset
2707 3807 2977 3864 orationi.
3030 3807 3182 3860 Hanc
3226 3802 3491 3859 veritatis
3533 3800 3877 3855 sententiam

2220 3897 2449 3953 Tertius
2465 3898 2708 3953 Joannes
2738 3910 2878 3966 papa
2910 3895 2968 3950 in
2998 3892 3263 3964 epistola,
3295 3905 3464 3962 quam
3485 3889 3736 3959 scripsit
3753 3887 3879 3956 epi—

468 3977 734 4058 fectiores
761 3977 830 4060 ad
855 3977 1076 4075 majora
1099 4013 1156 4062 et
1181 3977 1949 4083 perfectiorainul—ti,
1967 3977 2113 4069 com-

2226 3986 2417 4055 scOpis
2438 3986 2497 4041 in
2517 3985 2837 4041 Germania
2860 3991 2916 4040 et
2938 3983 3142 4039 Gallia
3172 3979 3490 4052 provinciis
3514 3977 3874 4083 constituatis,

468 4096 659 4147 monet
696 4100 754 4149 et
808 4065 1090 4151 hortatur.
1147 4065 1217 4154 si
1264 4065 2113 4172 magis;istaisti;

2226 4072 2524 4129 manifeste
2571 4073 2890 4142 conﬁrmat,
2940 4072 3020 4127 ita
3070 4073 3222 4125 inter
3245 4076 3446 4137 catera
3473 4066 3685 4122 dicens
3715 4065 3872 4172 (8,'q.

465 4178 705 4253 dicitur,
737 4183 873 4252 quia
922 4185 1148 4244 Marcus
1174 4189 1406 4258 adjutor
1428 4192 1554 4260 ejus
1584 4190 1715 4261 fuit,
1761 4196 1819 4247 et
1857 4192 2016 4248 ﬁlius
2043 4192 2113 4249 de

466 4267 768 4339 baptismo.
797 4272 1100 4331 Ordinavit
1118 4282 1307 4334 autem
1329 4280 1627 4350 episcopos
1647 4286 1783 4350 tres,
1810 4281 2033 4349 Linum,
2056 4288 2114 4337 et

463 4357 706 4431 Cletum,
761 4366 818 4417 et
869 4363 1231 4439 Clementem,
1286 4375 1342 4423 et
1394 4368 1753 4439 presbyteros
1799 4370 2011 4442 decem,
2056 4380 2114 4427 et

462 4446 737 4509 diaconos
756 4458 991 4524 septem.

1030 4563 1098 4618 II.
1128 4592 1205 4604 —
1225 4565 1279 4619 S.
1322 4565 1539 4622 LINUS.

995 4670 1195 4744 (Anno
1225 4672 1429 4733 Christi
1456 4671 1579 4746 69.)

536 4774 734 4846 Linus,
764 4778 995 4841 natione
1025 4780 1203 4837 Italus
1232 4782 1487 4855 regionis
1512 4784 1752 4855 Tuscia,
1777 4790 1936 4857 patre
1963 4786 2110 4841 Her-

463 4863 691 4936 culano,
719 4867 869 4923 sedit
887 4880 1069 4925 annos
1095 4871 1382 4940 undecim,
1408 4886 1629 4930 menses
1654 4881 1792 4946 tres,
1822 4876 1949 4931 dies
1972 4877 2109 4931 duo-

462 4951 668 5008 decim.
699 4956 831 5012 Fuit
860 4964 1050 5014 autem
1077 4959 1432 5029 temporibus
1460 4963 1721 5036 Neronis,
1745 4976 1778 5019 a
1802 4965 2106 5022 consulatu

384 5088 387 5099 .
461 5040 763 5100 Saturnini
790 5051 845 5101 et
871 5046 1181 5118 Scipionis,
1225 5064 1408 5121 usque
1444 5052 1513 5107 ad
1540 5053 1868 5122 Capitonem
1906 5058 1964 5109 et
1982 5055 2110 5110 Ru-

463 5129 583 5187 fum
630 5134 917 5191 consules.
961 5136 1077 5192 Sub
1113 5137 1329 5208 quibus
1370 5141 1644 5211 martyrio
1676 5148 1986 5198 coronatur
2013 5143 2110 5198 die

462 5234 612 5277 nono
642 5222 880 5278 Kalend.
911 5224 1138 5281 Octobr.
1186 5227 1290 5283 Hic
1331 5241 1399 5284 ex
1434 5236 1708 5299 pracepto
1757 5229 1906 5285 beati
1955 5232 2106 5289 Petri

2224 4160 2276 4231 4,
2302 4177 2352 4218 c.
2393 4163 2456 4218 Si
2490 4162 2722 4235 autem):
2748 4162 2809 4217 Si
2852 4164 3034 4215 autem
3070 4161 3261 4214 Petrus
3295 4159 3554 4229 princeps
3598 4154 3877 4224 apostolo—

2219 4268 2343 4306 rum
2366 4252 2646 4321 adjutores
2667 4253 2774 4306 sibi
2787 4252 2987 4305 Linum
3002 4256 3053 4305 et
3068 4250 3273 4305 Cletum
3288 4247 3543 4307 adscivit,
3565 4261 3680 4299 non
3702 4250 3873 4299 tamen

2218 4345 2533 4410 potestatem
2546 4342 2838 4411 pontiﬁcii,
2867 4345 2966 4394 aut
2989 4338 3206 4407 ligandi
3231 4342 3329 4391 aut
3354 4335 3604 4390 solvendi
3632 4348 3875 4388 rimam

2221 4431 2297 4484 eis
2346 4429 2601 4493 tradidit,
2633 4430 2729 4484 sed
2768 4430 3062 4484 successori
3098 4443 3194 4483 suo
3230 4426 3507 4487 Clementi,
3555 4426 3660 4493 qui
3699 4422 3871 4476 sedem

2221 4521 2573 4590 apostolicam
2602 4523 2726 4589 post
2768 4534 2907 4581 eum,
2940 4522 2990 4572 et
3010 4521 3329 4589 potestatem
3358 4512 3739 4586 pontiﬁcalem
3770 4516 3876 4564 tm-

2222 4609 2379 4662 dente
2423 4609 2531 4662 sibi
2572 4609 2636 4663 B.
2683 4610 2839 4663 Petro
2886 4613 3063 4662 tenere
3093 4606 3418 4677 promeruit.
3460 4603 3640 4657 Linus
3678 4616 3804 4655 om
3826 4604 3872 4652 et

2222 4698 2401 4754 Cletus
2440 4699 2834 4753 ministrabant
2874 4700 3145 4753 exteriora
3169 4715 3187 4750 :
3202 4697 3460 4766 princeps
3502 4696 3693 4745 autem
3737 4704 3873 4759 φο-

2219 4788 2477 4843 stolorum
2508 4790 2701 4844 Petrus
2737 4788 2896 4842 verbo
2926 4791 2976 4841 et
3000 4786 3237 4839 orationi
3272 4782 3580 4839 insistebat.
3615 4782 3779 4847 Item,
3814 4778 3870 4833 in

2217 4878 2410 4934 eadem
2447 4890 2592 4948 papa
2632 4879 2875 4934 Joannes
2919 4875 3088 4946 paulo
3130 4873 3376 4931 inferius
3412 4872 3484 4929 de
3530 4872 3752 4928 eisdem
3794 4870 3869 4924 ita

2215 4967 2556 5039 subjungit:
2586 4967 2785 5021 Linum
2807 4983 3040 5036 namque
3061 4972 3111 5021 et
3129 4965 3337 5021 Cletum
3364 4964 3508 5018 nihil
3534 4963 3741 5030 legitur
3770 4976 3871 5014 un-

2216 5073 2381 5126 quam
2407 5059 2579 5126 egisse
2613 5072 2683 5111 ea:
2702 5056 3010 5127 pontiﬁcali
3050 5056 3354 5110 ministerio
3379 5057 3709 5125 potestative
3736 5071 3755 5116 ;
3779 5051 3871 5105 sed

2217 5150 2482 5215 quantum
2515 5147 2591 5200 eis
2642 5161 2677 5198 a
2736 5146 2888 5199 beato
2934 5145 3091 5199 Petro
3141 5144 3595 5214 pracipiebatur,
3660 5148 3869 5195 tantum

2217 5234 2390 5287 solum
2438 5234 2691 5302 agebant.
2724 5233 2827 5289 ilic
2863 5238 3074 5301 autem,
3115 5234 3251 5288 dum
3285 5231 3496 5287 multos
3537 5230 3726 5287 libros
3754 5230 3871 5285 zelo

458 5311 769 5367 constituit
790 5318 854 5369 ut
893 5314 1165 5372 mulieres
1183 5316 1367 5373 velato
1396 5318 1584 5387 capite
1614 5319 1672 5373 in
1694 5318 1993 5375 ecclesiam
2025 5322 2107 5376 in-
2133 5306 2187 5366 D
2219 5322 2350 5380 ﬁdei
2375 5323 2720 5379 Christiana
2751 5323 3055 5395 religionis
3083 5321 3416 5391 ascriberet,
3451 5321 3737 5392 martyrio
3765 5318 3871 5374 sub

459 5400 724 5456 troirent.
746 5402 850 5459 Hic
873 5403 1165 5462 ordinavit
1183 5406 1482 5477 episcopos
1504 5407 1857 5479 quindecim,
1882 5410 2108 5481 presby-

458 5494 611 5546 teros
635 5492 969 5548 octodecim.

527 5606 559 5638 ⁸
599 5597 683 5657 Ad
714 5599 834 5656 hac
854 5601 1159 5670 respondet
1181 5601 1465 5661 Baronius
1494 5606 1633 5660 tom.
1657 5605 1700 5671 Ι,
1727 5617 1800 5665 an
1821 5603 1918 5665 69.

2214 5413 2477 5482 Trajano,
2509 5414 2682 5469 tertio
2709 5426 2860 5469 anno
2891 5413 3050 5484 regni
3089 5414 3234 5482 ejus,
3279 5416 3616 5481 coronatur,
3656 5424 3715 5465 ιι
3753 5408 3872 5463 Ka-

2216 5500 2366 5557 lend.
2394 5501 2738 5561 Decembris.
