4046 6182
175 334 321 393 H53

1044 336 1304 393 PSEUDO
1342 316 1767 393 LUITPRANDI
1802 336 1930 392 LIB.
1969 337 2060 392 DE
2098 337 2273 395 vms
2309 310 2499 400 non:
2520 346 2720 403 rom.

3452 353 3592 414 4154

243 459 353 514 Hic
378 458 632 515 sollicite
654 473 720 515 ac
747 460 1057 532 diligenter
1080 468 1233 532 gesta
1252 466 1562 531 martyrum
1588 449 1730 512 fecit
1748 456 1831 512 in—
1855 456 1909 518 A
1943 473 2095 516 mum
2119 462 2348 532 quidem
2365 466 2574 524 habent
2596 470 2707 533 illi,
2730 472 2874 542 quia
2898 475 3013 533 Deo
3030 477 3318 544 aberrant,
3344 481 3515 537 etiam
3537 486 3589 541 si

171 546 360 616 quiri,
408 554 465 602 et
503 547 706 603 scribi.
750 548 853 602 Hic
881 549 1119 617 scripsit
1144 548 1290 605 duas
1325 547 1601 619 epistolas
1623 544 1830 601 Jacobo

173 636 701 706 Hierosolymorum
726 638 1014 707 episcopo,
1046 652 1173 708 quae
1197 638 1495 694 catholicae
1519 635 1831 693 nominan—

171 730 288 780 tur.
330 726 398 779 Et
423 725 665 793 primam
714 726 952 795 scripsit
981 726 1033 780 ei
1061 740 1129 781 ex
1165 733 1441 797 prmcepto
1471 728 1529 780 B.
1560 723 1741 780 Petri:
1770 724 1828 779 in

169 826 285 883 qua
316 814 609 882 videlicet,
642 813 767 883 ipso
805 814 1191 889 praecipiente,
1223 815 1428 871 Jacobo
1460 819 1655 869 narrat
1682 826 1831 883 qua—

172 902 309 956 liter
337 903 463 971 ipse
488 902 753 972 princeps
774 902 1184 972 apostolorum,
1212 917 1341 958 cum
1368 903 1536 958 ﬁnem
1558 902 1671 958 sibi
1699 901 1828 955 vitae

172 990 483 1045 imminere
517 992 829 1061 praasentit.
866 992 1053 1061 ipsum
1079 992 1420 1048 Clementem
1448 993 1507 1048 in
1544 999 1827 1049 conventu

168 1079 432 1135 ecclesiae
463 1081 726 1136 Romana:
752 1081 905 1137 sedis
927 1081 1251 1151 pontiﬁcem
1282 1082 1590 1149 ordinavit,
1626 1090 1683 1139 et
1712 1083 1826 1139 sibi

169 1182 564 1226 successorem
585 1182 709 1225 esse
731 1171 1057 1239 constituit,
1088 1178 1143 1227 et
1170 1172 1221 1227 ei
1245 1171 1462 1243 ligandi
1487 1176 1544 1227 et
1570 1172 1826 1229 solvendi

172 1264 514 1328 potestatem
539 1272 571 1314 a
601 1259 843 1315 Domino
877 1259 992 1315 sibi
1033 1260 1302 1317 traditam
1330 1262 1601 1318 tradidit:
1661 1263 1739 1318 ita
1767 1268 1833 1319 ut

167 1346 240 1402 de
266 1347 366 1402 his
390 1346 682 1417 omnibus,
711 1347 927 1417 quibus
954 1349 1076 1420 ipse
1098 1350 1414 1406 decreverit
1445 1351 1504 1406 in
1527 1352 1718 1421 terris,
1742 1352 1833 1407 de-

168 1442 395 1491 cretum
426 1435 506 1491 sit
536 1440 593 1491 et
616 1436 677 1491 in
699 1436 880 1493 caelis.
907 1439 975 1493 Et
996 1452 1172 1509 quare
1202 1438 1368 1495 talem
1394 1453 1460 1495 ac
1491 1445 1705 1495 tantam
1737 1453 1831 1510 po-

169 1529 437 1580 testatem
469 1524 524 1580 ei
556 1524 909 1595 tradidisset,
932 1527 1208 1583 continuo
1228 1526 1562 1597 subjunxit:
1590 1530 1678 1582 Ita
1699 1529 1834 1595 liga-

171 1613 250 1666 bit
287 1615 437 1667 enim
476 1629 598 1682 qua:
648 1614 814 1681 ligari
851 1620 1077 1685 oportet,
1137 1620 1187 1670 et
1234 1617 1400 1671 solvet
1444 1633 1564 1686 qua:
1614 1616 1832 1686 expedit

167 1704 328 1765 solvi,
383 1708 649 1772 tanquam
709 1706 806 1773 qui
846 1704 922 1757 ad
969 1705 1239 1774 liquidum
1288 1706 1540 1760 Ecclesiae
1584 1710 1832 1775 regulam

1940 549 2132 606 sobrie
2177 553 2447 611 vixerint.
2499 558 2786 616 Adulterii
2836 568 3024 619 autem
3071 567 3311 635 primam
3344 570 3589 639 speciem

1940 644 2121 707 vocat,
2161 642 2347 699 virum
2377 647 2608 716 propria
2644 663 2820 706 uxore
2864 666 2975 708 non
3005 667 3128 709 esse
3156 661 3510 720 contentum,
3536 662 3593 713 et

1941 727 2239 784 mulierem
2268 746 2379 788 non
2412 737 2646 805 proprio
2687 742 2907 795 tantum
2935 754 3159 798 servare
3195 757 3253 799 se
3282 745 3424 800 viro.
3455 748 3590 801 Item

1939 817 2227 887 praecepit,
2262 824 2326 874 ut
2348 821 2398 876 si
2423 823 2573 879 inter
2596 839 2655 880 se
2684 827 2913 898 negotia
2940 828 3265 901 habuerint,
3300 846 3411 887 non
3440 833 3593 902 apud

1939 906 2241 963 saeculares
2265 909 2620 983 judicentur,
2653 914 2749 970 sed
2802 917 3086 988 quidquid
3125 920 3281 976 inter
3325 921 3461 977 illos
3490 922 3590 989 sit,

1936 995 2088 1062 apud
2139 997 2496 1068 presbyteros
2531 1002 2866 1060 dirimatur.
2914 1006 3294 1064 Diaconorum
3343 1008 3595 1066 oﬁlcium

1938 1096 2062 1138 esse
2090 1085 2321 1142 edocuit
2348 1095 2511 1146 actus
2533 1092 2714 1148 totius
2738 1094 3005 1150 Ecclesia:
3025 1097 3337 1169 diligenter
3366 1099 3597 1156 investi-

1940 1185 2091 1243 gare,
2115 1187 2181 1230 ac
2200 1176 2451 1263 sollicite
2474 1181 2871 1238 considerare:
2904 1188 2987 1253 ut,
3012 1184 3062 1240 si
3081 1185 3314 1255 quidem
3336 1187 3593 1244 vicinum

1943 1262 2064 1317 ﬁeri
2112 1262 2455 1338 praecipitio,
2511 1276 2565 1325 et
2615 1273 2938 1342 proximum
2964 1288 3087 1331 esse
3136 1282 3363 1345 peccato
3403 1290 3601 1348 quem-

1942 1349 2084 1407 libet
2104 1353 2373 1425 viderint,
2401 1358 2668 1430 episcopo
2689 1361 3080 1433 notiﬁcentur,
3112 1369 3176 1420 ut
3199 1364 3270 1419 ab
3291 1378 3377 1435 eo,
3401 1365 3502 1436 qui
3529 1365 3591 1421 in

1946 1442 2328 1511 prmcipitium
2351 1445 2620 1515 lapsurus
2644 1454 2749 1520 est,
2776 1452 3161 1509 commonitus
3186 1459 3499 1524 revocetur,
3528 1459 3595 1510 ut

1941 1542 2053 1584 non
2083 1539 2317 1589 corruat
2338 1538 2397 1590 tn
2426 1542 2714 1605 peccatum
2741 1536 2895 1608 (dist.
2931 1538 3019 1609 93,
3052 1555 3108 1596 c.
3143 1544 3409 1615 Diaconi).
3432 1544 3590 1613 ltem,

1942 1624 2005 1674 ut
2036 1620 2388 1693 negligentes
2417 1631 2474 1680 et
2503 1627 2697 1683 tardos
2725 1629 2794 1684 ad
2821 1628 3055 1686 verbum
3084 1631 3186 1686 Dei
3216 1632 3592 1700 audiendum,

1939 1708 2007 1764 ad
2062 1710 2319 1781 episcopi
2371 1719 2673 1771 tractatum
2721 1718 3025 1773 convenire
3090 1725 3486 1777 commoneant
3540 1725 3597 1775 et

168 1794 402 1847 nouerit.
445 1795 508 1849 In
549 1807 662 1863 quo
701 1796 1013 1852 notandum
1061 1810 1185 1852 esse
1229 1811 1340 1854 non
1385 1797 1612 1867 dubito,
1657 1799 1830 1870 illud,
1864 1785 1915 1844 Β
1944 1796 2263 1855 hortentur.
2293 1801 2579 1858 Similiter
2606 1808 2663 1859 et
2700 1818 2815 1877 eos,
2858 1806 2960 1877 qui
3006 1807 3320 1863 secundum
3363 1819 3593 1864 carnem

170 1883 323 1954 quod
344 1883 911 1954 quilibetepiscOpus
924 1885 1326 1943 ecclesiastica;
1344 1888 1553 1960 regulae
1572 1889 1827 1960 ignarus,

167 1972 253 2028 vel
268 1972 537 2043 qualibet
550 1973 647 2028 ira:
663 1978 763 2028 aut
779 1975 1121 2043 cupiditatis
1141 1978 1520 2034 commotione
1534 1978 1826 2034 inductus.

168 2060 218 2115 si
239 2060 440 2131 aliter,
471 2074 638 2131 quam
665 2067 943 2131 oporteat,
973 2063 1182 2136 ligabit
1209 2071 1311 2121 aut
1339 2066 1519 2121 solvet
1544 2067 1603 2122 in
1634 2067 1825 2136 terris,

170 2150 412 2204 irritum
436 2148 557 2206 fore
583 2151 642 2227 in
681 2153 861 2208 caelis.
1118 2200 1121 2205 .

236 2240 456 2294 Narrat
505 2239 677 2295 etiam
730 2241 790 2296 in
818 2242 1011 2297 eadem
1060 2244 1325 2313 epistola,
1380 2246 1531 2315 quod
1565 2244 1830 2315 princeps

167 2328 565 2396 apostolorum
598 2343 787 2384 coram
819 2330 1089 2387 omnibus
1112 2346 1242 2387 eum
1272 2334 1647 2404 commonuit,
1683 2347 1831 2405 qua—

166 2415 310 2471 liter
344 2417 603 2471 ordinem
651 2418 1054 2474 ecclesiasticaa
1095 2421 1568 2490 dispensationis,
1609 2428 1723 2477 tam
1769 2423 1827 2476 in

169 2505 371 2575 seipso
394 2519 564 2576 quam
595 2506 656 2561 in
694 2508 916 2563 caeteris
954 2508 1068 2563 sibi
1118 2509 1412 2581 subjectis,
1445 2524 1668 2567 servare
1700 2524 1832 2567 eum

169 2600 465 2666 oporteat;
484 2597 562 2651 ita
575 2595 860 2667 videlicet,
875 2602 940 2654 ut
954 2598 1142 2667 ipsum
1158 2598 1836 2669 irreprehensibilitervi-

172 2696 307 2739 vere
326 2690 605 2755 oporteat,
629 2691 685 2741 et
705 2686 865 2741 nulla
887 2687 1204 2744 mundialis
1220 2688 1435 2760 negotii
1457 2688 1835 2759 occupatione

168 2780 489 2853 perplexus
531 2776 876 2844 inveniatur,
912 2776 1052 2847 quia
1098 2777 1295 2833 nullus
1327 2778 1633 2848 episcopus
1656 2778 1834 2847 judex

171 2876 274 2926 aut
290 2869 560 2940 cOgnitor
584 2880 707 2923 esse
727 2867 1092 2924 saecularium
1116 2867 1476 2938 negotiorum
1503 2867 1827 2936 ordinatur,

172 2974 245 3016 ne
299 2956 683 3028 praesentibus
745 2956 1042 3012 hominum
1095 2957 1257 3012 curis
1324 2955 1665 3026 praefocatus
1716 2969 1830 3011 non

171 3048 364 3118 possit
384 3045 554 3102 verbo
578 3044 678 3100 Dei
714 3057 930 3115 vacare,
967 3051 1025 3100 et
1048 3044 1229 3101 bonos
1260 3058 1295 3100 a
1325 3044 1493 3100 malis
1514 3043 1829 3101 secundum

1940 1892 2234 1958 aegrotant,
2256 1890 2507 1946 sollicite
2528 1894 2884 1963 perquirunt,
2905 1909 2965 1950 et
2980 1895 3133 1965 plebi
3154 1896 3505 1966 iudicentur,
3532 1902 3597 1954 ut

1940 1982 1997 2031 et
2024 1976 2135 2046 ipsi
2166 1990 2263 2035 eos
2289 1979 2544 2047 visitent,
2575 1987 2632 2037 et
2649 1997 2773 2053 qua:
2798 1984 3124 2040 necessaria
3145 1989 3281 2040 sunt
3307 1984 3595 2055 praebeant

1938 2069 2055 2123 eis:
2084 2073 2141 2122 et
2168 2068 2239 2122 de
2259 2068 2530 2125 omnibus
2551 2070 2643 2125 his
2663 2070 2981 2141 similibus,
3007 2087 3133 2143 qua:
3156 2073 3225 2128 ad
3254 2072 3475 2128 cultum
3496 2074 3595 2129 Ec-

1939 2157 2130 2212 clesia:
2146 2161 2201 2212 et
2222 2155 2592 2227 disciplinam
2623 2160 2748 2229 ejus
2774 2161 3082 2231 pertinent,
3109 2161 3374 2218 diaconis
3393 2174 3591 2217 curam

1938 2246 2142 2301 debere
2170 2260 2292 2302 esse
2319 2248 2603 2303 instituit.

2012 2335 2212 2391 Laicos
2232 2349 2363 2391 vero
2395 2336 2453 2391 id
2484 2336 2747 2408 obsequii
2779 2345 3047 2409 praestare
3070 2341 3275 2398 debere
3301 2342 3590 2413 episcopis

1942 2424 2225 2496 instituit,
2277 2431 2341 2481 ut
2380 2426 2439 2481 in
2491 2426 2584 2482 his
2622 2441 2748 2497 quae
2777 2427 2845 2483 ad
2894 2431 3216 2487 communis
3245 2432 3376 2487 vitae
3420 2446 3588 2488 usum

1946 2514 2251 2585 pertinent,
2302 2528 2527 2584 operam
2579 2516 2827 2572 ﬁdeliter
2878 2519 3098 2589 dantes,
3144 2521 3475 2591 episcOpum
3522 2534 3592 2577 ex

1945 2600 2214 2657 omnibus
2261 2601 2477 2672 quibus
2522 2617 2649 2660 eum
2681 2618 2880 2661 vacare
2906 2612 3151 2678 Oportet,
3206 2621 3471 2665 securum
3499 2606 3595 2664 fa-

1946 2703 2074 2746 cere
2093 2704 2289 2747 omnes
2318 2693 2701 2750 communiter
2725 2694 3034 2751 elaborent.
3062 2696 3145 2754 Ad
3190 2697 3308 2753 haec
3333 2698 3590 2754 omnium

1947 2776 2055 2832 sub
2083 2778 2480 2848 episcoporum
2511 2793 2650 2836 cura
2669 2781 2997 2853 degentium
3032 2785 3408 2839 necessariam
3439 2783 3599 2840 solli-

1942 2864 2260 2922 citudinem
2280 2866 2486 2923 debere
2510 2881 2633 2923 esse
2656 2868 2827 2941 dixit,
2858 2874 2923 2925 ut
2948 2868 3020 2925 ab
3046 2870 3305 2926 amicitia
3335 2875 3392 2926 et
3424 2870 3598 2928 collo-

1943 2953 2102 3024 quio,
2141 2959 2199 3009 et
2221 2955 2378 3010 omni
2405 2957 2808 3013 communione
2833 2957 3092 3014 omnium
3119 2971 3316 3015 eorum
3347 2972 3411 3015 se
3450 2958 3599 3041 sub-

1941 3042 2148 3112 trahat,
2175 3043 2390 3113 quibus
2415 3045 2747 3114 episcopum
2772 3046 3064 3101 inimicari
3090 3060 3192 3116 pro
3216 3047 3446 3103 actibus
3470 3047 3596 3103 suis

172 3114 436 3209 regulam
486 3134 748 3191 veritatis
792 3114 1157 3204 discernere;
1213 3134 1351 3204 quia
1398 3135 1485 3190 sic
1524 3134 1672 3189 idem
1707 3133 1830 3203 ipse
1864 3114 1913 3176 C
1940 3131 2212 3198 viderint,
2263 3146 2363 3188 nec
2413 3138 2741 3202 exspectare
2789 3133 2996 3188 debent
3042 3114 3109 3190 ut
3153 3135 3459 3204 episcOpus
3508 3135 3596 3191 eis

169 3228 448 3298 princeps
474 3224 858 3295 apostolorum
890 3223 1161 3280 omnibus
1183 3224 1471 3294 episcopis
1502 3223 1559 3278 in
1589 3235 1828 3294 persona

168 3316 487 3374 Clementis
512 3314 681 3384 paulo
710 3312 958 3371 inferius
975 3313 1159 3368 dicit:
1198 3312 1259 3367 Si
1281 3319 1425 3367 enim
1450 3312 1827 3367 mundialibus

170 3408 324 3462 curis
353 3407 526 3473 fueris
547 3408 858 3474 occupatus,
886 3407 936 3457 et
964 3408 1014 3456 te
1048 3405 1227 3471 ipsum
1254 3403 1507 3472 decipies,
1538 3406 1595 3456 et
1622 3418 1707 3457 eos
1732 3402 1829 3471 qui

171 3504 224 3552 te
248 3496 509 3550 audiunt.
550 3495 674 3549 Non
702 3496 845 3548 enim
868 3494 1090 3562 poteris.
1121 3508 1239 3561 qua:
1281 3493 1357 3546 ad
1398 3493 1628 3546 salutem
1643 3493 1831 3561 perti-

170 3590 330 3647 nent,
354 3585 571 3653 plenius
596 3582 827 3650 singulis
862 3582 1166 3650 quibusque
1194 3580 1567 3649 distinguere:
1600 3585 1651 3634 et
1684 3596 1751 3635 er
1771 3596 1828 3634 eo

168 3679 233 3743 ﬁt
259 3678 324 3728 ut
358 3678 440 3736 tu,
485 3677 749 3741 tanquam
790 3687 900 3725 non
932 3670 1177 3724 docueris
1219 3685 1283 3723 ea
1330 3685 1452 3739 qua:
1479 3670 1554 3722 ad
1590 3670 1830 3731 salutem

167 3744 455 3818 hominum
490 3762 787 3831 pertinent,
830 3759 1142 3829 deponaris,
1183 3764 1234 3813 et
1268 3758 1530 3828 discipuli
1544 3774 1647 3827 per
1679 3760 1832 3826 igno-

166 3854 423 3907 rantiam
458 3855 714 3923 pereant.
776 3851 912 3905 Item
959 3846 1099 3904 refet
1135 3845 1242 3918 (l3,
1290 3864 1344 3919 q.
1388 3846 1443 3912 3,
1484 3862 1534 3903 c.
1582 3847 1831 3913 Quicun—

168 3944 301 4013 que)
338 3942 598 3997 eumdem
646 3939 962 4010 principem
998 3937 1388 4007 apostolorum
1430 3938 1501 3993 de
1543 3935 1831 4007 episcopis

171 4033 263 4088 ita
286 4030 594 4087 docuisse:
635 4031 821 4098 Ipsum
857 4029 955 4097 qui
979 4031 1181 4096 praeest
1223 4028 1447 4095 caeteris,
1491 4030 1695 4095 oportet
1718 4041 1829 4079 me-

168 4122 291 4176 dici
328 4123 497 4173 uicem
534 4134 711 4189 agere,
739 4122 789 4171 et
818 4132 926 4171 non
976 4118 1109 4184 ferae
1146 4115 1325 4168 bestia:
1368 4117 1557 4181 furore
1594 4130 1830 4168 commo-

164 4211 312 4264 veri.
348 4210 482 4263 Item
530 4208 591 4263 in
623 4206 817 4262 eadem
862 4205 947 4261 sic
976 4205 1235 4261 eumdem
1275 4203 1617 4259 Clementem
1651 4203 1833 4258 insti—

167 4300 332 4354 tuit:
376 4298 438 4352 Si
475 4302 525 4351 te
556 4298 715 4351 multi
756 4312 823 4350 csc
856 4295 1130 4362 fratribus
1152 4297 1378 4363 propter
1404 4294 1638 4361 rigorem
1664 4293 1831 4361 justi-

166 4390 267 4442 tiae
314 4387 438 4440 odio
477 4387 787 4455 habuerint,
819 4400 887 4439 ea:
927 4384 1021 4437 hoc
1060 4383 1277 4452 qnidem
1314 4398 1424 4436 non
1470 4383 1706 4444 (sederis,
1737 4382 1832 4436 sed

1936 3220 2111 3276 dicat.
2140 3220 2279 3275 Nam
2302 3221 2505 3291 siquis
2538 3221 2761 3277 amicus
2781 3220 2957 3277 fuerit
2997 3221 3109 3292 his,
3148 3221 3361 3292 quibus
3379 3222 3600 3291 episco-

1939 3322 2047 3378 pus
2076 3323 2188 3365 non
2220 3308 2500 3381 loquitur,
2535 3323 2688 3366 unus
2716 3315 2805 3365 est
2823 3324 2890 3366 ex
2916 3309 3039 3365 illis
3067 3310 3168 3380 qui
3210 3304 3594 3365 exterminare

1936 3400 2245 3455 Ecclesiam
2276 3398 2377 3454 Dei
2403 3398 2621 3465 volunt,
2672 3406 2728 3455 et
2774 3398 3017 3470 nequior
3048 3399 3233 3455 hostis
3273 3404 3380 3471 est,
3420 3413 3590 3469 quam

1939 3489 2030 3544 illi
2048 3488 2151 3559 qui
2179 3486 2321 3544 foris
2347 3494 2500 3557 sunt,
2524 3492 2581 3544 et
2605 3487 2896 3544 evidenter
2922 3492 3059 3544 sunt
3083 3486 3306 3542 inimici
3332 3505 3345 3541 :
3382 3487 3519 3559 quia
3541 3487 3594 3543 is

1941 3591 2040 3648 per
2063 3578 2454 3634 amicitiarum
2469 3578 2736 3648 speciem,
2761 3592 2887 3648 quae
2899 3583 3036 3633 sunt
3054 3576 3313 3639 inimica,
3341 3575 3508 3650 gerit,
3536 3581 3593 3632 et

1938 3667 2238 3724 ecclesiam
2289 3667 2578 3737 disperdit
2617 3680 2683 3723 ac
2750 3671 2950 3722 vastat.
3003 3669 3139 3722 Item
3183 3664 3254 3736 (6,
3320 3680 3375 3737 p,
3440 3662 3490 3735 l,
3536 3679 3587 3721 c.

1937 3757 2002 3810 B.
2029 3755 2218 3830 Petra),
2253 3756 2312 3811 in
2337 3756 2531 3812 eadem
2555 3755 2799 3825 epistola
2830 3755 3061 3811 intimat
3082 3755 3307 3827 Jacobo,
3337 3753 3588 3826 qualiter

1941 3844 2208 3916 princeps
2253 3844 2643 3915 apostolorum
2687 3858 2786 3914 per
2823 3844 3086 3917 singulas
3124 3857 3381 3914 quasque
3422 3842 3594 3899 urbes

1939 3934 2271 4007 digrediens
2313 3933 2481 3990 verbo
2513 3933 2613 3989 Dei
2646 3947 2842 3990 omnes
2866 3933 3061 3989 ﬁdeles
3091 3933 3391 3989 instruxit.
3443 3934 3596 3988 Inter

1941 4030 2141 4081 caetera
2177 4022 2365 4094 refert,
2403 4037 2531 4079 eum
2566 4023 2888 4079 homicidas
2925 4028 2982 4079 et
3007 4022 3322 4089 adulteros,
3353 4036 3420 4078 ac
3443 4035 3596 4079 cun—

1940 4114 2052 4170 ctis
2066 4113 2376 4169 criminum
2399 4112 2644 4168 nexibus
2662 4112 2949 4183 alligatos,
2976 4116 3032 4167 et
3054 4112 3154 4182 qui
3176 4112 3261 4167 eis
3277 4111 3595 4182 coaequales

1942 4216 2051 4258 non
2082 4208 2239 4271 sunt,
2269 4201 2341 4257 ab
2365 4201 2763 4271 episcOporum
2812 4200 3108 4256 vexatione
3136 4205 3192 4255 et
3228 4199 3595 4255 accusatione

1942 4291 2328 4362 prohibuisse.
2353 4292 2489 4345 Item
2506 4288 2775 4358 asseruit,
2810 4290 3052 4357 majores
3074 4301 3107 4343 a
3131 4287 3454 4343 minoribus
3470 4286 3589 4342 nul-

1943 4379 2169 4436 latenus
2190 4392 2354 4449 posse
2370 4376 2652 4439 accusari,
2671 4380 2772 4431 aut
2787 4375 3059 4444 judicari.
3100 4375 3375 4443 Praecepit
3393 4375 3586 4443 etiam,

167 4495 248 4533 cm
281 4477 600 4547 hujusmodi
627 4476 767 4529 odiis
804 4489 957 4528 amor
983 4475 1082 4528 Dei
1110 4473 1434 4526 conciliatur
1458 4472 1593 4526 tibi:
1634 4477 1684 4526 et
1712 4471 1831 4525 ideo
1861 4488 1913 4548 D
1944 4470 2183 4526 neullus
2214 4468 2504 4539 presbyter
2528 4466 2587 4521 in
2619 4465 2870 4534 alicujus
2895 4463 3150 4533 episcopi
3179 4461 3446 4532 parochia
3472 4461 3592 4515 ali—

165 4573 368 4636 satage
389 4567 585 4635 magis,
631 4569 681 4618 et
717 4565 927 4630 refuge,
963 4578 1031 4616 ne
1057 4562 1300 4615 lauderis
1334 4560 1402 4614 ab
1431 4561 1658 4629 iniquis,
1691 4564 1741 4614 et
1765 4575 1832 4614 ne

165 4676 206 4712 α
262 4658 501 4727 pessime
566 4653 850 4721 agentibus
903 4652 1177 4718 diligaris,
1230 4651 1326 4704 sed
1378 4650 1563 4719 potius
1607 4652 1832 4718 propter

153 4748 409 4817 justitiae
427 4744 901 4814 dispensationem,
926 4746 977 4795 et
1012 4741 1378 4810 aequissimam
1404 4740 1648 4806 regulam
1672 4738 1833 4792 disci-

155 4838 349 4908 plina:
383 4852 419 4887 a
439 4834 648 4889 Christo
669 4830 977 4885 collaudari
999 4830 1276 4883 merearis.

245 4922 617 4992 Presbyteros
641 4926 829 4977 autem
863 4919 952 4975 sic
994 4932 1054 4974 se
1081 4917 1287 4973 habere
1312 4917 1582 4988 praecepit
1615 4913 1722 4988 (32,
1770 4933 1824 4988 q.

166 5014 229 5078 6.
264 5027 326 5068 c.
370 5012 516 5077 Quid
554 5013 617 5065 in
657 5008 949 5077 omnibus),
983 5013 1049 5064 ut
1092 5012 1224 5063 ante
1265 5007 1457 5062 omnia
1489 5005 1829 5075 pudicitiam

166 5111 291 5160 tam
318 5103 378 5157 in
402 5115 462 5157 se
491 5114 661 5170 quam
690 5100 749 5155 in
776 5098 1030 5155 subditis
1055 5111 1279 5156 servare
1307 5095 1595 5161 studeant,
1636 5101 1689 5151 et
1729 5110 1832 5151 ca-

165 5197 364 5260 veant,
389 5195 446 5246 et
472 5188 839 5259 praeventam,
874 5201 943 5242 ne
973 5186 1124 5257 quod
1158 5185 1216 5240 in
1245 5184 1393 5254 ipsis
1420 5184 1697 5241 adulterii
1729 5199 1834 5241 oc-

167 5281 399 5338 cultum
417 5279 663 5336 calescat
683 5277 1043 5334 incendium:
1071 5274 1281 5346 quiain
1299 5274 1569 5330 omnibus
1586 5275 1832 5343 peccatis

171 5372 258 5427 nil
293 5371 531 5443 gravius
560 5380 590 5409 ιι
620 5409 634 5435 ,
662 5366 950 5422 adulterio
973 5378 1098 5421 esse
1118 5364 1282 5420 dicit.
1312 5365 1632 5420 Secundum
1661 5377 1829 5419 nam—

172 5475 287 5531 que
318 5460 508 5516 locum
531 5458 593 5512 in
617 5456 801 5526 poenis
821 5454 1080 5510 obtinere
1110 5458 1372 5524 testatur,
1404 5453 1674 5524 quoniam
1704 5453 1832 5523 pri-

244 5579 277 5608 a
308 5588 334 5618 α
361 5564 525 5621 Nihil
560 5562 794 5635 gravius
816 5562 967 5635 inter
992 5567 1255 5635 peccata,
1276 5565 1480 5635 contra
1506 5559 1829 5630 proximum

176 5651 310 5694 BOSA
339 5638 402 5693 in
434 5632 726 5691 Colléctan.
760 5634 853 5689 ad.
880 5634 962 5705 d.,
989 5648 1038 5689 c.
1074 5632 1218 5698 Quid
1236 5634 1295 5686 in
1314 5632 1578 5687 emnibus.

1944 4559 2083 4631 quid
2102 4563 2230 4630 agat
2245 4558 2461 4627 absque
2484 4556 2611 4624 ejus
2630 4553 2933 4625 permissu,
2955 4551 3051 4607 sed
3066 4563 3261 4607 omnes
3273 4548 3589 4620 presbyteri

1943 4644 2566 4717 pr0priisepiscopisin
2591 4640 3083 4710 omnibusabsque
3115 4652 3271 4695 mora
3297 4637 3588 4695 obediant.

2011 4734 2382 4805 Praecipiebat
2414 4732 2585 4788 etiam
2617 4731 2677 4785 in
2711 4744 2967 4786 sermone
2999 4740 3105 4785 suo
3137 4728 3285 4783 idem
3314 4726 3629 4797 aposotlo.‘

1942 4838 2067 4882 rum
2109 4825 2391 4894 princeps,
2425 4826 2492 4877 ut
2519 4833 2714 4876 omnes
2754 4820 3044 4889 principes
3080 4823 3261 4887 terrai,
3302 4821 3360 4872 et
3396 4815 3590 4872 cuncti

1941 4914 2203 4971 homines
2221 4910 2505 4981 episcOpis
2532 4907 2848 4976 obedirent,
2871 4912 2928 4961 et
2945 4906 3134 4975 capita
3158 4919 3261 4960 sua
3283 4903 3596 4961 submitte—

1942 5012 2087 5071 rent,
2119 5008 2195 5074 et,
2240 5003 2290 5058 si
2324 5001 2436 5070 ipsi
2479 4996 2733 5069 episcopi
2781 4995 2970 5051 aliter.
3005 4994 3154 5066 quod
3204 4992 3376 5065 absit,
3422 5006 3593 5064 quam

1942 5094 2202 5161 debeant,
2245 5095 2435 5161 agant,
2473 5101 2586 5144 non
2626 5092 2762 5144 sunt
2789 5099 2821 5140 a
2857 5083 3112 5140 subditis
3140 5080 3590 5152 reprehendendi

1941 5188 2044 5239 aut
2066 5179 2366 5252 arguendi,
2404 5177 2499 5233 sed
2546 5174 2831 5246 portandi,
2880 5172 2995 5228 nisi
3039 5172 3098 5227 in
3143 5171 3253 5228 ﬁde
3277 5169 3594 5227 erraverint

1945 5271 2020 5342 (2,
2049 5287 2103 5342 q.
2149 5266 2204 5338 7,
2241 5283 2290 5324 c.
2324 5266 2683 5335 Sacerdotes).
2728 5263 2936 5319 Omnes
2978 5261 3268 5332 episcopis
3294 5255 3589 5315 contradi-

1940 5367 2131 5417 centes
2151 5358 2392 5416 infames
2410 5370 2534 5413 esse
2559 5352 2930 5423 monstrabat,
2957 5356 3031 5422 et,
3066 5351 3181 5406 nisi
3207 5350 3591 5404 converteren-

1941 5458 2057 5521 tur,
2086 5465 2120 5507 a
2162 5448 2470 5505 liminibus
2505 5444 2773 5501 Ecclesia:
2814 5442 3034 5498 alienos
3074 5451 3196 5494 esse
3225 5430 3591 5505 praecipiebat

1942 5561 2001 5616 in
2035 5571 2255 5633 genere.
2286 5575 2313 5608 »
2344 5557 2409 5611 D.
2442 5556 2618 5610 Tuon.
2654 5548 2784 5623 2-2,
2812 5566 2865 5621 q.
2893 5546 2983 5619 73,
3023 5548 3130 5601 art.
3168 5539 3220 5597 3.
3261 5540 3406 5610 Aug.
3438 5538 3589 5593 Ban-
