4082 6168
407 340 432 414 ⁷,
461 341 598 404 44ὅὸ

1257 343 1544 400 APPEND.
1586 342 1679 398 ΑΙ)
1717 341 1878 397 SdiC.
1921 341 2020 395 IX.
2061 369 2134 378 —
2169 337 2526 395 AUCTORES
2563 339 2732 394 ANNI
2771 338 3064 394 INCERTI.

3739 333 3878 390 H56

459 467 548 541 ll,
593 485 648 542 q.
687 467 740 542 3,
790 483 840 524 c.
891 468 952 522 Si
975 467 1195 537 autem).
1243 467 1347 523 Sed
1397 480 1467 522 ne
1507 467 1579 522 de
1625 465 1729 520 hoc
1771 463 2026 534 episcopi
2061 462 2195 522 seA
2230 463 2480 520 cordias
2517 475 2830 533 pauperum
2884 458 3555 531 juvare'pauitentiam.
3614 458 3727 514 Per
3771 457 3884 513 hac

455 561 755 627 extollant,
801 557 1258 612 animadvertant
1293 556 1434 626 quid
1469 555 1540 612 de
1567 554 1713 624 ipsis
1741 553 1916 608 dicat.
1958 553 2120 607 Cun-

390 643 400 653 ’
458 653 680 705 ctorum
726 647 1087 702 sacerdotum
1125 645 1300 700 vitam
1331 645 1710 714 superiorem,
1734 641 2118 698 sanctiorem-

460 751 590 809 que,
622 750 688 792 ac
721 735 1026 791 discretam
1046 749 1078 790 a
1103 731 1480 789 sacularibus
1504 737 1560 788 et
1592 731 1760 786 laicis
1783 729 2119 785 hominibus

461 838 603 895 esse,
659 831 716 880 et
761 822 1096 894 spirituales
1147 834 1322 890 supra
1373 821 1649 888 carnales,
1699 825 1756 874 et
1799 818 2120 875 sacerdotes

459 927 636 983 supra
666 912 844 968 laicus
861 923 1084 980 semper
1113 910 1468 965 constituero
1497 915 1554 964 et
1575 907 1694 964 fore
1721 907 1926 963 debere
1944 905 2122 961 doce-

463 1001 589 1056 bat:
621 999 878 1055 carnales
900 1003 1090 1054 autem
1113 996 1524 1067 spiritualibus
1555 995 1821 1052 resistere
1843 992 2123 1064 prohibe-

461 1087 576 1144 bat.
629 1087 974 1143 Ebrietatem
1023 1086 1237 1155 oppido
1284 1084 1642 1154 prohibebat,
1685 1083 1820 1154 quia
1862 1082 2121 1138 ebriosos

460 1189 698 1246 corpore
726 1181 783 1232 et
805 1175 998 1230 anima
1024 1180 1282 1230 mortuos
1311 1187 1434 1228 esse
1467 1171 1826 1242 pradicabat.
1859 1169 2122 1227 llomici—

461 1267 664 1323 darum
696 1278 899 1338 genera
947 1263 1062 1320 tria
1109 1277 1231 1319 esse
1267 1261 1494 1318 dicebat
1523 1262 1612 1331 (de
1639 1263 1831 1314 Panit.
1873 1260 2010 1337 dist.
2044 1255 2118 1330 l),

461 1359 518 1412 et
563 1367 785 1425 poenam
835 1353 1070 1409 illorum
1115 1351 1354 1422 parilem
1403 1350 1526 1406 fore
1567 1349 1822 1406 docebat.
1856 1352 1938 1404 lta
1967 1347 2120 1403 enim

460 1443 808 1504 detractores
838 1441 1102 1513 fratrum,
1128 1448 1186 1496 et
1215 1454 1312 1496 eos
1329 1439 1608 1506 odientes,
1643 1437 1962 1494 homicidas
1998 1449 2122 1492 esse

465 1531 886 1601 manifestabat,
918 1531 1073 1586 sicut
1093 1535 1149 1586 et
1171 1543 1367 1584 eorum
1391 1527 1786 1584 interfectores
1813 1545 1825 1582 :
1863 1527 1998 1598 quia
2017 1524 2119 1596 qui

463 1621 696 1693 occidit,
747 1627 805 1677 et
834 1621 934 1690 qui
975 1619 1106 1676 odit
1136 1619 1365 1675 fratrem
1397 1632 1588 1685 suum,
1613 1623 1668 1673 et
1708 1617 1808 1688 qui
1844 1615 2116 1684 detrahit,

467 1710 684 1780 pariter
713 1708 1018 1764 homicida
1047 1721 1171 1764 esse
1212 1711 1608 1762 monstrantur
1635 1705 1680 1777 (1
1702 1708 1866 1760 Joan.
1903 1705 2008 1777 ιιι).

2229 554 2381 609 enim
2422 551 2652 608 facilior
2671 552 2908 608 dabitur
2937 551 3120 622 venia,
3151 555 3209 605 et
3238 548 3561 620 indulgenti
3595 549 3780 604 citius
3809 549 3888 602 in-

2227 642 2582 714 dulgebitur.
2617 644 2750 698 Item
2771 641 2936 712 jubet
2967 637 3074 709 (16,
3102 655 3156 710 q.
3191 637 3247 708 7,
3275 652 3324 694 c.
3352 635 3666 708 Ecclesias),
3700 636 3887 691 eccle—

2231 733 2351 788 sias
2387 745 2486 802 per
2521 744 2780 803 congrua
2799 735 2854 786 et
2888 729 3060 785 utilia
3093 727 3217 784 loca
3254 727 3399 796 fieri,
3427 738 3642 796 easque
3669 725 3888 781 divinis

2232 822 2499 892 precibus
2519 818 2756 888 sacrari,
2779 825 2836 875 et
2863 820 2920 874 in
2941 817 3194 890 singulis
3211 817 3540 872 sacerdotes
3558 815 3722 886 poni,
3747 830 3887 885 quos

2230 911 2510 978 venerari,
2540 923 2650 965 non
2693 923 2725 964 a
2755 921 3043 980 quoquam
3083 905 3332 978 gravari,
3359 911 3640 974 oporteat.

2299 1003 2460 1070 Item,
2491 999 2550 1054 in
2574 997 2743 1054 tertia
2769 997 3032 1067 epistola,
3057 1009 3226 1066 quam
3251 992 3598 1066 generaliter
3616 992 3888 1048 omnibus

2229 1089 2537 1161 episcopis.
2557 1093 2614 1144 et
2634 1087 2880 1156 reliquis
2900 1085 3150 1154 clericis,
3174 1090 3230 1140 et
3249 1084 3478 1140 cunctis
3495 1082 3884 1152 principibus,

2229 1178 2614 1249 omnibusque
2647 1175 2901 1233 subditis
2925 1173 3190 1244 scripsit;
3209 1173 3357 1229 dicit
3375 1186 3472 1228 eos
3503 1171 3605 1242 qui
3629 1173 3888 1227 sacerdo-

2231 1269 2316 1324 tio
2337 1267 2566 1324 Domini
2597 1265 2895 1334 fruuntur,
2914 1271 2970 1320 et
3001 1263 3060 1318 in
3090 1261 3320 1333 specula
3351 1266 3488 1317 sunt
3515 1260 3718 1331 positi,
3762 1260 3892 1330 plus

2230 1356 2453 1412 caeteris
2475 1355 2623 1411 scire
2651 1359 2932 1424 oportere,
2963 1359 3028 1408 ut
3056 1351 3321 1408 subditos
3345 1349 3460 1406 sibi
3491 1349 3739 1420 populos
3766 1349 3888 1418 ple-

2231 1443 2382 1502 niter
2401 1444 2624 1515 possint
2647 1444 2868 1512 docere,
2897 1441 3098 1512 eisque
3121 1439 3190 1495 ad
3221 1438 3494 1497 calorum
3520 1451 3694 1510 regna
3722 1437 3894 1494 duca-

2230 1540 2351 1590 tum
2367 1533 2642 1604 praebere:
2669 1538 2722 1588 et
2749 1520 3105 1602 ipsorum'sit
3130 1528 3372 1600 populos
3395 1527 3635 1596 docere;
3657 1526 3893 1596 populo-

2233 1636 2360 1679 rum
2388 1636 2520 1678 vero
2547 1621 2644 1693 sit,
2674 1621 2825 1690 ipsis
2847 1618 3138 1690 episcopis
3168 1616 3416 1673 obedire.
3449 1616 3510 1671 Si
3539 1629 3676 1672 vero
3696 1629 3892 1671 omnes

2232 1718 2344 1766 tam
2376 1711 2598 1780 clerici,
2637 1723 2806 1782 quam
2846 1713 2903 1765 et
2933 1695 3088 1776 laici,
3121 1706 3207 1763 eis
3233 1719 3345 1762 non
3380 1704 3750 1772 obedierint;
3779 1717 3888 1760 non

534 1801 598 1855 In
642 1799 896 1854 secunda
919 1801 1107 1853 alitem
1144 1795 1410 1866 θρίεῐοιειν
1443 1808 1612 1865 quam
1656 1793 1986 1864 supradicto
2021 1793 2122 1846 Ja—
2151 1789 2204 1850 Β
2231 1800 2415 1856 solum
2442 1797 2706 1868 infames,
2733 1799 2829 1855 sed
2855 1804 3113 1854 extorres
3137 1809 3168 1851 a
3190 1808 3365 1866 regno
3383 1791 3588 1863 Dei,{et
3609 1806 3646 1848 a
3673 1791 3896 1847 limini-

463 1887 606 1945 cobo
651 1886 1172 1956 Hierosolymorum
1230 1884 1499 1954 epist.0po
1555 1883 1812 1954 scripsit,
1866 1896 1995 1938 eum
2050 1881 2121 1936 de

466 1975 860 2044 sacramentis,
899 1988 1024 2045 qua
1046 1979 1330 2046 geruntur
1359 1973 1419 2028 in
1452 1973 1692 2044 sanctis,
1719 1972 1871 2028 sicut
1893 1985 1925 2026 a
1953 1970 2122 2040 prin-

463 2065 590 2136 cipe
625 2063 1015 2135 apostolorum
1045 2063 1231 2120 fuerat
1257 2063 1480 2128 doctus,
1514 2076 1582 2118 ex
1613 2061 1814 2118 ordine
1859 2059 2115 2115 instruit.

462 2155 619 2210 Dicit
637 2155 813 2226 enim,
833 2152 1162 2210 divinorum
1187 2158 1533 2208 secretorum
1555 2155 1907 2207 sacramenta
1934 2149 2124 2205 tribus

465 2243 742 2316 gradibus
764 2256 888 2298 esse
911 2241 1236 2311 commissa,
1269 2241 1323 2296 id
1347 2247 1451 2311 est,
1485 2241 1834 2312 presbytero,
1857 2239 2118 2308 diacono,

465 2329 925 2403 subdiacono(de
965 2330 1127 2385 Cons.
1161 2331 1300 2386 dist.
1326 2329 1381 2399 2,
1409 2345 1458 2385 c.
1503 2329 1742 2403 Tribus).
1794 2329 1896 2385 His
1933 2331 2122 2383 autem

465 2436 596 2478 cum
625 2422 832 2478 timore
863 2426 919 2476 et
955 2426 1200 2476 tremore
1231 2419 1512 2490 reliquias
1538 2419 1798 2488 corporis
1836 2414 2122 2474 Dominici

465 2510 876 2566 custodiendas
916 2521 1040 2564 esse
1089 2507 1368 2563 insinuat.
1421 2510 1482 2562 In
1537 2507 1706 2562 altari
1737 2511 1928 2562 autem
1967 2507 2156 2558 tanta:

377 2603 382 2609 '
471 2597 800 2654 holocausta
847 2595 1129 2652 offerenda
1159 2610 1283 2652 esse
1319 2596 1600 2666 pracipit,
1649 2600 1864 2665 quanta
1912 2591 2124 2662 populo

467 2683 725 2742 sufﬁcere
772 2685 1053 2741 videatur.
1101 2685 1160 2740 Si
1209 2684 1350 2754 quid
1401 2697 1532 2739 vero
1576 2681 1709 2738 inde
1761 2681 2120 2752 remanserit,

470 2787 582 2830 non
613 2775 674 2829 in
716 2773 1035 2830 crastinum
1067 2772 1488 2842 reservandum,
1540 2773 1635 2828 sed
1667 2785 1798 2826 cum
1829 2771 2034 2826 timore
2067 2776 2125 2826 et

403 2857 406 2861 ’
470 2869 712 2919 tremore
753 2861 1096 2918 clericorum
1151 2859 1456 2931 diligentia
1499 2859 1948 2918 consumendum
2001 2871 2124 2915 esse

468 2951 719 3007 edocuit.
751 2950 1160 3006 Consumentes
1201 2955 1390 3005 autem
1439 2963 1523 3018 ea,
1559 2964 1684 3020 qua
1727 2956 1864 3006 sunt
1893 2947 2124 3016 residua

469 3039 736 3110 corporis
757 3043 815 3094 et
835 3037 1139 3111 sanguinis
1162 3038 1392 3095 Domini
1425 3051 1536 3096 non
1562 3040 1754 3096 statim
1782 3041 1852 3096 ad
1879 3054 2130 3096 commu-

2230 1889 2339 1946 bus
2377 1894 2586 1944 sancta
2621 1889 2722 1944 Dei
2765 1887 3029 1943 Ecclesia
3059 1885 3237 1940 alieni
3291 1888 3497 1940 erunt:
3546 1881 3693 1952 quia
3719 1880 3894 1935 arbor

2231 1993 2357 2050 qua
2408 1991 2518 2034 non
2576 1976 2716 2033 facit
2777 1976 3026 2033 fructum
3089 1974 3300 2030 bonum
3357 1971 3678 2036 excidetur,
3730 1969 3888 2025 etin

2233 2067 2420 2140 ignem
2466 2067 2730 2122 mittetur
2757 2064 2971 2137 (Matth.
3015 2064 3136 2136 v11).
3168 2062 3428 2132 Qualiter
3455 2065 3650 2116 autem
3678 2059 3894 2129 cuique

2231 2158 2311 2213 sit
2334 2157 2712 2214 obediendum
2745 2156 2806 2210 in
2829 2155 3022 2210 eadem
3043 2152 3288 2223 epistola
3316 2151 3502 2219 docet,
3534 2149 3618 2204 ita
3639 2146 3894 2204 subinte-

2234 2260 2364 2302 rens
2393 2243 2499 2317 (46,
2535 2261 2590 2316 q.
2623 2259 2664 2316 ι,
2697 2259 2744 2300 c.
2795 2243 3067 2316 Cunctis):
3102 2242 3460 2311 Quapropter
3481 2237 3719 2294 cunctis
3748 2236 3892 2291 fide-

2234 2334 2408 2406 libus,
2441 2340 2496 2390 et
2521 2347 2879 2404 summopere
2923 2330 3194 2388 omnibus
3223 2327 3572 2400 presbyteris
3599 2333 3660 2381 et
3689 2326 3894 2382 diaco-

2234 2424 2346 2494 nis,
2382 2429 2439 2480 et
2468 2423 2713 2494 reliquis
2736 2421 2968 2478 clericis
2995 2419 3402 2476 attendendum
3431 2422 3540 2486 est,
3579 2421 3646 2472 ut
3675 2415 3892 2485 absque

2233 2512 2487 2583 episcopi
2537 2511 2757 2584 proprii
2809 2509 3044 2566 licentia
3081 2507 3232 2564 nihil
3281 2511 3487 2579 agant;
3531 2519 3646 2561 non
3689 2505 3894 2574 utique

2235 2602 2443 2658 missas
2473 2603 2599 2658 sine
2627 2602 2752 2672 ejus
2778 2601 2948 2671 jussu
2992 2599 3296 2670 quisquam
3331 2595 3799 2667 presbyterorum
3833 2593 3890 2647 in

2233 2703 2337 2748 sua
2369 2691 2638 2760 parochia
2688 2695 2895 2759 cantet,
2946 2701 3059 2744 non
3101 2687 3370 2757 baptizet,
3413 2699 3513 2740 nec
3567 2683 3892 2754 quidquam

2233 2780 2358 2836 sine
2373 2781 2498 2850 ejus
2519 2780 2805 2851 permissu
2830 2777 3020 2834 faciat.
3043 2775 3326 2832 Similiter
3343 2779 3402 2830 et
3425 2773 3640 2844 reliqui
3667 2771 3895 2844 pepuli,

2237 2870 2478 2940 majores
2499 2869 2723 2926 scilicet
2745 2874 2802 2924 et
2827 2867 3098 2937 minores,
3122 2879 3220 2935 per
3236 2865 3362 2934 ejus
3383 2863 3707 2932 licentiam,
3732 2861 3900 2932 quid-

2238 2959 2376 3031 quid
2407 2959 2688 3030 agendum
2719 2963 2824 3027 est,
2869 2961 3058 3028 agant,
3095 2967 3196 3010 nec
3225 2955 3351 3010 sine
3384 2955 3512 3024 ejus
3541 2951 3841 3022 permissu
3866 2962 3898 3004 a

2235 3063 2340 3104 sua
2379 3047 2651 3118 parochia
2679 3045 3018 3111 abscedant;
3047 3057 3150 3099 nec
3179 3043 3240 3098 in
3269 3056 3334 3098 ea
3361 3042 3740 3098 adventantes
3769 3053 3901 3095 mo-

471 3143 570 3185 nes
593 3128 755 3184 cibos
784 3127 1152 3198 accipiendos
1171 3127 1376 3182 debent
1413 3129 1713 3200 accedere;
1736 3129 1831 3185 sed
1865 3129 1914 3185 si
1941 3143 2122 3201 mane,
2151 3119 2200 3182 C
2241 3137 2356 3192 rari
2381 3141 2745 3207 prasumant.
2776 3136 2934 3204 Item,
2963 3133 3022 3188 in
3041 3132 3234 3201 eadem
3266 3130 3436 3202 paulo
3467 3129 3724 3185 inferius
3750 3127 3900 3184 dicit

464 3217 724 3288 jejunent
769 3230 954 3288 usque
975 3216 1044 3272 ad
1105 3221 1358 3274 sextam:
1409 3225 1464 3274 et
1493 3218 1543 3274 si
1588 3219 1760 3274 tertia
1804 3219 1889 3274 vel
1923 3225 2130 3288 quarta

467 3307 812 3378 acceperint,
843 3307 1102 3376 jejunent
1133 3320 1314 3378 usque
1338 3307 1407 3362 ad
1439 3321 1749 3378 vesperam.
1779 3308 1994 3364 Altaris
2013 3323 2128 3364 au—

470 3401 581 3452 tem
608 3395 784 3466 pallia
808 3396 898 3467 (de
923 3395 1080 3452 Cons.
1107 3397 1243 3452 dist.
1276 3393 1328 3468 4,
1354 3410 1402 3452 c.
1434 3397 1649 3452 Alteris
1681 3397 1886 3468 palla),
1912 3397 2121 3466 velum,

469 3490 526 3542 et
571 3491 792 3554 catera,
835 3498 962 3555 qua
1007 3484 1067 3540 in
1098 3485 1428 3541 sanctuario
1478 3485 1778 3556 habentur,
1825 3487 1874 3542 si
1909 3483 2128 3542 fuerint

470 3577 752 3631 vetustate
780 3559 1140 3644 consumpta,
1171 3574 1438 3630 incendio
1471 3573 1718 3644 dentur;
1745 3575 1966 3630 cineres
1995 3589 2126 3632 vero

469 3677 666 3720 eorum
691 3664 771 3719 ita
793 3663 1194 3732 recondantur,
1219 3667 1286 3718 ut
1307 3675 1417 3718 non
1441 3663 1684 3732 pedibus
1706 3663 2125 3720 introeuntium

476 3751 875 3823 inquinentur.

541 3841 1038 3896 Ministrosautem
1051 3837 1254 3894 altaris
1267 3837 1408 3893 tales
1420 3839 1714 3908 eligendos
1725 3853 1846 3896 esse
1861 3839 2122 3911 instruit,

474 3929 574 4000 qui
597 3934 727 3984 ante
747 3927 1167 3983 ordinationem
1199 3939 1336 3981 suas
1363 3927 1636 3999 conjuges
1658 3928 2036 4000 reliquerint:
2072 3931 2124 3987 si

474 4030 606 4072 vero
634 4019 760 4086 post
803 4014 1226 4071 ordinationem
1273 4014 1540 4071 minister
1591 4018 1887 4088 proprium
1935 4019 2127 4076 cubile

477 4105 674 4162 uxoris
715 4104 1014 4175 invaserit,
1063 4103 1318 4160 ministri
1349 4103 1534 4160 ofﬁcio
1555 4113 1743 4163 careat
1779 4105 1866 4178 (l7
1897 4125 1952 4180 q.
1986 4108 2038 4177 4,
2072 4124 2121 4165 c.

472 4195 534 4250 Si
568 4194 747 4266 forte).
793 4196 952 4263 Item,
988 4193 1038 4249 si
1076 4192 1366 4266 presbyter
1403 4199 1504 4250 aut
1544 4196 1824 4253 diaconus
1851 4197 2126 4254 sindones

472 4281 734 4349 sacrarii,
767 4288 869 4338 aut
889 4283 1074 4338 velum
1098 4283 1418 4353 cupiditate
1447 4285 1804 4340 snhtraxeri't
1827 4293 1884 4340 et
1920 4288 2128 4343 vendi—

471 4373 642 4442 derit,
660 4371 816 4428 Juda
837 4371 1136 4428 traditoris
1150 4385 1368 4442 panam
1386 4378 1782 4442 suscepturum
1806 4387 1866 4430 se
1882 4375 2121 4432 noverit.

2235 3208 2321 3281 (de
2353 3226 2508 3280 Cons.
2547 3225 2683 3282 dist.
2715 3225 2739 3279 4
2767 3239 2818 3296 c,
2861 3225 2964 3279 Hic
2992 3222 3168 3297 ergo):
3199 3222 3312 3277 Nec
3337 3221 3399 3276 in
3425 3219 3566 3275 aliis
3603 3219 3758 3275 locis
3797 3231 3899 3274 sa-

2235 3316 2514 3386 criﬁcare,
2564 3321 2620 3370 et
2668 3314 2875 3371 missas
2915 3312 3202 3368 celebrare
3245 3311 3401 3381 licet,
3447 3308 3564 3364 nisi
3595 3309 3656 3363 in
3690 3309 3790 3363 his
3837 3308 3896 3363 in

2237 3405 2452 3476 quibus
2465 3405 2772 3474 episcopus
2795 3402 3083 3474 proprius,
3109 3407 3211 3458 aut
3227 3400 3300 3456 ab
3323 3399 3594 3471 episcopo
3615 3397 3899 3470 regulari-

2235 3499 2324 3550 ter
2343 3493 2626 3564 ordinato,
2653 3497 2878 3549 tenente
2899 3491 3167 3548 videlicet
3181 3491 3492 3558 civitatem,
3519 3492 3896 3544 consecratus

2236 3581 2431 3638 fuerit.
2465 3585 2622 3653 Item,
2655 3583 2716 3638 in
2744 3583 2940 3638 eadem
2975 3580 3158 3638 dicit:
3193 3580 3300 3650 Qui
3333 3582 3626 3651 permanet
3653 3577 3720 3633 iu
3747 3575 3896 3631 malo

2235 3678 2292 3730 et
2322 3685 2519 3729 servus
2545 3678 2631 3728 est
2657 3671 2790 3726 mali
2824 3685 2936 3727 non
2977 3675 3160 3740 potest
3198 3669 3340 3726 eﬂici
3372 3667 3560 3739 portio
3589 3666 3756 3737 boni,
3785 3665 3894 3720 do-

2237 3775 2339 3817 nec
2396 3766 2684 3831 permanet
2710 3761 2770 3815 in
2819 3759 3003 3815 malo:
3059 3760 3198 3830 quia
3233 3759 3307 3814 ab
3343 3758 3516 3814 initio
3551 3757 3674 3813 duo
3724 3767 3892 3827 regna

2237 3854 2450 3906 statuta
2479 3856 2614 3906 sunt
2651 3861 2684 3904 a
2713 3850 2844 3920 Deo,
2878 3853 2936 3904 et
2963 3849 3114 3918 apud
3156 3861 3285 3904 eum
3331 3846 3638 3903 definitum
3665 3851 3762 3900 est
3783 3856 3892 3898 non

2237 3952 2403 4008 posse
2432 3952 2610 3994 unum
2633 3938 2920 3993 hominem
2953 3937 3263 4008 utriusque
3293 3936 3453 4008 regni
3477 3949 3605 3991 esse
3625 3945 3890 4000 servum;

2237 4029 2331 4083 sed
2357 4027 2520 4083 illius
2546 4027 2706 4099 regni
2730 4026 2844 4082 erit
2869 4027 3059 4097 portio
3075 4026 3172 4083 cui
3203 4040 3266 4082 se
3290 4026 3362 4082 ad
3387 4025 3758 4082 obedientem
3775 4025 3896 4095 ipse

2235 4116 2562 4186 subjecerit.

2307 4208 2369 4260 In
2397 4209 2601 4275 quarta
2626 4209 2816 4260 autem
2839 4203 3104 4276 epistola,
3134 4219 3304 4277 quam
3335 4205 3486 4260 idem
3516 4203 3894 4260 beatissimus

2234 4293 2493 4349 Clemens
2533 4306 2672 4363 papa
2715 4299 2774 4348 et
2815 4301 3030 4364 martyr
3069 4293 3224 4350 Julio
3269 4293 3601 4362 etJuliano,
3633 4306 3704 4348 ac
3753 4291 3896 4348 reli-

2237 4383 2372 4452 quis
2401 4381 2810 4437 consodalibus
2842 4383 2969 4438 suis
3011 4382 3268 4453 scripsit,
3317 4381 3548 4437 edocuit
3589 4381 3896 4451 episcopos

470 4462 722 4518 Clericos
751 4465 940 4517 autem
961 4458 1118 4532 (dist.
1145 4457 1235 4530 23,
1280 4474 1328 4516 c.
1359 4459 1532 4532 Tales)
1577 4461 1646 4516 ad
1679 4460 1904 4518 femina
1929 4463 2126 4520 taber—
2150 4479 2205 4540 Β
2241 4470 2341 4541 qui
2371 4471 2440 4526 ad
2473 4471 2714 4526 salutem
2744 4471 3066 4526 animarum
3105 4478 3240 4526 sunt
3285 4469 3566 4546 instituti,
3605 4475 3666 4525 et
3692 4470 3766 4525 ad
3801 4470 3896 4524 lu-

473 4549 744 4607 naculum
775 4549 930 4606 solos
958 4549 1246 4619 accedere,
1277 4552 1378 4604 aut
1419 4561 1548 4604 cum
1578 4549 1699 4606 sola
1729 4549 1940 4608 femina
1971 4551 2125 4610 solos

473 4637 696 4694 fabulas
728 4638 986 4707 miscere,
1013 4636 1098 4692 vel
1131 4651 1260 4692 cum
1290 4640 1558 4694 extranea
1589 4639 1868 4711 habitare,
1893 4642 2125 4712 penitus

475 4726 846 4795 prohibetur:
891 4721 1177 4797 alioquin,
1221 4723 1272 4780 si
1298 4725 1558 4796 agnitum
1599 4726 1777 4786 fuerit
1803 4731 1874 4786 de
1901 4731 2120 4802 aliquo,

470 4814 808 4882 deponatur.
853 4813 1017 4869 Tales
1062 4818 1249 4870 autem
1294 4813 1535 4872 clericos
1579 4819 1649 4874 ad
1732 4819 2122 4877 ministerium

466 4900 631 4971 jubet
657 4901 824 4973 elegi,
853 4902 953 4972 qui
981 4901 1278 4959 Dominica
1321 4911 1672 4962 sacramenta
1697 4907 1872 4980 digne
1901 4908 2126 4978 possint

474 4997 734 5047 tractare.
769 4991 977 5048 Melius
1013 4997 1100 5048 est
1127 4992 1279 5048 enim
1311 4994 1541 5050 Domini
1584 4997 1866 5054 sacerdoti
1914 5013 2126 5070 paucos

475 5077 682 5134 habere
712 5079 1034 5150 ministros,
1056 5081 1157 5152 qui
1197 5081 1371 5152 digne
1406 5083 1629 5152 possint
1647 5099 1792 5155 opus
1816 5087 1916 5142 Dei
1956 5101 2128 5143 exer—

473 5179 618 5238 cere,
645 5181 811 5240 quam
835 5168 1046 5224 multos
1073 5169 1335 5241 inutiles,
1358 5172 1459 5241 qui
1481 5185 1628 5229 onus
1652 5187 1820 5246 grave
1839 5176 2130 5232 adducant

471 5256 813 5313 ordinatori.
839 5257 996 5327 ltem,
1030 5257 1091 5312 in
1117 5258 1308 5314 eadem
1331 5259 1516 5332 jubet,
1545 5268 1656 5316 tam
1687 5262 1928 5319 clericos
1955 5279 2125 5334 quam

471 5346 773 5402 saculares
797 5359 1018 5416 semper
1057 5346 1125 5402 ad
1157 5348 1462 5404 Dominum
1490 5362 1557 5404 ex
1589 5355 1706 5405 toto
1739 5352 1911 5408 corde
1939 5367 2122 5426 orare,

471 5439 530 5490 et
553 5434 625 5490 ab
647 5435 794 5506 ipso,
817 5448 944 5505 qua
973 5435 1194 5506 decent,
1225 5441 1430 5506 petere,
1458 5443 1514 5491 et
1552 5437 1666 5506 ipsi
1699 5441 1916 5509 gratias
1935 5455 2122 5516 agere,

470 5536 775 5595 veramque
801 5525 1220 5594 prateritorum
1250 5529 1540 5596 gestorum
1572 5527 1964 5596 paenitentiam
1987 5547 2128 5606 age—

471 5623 554 5684 re,
585 5611 1013 5684 aliquantulum
1037 5612 1211 5670 etiam
1234 5611 1305 5684 (si
1339 5612 1615 5684 possibile
1635 5617 1736 5690 est)
1759 5633 1859 5690 per
1887 5623 2127 5681 miseri-

2235 4559 2476 4614 crandas
2530 4559 2754 4614 animas
2804 4560 3144 4630 consecrati,
3203 4545 3473 4630 oportere
3513 4573 3620 4630 pro
3663 4558 3895 4614 cunctis

2235 4647 2686 4706 sollicitudinem
2734 4662 2948 4720 gerere,
2985 4655 3041 4705 et
3063 4654 3321 4705 errantes
3347 4650 3418 4706 ad
3444 4649 3598 4705 viam
3627 4649 3895 4705 veritatis

2233 4743 2289 4792 et
2345 4740 2569 4808 portum
2617 4737 2826 4796 salutis
2883 4738 3169 4794 reducere.
3230 4738 3392 4794 Viam
3436 4752 3570 4795 vero
3614 4736 3892 4794 redeundi

2234 4827 2304 4883 ad
2340 4833 2564 4897 portum
2585 4827 2814 4897 salutis,
2840 4827 3174 4898 plenissime
3196 4827 3592 4885 saluberrima
3612 4827 3894 4884 doctrina

2237 4929 2495 4972 sermone
2553 4916 2610 4972 in
2662 4917 2856 4973 eadem
2927 4917 3285 4986 monstravit,
3349 4915 3620 4973 videlicet
3671 4917 3891 4982 dicens,

2236 5006 2506 5062 omnibus
2533 5007 2919 5062 necessarium
2939 5020 3083 5078 esse,
3113 5021 3215 5076 pro
3239 5007 3334 5063 his
3359 5020 3488 5078 qua
3508 5006 3809 5063 inutiliter
3827 5019 3892 5061 ac

2239 5097 2490 5164 turpiter
2518 5094 2821 5166 gesserint,
2855 5095 3028 5151 irasci
3061 5095 3177 5152 sibi
3201 5095 3348 5166 ipsis
3375 5095 3820 5166 quodammodo.
3838 5099 3894 5149 et

2241 5184 2554 5255 indignari,
2609 5189 2666 5239 et
2709 5184 3070 5254 postmodum
3120 5183 3391 5241 festinare
3430 5185 3559 5240 sine
3602 5199 3764 5241 mora
3799 5197 3896 5254 per

2238 5286 2444 5344 aquam
2475 5272 2748 5342 baptismi
2778 5273 2892 5330 Deo
2916 5275 3160 5345 renasci,
3189 5281 3246 5329 et
3273 5275 3499 5330 demum
3526 5273 3601 5329 ab
3623 5277 3895 5346 episcopo

2238 5362 2588 5434 consignari,
2625 5363 2682 5419 id
2713 5369 2818 5433 est,
2856 5361 3242 5433 septiformem
3265 5362 3519 5434 Spiritus
3548 5365 3735 5419 sancti
3759 5377 3896 5435 gra-

2237 5451 2378 5506 tiam
2428 5453 2749 5522 percipere:
2801 5452 2940 5523 quia
2967 5451 3159 5521 aliter,
3193 5450 3479 5522 perfectus
3524 5451 3897 5508 Christianus

2237 5553 2360 5596 esse
2407 5553 2764 5611 nequaquam
2808 5541 3038 5610 poterit,
3093 5554 3196 5597 nec
3245 5540 3432 5598 sedem
3484 5539 3688 5596 haberi
3745 5541 3898 5596 inter

2240 5625 2540 5702 perfectos,
2564 5629 2614 5684 si
2660 5642 2772 5687 non
2818 5629 3178 5701 necessitate,
3217 5628 3312 5686 sed
3343 5632 3447 5685 aut
3493 5628 3750 5700 incuria,
3793 5632 3900 5684 aut
