4046 6182
213 319 355 379 4457

1106 320 1364 379 PSEUDO
1407 296 1834 379 Lun‘PRANDI
1869 320 1995 379 LIB.
2036 322 2126 379 DE
2163 323 2337 380 vms
2374 326 2542 382 non.
2582 330 2779 385 rom.

3490 334 3628 398 4458

206 448 508 505 voluntate
528 447 924 519 permanserit,
951 453 1006 504 et
1035 449 1115 505 ita
1136 463 1196 505 se
1219 462 1250 505 a
1280 451 1337 504 Β.
1364 452 1525 506 Petro
1543 445 1857 517 accepisse,
1888 445 1947 504 A
1976 451 2320 503 accusatione
2346 455 2484 506 recte
2511 457 2810 521 agentium,
2841 463 2941 514 aut
2980 464 3284 519 testimonio
3315 468 3627 537 suscipien-

204 543 264 592 et
291 541 531 593 caeteros
550 537 840 606 apostolos
869 538 947 593 ita
964 538 1249 609 docuisse,
1277 538 1533 595 aﬂlrmat.
1553 538 1862 605 Postquam

206 638 344 680 vero
370 625 508 696 quis
537 625 860 695 baptizatus
885 630 941 680 et
965 627 1336 683 conﬁrmatus
1358 626 1552 697 fuerit,
1591 631 1866 695 agnoscat

204 714 517 769 Dominum
564 714 876 784 honorare;
908 714 1090 771 honor
1129 721 1317 771 autem
1364 717 1489 786 ejus
1536 720 1641 773 est.
1676 719 1741 770 ut
1784 714 1863 769 ita

204 802 363 857 vivat
383 801 659 858 sicutille
696 802 838 858 vult.
866 803 1156 859 Vultvero
1198 805 1348 859 Deus
1400 816 1865 874 unumquemque

204 891 419 956 vivere,
480 891 558 947 ita
611 895 677 947 ut
724 891 1103 947 homicidium
1135 898 1191 948 et
1237 893 1586 949 adulterium
1625 892 1860 961 nesciat,

204 980 405 1036 odium
437 984 495 1034 et
522 980 821 1035 avaritiam
872 978 1097 1051 fugiat;
1156 980 1320 1049 iram,
1372 980 1721 1050 superbiam,
1767 980 1865 1049 ja—

201 1069 482 1125 ctantiam
502 1076 734 1139 respuat
751 1074 809 1124 et
835 1075 1182 1141 exsecretur,
1219 1070 1496 1126 invidiam
1529 1083 1775 1141 quoque,
1807 1074 1865 1123 et

201 1164 408 1216 caetera
432 1160 526 1215 his
564 1159 806 1228 similia,
833 1159 1063 1229 penitus
1087 1173 1120 1215 a
1149 1173 1208 1215 se
1233 1161 1407 1216 ducat
1436 1159 1642 1239 aliena.

271 1247 548 1317 Quintam
572 1261 706 1303 vero
729 1248 1032 1317 epistolam
1070 1248 1306 1318 scripsit
1336 1247 1644 1317 praedictus
1666 1248 1724 1301 Β.
1747 1246 1865 1302 Cle-

202 1350 364 1393 mens
383 1349 526 1406 papa
542 1342 599 1391 et
620 1341 851 1406 martyr,
875 1336 1295 1406 condiscipulis
1308 1336 1717 1406 Hierosolymis
1733 1350 1861 1392 cum

198 1426 411 1482 Jacobo
469 1425 645 1481 fratre
713 1426 943 1481 Domini
1024 1426 1455 1482 habitantibus:
1492 1426 1552 1481 in
1602 1439 1714 1496 qua
1764 1439 1862 1481 eos

199 1528 562 1571 communem
582 1514 759 1570 vitam
792 1514 1020 1585 ducere,
1053 1516 1208 1571 sicut
1226 1515 1298 1570 ab
1322 1515 1601 1584 apostolis
1626 1514 1861 1569 didice—

201 1609 357 1673 runt,
384 1603 645 1660 studiose
669 1603 949 1660 hortatur.
977 1602 1156 1672 Quam
1196 1603 1466 1659 omnibus
1481 1602 1858 1659 necessariam

197 1707 321 1749 esse
357 1692 528 1764 dicit,
578 1698 635 1747 et
677 1692 922 1748 maxime
976 1692 1068 1748 his
1114 1692 1216 1763 qui
1273 1690 1858 1761 irreprehensibiliter

1975 534 2078 588 dus
2103 553 2122 589 :
2167 539 2300 605 quia
2362 541 2449 593 vir
2513 542 2720 611 duplam
2782 548 2983 610 animo,
3060 552 3377 608 inconstans
3434 534 3512 609 est
3565 557 3627 610 in

1973 624 2221 713 omnibus
2246 629 2350 682 viis
2378 633 2512 684 suis.
2552 632 2620 686 Et
2660 633 2831 702 paulo
2882 635 3128 694 inferius
3176 640 3482 713 subinfert,
3545 642 3624 699 ita

1973 709 2207 768 dicens:
2254 716 2382 769 Ideo
2423 720 2596 772 variis
2640 721 3068 779 detractionibus
3097 731 3149 780 et
3189 709 3625 785 accusationibus

1973 814 2081 852 non
2106 807 2314 871 oportet
2358 806 2684 874 labefactari
2706 810 2927 877 judices
2952 819 3002 867 et
3039 817 3305 883 primates
3334 819 3622 885 Ecclesiae;

1972 888 2069 941 sed
2093 893 2268 957 magis
2293 896 2659 962 apostolorum
2693 903 2744 953 et
2785 900 3061 956 doctorum
3098 905 3304 971 regulis
3333 906 3627 973 informari

1972 979 2024 1028 et
2049 978 2317 1034 roborari.
2348 982 2500 1037 Unde
2517 984 2734 1052 justum
2748 993 2846 1051 est,
2865 1004 3046 1044 omnes
3076 993 3135 1045 in
3150 994 3403 1047 universo
3420 996 3626 1049 Roma—

1970 1079 2163 1119 norum
2211 1069 2337 1122 orbe
2379 1070 2619 1127 doctores
2664 1076 2795 1142 legis
2851 1094 2914 1131 ea
2961 1095 3084 1147 quae
3130 1081 3262 1149 leg-is
3314 1087 3444 1136 sunt
3487 1087 3626 1138 recte

1970 1167 2161 1223 sapere
2189 1170 2252 1209 ea
2281 1162 2518 1232 operari,
2551 1166 2603 1217 et
2644 1179 2750 1217 non
2796 1167 3019 1233 regulas
3064 1171 3336 1224 nascentis
3374 1171 3626 1226 Ecclesia:

1972 1244 2326 1309 confundere,
2382 1252 2483 1301 aut
2532 1251 2694 1319 fidem
2758 1258 2858 1307 aut
2908 1254 3213 1310 doctrinam
3259 1260 3624 1327 apostolorum

1969 1332 2142 1384 variis
2166 1334 2443 1389 maculare
2467 1336 2750 1394 doctrinis.
2800 1341 2935 1397 Item
2986 1343 3045 1399 in
3093 1344 3287 1400 eadem
3337 1345 3617 1403 inferius:

1967 1417 2168 1473 Nullus
2214 1435 2337 1488 ergo
2374 1425 2765 1493 prajudicium
2802 1426 2965 1484 alteri
3012 1434 3205 1504 faciat,
3257 1431 3429 1503 neque
3475 1436 3623 1505 quod

1968 1507 2076 1560 sibi
2100 1510 2223 1576 ﬁeri
2261 1526 2370 1565 non
2396 1514 2515 1568 vult
2565 1523 2827 1573 exerceat.
2892 1521 3058 1577 Nemo
3088 1522 3293 1577 dictum
3340 1525 3406 1578 de
3430 1527 3621 1596 aliqua

1967 1597 2238 1661 inveniat,
2268 1601 2417 1668 quod
2442 1603 2503 1655 in
2524 1603 2643 1672 ejus
2677 1606 2889 1681 actibus
2930 1623 3041 1663 non
3088 1616 3363 1677 agnoscat.
3396 1614 3533 1668 item
3560 1612 3621 1669 in

1969 1685 2162 1741 eadem
2186 1704 2198 1740 :
2234 1689 2357 1755 Ego
2391 1691 2515 1744 nolo
2544 1709 2728 1748 errore
2753 1711 2867 1749 meo
2902 1697 3114 1752 alienas
3143 1699 3334 1770 culpas
3358 1716 3619 1767 asserere,

201 1781 459 1836 militare
486 1781 751 1851 cupiunt,
800 1785 858 1835 et
899 1780 1074 1836 vitam
1103 1779 1515 1850 apostolorum,
1546 1766 1858 1850 eorumque
1888 1766 1940 1827 Β
1970 1775 2201 1841 utquod
2222 1777 2431 1842 factum
2456 1779 2627 1844 doleo,
2665 1783 2951 1839 admisisse
2990 1766 3299 1842 convincar.

198 1869 629 1940 discipulorum
658 1869 877 1924 imitari
906 1870 1122 1925 volunt.
1149 1869 1336 1925 Monet
1354 1869 1524 1924 etiam
1553 1868 1611 1923 in
1637 1868 1853 1937 eadem,

200 1964 435 2029 propter
460 1959 756 2030 quosdam,
785 1959 885 2029 qui
917 1972 1134 2013 sacram
1163 1959 1516 2028 Scripturam
1551 1971 1664 2013 non
1690 1958 1856 2027 juxta

196 2047 572 2104 traditionem
596 2048 766 2119 Petri,
790 2048 885 2103 sed
909 2049 1222 2104 secundum
1250 2061 1418 2104 suum
1445 2060 1674 2102 sensum
1695 2046 1855 2102 sanis

195 2137 489 2193 doctrinis
517 2137 881 2192 adversantes
937 2135 1329 2206 exponebant;
1359 2135 1431 2190 ab
1467 2148 1534 2191 eo
1594 2142 1854 2205 oportere

197 2226 637 2295 Scripturarum
662 2224 1104 2295 intelligentiam
1136 2224 1343 2295 accipi,
1379 2224 1477 2294 qui
1504 2237 1626 2279 eam
1668 2236 1701 2278 a
1727 2236 1854 2278 ma-

190 2314 427 2384 joribus
456 2314 766 2370 secundum
798 2314 1093 2370 veritatem
1115 2312 1227 2369 sibi
1259 2313 1527 2368 traditam
1560 2317 1764 2380 servat,
1790 2316 1855 2367 ut

196 2409 251 2459 et
281 2404 412 2474 ipse
461 2403 641 2473 possit
669 2416 753 2473 ea,
796 2416 921 2473 quae
952 2407 1100 2457 recte
1151 2402 1417 2472 suscipit,
1471 2405 1855 2470 competenter

195 2505 471 2548 asserere.
501 2492 640 2546 Cum
690 2490 841 2546 enim
867 2504 937 2546 ex
979 2490 1200 2546 divinis
1227 2489 1549 2559 Scripturis
1572 2489 1851 2560 integram

194 2581 332 2653 quis
356 2588 415 2636 et
437 2580 655 2636 ﬁrmam
682 2579 933 2651 regulam
960 2579 1223 2635 veritatis
1254 2578 1591 2648 susceperit,
1641 2576 1855 2634 absur-

195 2671 334 2726 dum
366 2683 479 2725 non
509 2669 641 2735 erit,
696 2669 745 2725 si
769 2668 993 2739 aliquid
1027 2667 1200 2723 etiam
1231 2681 1298 2722 ex
1328 2666 1657 2722 eruditione
1690 2678 1855 2721 com-

196 2758 384 2829 muni,
415 2772 482 2815 ac
510 2757 849 2814 liberalibus
896 2756 1129 2826 studiis,
1158 2770 1284 2827 qua:
1308 2754 1454 2813 forte
1502 2755 1562 2810 in
1607 2754 1856 2824 pueritia

196 2847 420 2918 attigit,
466 2847 837 2903 assertionem
892 2845 1011 2901 veri
1087 2843 1373 2915 degmatis
1422 2842 1714 2899 conferat:
1774 2842 1855 2897 ita

195 2943 408 3006 tamen,
434 2943 498 2991 ut
523 2935 622 2991 ubi
658 2948 788 2991 vera
825 2934 1056 3005 didicit,
1088 2931 1232 2989 falsa
1269 2937 1325 2988 et
1354 2931 1625 2988 simulata
1667 2931 1858 2987 decli-

195 3032 307 3081 net.
337 3025 444 3080 llic
471 3024 762 3080 ordinavit
786 3024 1086 3093 episcopos
1111 3021 1461 3092 quindecim,
1498 3020 1855 3090 presbyteros

193 3114 416 3186 decem,
447 3113 723 3170 diaconos
749 3112 1027 3182 quinque.

658 3203 720 3258 V.
766 3233 835 3241 -—
868 3203 923 3257 S.
971 3200 1384 3256 ANACLETUS.

697 3290 724 3361 (
740 3291 905 3353 Anno
934 3290 1138 3345 Christi
1190 3286 1310 3345 403.
1324 3290 1351 3358 )

261 3382 599 3452 Anacletus,
647 3380 879 3437 natione
907 3378 1159 3450 Graecus,
1184 3379 1254 3434 de
1298 3376 1559 3447 Athenis,
1592 3391 1661 3433 ex
1692 3381 1852 3447 patre

190 3471 502 3541 Antiocho,
547 3470 697 3526 sedit
738 3481 920 3525 annos
966 3481 1184 3539 novem,
1237 3480 1457 3522 menses
1507 3466 1673 3538 duos,
1726 3465 1853 3521 dies

190 3560 411 3617 decem.
444 3560 577 3616 Fuit
605 3565 794 3615 autem
838 3555 1195 3627 temporibus
1240 3555 1578 3620 Domitiani,
1627 3569 1656 3609 a
1704 3567 1852 3611 con-

192 3649 391 3706 sulatu
411 3646 725 3705 Domitiani
755 3646 997 3716 decimo,
1029 3650 1085 3700 et
1104 3643 1323 3714 Sablni,
1362 3656 1545 3714 usque
1569 3643 1637 3698 ad
1658 3642 1851 3698 Domi-

192 3739 343 3795 tiani
394 3744 660 3810 quartum
713 3736 1020 3807 decimum,
1067 3740 1125 3789 et
1163 3733 1503 3789 Clementem
1534 3731 1849 3797 consulem,

189 3828 294 3883 Hic
353 3826 682 3883 memoriam
734 3827 792 3880 B.
864 3824 1016 3880 Petri
1078 3822 1422 3891 construxit,
1481 3822 1618 3877 dum
1666 3820 1739 3876 ab
1785 3834 1852 3875 eo

191 3918 251 3973 in
286 3915 685 3987 presbyterum
725 3916 1090 3970 consecratus
1139 3911 1361 3967 fuisset.
1412 3910 1517 3965 Hic
1563 3909 1853 3966 ordinavit

190 4005 500 4075 episcOpos
523 4017 643 4073 sex,
675 4001 1033 4072 presbyteros
1062 4000 1340 4070 quinque,
1384 3997 1660 4053 diaconos
1711 4001 1848 4052 tres.

188 4095 296 4151 Hic
347 4099 539 4149 autem
565 4106 629 4148 Ill
662 4091 796 4149 ldus
839 4090 983 4145 Julii
1027 4088 1255 4146 solutus
1309 4093 1395 4143 est
1440 4086 1512 4141 de
1561 4084 1851 4158 ergastulo

185 4184 476 4256 corporis.

258 4274 373 4329 llic
403 4273 465 4328 in
496 4270 739 4342 epistola
766 4283 934 4341 quam
957 4266 1300 4341 generaliter
1323 4263 1562 4334 scripsit
1581 4261 1852 4317 omnibus

184 4363 486 4435 episcopis
527 4360 727 4430 (epist.
766 4357 787 4413 4
804 4359 851 4429 ),
878 4364 934 4413 et
956 4356 1180 4413 caeteris
1199 4354 1427 4410 cunctis
1456 4351 1725 4408 ﬁdelibus
1747 4350 1846 4421 qui

2058 1866 2214 1927 Item,
2262 1864 2321 1919 in
2375 1867 2568 1922 eadem
2634 1879 2867 1940 propter
2924 1873 3271 1930 calumniam
3342 1877 3617 1934 malorum

1964 1949 2255 2020 episcopis
2284 1954 2452 2022 prisci
2461 1954 2568 2024 pit,
2594 1956 2794 2013 dicens
2819 1959 2848 2028 (
2858 1960 2924 2013 de
2948 1959 3105 2015 Cons.
3134 1962 3271 2017 dist.
3300 1961 3350 2034 4,
3379 1978 3435 2019 c.
3463 1967 3623 2035 Epis-

1964 2040 2165 2109 copus)
2197 2041 2537 2112 ;Episcopus
2566 2047 2672 2098 Deo
2705 2049 3022 2116 sacriﬁcans
3065 2054 3223 2104 testes
3270 2066 3451 2106 secum
3507 2053 3620 2107 ha-

1966 2126 2105 2192 beat,
2153 2132 2203 2181 et
2246 2130 2438 2198 plures
2491 2148 2657 2200 quam
2720 2135 2866 2190 alius
2940 2139 3226 2193 sacerdos:
3279 2141 3421 2195 sicut
3472 2142 3617 2195 enim

1963 2215 2191 2281 majoris
2212 2217 2431 2272 honoris
2454 2222 2714 2288 fungitur
2739 2224 2940 2290 gradu,
2990 2228 3068 2279 sic
3118 2227 3347 2295 majoris
3372 2231 3617 2283 testimo-

1963 2303 2046 2354 nii
2065 2304 2389 2360 incremento
2406 2309 2631 2375 indiget.
2656 2313 2723 2365 In
2749 2313 3164 2369 solemnioribus
3186 2317 3387 2386 quippe
3403 2317 3613 2381 diebus,

1963 2396 2061 2444 aut
2086 2396 2304 2461 septem,
2336 2400 2435 2449 aut
2482 2399 2745 2467 quinque,
2785 2405 2882 2455 aut
2922 2406 3030 2457 tres
3060 2403 3334 2467 diaconos,
3363 2407 3462 2474 qui
3498 2406 3616 2474 ejus

1964 2479 2108 2532 oculi
2175 2481 2470 2550 dicuntur;
2501 2490 2551 2540 et
2578 2488 2963 2554 subdiaconos,
2998 2496 3049 2546 et
3076 2493 3314 2562 reliquos
3341 2495 3616 2548 ministros

1964 2581 2144 2622 secum
2168 2570 2386 2635 habeat,
2420 2576 2518 2643 qui
2542 2578 2714 2631 sacris
2741 2581 3076 2636 vestimentis
3099 2582 3304 2644 induti,
3326 2583 3387 2636 in
3413 2585 3613 2649 fronte,

1965 2660 2016 2710 et
2055 2674 2091 2710 a
2133 2662 2300 2727 tergo,
2346 2666 2397 2715 et
2443 2665 2753 2733 presbyteri
2775 2683 2802 2721 e
2850 2670 3065 2736 regione
3114 2669 3310 2724 dea-ira
3355 2670 3615 2741 laevaque,

1966 2749 2195 2802 contrito
2241 2750 2420 2813 corde,
2461 2756 2513 2805 et
2557 2753 2843 2811 humiliato
2885 2759 3106 2827 spiritu,
3151 2774 3216 2811 ac
3258 2773 3436 2829 prono
3475 2764 3617 2814 stent

1962 2837 2140 2898 vultu,
2194 2839 2555 2897 custodientes
2611 2859 2733 2898 eum
2781 2862 2813 2899 a
2872 2847 3150 2901 malevolis
3205 2848 3513 2902 hominibus
3566 2853 3616 2902 et

1963 2939 2279 2980 consensum
2300 2929 2585 2997 praebeant
2625 2935 2910 3002 sacrificio.
2962 2935 3190 2990 Peracta
3218 2942 3399 2991 autem
3427 2952 3620 2992 conse-

1964 3014 2206 3067 cratione
2251 3030 2432 3070 omnes
2479 3022 2891 3084 communicent,
2946 3026 3046 3091 qui
3094 3025 3390 3080 noluerunt
3449 3027 3619 3081 eccle—

1885 3101 1931 3162 C
1962 3102 2200 3155 siasticis
2223 3118 2407 3158 carere
2437 3105 2735 3163 liminibus.
2753 3108 2844 3163 Sic
2870 3112 3011 3164 enim
3028 3113 3260 3180 apostoli
3278 3118 3612 3177 statuerunt,

1963 3195 2013 3244 et
2032 3196 2223 3245 sancta
2248 3193 2488 3247 Romana
2510 3200 2652 3250 tenet
2674 3197 2935 3252 Ecclesia.
3244 3264 3259 3277 .

2030 3281 2188 3346 Item,
2216 3281 2275 3335 in
2296 3282 2489 3337 eadem
2518 3283 2667 3339 dicit
2692 3285 2719 3353 (
2733 3283 2818 3355 42,
2849 3301 2903 3356 q.
2948 3284 2997 3356 4,
3041 3301 3090 3342 c.
3121 3289 3227 3353 Qui
3250 3290 3611 3361 abstulerit):

1963 3366 2068 3432 Qui
2093 3369 2364 3423 malitiam
2387 3372 2532 3425 inter
2557 3373 2797 3428 homines
2834 3378 3067 3444 spargit,
3096 3381 3147 3430 et
3176 3377 3275 3445 qui
3317 3380 3491 3445 fratri
3518 3394 3614 3433 suo

1963 3456 2220 3521 detrahit,
2253 3458 2521 3513 homicida
2541 3466 2652 3515 est:
2695 3467 2747 3516 et
2770 3464 2870 3531 qui
2897 3464 3117 3532 aliquid
3160 3467 3317 3535 patri
3339 3467 3425 3520 vel
3450 3468 3618 3521 matri

1962 3545 2251 3600 abstulerit
2303 3547 2488 3602 dicens
2537 3550 2634 3604 hoc
2686 3556 2965 3620 peccatum
3011 3568 3120 3606 non
3165 3568 3296 3617 esse,
3337 3555 3617 3610 homicida:

1954 3636 2232 3705 particeps
2255 3641 2352 3691 est.
2374 3637 2539 3692 Pater
2558 3645 2740 3695 noster
2765 3643 2883 3696 sine
2911 3642 3076 3696 dubio
3102 3645 3246 3697 Deus
3266 3647 3364 3706 est,
3400 3645 3499 3713 qui
3519 3659 3615 3698 nos

1963 3724 2200 3787 creavit;
2251 3729 2426 3779 mater
2468 3741 2592 3781 vero
2658 3734 2845 3783 nostra
2907 3730 3168 3794 Ecclesia,
3225 3747 3348 3801 quae
3404 3746 3503 3785 nos
3554 3733 3615 3785 in

1966 3810 2229 3881 baptismo
2284 3815 2569 3883 spirituali
2626 3821 2981 3885 regeneravit.
3044 3821 3189 3887 Ergo
3256 3821 3355 3889 qui
3414 3820 3618 3874 Christi

1962 3899 2048 3969 (c.
2082 3901 2187 3968 Qui
2215 3902 2418 3959 Christi
2423 3905 2452 3974 )
2475 3910 2525 3960 et
2554 3908 2786 3961 ecclesiae
2810 3911 3076 3977 pecunias
3113 3911 3281 3979 rapit,
3312 3911 3498 3977 aufert
3531 3909 3618 3963 vel

1958 3991 2213 4057 fraudat,
2235 3992 2505 4047 homicida
2525 3999 2622 4065 est,
2651 3999 2817 4064 atque
2840 3997 3107 4051 homicida
3128 4002 3253 4052 ante
3280 4001 3618 4068 conspectum

1950 4078 2099 4145 justi
2137 4080 2351 4147 judicis
2403 4098 2516 4137 esse
2562 4083 2937 4151 deputabitur.
2990 4085 3095 4151 Qui
3132 4087 3284 4155 rapit
3325 4087 3623 4155 pecuniam

1958 4169 2200 4235 proaimi
2227 4171 2317 4222 sui
2343 4169 2370 4238 (
2380 4168 2465 4240 42,
2492 4185 2546 4239 q.
2581 4167 2633 4240 4,
2671 4186 2718 4225 c.
2749 4172 2855 4237 Qui
2878 4175 3026 4243 rapit
3036 4174 3085 4245 ),
3118 4176 3468 4243 iniquitatem
3493 4190 3616 4244 ope-

1958 4259 2151 4309 ratur:
2182 4258 2280 4325 qui
2297 4262 2478 4312 autem
2500 4261 2787 4328 pecuniam
2813 4261 2897 4313 vel
2925 4277 3010 4314 res
3040 4262 3273 4316 ecclesiae
3305 4263 3615 4324 abstulerit,

1960 4345 2307 4414 sacrilegium
2336 4348 2491 4414 facit.
2537 4347 2834 4415 Privilegia
2879 4351 3021 4401 enim
3049 4350 3398 4403 ecclesiarum
3439 4356 3491 4404 et
3516 4365 3617 4404 sa—

185 4433 541 4523 comqualem
568 4463 696 4505 cum
731 4462 798 4504 eo
821 4446 1015 4503 sortiti
1053 4449 1189 4501 sunt
1219 4443 1405 4512 ﬁdem,
1450 4446 1679 4511 paterne
1707 4453 1851 4495 con-

1967 4434 2236 4523 cerdotum
2275 4433 2400 4506 (25,
2461 4452 2516 4507 q.
2548 4435 2603 4499 2,
2657 4450 2706 4491 c.
2753 4437 3087 4507 Privilegia)
3133 4440 3310 4491 sancti
3362 4438 3612 4507 apostoli,

184 4541 439 4598 solando
457 4552 555 4595 eos
580 4536 791 4609 quibus
811 4534 1067 4603 scripsit.
1096 4539 1152 4588 et
1175 4530 1422 4586 maxime
1444 4529 1763 4598 episcopos,
1790 4527 1850 4581 in

185 4627 697 4695 tribulationibus,
744 4626 813 4680 ad
849 4621 1182 4694 patientiam
1225 4618 1537 4690 diligenter
1563 4618 1844 4672 hortatur.

184 4722 270 4775 De
297 4730 544 4788 quorum
594 4715 991 4785 episcoporum
1022 4708 1376 4766 detractione
1403 4712 1461 4762 et
1487 4705 1852 4762 accusatione

188 4811 275 4865 ita
326 4807 386 4862 in
435 4806 628 4862 eadem
685 4801 981 4859 interserit
1002 4799 1195 4871 (epist.
1242 4798 1317 4851 ad
1370 4796 1643 4851 Jacobam.
1696 4792 1750 4864 3,
1794 4808 1859 4863 p.

181 4898 243 4961 ὅ,
275 4912 333 4953 c.
387 4894 656 4963 Beatus):
707 4895 905 4947 Beatus
951 4889 1316 4960 praedecessor
1362 4890 1543 4939 noster
1589 4884 1849 4952 Clemens,

185 4966 281 5042 vir
306 4984 657 5056 apostolicus,
683 4987 733 5036 et
763 4981 976 5051 Spiritu
999 4982 1186 5033 sancto
1213 4977 1313 5030 Dei
1338 4975 1556 5044 plenus,
1589 4988 1704 5027 una
1731 4987 1853 5026 cum

187 5076 433 5145 reliquis
448 5073 651 5127 sanctis
672 5071 889 5137 collegis
908 5070 1023 5123 suis
1051 5067 1267 5136 statuit,
1292 5065 1476 5118 dicens
1499 5081 1515 5116 :
1540 5060 1857 5116 Accusandi

192 5167 283 5221 vel
315 5163 649 5233 testiﬁcandi
677 5162 893 5215 licentia
932 5159 1226 5225 denegetur
1254 5156 1357 5225 his,
1405 5154 1503 5222 qui
1532 5152 1858 5207 Christianae

188 5255 483 5321 religionis
503 5256 554 5305 et
592 5251 825 5304 nominis
851 5249 1195 5315 dignitatem,
1227 5247 1277 5298 et
1304 5259 1413 5297 suae
1452 5242 1584 5308 legis
1613 5241 1698 5295 vel
1713 5253 1858 5308 pro-

180 5344 362 5413 positi
376 5343 467 5395 sui
494 5355 760 5400 normam,
787 5341 885 5391 aut
902 5335 1230 5403 regulariter
1248 5331 1548 5401 prohibita,
1595 5329 1853 5396 neglexe-

188 5436 329 5487 rint.
367 5434 816 5497 Transgressores
848 5429 991 5481 enim
1029 5427 1217 5494 sponte
1258 5422 1390 5488 legis
1441 5436 1572 5481 suae,
1629 5419 1856 5487 ejusque

1948 4520 2462 4594 jussuISalvatoris,
2490 4527 2811 4579 intemerata
2839 4529 2890 4579 et
2915 4525 3181 4578 inviolata
3204 4527 3485 4595 perpetuis
3519 4525 3614 4580 de-

1961 4616 2243 4666 creverunt
2284 4629 2503 4668 manere
2545 4615 2892 4685 temporibus.
2943 4615 3013 4668 Et
3039 4629 3135 4669 nos
3180 4615 3319 4681 leges
3365 4615 3617 4685 Ecclesiae

1961 4702 2257 4770 apostolica
2301 4706 2580 4772 firmamus
2609 4705 2951 4767 auctoritate,
2997 4708 3047 4758 et
3083 4704 3378 4774 peregrina
3396 4704 3617 4773 judicia

1960 4790 2353 4845 submovemus.
2412 4793 2761 4861 Unaquaeque
2800 4796 2942 4848 enim
2985 4794 3270 4863 provincia
3312 4796 3335 4863 (
3356 4791 3412 4866 3,
3462 4810 3516 4865 q.
3560 4794 3615 4866 6,

1963 4893 2011 4934 c.
2054 4880 2402 4948 Unaquaeque
2409 4880 2438 4951 )
2467 4884 2578 4935 tam
2595 4881 2768 4949 juxta
2792 4883 3228 4945 ecclesiasticam,
3256 4899 3422 4951 quam
3445 4883 3617 4952 jumta

1965 4970 2153 5022 δωρειιὶ
2177 4970 2337 5037 leges,
2364 4983 2490 5022 suos
2542 4970 2695 5024 debet
2724 4970 2920 5024 habere
2938 4971 3142 5038 justas,
3169 4975 3220 5025 et
3264 4986 3375 5026 non
3398 4974 3618 5043 iniquos

1955 5057 2197 5126 judices,
2247 5061 2298 5111 et
2344 5072 2454 5111 non
2498 5062 2770 5121 aeternos,
2810 5062 2873 5112 ut
2907 5059 3215 5128 apostolica:
3260 5059 3428 5130 hujus
3475 5062 3619 5117 sedis

1967 5146 2262 5199 decreverit
2303 5146 2621 5199 auctoritas.
2667 5145 2730 5199 Si
2765 5161 2889 5199 vero
2930 5148 3204 5216 negotium
3248 5150 3420 5216 futh
3446 5149 3616 5204 eccle-

1965 5236 2270 5301 siasticum,
2341 5234 2493 5304 apud
2545 5236 2818 5304 episcopos
2870 5235 3175 5303 deferatur,
3229 5239 3615 5293 interveniente

1958 5327 2217 5395 primate,
2240 5326 2290 5379 si
2312 5325 2489 5392 major
2525 5340 2690 5378 causa
2712 5326 2924 5392 fuerit;
2954 5327 3004 5380 si
3028 5342 3152 5381 vero
3194 5329 3388 5386 minor,
3428 5329 3616 5379 metro-

1961 5416 2244 5485 politano:
2278 5417 2328 5469 si
2355 5418 2536 5468 autem
2562 5416 2736 5481 fuerit
2768 5416 3047 5477 sarculare,
3088 5414 3239 5483 apud
3274 5412 3515 5479 ejusdem
3534 5426 3616 5465 or-

186 5520 512 5582 violatores,
543 5520 806 5587 apostatm
854 5504 1230 5569 nominantur.
1279 5510 1463 5565 Omnis
1492 5512 1672 5561 autem
1715 5522 1859 5575 apo—
1969 5505 2118 5558 dinis
2153 5505 2322 5566 viros,
2356 5503 2575 5572 judicio
2606 5507 2785 5557 tamen
2815 5508 3219 5573 episcoporum:
3243 5514 3364 5553 cum
3405 5503 3616 5568 aposto-

184 5614 345 5665 stata
387 5586 725 5678 refutandus
752 5609 833 5661 est
871 5609 998 5659 ante
1044 5601 1403 5656 reversionem
1446 5612 1624 5659 suam,
1673 5611 1781 5650 non
1804 5598 1866 5649 in
1967 5593 2052 5647 lus
2094 5594 2441 5662 privatorum
2483 5590 2919 5647 Christianorum
2959 5602 3153 5644 causas
3193 5587 3369 5656 magis
3410 5586 3487 5643 ad
3522 5602 3619 5644 ec-
