4082 6168
413 259 551 318 M59

1221 255 1511 313 APPEND.
1553 254 1646 310 AD
1683 252 1846 309 SEC.
1885 250 1985 307 IX.
2023 277 2098 289 —
2133 247 2489 304 AUCTORES
2523 249 2694 306 ANNI
2729 251 3026 308 INCERTI.

3695 249 3832 308 “60

413 386 606 440 clesias
635 385 863 452 deferri,
891 387 942 438 et
975 382 1176 437 ibidem
1209 381 1538 438 sacerdotali
1575 379 1793 448 judicio
1839 375 2072 432 voluerit
2093 374 2153 434 A
2171 387 2365 433 rorum
2387 391 2402 428 :
2425 379 2483 431 et
2511 376 2663 434 hunc
2717 376 2980 433 ordinem
3002 377 3084 433 ita
3113 391 3147 434 a
3169 377 3415 434 Domino
3443 377 3827 434 constitutum

415 475 700 529 terminari
727 473 754 542 (
767 474 795 527 Ι
815 471 935 528 Cor.
962 471 1082 543 v1).
1116 469 1301 526 Omnis
1335 485 1460 538 ergo
1497 482 1784 538 oppressus
1809 462 1901 535 (2,
1932 479 1987 534 q.
2012 461 2068 533 6,

415 577 463 617 c.
503 561 689 616 Omnis
731 575 1017 632 oppressus
1037 559 1074 630 ),
1118 559 1304 622 libere,
1347 561 1398 612 si
1437 558 1688 618 voluerit,
1731 552 2074 608 sacerdotum

415 649 650 721 appellet
681 649 982 718 judicium,
1015 652 1067 702 et
1093 664 1128 701 a
1153 648 1306 702 nullo
1337 646 1720 716 prohibeatur,
1751 643 1848 697 sed
1873 641 1943 696 ab
1985 639 2070 693 his

416 738 687 806 fulciatur
707 741 758 791 et
786 737 1061 791 liberetur.
1110 735 1171 790 Si
1231 738 1412 789 autem
1448 733 1702 803 difﬁciles
1750 743 1946 790 causa,
1974 728 2072 780 aut

415 825 628 894 majora
663 825 878 892 negotia
914 825 1128 891 fuerint
1159 829 1300 886 orta,
1342 822 1412 876 ab
1449 822 1710 890 majorem
1728 819 1905 873 sedem
1930 815 2074 882 defe-

413 917 648 968 rantur:
677 917 728 968 et
750 915 800 968 si
819 913 932 967 illic
971 913 1138 980 facile
1180 912 1417 966 discerni
1441 915 1540 965 aut
1577 909 1730 978 juste
1759 903 2069 964 terminari,

417 1016 526 1055 non
552 1004 867 1072 potuerint;
889 1002 984 1055 ubi
1019 1001 1190 1069 fuerit
1227 1015 1560 1054 summorum
1585 996 1927 1066 congregatio
1955 1007 2072 1047 con-

417 1095 667 1158 gregata,
701 1091 849 1160 quod
900 1106 1004 1160 per
1034 1089 1277 1158 singulos
1301 1103 1476 1142 annos
1499 1089 1579 1142 bis
1622 1091 1721 1140 aut
1748 1089 1830 1139 ter
1847 1083 1967 1154 fieri
1994 1095 2076 1136 so-

419 1179 512 1240 let,
535 1183 588 1232 et
625 1179 798 1250 debet,
829 1179 1003 1248 juste,
1035 1183 1087 1233 et
1107 1181 1216 1234 Deo
1252 1179 1476 1248 placite,
1511 1191 1694 1231 coram
1726 1170 2072 1244 patriarcha,

417 1271 517 1320 aut
549 1270 784 1337 primate
812 1269 1190 1331 ecclesiastico,
1222 1271 1274 1322 et
1305 1282 1487 1322 coram
1513 1265 1750 1335 patricio
1787 1260 2076 1316 smeularia

421 1357 745 1435 [saeculari]
765 1357 1091 1426 judicentur
1125 1357 1340 1424 negotia
1392 1358 1455 1408 in
1497 1367 1792 1408 commune.
1837 1349 1990 1415 Quod
2027 1349 2077 1402 si

420 1448 756 1519 difﬁciliores
810 1447 1128 1516 quaestiones
1171 1449 1300 1498 orta
1338 1445 1570 1511 fuerint,
1623 1444 1724 1495 aut
1771 1443 2068 1506 temporum

424 1535 826 1612 [episcoporum
844 1535 884 1604 ],
943 1537 1042 1588 aut
1090 1533 1364 1600 majorum
1397 1532 1642 1600 judicia,
1693 1533 1792 1583 aut
1841 1526 2075 1594 majores

420 1641 598 1680 causae
629 1625 882 1691 fuerint;
912 1621 988 1675 ad
1022 1621 1200 1676 sedem
1246 1621 1618 1690 apostolicam,
1663 1619 1714 1672 si
1739 1615 2076 1688 appellatum

2179 479 2212 522 a
2243 466 2405 523 nullo
2453 465 2774 536 perturbari
2807 471 3047 536 oportet.
3087 467 3356 537 Episcopi
3387 472 3580 522 autem
3633 479 3748 522 non
3775 466 3830 521 in

2178 555 2435 611 castellis
2454 560 2556 611 aut
2594 555 2840 612 modicis
2881 554 3220 612 civitatibus
3258 555 3468 611 debent
3508 555 3830 620 constitui;

2179 644 2274 700 sed
2334 643 2646 714 presbyteri
2673 649 2894 700 tantum
2921 643 2992 702 ab
3046 645 3337 715 episcopo,
3366 645 3436 701 ad
3469 643 3838 715 qualemcun-

2181 746 2291 804 que
2311 732 2498 790 locum
2527 733 2614 790 vel
2639 733 2988 798 eccelesiam.
3036 749 3162 805 qua:
3189 735 3247 789 in
3274 747 3340 790 eo
3392 733 3712 790 constituta
3737 733 3836 802 sit,

2180 827 2318 878 sunt
2343 821 2711 892 przeﬂciendi,
2737 827 2794 878 et
2815 823 2874 878 in
2904 836 2970 878 ea
2996 823 3204 879 diebus
3231 823 3363 879 vitae
3392 837 3512 879 sua:
3538 822 3831 878 duraturi.

2181 911 2251 966 Et
2275 923 2385 966 non
2402 909 2675 980 amplius,
2691 895 2861 982 quam
2884 912 3029 969 istos
3047 911 3196 972 duos
3219 911 3454 968 ordines
3470 910 3834 966 sacerdotum

2182 1011 2306 1054 esse
2327 998 2508 1054 dicit:
2569 999 2707 1069 quia
2737 999 2872 1056 licet
2899 999 3003 1056 alii
3037 1001 3311 1069 primates
3335 999 3422 1055 vel
3469 997 3834 1068 patriarchae,

2183 1087 2286 1144 alii
2319 1087 2744 1158 metrOpolitani
2783 1089 3056 1145 dicantur
3081 1090 3254 1160 ,ordo
3298 1094 3485 1144 tamen
3527 1101 3682 1144 unus
3728 1092 3836 1146 est.

2185 1176 2281 1232 sed
2331 1176 2454 1246 ipsa
2492 1175 2769 1232 discretio
2813 1177 3109 1234 nominum
3155 1176 3563 1234 discretionem
3619 1175 3840 1231 indicat

2186 1265 2465 1335 majorum
2490 1265 2548 1320 in
2578 1265 2908 1336 praelatione
2927 1266 3163 1338 judicii,
3187 1279 3298 1322 non
3321 1265 3382 1320 in
3409 1269 3691 1334 potestate
3709 1277 3842 1333 pon-

2185 1353 2374 1409 tiﬁcii.
2430 1355 2738 1410 Romanam
2790 1367 2922 1410 vero
2972 1354 3280 1410 Ecclesiam
3339 1353 3583 1424 primam
3648 1352 3842 1408 sedem

2185 1446 2366 1512 vocat,
2415 1441 2553 1512 quia
2591 1442 2648 1496 B.
2683 1442 2885 1518 Petrus
2926 1447 2983 1498 et
3011 1443 3223 1498 Paulus
3261 1455 3368 1499 suo
3396 1441 3676 1512 martyrio
3715 1453 3845 1496 eam

2185 1530 2410 1586 cretei-is
2437 1530 2707 1586 omnibus
2727 1531 3122 1600 praetulerunt.
3146 1531 3460 1588 Secundam
3489 1544 3625 1586 vero
3647 1530 3840 1586 sedem

2185 1631 2308 1676 esse
2333 1619 2486 1688 apud
2515 1618 2919 1675 Alexandriam
2943 1620 3108 1692 dicit,
3138 1620 3277 1691 quia
3301 1620 3360 1674 B.
3394 1619 3544 1675 Petri
3583 1619 3840 1686 nomine,

422 1714 614 1781 fuerit,
663 1713 998 1778 refe-rantur,
1045 1711 1306 1779 quoniam
1350 1709 1446 1762 hoc
1484 1707 1717 1778 apostoli
1765 1705 2075 1760 statuerunt
2107 1699 2160 1760 B
2183 1713 2241 1764 et
2279 1721 2312 1763 a
2340 1710 2528 1764 Marco
2556 1709 2682 1778 ejus
2725 1709 3016 1778 discipulo
3045 1714 3218 1780 atque
3239 1707 3588 1780 evangelista
3634 1720 3848 1764 conse-

412 1803 664 1872 jussione
701 1799 1024 1869 Saluatoris,
1072 1803 1134 1852 ut
1171 1799 1404 1866 majores
1455 1803 1504 1853 et
1556 1797 1894 1868 difﬁciliores
1933 1807 2077 1862 qum-

423 1885 622 1946 stiones
663 1903 870 1959 semper
905 1890 1221 1955 referantur
1253 1887 1330 1941 ad
1353 1876 1703 1956 apostolicam
1731 1885 1926 1940 sedem.

495 1979 647 2036 Idem
688 1977 811 2048 ipse
838 1977 896 2031 B.
936 1975 1248 2032 Anacletus
1277 1975 1450 2032 aliam
1481 1975 1784 2045 epistolam
1837 1967 2076 2040 scripsit

425 2067 715 2141 episcopis
741 2066 801 2122 in
838 2065 1003 2121 Italia
1023 2056 1380 2138 constitutis,
1415 2065 1476 2120 in
1503 2078 1616 2135 quo
1635 2077 1733 2120 eos
1751 2061 2078 2118 consultan-

427 2165 514 2214 tes
536 2158 608 2214 de
627 2153 1099 2212 ordinationibus
1113 2159 1170 2210 et
1191 2153 1661 2209 accusationibus
1676 2153 2072 2222 episcoporum

427 2247 514 2302 sic
561 2244 825 2313 instruit,
883 2243 1084 2298 dicens
1131 2241 1304 2312 (dist.
1356 2239 1446 2308 64,
1510 2257 1559 2298 c.
1622 2237 2074 2309 Ordinationes):

431 2335 812 2390 Ordinationes
851 2333 1242 2402 episcoporum,
1287 2332 1608 2385 auctoritate
1645 2330 1959 2400 apostolica,
2009 2328 2078 2382 ab

429 2423 678 2478 omnibus
737 2422 835 2490 qui
880 2423 941 2474 in
987 2419 1174 2474 eadem
1233 2421 1444 2488 fuerint
1482 2421 1772 2490 provincia
1818 2419 2078 2488 episcopis

429 2510 765 2565 celebranda
788 2514 956 2574 sunt;
992 2510 1091 2578 qui
1137 2509 1304 2562 simul
1338 2510 1730 2570 convenientes,
1757 2508 2080 2561 scrutinium

430 2597 726 2664 diligenter
743 2595 1331 2664 agant,jejnniumqae
1365 2611 1485 2648 cum
1522 2595 1770 2649 omnibus
1817 2593 2082 2649 celebrent

425 2685 680 2756 precibus
709 2687 760 2736 et
777 2697 973 2736 manus
1003 2698 1124 2736 cum
1156 2684 1360 2736 sanctis
1407 2683 1744 2750 Evangeliis,
1782 2698 1904 2752 qua:
1923 2697 2082 2752 prae—

431 2773 671 2827 dicaturi
705 2775 854 2832 sunt,
902 2771 1254 2840 imponentes,
1297 2772 1579 2824 Dominiea
1617 2771 1704 2824 die
1745 2771 1880 2824 hora
1919 2771 2079 2824 tertia

429 2865 666 2921 orantes,
689 2874 849 2912 sacra
878 2873 964 2912 eos
1003 2859 1256 2912 unctione
1301 2860 1594 2926 inungant.
1625 2859 1780 2924 Quod
1807 2861 1858 2913 si
1901 2873 2081 2913 omnes

2183 1803 2340 1852 erata
2386 1803 2489 1854 est.
2545 1797 2792 1854 Tertiam
2839 1811 2970 1854 vero
3015 1799 3203 1855 sedem
3245 1798 3394 1868 apud
3445 1795 3840 1863 Antiochiam,

2185 1885 2323 1956 quia
2344 1887 2400 1941 B.
2430 1888 2650 1956 Petrus,
2683 1893 2987 1958 antequam
3035 1889 3265 1944 Romam
3308 1885 3551 1955 veniret,
3579 1885 3712 1940 illic
3735 1884 3846 1938 ha-

2185 1973 2411 2046 bitavit,
2433 1981 2490 2032 et
2513 1975 2796 2046 lgnatium
2822 1977 2903 2032 ibi
2930 1977 3238 2034 constituit
3255 1977 3614 2048 episcopum,
3637 1981 3700 2031 et
3721 1974 3844 2031 illic

2186 2066 2434 2136 primum
2466 2079 2666 2123 nomen
2696 2067 3156 2124 Christianorum
3202 2067 3435 2123 novellae
3464 2067 3664 2138 gentis
3687 2074 3846 2124 exor‘

2187 2159 2308 2211 tum
2335 2159 2438 2211 est.
2471 2154 2852 2211 Accusatores
2871 2162 3062 2212 autem
3083 2155 3109 2226 (
3119 2153 3173 2211 3.
3208 2169 3261 2225 p.
3280 2153 3334 2218 5,
3357 2169 3408 2211 c.
3435 2157 3836 2224 Accusatores)

2185 2249 2244 2300 et
2267 2249 2440 2300 testes
2465 2244 2614 2300 dicit
2644 2258 2768 2300 esse
2807 2258 2918 2300 non
2969 2259 3153 2315 posse,
3203 2245 3304 2315 qui
3330 2249 3461 2300 ante
3508 2244 3842 2302 hesternum

2185 2333 2360 2395 diem,
2393 2339 2492 2390 aut
2523 2333 2954 2391 nudiustertius
2995 2335 3223 2390 inimici
3267 2332 3524 2403 fuerunt,
3585 2349 3660 2390 ne
3712 2336 3844 2390 irati

2188 2435 2390 2478 nocere
2413 2422 2670 2492 cupiant,
2701 2421 2787 2478 vel
2804 2422 2925 2479 laesi
2953 2422 3158 2480 ulcisci
3181 2437 3242 2478 se
3264 2423 3463 2478 velint.
3486 2423 3649 2478 Dicit
3671 2425 3846 2480 etiam

2190 2524 2293 2581 pro
2315 2511 2540 2567 meritis
2571 2510 2753 2581 plebis
2777 2525 2924 2582 saepe
2949 2516 3204 2582 pastores
3227 2512 3489 2568 Ecclesiae
3509 2513 3844 2582 depravari,

2190 2603 2255 2654 ut
2267 2599 2979 2672 procliviuscorruantqui
3004 2607 3344 2672 sequuntur,
3359 2603 3552 2672 capite
3575 2601 3851 2658 videlicet

2190 2687 2590 2758 languescente
2608 2687 2842 2746 facilius
2872 2690 3122 2760 reliquia
3140 2691 3400 2760 corporis
3425 2690 3681 2747 membra
3723 2691 3852 2746 inﬁ-

2189 2775 2446 2832 ciuntur.
2473 2777 2628 2834 Dicit
2659 2778 2863 2836 etiam:
2908 2779 2966 2834 Si
3010 2780 3209 2836 doctor
3233 2780 3320 2836 vel
3349 2785 3545 2850 pastor
3585 2779 3853 2836 ecclesiae

2189 2879 2221 2920 a
2243 2865 2352 2921 ﬁde
2370 2865 2798 2937 exorbitaverit,
2820 2868 2934 2924 erit
2960 2882 2990 2924 e
3021 2867 3290 2926 ﬁdelibus
3316 2868 3619 2940 corrigend
3631 2884 3721 2924 us.
3745 2868 3848 2924 sed

430 2948 596 3003 simul
638 2947 858 3001 minime
899 2947 1182 3000 convenire
1234 2949 1537 3016 potuerint,
1580 2963 1864 3002 assensum
1903 2952 2082 3002 tamen
2116 3017 2160 3030 Α
2191 2967 2294 3024 pro
2323 2954 2583 3026 mprobis
2626 2955 2886 3012 moribus
2924 2957 3106 3030 magis
3145 2963 3232 3014 ρει
3259 2957 3613 3027 toleramus,
3671 2971 3850 3028 quam

431 3039 546 3092 suis
563 3036 817 3106 precibus
831 3035 1135 3104 praebeant,
1165 3039 1226 3089 ut
1254 3035 1324 3089 ab
1359 3037 1484 3106 ipsa
1525 3037 1870 3092 ordinatione
1898 3038 2080 3091 animo
2112 3017 2162 3080 Ο
2187 3017 2644 3117 distringendus,
2685 3044 2823 3116 quia
2873 3017 3119 3103 rectores
3168 3045 3434 3102 Ecclesiae
3485 3059 3519 3100 a
3559 3017 3850 3104 Deo.th

431 3141 540 3180 non
572 3125 770 3187 desint,
817 3125 951 3192 quia
992 3124 1246 3186 Iacobus,
1295 3126 1504 3188 Justus,
1549 3130 1600 3180 ct
1648 3128 1827 3194 frater
1867 3127 2083 3181 Domini

431 3216 604 3270 nostri
649 3217 1022 3284 nuncupatus,
1062 3229 1099 3266 a
1155 3214 1334 3276 Petro,
1373 3215 1570 3269 Iacobo
1609 3220 1662 3270 et
1696 3217 1904 3270 Joanne
1941 3230 2083 3286 apo—

430 3303 584 3357 stolis
603 3305 684 3358 est
707 3301 1018 3364 ordinatus,
1046 3301 1180 3356 data
1221 3303 1471 3358 videlicet
1507 3319 1575 3358 ea:
1612 3305 1708 3358 hoc
1753 3305 2084 3360 successori-

433 3392 530 3446 bus
564 3392 679 3446 suis
719 3393 922 3458 forma,
966 3394 1029 3443 ut
1068 3389 1255 3445 nullus
1312 3393 1590 3463 episcopus
1633 3395 1815 3448 minus
1863 3409 2028 3462 quam
2047 3408 2084 3446 a

431 3479 605 3533 tribus
661 3479 924 3548 episcopis
985 3480 1192 3532 caeteris
1261 3480 1718 3535 consentientibus
1775 3481 2078 3536 ordinetur.

430 3569 650 3637 Reliqui
665 3581 788 3620 vero
803 3564 1136 3634 sacerdotes(
1153 3565 1292 3636 dist,
1322 3565 1414 3638 67,
1442 3581 1492 3624 c.
1527 3568 1780 3641 Reliqui)
1804 3585 1838 3622 a
1856 3571 2083 3638 proprio

431 3655 756 3712 ordinentur
797 3656 1064 3722 episcopo,
1103 3655 1186 3708 ita
1229 3659 1291 3708 ut
1326 3657 1488 3716 cives,
1535 3661 1586 3710 et
1631 3657 1734 3710 alii
1783 3656 2083 3712 sacerdotes

431 3758 712 3799 assensum
739 3742 1040 3811 prmbeant,
1072 3745 1123 3794 et
1155 3741 1476 3808 jejunantes
1514 3743 1912 3798 ordinationem
1956 3745 2083 3800 cele-

435 3834 610 3886 brent.
667 3829 933 3883 Similiter
974 3833 1024 3881 et
1082 3828 1302 3882 diaconi
1365 3830 1708 3884 ordinentur.
1759 3831 2082 3888 Caeterorum

433 3923 612 3973 autem
629 3916 902 3984 graduum
933 3915 1313 3970 distributioni
1355 3919 1522 3973 trium
1557 3921 1830 3975 veracium
1865 3923 2082 3977 testium

435 4005 820 4078 testi-monium,
871 4019 992 4058 cum
1030 4004 1266 4074 epiSCOpi
1314 4006 1516 4062 scilicet
1535 4009 1878 4078 probatione,
1921 4013 2079 4082 sufﬁ-

437 4109 552 4150 cere
569 4097 763 4164 potest.
807 4091 1100 4146 Accusatio
1148 4109 1362 4163 quoque
1400 4111 1582 4151 eorum
1602 4095 1689 4167 (2,
1717 4114 1771 4170 q.
1804 4095 1859 4168 7,
1893 4115 1942 4156 c.
1978 4101 2084 4156 Aa

435 4185 646 4239 cusatio
663 4181 700 4253 ),
727 4197 890 4251 super
913 4198 1024 4252 qua
1049 4197 1146 4237 nos
1185 4185 1460 4239 consulere
1482 4187 1732 4242 voluistis
1771 4191 1994 4244 nonnisi
2011 4191 2082 4244 ab

435 4273 646 4328 idoneis
672 4275 723 4326 et
742 4271 1148 4342 probatissimis
1178 4275 1334 4336 viris,
1375 4276 1473 4343 qui
1511 4279 1560 4329 et
1589 4278 1990 4344 suspicionibus
2031 4284 2084 4334 et

2183 3131 2486 3200 judicandi
2500 3173 2513 3186 .

2651 3221 2740 3278 Vl.
2765 3253 2841 3264 —
2879 3224 2933 3280 S.
2983 3223 3373 3280 EVARISTUS.

2687 3311 2889 3381 {Anno
2932 3314 3133 3370 Christi
3179 3311 3338 3385 H2.)

2261 3398 2575 3472 Evaristus,
2611 3401 2843 3458 natione
2871 3403 3122 3475 Graecus,
3161 3417 3230 3459 ex
3262 3409 3420 3474 patre
3453 3404 3676 3474 Iudaeo,
3701 3405 3847 3462 Juda

2192 3487 2444 3559 nomine,
2470 3490 2541 3546 de
2563 3489 2796 3547 civitate
2819 3491 3167 3564 Bethlehem,
3203 3493 3355 3548 sedit
3377 3506 3564 3550 annos
3617 3508 3846 3560 novem,

2193 3587 2414 3633 menses
2432 3577 2644 3649 decem,
2663 3579 2790 3636 dies
2808 3580 2972 3636 duos.
2999 3581 3130 3638 Fuit
3145 3587 3334 3638 autem
3361 3583 3730 3651 temporibus
3749 3584 3852 3640 Do-

2193 3663 2714 3740 mitianietNervaa,
2737 3682 2772 3725 a
2791 3670 3096 3727 consulatu
3120 3670 3374 3744 Valentis
3391 3679 3451 3726 et
3473 3672 3724 3742 Veteris,
3745 3688 3850 3729 us-

2193 3765 2303 3822 que
2317 3753 2388 3809 ad
2410 3755 2660 3828 Gallum,
2686 3764 2743 3815 et
2766 3759 3010 3816 Bradum
3031 3755 3208 3834 [Brad
3219 3775 3345 3816 nam
3362 3758 3383 3835 ]
3399 3761 3678 3818 consules
3699 3781 3717 3832 ς
3741 3761 3849 3818 sub

2191 3841 2407 3912 quibus
2419 3847 2756 3918 martyrium
2771 3863 2972 3918 passus
2983 3855 3066 3906 est
3079 3863 3155 3904 v1.
3172 3849 3407 3906 Kalend.
3421 3851 3733 3908 Novembr.
3749 3853 3849 3907 Hic

2189 3931 2482 3989 ordinavit
2517 3935 2818 4008 episcopos
2848 3939 3124 4010 quinque,
3159 3939 3521 4010 presbyteros
3559 3955 3684 4008 sex,
3710 3942 3850 3997 dia.

2190 4032 2364 4077 conos
2391 4021 2558 4089 duos,
2591 4025 2696 4081 Hic
2741 4025 2802 4082 in
2849 4027 2976 4084 suis
3023 4028 3274 4084 decretis
3315 4030 3592 4099 praecepit
3629 4037 3848 4102 septem

2188 4107 2463 4166 diaconos
2490 4111 2549 4167 in
2589 4127 2932 4187 unaquaque
2962 4115 3102 4172 urbe
3143 4118 3607 4188 constituendos,
3634 4122 3710 4177 ad
3739 4136 3852 4178 cn-

2191 4197 2557 4255 stodiendum
2588 4202 2942 4274 episcopum,
2969 4218 3038 4260 ne
3070 4205 3190 4276 ipse
3231 4207 3289 4261 in
3333 4209 3754 4278 prmdicatione
3782 4210 3852 4266 ab

2191 4283 2638 4344 insidiatoribus
2661 4289 2984 4360 infestetur,
3015 4301 3118 4350 aut
3135 4294 3370 4352 verbum
3397 4297 3669 4354 veritatis
3701 4314 3854 4371 quo—

433 4361 723 4454 seeleribus
743 4365 998 4454 careant,
1184 4361 1362 4454 debet.
1395 4364 1464 4454 lit
1486 4362 1556 4417 ab
1615 4363 1738 4454 illis
1759 4364 1865 4421 hoc
1891 4367 2078 4438 modo,
2107 4375 2162 4436 D
2191 4371 2334 4430 libet
2362 4388 2564 4446 genere
2581 4377 2960 4436 detractionis
2987 4383 3168 4452 pollui
3200 4386 3404 4454 possit.

434 4451 590 4507 sicut
609 4449 918 4520 praedictus
943 4463 1086 4520 papa
1117 4447 1364 4505 inferius
1390 4451 1573 4520 docet,
1601 4451 1834 4510 dicens:
1868 4455 1931 4510 Si
1957 4457 2081 4525 quis

417 4540 695 4616 adversus
744 4554 830 4594 eos
870 4543 1120 4592 recurrat
1164 4538 1450 4592 charitatis
1479 4541 1680 4604 studio,
1714 4547 1774 4596 ut
1808 4545 2083 4611 familiari

433 4629 698 4696 colloquio
735 4628 1061 4688 commoniti,
1101 4642 1164 4680 ea
1191 4631 1405 4697 sonent,
1447 4644 1570 4698 qua
1613 4633 1869 4686 sanando
1910 4639 2078 4701 sunt;
2130 4676 2140 4684 .

435 4719 486 4769 et
507 4715 830 4768 charitative
869 4714 1153 4768 emendent
1193 4729 1255 4769 ea
1285 4731 1406 4784 qua:
1433 4717 1586 4786 juste
1633 4721 1973 4776 emendanda
2000 4737 2082 4777 co-

433 4804 735 4870 gnoverint.
768 4802 830 4857 Si
865 4807 1046 4856 autem
1070 4803 1251 4872 aliqui
1275 4807 1460 4878 prius,
1502 4823 1669 4876 quam
1702 4810 1812 4864 haec
1850 4813 2076 4880 egerint,

426 4893 521 4946 'eos
556 4892 815 4954 lacerare,
859 4906 1116 4946 accusare
1153 4897 1250 4947 aut
1298 4895 1560 4962 infestare
1591 4901 2076 4969 praesumpserint;

434 4982 979 5043 emcommunicentur,
1009 4985 1058 5035 et
1093 4983 1315 5038 minime
1342 4982 1715 5058 absolvantur,
1747 4989 2076 5058 priusquam

359 5099 362 5102 ~
433 5069 805 5137 satisfaciant,
835 5074 886 5124 et
899 5069 1224 5138 condignam
1243 5073 1450 5138 egerint
1460 5075 1860 5143 pcenitentiam.

503 5160 662 5223 Item,
695 5157 843 5213 idem
869 5163 1102 5214 sanctus
1121 5162 1179 5214 et
1197 5157 1568 5218 beatissimus
1607 5177 1748 5234 papa
1767 5165 2076 5224 Anacletus

433 5246 703 5302 omnibus
721 5245 1011 5316 episcopis
1033 5245 1307 5317 (dist.80.
1345 5264 1394 5305 c.
1421 5252 1726 5325 Episcopi),
1754 5259 1811 5309 et
1832 5255 2076 5327 reliquis

431 5336 646 5393 Christi
670 5334 1064 5394 sacerdotibus
1092 5337 1298 5394 scribit
1319 5340 1643 5412 epistolam,
1667 5341 1727 5398 in
1758 5357 1870 5414 qna
1903 5359 2083 5403 sacer-

431 5427 630 5483 dotum
659 5426 919 5483 ordinem
951 5425 1294 5482 auctoritate
1321 5429 1709 5497 apostolorum
1743 5431 2078 5502 bipertitum

431 5527 554 5570 esse
577 5515 927 5587 comprobat,
950 5513 1351 5586 episcOporum
1385 5515 1670 5590 videlicet,
1698 5528 1754 5578 et
1781 5522 2080 5596 presbyte-

2261 4463 2366 4520 Hic
2382 4465 2554 4521 etiam
2569 4467 2848 4536 scriptum
2861 4469 3320 4530 misituniversis
3331 4476 3626 4546 episcopis
3641 4479 3855 4536 Africa

2191 4552 2446 4641 regionis
2474 4555 2667 4624 (epist.
2695 4553 2746 4619 4,
2769 4559 2845 4612 ad
2859 4561 3018 4629 episc.
3049 4562 3235 4629 Afric.
3249 4564 3297 4632 ),
3320 4566 3470 4635 quod
3504 4569 3849 4641 conjugium

2190 4639 2513 4712 legitimum
2534 4644 2615 4700 sit
2643 4645 2704 4702 in
2725 4647 2880 4702 omni
2901 4649 3141 4706 ecclesia
3164 4651 3511 4724 habendum,
3539 4657 3624 4712 ita
3645 4639 3852 4714 dicens

2188 4727 2216 4798 (
2219 4725 2271 4784 3.
2307 4744 2362 4800 q.
2385 4727 2438 4786 5.
2475 4745 2524 4786 ο.
2559 4732 2742 4789 Aliter
2753 4737 2780 4806 )
2808 4754 2826 4789 :
2849 4737 3031 4792 Aliter
3055 4755 3162 4794 non
3208 4745 3271 4810 ﬁt
3300 4743 3604 4809 legitimum
3645 4747 3852 4814 coniu-

2187 4817 2358 4884 gium,
2389 4821 2532 4875 sicut
2560 4837 2595 4875 a
2619 4823 2876 4880 Patribus
2898 4829 3215 4898 accipimus,
3249 4835 3300 4884 et
3327 4834 3535 4886 sanctis
3558 4835 3850 4902 apostolis,

2187 4919 2478 4976 eorumque
2533 4913 2931 4968 successoribus
3003 4917 3271 4972 traditum
3324 4921 3662 4985 invenimus,
3739 4923 3852 4976 nisi

2185 4994 2256 5048 ab
2280 4995 2386 5058 his,
2414 4999 2512 5066 qui
2555 5013 2719 5068 super
2762 5003 2940 5071 ipsam
2986 5006 3253 5072 feminam
3279 5007 3707 5065 dominationem
3739 5011 3851 5064 M-

2186 5081 2306 5138 bere
2327 5085 2604 5151 videntur,
2635 5095 2688 5144 et
2713 5107 2749 5144 a
2787 5093 2986 5160 quibus
3035 5096 3362 5159 custoditur,
3421 5114 3564 5152 umor
3595 5105 3851 5170 petatur,

2185 5175 2237 5225 et
2280 5188 2316 5225 a
2363 5177 2692 5244 parentibus
2737 5185 2836 5233 aut
2892 5184 3385 5252 propinquioribus
3451 5194 3767 5255 sponsetur,
3797 5192 3854 5240 et

2191 5261 2398 5328 legibus
2428 5264 2662 5330 dotetur,
2690 5272 2740 5322 et
2763 5284 2860 5322 suo
2899 5275 3134 5342 tempore
3174 5275 3610 5347 sacerdotaliter,
3645 5285 3707 5333 ut
3733 5295 3852 5334 mos

2193 5353 2291 5416 est,
2317 5366 2438 5406 cum
2453 5356 2709 5424 precibus
2738 5361 2792 5412 et
2817 5359 3186 5417 oblationibus
3223 5381 3257 5416 a
3304 5365 3584 5420 sacerdote
3615 5368 3856 5422 benedi—

2194 5443 2372 5511 catur,
2395 5446 2446 5496 et
2473 5460 2509 5496 a
2533 5449 2958 5517 paranymphis,
2991 5454 3053 5504 ut
3081 5454 3410 5508 consuetudo
3453 5454 3632 5518 docet,
3657 5463 3850 5513 custo—

2195 5528 2316 5584 dita
2343 5537 2560 5586 servata
2611 5528 2985 5607 [consociata]
3036 5556 3072 5593 a
3119 5543 3406 5610 proximis,
3448 5549 3690 5616 ternpore
3713 5563 3856 5602 con-
