4082 6168
319 306 454 367 4464

1183 308 1447 368 PSEUDO
1486 308 1907 367 LUITPRANDI
1943 311 2068 368 LIB.
2111 313 2202 369 DE
2253 313 2427 370 VITIS
2476 316 2644 374 ROM.
2688 318 2885 376 PONT.

3590 323 3730 383 “62

313 448 453 487 aruo
497 433 672 503 petita
728 431 935 498 legibus
987 430 1147 486 detur
1202 428 1495 507 [dotetur],
1554 437 1604 488 et
1657 433 1964 488 solemniter
1989 434 2048 496 Α
2080 448 2186 497 eos,
2216 451 2393 492 vocem
2428 438 2778 503 obstruimus,
2823 457 2956 510 quos
2984 458 3093 499 non
3129 445 3404 509 humanis,
3449 446 3543 502 sed
3576 447 3729 502 divi-

315 524 672 592 accipiatur;
719 526 770 576 et
814 520 978 575 biduo
1023 522 1108 576 vel
1144 521 1327 576 triduo
1373 523 1711 577 orationibus
1752 528 1963 587 vacent,

315 616 368 665 et
396 613 700 666 castitatem
733 609 1047 665 custodiant
1079 629 1091 665 :
1124 611 1286 665 aliter
1321 627 1445 666 vero
1466 615 1824 682 prmsumpta,
1859 627 1969 666 non

314 700 598 770 conjugia,
630 699 725 754 sed
765 703 863 754 aut
891 699 1187 764 adulteria,
1217 701 1301 754 vel
1331 701 1592 755 concubia
1634 697 1971 774 [contuber-

316 787 437 864 nia]
478 796 578 845 aut
613 795 828 862 stupra,
861 791 945 844 vel
977 792 1366 859 fornicationes
1397 793 1604 862 potius,
1633 807 1797 861 quam
1827 792 1972 859 legi-

315 883 451 936 tima
471 880 728 949 conjugia
757 894 868 935 esse
896 895 1006 935 non
1030 881 1295 944 dubitate,
1320 883 1434 936 nisi
1462 883 1715 938 voluntas
1737 882 1971 952 propria

314 970 725 1039 suﬁ'ragaverit,
769 974 820 1026 et
846 976 976 1027 nota
1016 974 1342 1028 succurrerit
1372 972 1612 1042 legitima
1653 967 1804 1046 [vota
1831 985 1972 1027 suc-

312 1057 649 1135 currerint.)

385 1149 491 1204 Hic
509 1148 657 1204 idem
687 1149 747 1204 in
762 1148 876 1205 alia
897 1150 1160 1224 epistola,
1185 1164 1354 1223 quam
1385 1150 1657 1207 omnibus
1679 1149 1968 1221 episcopis

318 1251 419 1309 per
445 1238 746 1311 Egyptum
775 1239 1134 1297 morantibus
1164 1241 1401 1312 scripsit
1429 1240 1608 1312 (epist.
1637 1238 1709 1313 2),
1737 1240 1806 1295 de
1836 1239 1961 1310 epi-

317 1341 489 1396 sc0po
513 1332 570 1384 et
593 1328 831 1385 ecclesia
861 1329 1061 1386 dicens
1087 1349 1099 1384 :
1127 1330 1383 1387 Ecclesia
1407 1330 1676 1402 jungitur
1699 1329 1967 1400 episcopo

317 1417 727 1489 spiritualiter,
783 1419 942 1475 velut
999 1433 1206 1490 sponsa
1266 1419 1575 1476 carnaliter
1617 1432 1843 1490 sponso.
1904 1419 1968 1474 Et

318 1507 473 1562 sicut
520 1507 611 1562 vir
654 1521 766 1564 non
806 1507 973 1564 debet
1017 1509 1303 1581 negligere
1352 1522 1586 1566 uxorem
1643 1522 1825 1578 suam,
1868 1507 1964 1563 sed

314 1597 560 1668 diligere
596 1602 651 1652 et
698 1602 849 1654 caste
891 1599 1202 1665 custodire,
1255 1604 1312 1655 et
1373 1599 1684 1670 prudenter
1731 1610 1958 1670 regere:

320 1686 398 1741 ita
428 1691 485 1742 et
526 1687 830 1757 episcopus
877 1687 1044 1744 debet
1071 1688 1371 1744 ecclesiam
1414 1702 1598 1759 suam,
1626 1692 1683 1744 et
1724 1687 1966 1745 ecclesia

2079 527 2166 579 nis
2193 528 2404 582 actibus
2442 534 2677 584 mortuos
2706 545 2817 585 esse
2855 532 3070 586 scimus.
3098 534 3168 588 Et
3206 534 3469 592 inferius.
3501 535 3554 589 A
3579 553 3726 607 prav-

2081 612 2445 672 decessoribus
2509 621 2710 675 nostris
2776 620 3073 676 inhibitum
3135 623 3383 696 legimus,
3452 630 3513 679 ut
3574 641 3725 680 nemo

2080 708 2417 775 constringat
2466 709 2726 774 docto-res,
2781 726 2954 780 neque
3013 715 3408 768 accusationem
3463 714 3725 769 adversus

2079 808 2165 849 eos
2189 799 2471 868 suscipiat.
2503 801 2639 857 Item
2666 799 2842 858 Paulo
2880 799 3126 858 inferius
3155 821 3172 856 :
3204 802 3512 858 Statuentes
3551 805 3726 859 decer-

2078 886 2280 958 nimus,
2312 903 2512 961 omnes,
2550 893 2646 960 qui
2682 897 2895 948 sanctos
2940 893 3128 949 Patres
3151 899 3580 965 persequuntur,
3629 899 3727 949 aut

2079 990 2322 1032 amovere
2359 979 2445 1032 vel
2486 980 2786 1038 dilacerare
2831 984 3106 1046 nituntur,
3154 986 3445 1052 manifeste
3491 986 3726 1052 infames

2077 1078 2209 1128 esse,
2243 1070 2296 1120 et
2321 1068 2527 1125 alienos
2557 1089 2590 1127 a
2622 1073 2886 1128 limitibus
2927 1073 3158 1128 ecclesia
3185 1089 3355 1143 usque
3378 1072 3455 1128 ad
3489 1075 3727 1140 satisfa—

2077 1155 2304 1211 ctionem
2338 1160 2477 1227 ﬁeri.
2521 1159 2658 1218 Item
2706 1162 2764 1218 in
2803 1162 2995 1218 eadem
3042 1161 3288 1218 inferius
3325 1161 3467 1217 dicit
3513 1159 3624 1233 (45,
3668 1177 3722 1232 q.

2076 1240 2130 1313 6,
2162 1258 2207 1299 c.
2245 1245 2308 1299 Si
2335 1249 2681 1322 quandoque)
2708 1269 2721 1306 :
2756 1251 3039 1314 Similiter,
3067 1253 3116 1306 si
3143 1251 3458 1320 hujusmodi
3478 1253 3728 1321 personis

2077 1333 2328 1400 quaedam
2377 1338 2663 1406 scripturae
2725 1356 2937 1410 quoquo
2993 1341 3147 1394 modo
3197 1356 3298 1410 per
3351 1345 3571 1402 metum,
3624 1346 3721 1394 aut

2074 1421 2352 1488 fraudem,
2397 1429 2495 1479 aut
2523 1443 2626 1496 per
2651 1430 2761 1482 vim
2799 1433 2998 1484 exortae
3032 1431 3264 1497 fuerint,
3304 1431 3390 1483 vel
3419 1434 3477 1483 ut
3505 1445 3560 1482 se
3592 1430 3722 1483 libe-

2075 1525 2201 1565 rare
2221 1515 2439 1582 possint
2462 1532 2780 1586 quocunque
2810 1519 2879 1572 ab
2905 1521 2980 1573 eis
3009 1521 3325 1590 conscriptae
3351 1521 3437 1576 vel
3465 1518 3725 1575 laboratae

2077 1595 2400 1678 [roborata]
2446 1606 2659 1672 fuerint
2694 1608 2930 1675 ingenio,
2971 1608 3047 1662 ad
3079 1609 3292 1664 nullum
3329 1611 3404 1664 eis
3444 1609 3726 1679 praejudi—

2078 1690 2220 1744 cium
2272 1696 2370 1746 aut
2421 1699 2800 1750 nocumentum
2847 1699 3140 1766 provenire
3201 1712 3511 1753 censemus:
3552 1713 3724 1766 neque

320 1777 379 1832 in
411 1775 682 1832 omnibus
720 1777 972 1847 obedire,
1015 1778 1169 1834 sicut
1195 1792 1339 1835 uxor
1377 1778 1504 1834 viro
1542 1792 1648 1834 suo
1681 1777 1865 1834 debet.
1898 1779 1967 1834 Et
1998 1766 2050 1830 Β
2078 1777 2248 1835 ullam
2289 1783 2365 1835 eis
2403 1784 2714 1851 infamiam,
2760 1790 2858 1839 aut
2899 1786 3251 1850 calumniam,
3297 1792 3396 1842 aut
3433 1804 3466 1841 a
3496 1789 3611 1842 suis
3651 1802 3727 1841 se-

316 1865 473 1920 sicut
500 1864 625 1920 viro
656 1879 769 1921 non
803 1865 939 1922 licet
976 1866 1268 1923 dimittere
1302 1880 1535 1924 uxorem
1569 1879 1752 1937 suam,
1798 1867 1877 1922 ita
1912 1871 1970 1922 et

315 1954 586 2024 episcopo
618 1968 728 2011 non
755 1954 892 2011 licet
909 1955 1202 2012 dimittere
1222 1957 1519 2014 ecclesiam
1545 1969 1729 2027 suam,
1753 1955 1970 2027 absque

321 2043 644 2100 inevitabili
688 2045 1043 2116 necessitate,
1089 2052 1190 2102 aut
1237 2046 1554 2116 apostolica
1596 2045 1682 2102 vel
1717 2045 1967 2117 regulari

322 2135 658 2204 mutatione,
705 2140 770 2191 ut
808 2134 976 2191 alteri
1021 2148 1081 2191 se
1123 2135 1378 2191 ambitus
1421 2149 1592 2192 causa
1637 2136 1966 2206 conjungat.

323 2224 393 2278 Et
426 2223 578 2280 sicut
607 2224 772 2280 uxori
813 2237 924 2281 non
970 2224 1106 2281 licet
1143 2225 1436 2282 dimittere
1469 2225 1682 2296 virum,
1715 2224 1852 2280 licet
1891 2223 1972 2280 sit

325 2309 643 2369 fornicatus
663 2312 711 2384 (Ι
737 2313 856 2369 Cor.
893 2314 1012 2388 vu),
1047 2318 1113 2370 ut
1139 2315 1383 2370 alterum
1413 2329 1479 2372 eo
1503 2315 1727 2371 vivente
1756 2315 1965 2371 ducat:

326 2403 407 2458 ita
449 2403 687 2460 ecclesia
717 2404 940 2459 vivente
969 2404 1238 2474 epis00po
1286 2418 1391 2460 suo
1422 2418 1533 2462 non
1576 2409 1757 2475 potest
1788 2404 1968 2461 alium

319 2494 721 2565 superducere.
749 2494 827 2549 De
860 2494 1148 2564 episcopis
1173 2508 1303 2551 vero
1331 2494 1644 2565 infamatis,
1671 2499 1727 2550 et
1752 2507 1783 2549 a
1810 2494 1971 2550 sedi-

319 2585 431 2640 bus
455 2583 660 2654 pulsis,
683 2584 745 2639 in
767 2583 957 2640 eadem
991 2585 1278 2656 praecepit,
1316 2591 1379 2642 ut
1408 2590 1762 2656 revocentur,
1792 2591 1848 2640 et
1873 2586 1973 2640 in-

318 2673 622 2745 tegerrime
641 2673 1039 2742 restituantur,
1058 2674 1363 2745 etsurpecd
1373 2674 1515 2745 uoti,
1529 2673 1965 2745 velutadulteri,

315 2763 648 2832 ejiciantur.
693 2762 792 2818 His
830 2763 1098 2834 peractis,
1146 2764 1194 2820 si
1242 2764 1375 2835 quis
1398 2765 1673 2821 adversus
1701 2777 1798 2820 eos
1822 2778 1971 2835 que-

319 2851 498 2908 relam
544 2851 829 2924 habuerit,
880 2852 1291 2924 inquirendum
1344 2854 1479 2924 erit,
1531 2859 1588 2910 et
1623 2855 1971 2910 auctoritate

318 2943 587 2997 Romanae
635 2942 787 2998 sedis
849 2943 1293 3000 terminandum.
1353 2943 1464 3012 Qui
1519 2957 1632 3000 non
1688 2955 1720 2997 a
1788 2942 1968 3013 plebe,

316 3037 422 3088 aut
468 3047 500 3088 a
550 3031 884 3104 vulgaribus
944 3031 1279 3088 hominibus
1331 3036 1467 3088 sunt
1510 3031 1810 3103 arguendi,
1884 3029 1971 3085 vel

315 3103 822 3190 accusandi,ilicet
862 3121 982 3178 sint
1022 3121 1339 3178 inordinati
1373 3139 1385 3175 :
1433 3121 1570 3191 quia
1603 3134 1704 3190 pro
1749 3119 1973 3174 meritis
2001 3103 2050 3166 (ἶ

317 3209 686 3268 subditorum
731 3210 1065 3280 disponitur
1107 3223 1138 3265 a
1185 3211 1299 3264 Deo
1325 3209 1442 3264 vita
1471 3209 1792 3264 doctorum.
1834 3209 1972 3264 Item

320 3297 620 3355 inferius:
666 3299 728 3354 Si
773 3301 870 3368 qui
917 3303 1048 3353 sunt
1080 3300 1474 3368 vituperatores
1515 3295 1587 3368 (2,
1619 3297 1675 3352 d.
1721 3294 1776 3368 7,
1823 3311 1872 3355 c.
1915 3298 1976 3352 Si

319 3390 462 3459 qui),
493 3393 591 3443 aut
619 3392 960 3442 accusatores
988 3388 1378 3457 episcoporum,
1408 3387 1493 3441 vel
1534 3387 1870 3456 reliquorum
1895 3402 1978 3441 sa-

319 3477 616 3540 cerdotum,
667 3492 776 3531 non
817 3480 1023 3547 oportet
1068 3492 1154 3532 eos
1195 3493 1230 3531 a
1258 3476 1546 3545 judicibus
1591 3477 1823 3531 ecclesiae
1867 3492 1978 3530 au-

319 3567 454 3631 diri,
485 3572 779 3637 antequam
817 3581 998 3620 eorum
1027 3566 1359 3621 discutiatur
1393 3568 1767 3621 aestimationis
1805 3566 1982 3637 suspi.

319 3659 403 3712 cio
446 3657 530 3711 vel
563 3658 768 3726 opinio,
820 3670 930 3726 qua
981 3657 1302 3719 intentione,
1349 3672 1458 3725 qua
1495 3655 1623 3726 ﬁde,
1660 3672 1770 3725 qua
1809 3661 1981 3710 teme-

315 3749 507 3809 ritate,
548 3762 657 3816 qua
681 3748 814 3808 vita,
842 3762 952 3816 qua
975 3748 1321 3809 conscientia,
1350 3761 1519 3816 quove
1541 3748 1753 3817 merito,
1795 3749 1844 3800 si
1874 3763 1978 3817 pro

317 3838 451 3899 Deo,
496 3841 594 3889 aut
629 3851 731 3904 pro
768 3851 914 3890 vana
950 3836 1149 3904 gloria,
1186 3841 1284 3890 aut
1329 3837 1655 3899 inimicitiis,
1701 3836 1786 3889 vel
1831 3836 1977 3909 odio,

317 3929 422 3980 aut
464 3924 762 3994 cupiditate
789 3925 896 3979 ista
923 3926 1390 3994 prmsumpserint,
1422 3940 1606 3979 necne.
1639 3926 1765 3979 Hec
1793 3928 1977 3980 omnia

317 4018 450 4069 sunt
490 4013 890 4082 perscrutanda
933 4017 984 4067 et
1021 4013 1311 4081 diligenter
1348 4013 1762 4083 pertractanda.
1825 4015 1976 4071 Deus

316 4103 496 4171 enim,
517 4106 737 4159 utnosa
756 4101 1124 4173 praecipitatae
1142 4102 1437 4158 sententiae
1469 4101 1789 4172 prolatione
1811 4117 1976 4158 com-

321 4197 595 4262 pesceret,
641 4204 770 4247 cum
819 4192 1012 4248 omnia
1069 4191 1220 4247 nuda
1273 4191 1393 4247 sint
1435 4196 1490 4246 et
1542 4196 1738 4261 aperta
1787 4191 1975 4247 oculis

317 4281 449 4349 ejus
486 4278 668 4350 (Hebr.
704 4280 780 4351 ιν)
814 4299 828 4351 ;
875 4279 1020 4336 mala
1052 4286 1238 4336 tamen
1267 4280 1521 4336 Sodoma:
1561 4280 1752 4336 noluit
1775 4280 1975 4336 audita

312 4368 599 4439 judicare,
631 4369 966 4439 priusquam
992 4367 1291 4424 manifeste
1315 4374 1646 4440 agnosceret
1672 4383 1796 4440 qua:
1826 4369 1972 4425 dice

2080 1873 2503 1940 questrationem
2559 1874 2732 1937 bonis,
2790 1891 3034 1944 unquam
3098 1882 3315 1931 auctore
3369 1879 3616 1940 Domino,
3677 1884 3726 1933 et

2078 1962 2194 2015 suis
2223 1962 2502 2031 apostolis,
2535 1979 2822 2032 eorumque
2857 1965 3273 2028 successoribus,
3301 1969 3568 2020 sustinere
3585 1983 3727 2036 per-

2079 2051 2368 2112 mittimus,
2417 2053 2550 2120 quia
2602 2054 2864 2120 confessio
2912 2055 2972 2107 in
3020 2054 3222 2108 talibus
3269 2070 3379 2108 non
3429 2055 3724 2124 compulsa,

2080 2137 2176 2191 sed
2218 2143 2517 2208 spontanea
2567 2143 2688 2210 ﬁeri
2733 2141 2902 2196 debet.
2964 2128 3280 2198 PeSsimum
3331 2147 3416 2198 est
3458 2143 3609 2198 enim
3659 2143 3728 2199 de

2082 2226 2412 2296 suspicione
2441 2233 2543 2286 aut
2574 2235 2771 2286 exorta
2803 2229 3161 2288 confessione
3191 2245 3532 2304 quemquam
3558 2232 3728 2300 judi-

2081 2328 2227 2372 care.
2270 2316 2544 2388 Przecepit
2586 2324 2642 2374 et
2674 2319 2733 2374 in
2772 2321 2964 2376 eadem
2995 2319 3079 2391 (de
3108 2319 3263 2375 Cons.
3305 2321 3440 2376 dist.
3474 2318 3528 2389 2,
3571 2336 3620 2377 c.
3662 2324 3728 2377 In

2080 2411 2560 2470 sacramentorum,
2605 2412 2661 2464 et
2697 2422 2746 2464 c.
2793 2409 3057 2480 Aquam),
3103 2415 3168 2464 ut
3204 2409 3261 2464 in
3305 2411 3731 2466 consecratione

2081 2496 2342 2565 corporis
2370 2501 2424 2552 et
2458 2497 2762 2569 sanguinis
2801 2498 3030 2554 Domini
3071 2501 3197 2569 ejus
3241 2499 3432 2569 passio
3463 2499 3542 2554 sit
3566 2513 3728 2555 com-

2083 2586 2482 2656 memoranda;
2509 2591 2564 2642 et
2591 2591 2652 2642 ut
2681 2600 2827 2658 aqua
2857 2602 2987 2644 cum
3015 2588 3131 2644 sale
3161 2587 3551 2658 benedicatur,
3583 2593 3639 2644 et
3671 2589 3730 2644 in

2079 2675 2347 2731 domibus
2386 2675 2642 2732 ﬁdelium
2681 2682 3039 2750 aspergatur,
3070 2683 3126 2734 et
3157 2676 3320 2732 ﬁdem
3353 2681 3560 2732 sanctae
3597 2676 3731 2731 Tri-

2082 2763 2302 2835 nitatis,
2349 2765 2505 2821 sicut
2533 2779 2564 2821 a
2599 2766 2865 2822 Patribus
2903 2770 3215 2836 acceperat,
3262 2765 3343 2822 ita
3381 2765 3598 2835 scripto
3629 2779 3734 2822 suo

2082 2865 2186 2909 nos
2209 2853 2458 2910 edocuit.
2492 2855 2595 2910 Hic
2624 2856 2916 2912 ordinavit
2945 2857 3242 2927 episcopos
3275 2857 3550 2928 quinque,
3585 2868 3735 2926 pres-

2082 2941 2308 3012 byteros
2337 2958 2454 3014 sex,
2486 2945 2761 3002 diaconos
2789 2945 2956 3002 duos.

2599 3034 2736 3088 VIII.
2769 3063 2844 3074 —
2869 3035 2923 3088 S.
2957 3034 3220 3090 SIXTUS.

2603 3121 2672 3188 (A
2683 3137 2791 3175 nno
2830 3121 3032 3177 Christi
3068 3121 3216 3192 452.)

2154 3206 2372 3279 Sixtus,
2419 3208 2652 3265 natione
2699 3209 3008 3278 Romanus,
3051 3224 3118 3266 ex
3163 3215 3322 3280 patre
3362 3211 3611 3276 Pastore,
3661 3211 3732 3268 de

2086 3295 2317 3367 regione
2352 3296 2455 3352 Via
2487 3297 2620 3368 lata,
2657 3298 2808 3354 sedit
2844 3311 3025 3354 annos
3059 3299 3272 3369 decem,
3312 3313 3531 3355 menses
3565 3299 3734 3371 duos,

2085 3384 2238 3440 diem
2265 3398 2462 3442 unum.
2493 3387 2626 3442 Fuit
2653 3392 2841 3443 autem
2875 3388 3231 3456 temporibus
3259 3387 3521 3457 Adriani,
3557 3403 3738 3458 usque

2090 3474 2156 3529 ad
2194 3475 2394 3530 Verum
2440 3481 2496 3531 et
2532 3475 2881 3532 Anniculum
2915 3495 2926 3530 :
2968 3475 3074 3532 sub
3114 3476 3327 3548 quibus
3369 3481 3424 3532 et
3463 3477 3740 3546 martyrio

2091 3569 2400 3620 coronatur
2444 3578 2506 3620 ιιι
2561 3566 2703 3621 Non.
2759 3564 2997 3635 Aprilis.
3055 3566 3159 3622 Hic
3208 3566 3266 3621 in
3319 3566 3565 3622 decretis
3614 3566 3739 3622 suis

2092 3653 2372 3710 monendo
2425 3655 2692 3725 praecepit
2736 3654 2901 3710 ﬁdem
2963 3663 3191 3727 rectam,
3241 3659 3298 3710 et
3343 3654 3414 3710 ab
3461 3654 3740 3725 apostolis

2093 3741 2358 3798 traditam
2411 3743 2719 3800 inconcuse
2779 3744 3136 3812 servandam,
3193 3758 3305 3814 qua
3356 3747 3413 3800 et
3465 3745 3588 3814 ipse
3635 3757 3739 3800 nos

2090 3831 2393 3887 scribendo
2437 3832 2718 3888 instruxit
2759 3832 2943 3903 (epist.
2996 3833 3046 3903 1,
3087 3833 3160 3887 ad
3201 3827 3381 3888 omnes
3420 3833 3734 3902 episcopos).

2088 3921 2360 3990 Prmcepit
2407 3921 2578 3976 etiam
2625 3919 2797 3992 (epist.
2831 3920 2866 3977 2
2908 3922 2983 3976 ad
3012 3937 3192 3976 omnes
3231 3923 3518 3992 episcopos.
3563 3952 3632 3961 —
3659 3923 3739 3978 De

2084 4008 2250 4064 Cons.
2282 4009 2418 4064 dist.
2467 4007 2553 4077 45,
2598 4011 2665 4064 In
2703 4016 2910 4065 sancta.
2939 4041 3012 4051 —
3038 4008 3091 4078 2,
3121 4027 3174 4082 q.
3205 4009 3258 4080 6,
3291 4025 3340 4067 c.
3376 4010 3437 4066 Si
3479 4012 3604 4080 quis
3641 4027 3742 4066 ve-

2084 4097 2276 4170 strum)
2318 4102 2380 4154 ut
2418 4111 2579 4154 sacra
2622 4112 2753 4154 vasa
2798 4113 2910 4154 non
2953 4105 3322 4172 tangerentur
3364 4100 3479 4156 nisi
3521 4100 3592 4155 ab
3628 4099 3742 4156 ho-

2087 4184 2343 4242 minibus
2364 4186 2432 4241 ad
2458 4186 2563 4242 hoc
2589 4185 2838 4242 ofﬁcium
2859 4190 2972 4244 Deo
2998 4189 3254 4244 sacratis.
3282 4189 3385 4244 Hic
3410 4189 3736 4260 constituit,

2087 4279 2150 4331 ut
2175 4276 2422 4347 quisque
2450 4275 2755 4346 episcopus
2774 4276 2970 4347 aliqua
3000 4277 3341 4334 adversitate
3372 4277 3635 4348 pulsatus
3657 4277 3741 4332 li—

2088 4372 2278 4422 center
2305 4365 2553 4436 appellet
2592 4366 2898 4421 Romanam
2930 4371 2985 4421 et
3013 4366 3383 4436 apostolicam
3418 4367 3603 4422 sedem
3635 4384 3649 4436 ;
3681 4371 3738 4422 et

319 4437 536 4515 bantur
573 4437 725 4529 (Gen.
771 4437 953 4531 xvm).
988 4459 1090 4514 Hic
1131 4457 1304 4514 etiam
1343 4437 1632 4514 decretum
1666 4437 1873 4514 statuit
1900 4458 1971 4514 de
1999 4437 2055 4500 Ῑ)
2090 4455 2232 4512 illuc
2275 4461 2527 4525 vocatus,
2574 4455 2767 4512 venire
2798 4468 2908 4511 non
2949 4461 3149 4510 renuat
3179 4474 3190 4509 :
3225 4468 3324 4510 nec
3357 4455 3488 4510 inde
3523 4455 3738 4525 absque

319 4561 438 4606 non
477 4547 831 4618 injuriandis
858 4552 960 4604 aut
1009 4547 1332 4604 lacerandis
1378 4547 1684 4618 episcopis.

724 4637 835 4693 VII.
866 4666 938 4677 —
976 4636 1031 4692 S.
1060 4634 1501 4692 ALEXANDER.

845 4724 1028 4798 (Anno
1045 4725 1246 4780 Christi
1272 4724 1292 4780 4
1308 4722 1420 4798 22.)

392 4814 732 4878 Alexander,
760 4815 991 4870 natione
1021 4815 1329 4879 Romanus,
1352 4827 1419 4870 ex
1449 4817 1606 4884 patre
1629 4811 1972 4901 Alexandro,

315 4905 394 4960 de
424 4903 655 4975 regione
687 4909 860 4974 caput
882 4903 1079 4967 Tauri,
1107 4904 1257 4959 sedit
1291 4916 1472 4959 annos
1507 4903 1722 4973 decem,
1753 4916 1974 4958 menses

316 4999 558 5064 septem,
591 4993 715 5049 dies
751 4993 918 5050 duos.
961 4994 1094 5050 Fuit
1117 4997 1305 5050 autem
1348 4991 1705 5062 temporibus
1741 4991 1971 5061 Trajani

319 5095 510 5154 usque
545 5084 614 5140 ad
653 5083 954 5140 Helianum
997 5088 1052 5140 et
1090 5085 1360 5139 Veterem.
1409 5081 1512 5137 Hic
1557 5080 1831 5152 martyrio
1870 5095 1976 5137 co—

321 5176 566 5229 ronatur
593 5186 626 5226 v
653 5173 845 5230 Nonas
874 5173 1031 5228 Maii.
1057 5173 1158 5228 Hic
1187 5173 1456 5243 prmeepit
1478 5172 1548 5227 de
1577 5171 1974 5228 sacerdotibus

320 5276 438 5318 non
478 5263 773 5334 vexandis,
813 5269 915 5320 aut
943 5263 1179 5334 scriptis
1202 5262 1273 5318 ab
1298 5263 1384 5318 eis
1428 5261 1506 5334 vi,
1535 5265 1636 5316 aut
1667 5268 1840 5333 metu,
1875 5267 1978 5318 aut

320 5352 526 5407 fraude
555 5352 752 5425 aliqua
779 5367 889 5410 non
929 5353 1248 5425 exigendis,
1278 5353 1358 5407 ita
1391 5351 1591 5407 dicens
1616 5350 1675 5406 in
1707 5351 1971 5422 epistola,

320 5455 495 5512 quam
539 5442 811 5499 omnibus
855 5443 1195 5501 orthodoxis
1240 5440 1531 5512 episcopis
1577 5454 1674 5511 per
1717 5441 1976 5500 diversas

321 5531 655 5602 provincias
699 5533 1191 5590 commorantibus
1231 5532 1469 5601 scripsit
1494 5528 1570 5603 (3,
1619 5530 1676 5586 d.
1713 5527 1764 5602 4,
1808 5547 1857 5587 c.
1903 5533 1978 5586 Hi

319 5623 446 5692 qui)
477 5640 494 5676 :
526 5623 731 5678 Eorum
776 5623 1075 5679 accusandi
1116 5623 1406 5694 episcopos,
1449 5621 1534 5678 vel
1564 5620 1891 5691 testiﬁcandi
1919 5623 1978 5676 in

805 5722 1036 5779 ΡΑτιιοι..
1071 5721 1326 5778 CXXIX.

2087 4546 2420 4618 apostolicis
2443 4546 2656 4602 litteris
2681 4545 2748 4602 ad
2781 4544 3065 4616 propriam
3093 4545 3321 4615 redeat;
3347 4551 3408 4601 ut
3433 4544 3611 4600 vicini
3645 4545 3737 4600 sui

2086 4651 2154 4693 ex
2204 4635 2309 4690 hoc
2355 4635 2700 4706 intelligant,
2749 4634 2999 4706 qualiter
3053 4633 3135 4689 ibi
3172 4647 3334 4690 suam
3375 4633 3739 4704 aliorumque

2085 4738 2312 4781 causam
2355 4723 2590 4779 ﬁnierit.
2622 4724 2938 4780 Constituit
2975 4723 3169 4793 etiam,
3211 4729 3275 4780 ut
3318 4737 3481 4780 nemo
3510 4724 3742 4795 episco-

2087 4829 2220 4885 pum
2247 4814 2374 4870 suis
2404 4811 2575 4868 rebus
2603 4812 2903 4883 exspoliet,
2932 4817 3032 4870 aut
3055 4827 3085 4868 a
3113 4812 3344 4885 pr0pria
3373 4813 3504 4869 sede
3529 4813 3741 4884 expul—

2085 4917 2210 4959 sum
2287 4901 2800 4970 excommunicare,
2863 4906 2965 4956 aut
3013 4901 3336 4971 dijudicare
3411 4911 3737 4974 praesumat.

2083 4993 2187 5050 llic
2215 4991 2506 5049 ordinavit
2546 4990 2846 5060 episcOpos
2880 4994 3144 5061 quatuor,
3181 4991 3538 5062 presbyteros
3572 4995 3744 5052 unde-

2083 5083 2218 5155 cim,
2249 5081 2524 5138 diaconos
2548 5087 2682 5136 tres.

2501 5171 2594 5225 IX.
2631 5200 2705 5210 —
2727 5169 2781 5225 S.
2825 5168 3324 5227 TELESPHORUS.

2619 5259 2801 5330 (Anno
2829 5258 3032 5313 Christi
3066 5259 3210 5332 142.)

2154 5349 2553 5420 Telesphorus,
2627 5348 2858 5404 natione
2922 5348 3174 5412 Graecus,
3237 5363 3304 5405 ex
3363 5349 3736 5419 Anacborcta,

2084 5440 2232 5498 sedit
2259 5453 2440 5494 annos
2473 5437 2754 5508 undecim,
2782 5451 3002 5493 menses
3025 5442 3158 5507 tres,
3186 5437 3310 5492 dies
3339 5437 3546 5508 viginti
3569 5437 3733 5493 duos.

2079 5530 2213 5587 Fuit
2249 5535 2437 5584 autem
2479 5527 2833 5598 temporibus
2884 5525 3159 5581 Antonini
3204 5531 3260 5578 et
3303 5525 3497 5579 Marci.
3549 5524 3650 5579 Hic
3682 5539 3736 5580 xv

2079 5621 2270 5676 Nonas
2297 5617 2555 5674 Januarii
2589 5616 2863 5688 martyrio
2901 5617 3227 5670 coronatur.
3256 5611 3360 5666 Hic
3406 5611 3463 5667 in
3493 5613 3740 5672 decretis

3456 5709 3526 5768 37
