4082 6168
450 231 593 291 4463

1228 223 1534 298 ῙΑΡΡΕΝῘ).
1577 221 1670 278 AD
1706 221 1866 292 SEO.
1912 221 2008 277 1X.
2049 251 2123 262 —
2157 219 2514 278 AUCTORES
2549 221 2720 278 ANNI
2756 220 3052 279 INCERTI.

3713 218 3846 280 4464

433 353 559 411 suis
582 352 754 424 (epist.
784 348 807 406 1
852 350 928 404 ad
955 364 1134 405 omnes
1173 346 1460 419 episcopos)
1493 345 1700 402 statuit
1725 343 1986 412 ﬁrmiter,
2020 344 2086 397 ut
2110 338 2169 401 A
2200 341 2415 398 minico
2444 342 2514 397 ab
2544 343 2814 400 omnibus
2849 343 3200 401 Christianis
3245 357 3467 416 semper
3506 341 3845 401 celebretur.

431 456 627 500 omnes
652 439 848 498 clerici
879 439 934 495 in
964 445 1172 496 sortem
1210 435 1436 492 Domini
1469 434 1650 491 vocati
1693 438 1906 503 septem
1948 429 2086 486 heb-

2197 431 2298 486 Hic
2325 432 2612 489 ordinavit
2643 433 2941 504 episcOpos
2969 435 3292 507 duodecim,
3339 434 3700 506 presbyteros
3745 447 3851 490 no-

431 533 703 590 domadas
729 530 923 601 plenas
955 533 1087 584 ante
1109 527 1321 583 Pascha
1358 539 1390 580 a
1416 537 1586 580 carne
1619 523 1913 594 jejunent:
1947 524 2005 576 et
2027 525 2090 576 ut
2197 521 2530 593 vemdecim,
2561 523 2836 579 diaconos
2863 523 3077 596 viginti
3108 525 3275 581 duos.

432 621 630 678 clerici
657 619 988 676 nullatenus
1008 616 1188 673 laicos
1211 616 1271 671 in
1301 629 1405 670 sua
1432 612 1757 684 pulsatioue
1776 616 1876 667 aut
1913 623 2092 666 accu-

432 711 654 768 satione
696 707 978 778 recipiant
1013 705 1080 777 (c.
1137 705 1461 774 Statuimus,
1505 702 1642 759 dist.
1677 699 1785 774 4):
1833 701 1989 756 sicut
2035 702 2092 753 et

435 801 549 873 ipsi
581 799 716 856 laici
743 799 907 868 juxta
938 795 1266 851 saecularem
1299 793 1476 866 legem
1524 792 1765 848 clericos
1793 790 1850 845 in
1883 788 2009 845 suis
2031 787 2092 858 in

429 883 849 946 (amationibus
893 885 1144 955 recipere
1187 882 1410 940 nolunt.
1440 880 1757 938 Constituit
1801 880 1993 949 etiam,
2029 879 2095 932 ut

438 981 498 1036 in
537 984 732 1036 sancta
772 981 934 1033 nocte
954 972 1287 1030 Nativitatis
1315 971 1546 1028 Domini
1576 970 1758 1026 nostri
1779 964 2093 1025 Salvatoris

438 1071 615 1128 missa
660 1066 977 1124 celebretur
1005 1064 1091 1136 (de
1134 1063 1315 1125 Cons,
1341 1063 1478 1119 dist.
1520 1059 1570 1133 1,
1593 1076 1641 1117 c.
1674 1061 1836 1116 Nocte
1861 1053 2089 1127 sancta),

435 1166 491 1219 et
517 1162 762 1232 hymnus
799 1155 1114 1229 angelicus,
1147 1154 1202 1210 id
1234 1158 1340 1226 est,
1389 1152 1577 1208 Gloria
1614 1155 1674 1205 in
1715 1149 1937 1205 excelsis
1967 1150 2090 1210 Deo,

436 1249 768 1308 solemniter
795 1247 1147 1303 decantetur.
1198 1243 1461 1314 Reliquis
1496 1247 1686 1298 autem
1713 1236 2089 1310 temporibus,

437 1347 569 1397 ante
586 1341 780 1396 horam
803 1336 920 1393 diei
935 1335 1161 1392 tertiam
1187 1333 1418 1389 missam
1448 1330 1725 1388 celebrari
1755 1325 2087 1399 prohibuit;

438 1430 576 1502 quia
613 1433 670 1484 et
711 1441 776 1482 ea
831 1426 969 1481 hora
1010 1423 1291 1478 Dominus
1346 1419 1680 1489 cruciﬁxus,
1731 1423 1787 1473 et
1836 1417 2092 1489 Spiritus

438 1527 672 1576 sanctus
698 1529 870 1587 super
897 1511 1186 1584 apostolos
1215 1511 1578 1568 descendisse
1609 1508 1840 1581 legitur.
1872 1508 2093 1564 Praece-

442 1611 530 1682 pit
567 1608 740 1664 etiam
783 1618 978 1661 omnes
1007 1601 1404 1658 accusationes
1429 1597 1502 1672 (3,
1539 1615 1592 1671 q.
1637 1596 1690 1671 5,
1741 1613 1792 1653 c.
1845 1597 2124 1682 Accus.),.

2660 612 2782 666 XII.
2812 642 2886 653 -—
2923 612 2978 667 S.
3032 611 3383 668 ANICETUS.

2732 700 2914 772 (Anno
2943 701 3147 757 Christi
3175 699 3312 774 448.)

2272 787 2568 862 Anicetus,
2603 790 2836 847 natione
2864 791 3061 863 Syrus,
3085 804 3154 847 ex
3184 797 3342 862 patre
3367 792 3606 860 Joanne,
3630 789 3704 846 de
3727 791 3854 846 vico

2203 877 2416 946 Umisa,
2459 879 2606 937 sedit
2635 893 2818 938 annos
2855 894 3074 952 novem,
3121 894 3340 936 menses
3371 888 3508 950 tres,
3555 881 3685 937 dies
3717 887 3850 937 tres.

2202 967 2337 1024 Fuit
2358 974 2548 1026 autem
2588 969 2942 1040 temporibus
2965 971 3154 1027 Severi
3176 978 3232 1027 et
3259 970 3454 1040 Marci,
3491 984 3525 1026 a
3545 969 3854 1028 consulatu

2201 1055 2484 1114 Gallicani
2516 1066 2573 1115 et
2607 1059 2845 1130 Veteris,
2893 1073 3076 1131 usque
3116 1061 3185 1117 ad
3219 1062 3555 1116 Praesentem
3592 1065 3650 1115 et
3690 1060 3858 1116 Ruﬁ-

2204 1160 2361 1202 num.
2393 1147 2497 1203 Hic
2523 1149 2734 1218 Martyr
2761 1147 2908 1204 obiit
2949 1162 3020 1203 xv
3043 1149 3169 1204 Kal.
3201 1149 3357 1205 Maii.
3392 1149 3497 1204 Hic
3517 1163 3626 1205 sua
3651 1155 3858 1205 aucto-

2203 1237 2374 1293 ritate
2405 1238 2672 1308 przecepit
2703 1235 2803 1309 (ep.
2836 1239 2911 1292 ad
2947 1240 3139 1296 Galliae
3168 1241 3328 1308 episc.
3361 1239 3450 1302 66,
3480 1240 3613 1294 dist.
3646 1254 3695 1295 c.
3739 1241 3858 1292 Ar-

2202 1325 2508 1398 chiepisc.),
2545 1330 2600 1382 et
2637 1327 2982 1384 auctoritate
3026 1328 3382 1384 decretorum
3413 1327 3678 1383 Anacleti
3714 1342 3859 1384 cou-

2199 1414 2411 1483 ﬁrmat,
2439 1429 2510 1472 ne
2539 1416 2758 1488 aliquis
2799 1417 3104 1488 episcOpus
3137 1418 3425 1474 ullatenus
3454 1418 3654 1474 minus
3686 1432 3858 1488 quam

2202 1519 2234 1561 a
2287 1505 2476 1562 tribus
2506 1507 2793 1578 episcOpis
2838 1513 3221 1580 consecretur,
3272 1513 3329 1564 et
3376 1508 3861 1578 metropolitauus

2203 1597 2508 1670 episcopus
2531 1597 2602 1654 ab
2639 1598 2910 1656 omnibus
2933 1597 3312 1672 suﬁ'raganeis
3338 1599 3493 1656 sedis
3523 1599 3861 1671 metropolis

442 1672 587 1770 quas
628 1693 824 1752 saeculi
853 1692 1004 1764 leges
1031 1704 1142 1748 non
1182 1690 1517 1759 admittunt,
1565 1687 1635 1744 ad
1667 1688 2091 1744 accusationem
2121 1672 2176 1736 Β
2204 1687 2271 1744 ad
2325 1687 2504 1758 ipsam
2554 1688 2742 1744 sedem
2790 1688 3266 1746 convenientibus
3313 1694 3400 1746 est
3453 1688 3764 1762 eligendus
3806 1694 3861 1746 et

441 1784 888 1844 ecclesiasticam
914 1795 1026 1839 non
1065 1779 1448 1837 admittendas
1489 1791 1631 1834 esse.
1672 1777 1778 1833 Hic
1805 1776 2096 1834 ordinavit

441 1875 740 1948 episcopos
782 1870 1074 1942 tredecim,
1109 1868 1465 1940 presbyteros
1503 1866 1790 1938 undecim,
1823 1866 2095 1924 diaconos

440 1970 588 2023 octo.

973 2049 1044 2105 X.
1066 2078 1140 2090 —-
1160 2048 1216 2105 S.
1239 2047 1555 2103 HYGINUS.

972 2137 1154 2211 (Anno
1188 2137 1389 2194 Christi
1425 2133 1567 2209 454.)

512 2232 790 2306 Hyginus,
819 2229 1050 2286 natione
1073 2230 1326 2298 Graecus,
1354 2240 1420 2282 ex
1453 2225 1796 2298 philosupho
1828 2225 1898 2282 de
1917 2224 2101 2282 Athe-

445 2325 558 2395 nis,
604 2323 774 2393 cujus
822 2318 1210 2392 genealogiam
1272 2328 1384 2372 non
1441 2315 1654 2386 inveni,
1727 2314 1876 2371 sedit
1916 2327 2098 2370 annos

444 2421 710 2487 quatuor,
745 2422 965 2466 menses
989 2410 1124 2477 tres,
1152 2406 1279 2462 dies
1308 2411 1453 2462 octo.
1491 2405 1623 2462 Fuit
1649 2410 1840 2461 autem
1871 2408 2098 2474 tempo—

442 2504 608 2560 ribus
633 2501 820 2557 Severi
873 2495 1046 2572 [Veri]
1079 2503 1136 2552 et
1163 2495 1360 2565 Marci,
1413 2510 1445 2550 a
1470 2495 1774 2551 consulatu
1814 2491 2002 2565 Magni
2042 2497 2098 2548 et

440 2591 727 2649 Camerini
763 2601 944 2658 usque
965 2586 1033 2642 ad
1061 2585 1302 2641 Orﬁtum
1330 2589 1386 2640 et
1427 2583 1707 2652 Priscum,
1741 2582 1841 2654 qui
1874 2595 1938 2636 III
1962 2581 2097 2636 ldus

438 2677 696 2740 Januarii
731 2675 1001 2748 migravit
1028 2675 1097 2730 ad
1123 2673 1450 2728 Dominum.
1483 2673 1588 2727 Hic
1617 2671 1942 2742 composuit
1964 2669 2098 2725 Cle-

442 2783 591 2836 rum,
618 2772 674 2821 et
718 2762 1030 2820 distribuit
1071 2760 1302 2832 gradus.
1337 2759 1441 2815 Hic
1486 2759 1546 2814 in
1574 2759 1683 2816 ﬁde
1731 2758 1948 2814 Christi
1994 2771 2097 2813 nos

442 2855 686 2914 instruit
715 2853 916 2908 multis
939 2856 996 2907 et
1042 2849 1226 2905 ﬁrmis
1250 2848 1612 2905 documentis
1657 2848 1868 2904 divina
1896 2847 2099 2918 Scrip—

440 2952 602 3013 turae,
645 2941 968 3011 ostendens,
1040 2953 1143 2996 nec
1189 2940 1409 2994 Patrem
1475 2939 1833 3008 pra-cessisse
1882 2937 2096 2993 Filium

2204 1777 2644 1834 consecrandus.
2686 1779 2754 1833 Et
2788 1777 2894 1834 hoc
2924 1778 3096 1835 aliter
3127 1776 3339 1834 factum
3391 1777 3622 1835 viribus
3667 1791 3861 1834 carere

2207 1879 2318 1922 non
2359 1872 2444 1922 est
2471 1865 2746 1933 dubium;
2783 1867 2923 1938 quia
2953 1866 3239 1938 quidquid
3271 1873 3470 1924 contra
3497 1873 3719 1924 statuta
3751 1869 3862 1924 Pa-

2206 1959 2357 2012 trum
2390 1960 2798 2026 prazsumptum
2819 1955 3015 2027 fuerit,
3043 1956 3169 2012 sine
3187 1955 3367 2013 dubio
3398 1956 3534 2013 licet
3562 1970 3678 2012 non
3707 1957 3858 2028 apud

2208 2045 2489 2117 homines,
2513 2045 2662 2116 apud
2694 2046 2872 2102 Deum
2905 2051 3090 2102 tamen
3119 2046 3351 2102 irritum
3380 2047 3514 2102 erit.
3540 2047 3862 2104 Constituit

2205 2135 2377 2194 etiam
2423 2136 2579 2207 (ibid.
2629 2152 2679 2192 c.
2725 2134 2778 2206 3,
2831 2134 2885 2207 9,
2929 2152 2984 2207 q.
3031 2133 3085 2209 3,
3135 2151 3187 2194 c.
3225 2136 3285 2191 Si
3327 2142 3528 2208 autem,
3582 2138 3726 2194 dist.
3767 2135 3856 2209 23,

2205 2242 2255 2284 c.
2304 2226 2602 2299 Prohibetc)
2661 2232 2725 2282 ut
2787 2226 2985 2282 nullus
3023 2225 3500 2298 metropolitauus
3539 2229 3858 2299 quidquam

2205 2320 2339 2389 agat
2362 2316 2432 2372 de
2457 2315 2650 2373 causis
2693 2315 3181 2388 suﬁ‘raganeorum
3209 2315 3611 2388 episc0porum
3644 2318 3861 2389 absque

2208 2405 2510 2477 praesentia
2563 2413 2618 2462 et
2675 2406 2964 2462 communi
3027 2419 3222 2462 eorum
3274 2407 3542 2463 eonsilio.
3585 2409 3863 2478 Praecepit

2205 2497 2399 2566 etiam,
2435 2501 2499 2551 ut
2531 2494 2761 2552 clericis
2817 2509 2930 2552 non
2982 2495 3153 2552 liceat
3194 2509 3412 2552 comam
3462 2497 3710 2552 nutrire.
3758 2498 3863 2554 Hic

2206 2585 2497 2643 ordinavit
2538 2585 2836 2656 episcopos
2886 2599 3104 2657 novem,
3148 2585 3506 2657 presbyteros
3531 2589 3865 2658 septemde—

2205 2675 2340 2748 cim,
2376 2677 2650 2733 diaconos
2693 2680 2960 2748 quatuor.

2739 2767 2884 2820 ΧΙΙΙ.
2912 2795 2983 2806 —
3000 2766 3057 2821 S.
3081 2764 3318 2822 SOTER.

2709 2854 2892 2925 (Anno
2939 2855 3160 2910 Christi.
3214 2852 3359 2928 475.)

2277 2946 2458 3005 Soter.
2493 2944 2722 3001 natione
2749 2943 3092 3015 Campanus,
3125 2958 3196 3000 ex
3229 2949 3388 3015 patre
3425 2944 3768 3017 Concordio,
3792 2948 3866 3004 de

441 3040 507 3091 ut
547 3033 724 3102 major
773 3031 850 3087 sit
896 3029 1065 3099 Filio,
1131 3041 1233 3083 nec
1275 3025 1489 3083 Filium
1532 3033 1725 3098 postea
1790 3031 1986 3083 natum
2033 3019 2177 3088 utG
2207 3035 2439 3092 civitate
2476 3034 2711 3104 Fundis,
2755 3033 2904 3089 sedit
2950 3046 3131 3090 annos
3185 3047 3402 3104 novem,
3464 3048 3689 3092 menses
3738 3051 3862 3108 sex,

439 3125 650 3181 deitate
679 3120 864 3178 Patris
893 3119 1080 3175 minor
1105 3121 1254 3174 esset
1286 3114 1461 3187 (epist.
1498 3113 1520 3171 4
1569 3117 1644 3171 ad
1671 3132 1850 3172 omnes
1870 3115 2092 3188 ﬁdeles).

439 3215 542 3270 Hic
554 3213 726 3270 etiam
747 3209 1074 3279 constituit,
1097 3213 1160 3263 ut
1178 3206 1375 3262 nullus
1393 3205 1871 3277 metropolitanus
1883 3205 2098 3277 absque

438 3310 771 3360 czeterorum
802 3297 1246 3371 provincialium
1273 3297 1576 3369 praesentia
1606 3296 1935 3368 aliquorum
1984 3309 2098 3352 au-

441 3394 564 3451 diat
591 3404 796 3448 causas
816 3390 1237 3460 episcoporum,
1267 3386 1404 3458 quia
1425 3387 1511 3442 sic
1537 3391 1675 3442 actae
1695 3387 1876 3442 irritae
1904 3389 2091 3465 erunt,

436 3481 755 3540 Constituit
791 3480 985 3549 etiam,
1035 3481 1100 3534 ut
1144 3477 1423 3546 majorum
1474 3481 1612 3532 natu
1660 3475 2097 3532 criminationes

441 3585 551 3628 non
602 3585 699 3641 per
727 3567 875 3624 alios
906 3566 1065 3638 ﬁant,
1101 3566 1214 3621 nisi
1245 3579 1344 3634 per
1388 3565 1545 3634 ipsos
1585 3564 1685 3635 qui
1716 3564 1964 3620 crimina
1998 3563 2098 3618 in-
2147 3604 2151 3609 .

439 3660 680 3717 tendunt
699 3656 770 3729 (2,
795 3673 855 3727 q.
879 3652 935 3725 7,
963 3669 1012 3710 c.
1043 3652 1495 3725 Criminationcs).
1517 3652 1628 3722 Qui
1651 3653 1824 3708 etiam
1849 3655 2098 3724 peregri-

439 3765 510 3806 na
531 3749 755 3819 judicia
780 3745 1037 3801 habenda
1072 3742 1388 3813 prohibuit.
1420 3742 1522 3796 Hic
1549 3742 1841 3798 ordinavit
1865 3743 2098 3813 episco-

443 3853 544 3909 pos
572 3852 690 3906 sex,
738 3833 1096 3906 presbyteros
1125 3831 1479 3902 quindecim,
1511 3831 1785 3888 diaconos
1813 3832 2090 3904 quinque.

998 3921 1099 3977 XI.
1129 3951 1202 3961 —
1237 3921 1292 3976 S.
1352 3920 1518 3976 PlUS.

953 4011 1137 4084 (Anno
1193 4010 1396 4066 Christi
1439 4008 1587 4083 458.)

511 4106 670 4177 Pius,
702 4103 933 4161 natione
971 4101 1168 4172 Italus,
1214 4114 1282 4156 ex
1325 4105 1481 4172 patre
1514 4099 1738 4173 Ruﬁno,
1773 4100 1949 4160 frater
1985 4104 2098 4159 Pa-

443 4196 641 4267 storis,
673 4195 742 4252 de
770 4190 1002 4250 civitate
1018 4189 1308 4260 Aquilesa,
1334 4189 1484 4246 sedit
1503 4204 1684 4247 annos
1703 4191 1916 4262 decem,
1947 4205 2097 4249 men-

446 4302 537 4345 ses
567 4291 835 4359 quatuor,
867 4283 995 4339 dies
1033 4285 1167 4337 tres.
1215 4280 1348 4336 Fuit
1375 4286 1563 4336 autem
1595 4281 1952 4351 temporibus
1979 4283 2094 4338 An-

2205 3125 2332 3181 dies
2394 3123 2683 3180 undecim.
2737 3123 2872 3179 Fuit
2917 3127 3107 3179 autem
3166 3124 3521 3194 temporibus
3559 3127 3778 3196 Severi,
3831 3141 3864 3183 a

2206 3213 2512 3270 consulatu
2543 3212 2768 3269 Rustici
2805 3217 2862 3268 et
2889 3211 3176 3284 Aquiliui,
3222 3227 3404 3286 usque
3442 3212 3510 3270 ad
3547 3214 3864 3288 Cethegum

2206 3307 2263 3358 et
2307 3301 2558 3358 Clarum.
2598 3302 2702 3358 Hic
2749 3301 2898 3359 obiit
2944 3317 2980 3357 χ
3033 3301 3138 3359 Kal
3180 3303 3338 3360 Maii.
3401 3304 3506 3360 Hic
3553 3305 3870 3361 constituit

2207 3389 2326 3463 (Ep.
2359 3389 2414 3456 2,
2469 3392 2544 3447 ad
2582 3394 2744 3463 episc.
2802 3391 2997 3466 Italia?)
3044 3398 3108 3450 ut
3151 3393 3310 3450 nulla
3362 3393 3574 3450 mulier
3615 3400 3863 3464 sacrata,

2206 3481 2292 3537 vel
2330 3481 2623 3554 mouacha,
2652 3495 2814 3539 sacra
2835 3496 2966 3539 vasa
3005 3483 3091 3540 vel
3127 3489 3378 3540 sacratas
3407 3483 3595 3556 pallas
3622 3486 3868 3542 coutin—

2208 3576 2381 3643 geret,
2413 3585 2513 3628 nec
2541 3574 2834 3628 incensum
2881 3573 3034 3628 circa
3066 3571 3245 3628 altare
3275 3571 3544 3629 deferret.
3577 3574 3686 3630 Hic
3719 3575 3870 3631 ordi-

2208 3659 2366 3715 navit
2415 3658 2716 3729 episcopos
2773 3659 3057 3730 undecim,
3108 3659 3465 3731 presbyteros
3515 3662 3863 3734 octodecim,

2205 3749 2480 3806 diaconos
2510 3762 2729 3805 novem.

2563 3844 2566 3846 ’
2597 3835 2742 3891 XIV.
2771 3866 2846 3876 —
2872 3835 2928 3892 S.
2968 3836 3461 3895 ELEUTHERIUS.

2724 3922 2906 3996 (Anno
2963 3925 3166 3981 Christi
3213 3923 3355 3998 179.)

2275 4015 2666 4087 Eleutherius,
2720 4015 2949 4072 natione
2989 4014 3241 4087 Grzecus,
3287 4030 3358 4072 ex
3381 4021 3541 4086 patre
3569 4018 3861 4088 Abuudio,

2204 4105 2275 4162 de
2304 4104 2514 4176 Oppido
2539 4103 2823 4175 Nicopoli,
2856 4104 3006 4160 sedit
3045 4117 3227 4162 annos
3251 4106 3609 4178 quindecim,
3645 4123 3866 4166 menses

2207 4202 2341 4263 tres,
2365 4195 2490 4252 dies
2523 4195 2688 4252 duos.
2722 4193 2853 4250 Fuit
2893 4198 3081 4250 autem
3115 4195 3470 4266 temporibus
3499 4198 3786 4254 Antonini
3810 4204 3865 4254 et

2203 4284 2497 4342 Commodi
2541 4296 2725 4354 usque
2753 4282 2822 4338 ad
2857 4283 3154 4338 Paternum
3189 4290 3244 4340 et
3271 4285 3571 4342 Braduam.
3615 4288 3734 4356 Qui
3763 4301 3860 4344 ml

449 4377 658 4446 tonini,
689 4389 723 4432 a
748 4371 1052 4431 consulatu
1080 4369 1232 4428 Clari
1264 4377 1320 4426 et
1347 4370 1557 4426 Severi.
1591 4370 1700 4438 Qui
1722 4383 1754 4424 v
1787 4370 1922 4427 Idus
1949 4370 2092 4428 Julii
2125 4385 2182 4450 ι)
2210 4374 2443 4432 Kalend.
2491 4372 2650 4429 Junii
2693 4370 2859 4427 obiit.
2888 4371 2992 4426 Hic
3041 4373 3263 4442 accepit
3286 4374 3589 4444 epistolam
3616 4389 3650 4431 a
3683 4379 3861 4433 Lucio

446 4469 634 4526 factus
660 4471 748 4523 est
775 4463 845 4520 de
884 4463 1090 4520 medio.
1133 4461 1236 4515 Hic
1264 4459 1504 4514 ﬁrmiter
1546 4457 1792 4515 decretis
1823 4462 1947 4517 suis
1973 4466 2098 4518 sta—

451 4560 564 4616 tuit
589 4557 690 4628 (cp.
721 4553 776 4626 2,
808 4553 884 4608 ad
910 4549 1150 4623 Italicos)
1173 4554 1236 4606 ut
1256 4547 1466 4620 omnis,
1499 4549 1600 4619 qui
1643 4549 1854 4619 praedia
1879 4551 2098 4608 divinis

450 4648 654 4706 usibus
679 4644 890 4701 tradita
919 4643 1032 4698 Deo
1061 4636 1417 4708 subtrahere,
1444 4643 1501 4694 et
1529 4638 1656 4695 suis
1687 4640 1890 4698 usibus
1919 4641 2100 4713 appli-

450 4755 580 4802 care
610 4731 1059 4808 praesumpserit,
1092 4727 1406 4800 sacrilegus
1433 4728 1727 4803 habeatur,
1755 4739 1812 4790 et
1833 4739 1896 4791 ut
1925 4739 2100 4795 sacri-

451 4834 613 4905 legus
639 4823 835 4898 procul
866 4821 1044 4878 dubio
1086 4819 1381 4889 judicetur
1405 4817 1511 4890 (19,
1554 4837 1610 4892 q.
1642 4819 1696 4894 2,
1735 4840 1784 4880 c.
1819 4827 2090 4903 Praedia):

448 4935 550 4979 nec
581 4931 690 4974 non
720 4920 776 4971 et
803 4912 988 4979 illum,
1027 4909 1126 4981 qui
1151 4909 1470 4965 sacerdotes
1498 4911 1601 4966 Dei
1630 4911 1980 4988 insequitur,
2009 4931 2097 4974 sa-

443 5009 722 5079 crilegum
760 5015 884 5060 esse
911 4996 1018 5072 (17,
1050 5015 1109 5071 q.
1145 4996 1196 5068 4,
1229 5012 1277 5054 c.
1325 4999 1514 5071 Sicut).
1560 5004 1617 5056 et
1659 5007 1722 5057 ut
1747 5004 2088 5079 sacrilegum

441 5095 819 5172 judicandum
860 5105 982 5149 esse
1012 5089 1350 5147 conﬁrmat:
1394 5090 1532 5160 quia
1584 5104 1750 5147 omne
1778 5100 2087 5169 peccatum,

446 5188 597 5262 quod
621 5187 682 5242 in
702 5186 879 5240 Deum
905 5180 1308 5250 committitur,
1337 5180 1569 5252 gravius
1593 5186 1697 5252 est,
1732 5196 1902 5253 quam
1941 5183 2087 5244 illud

447 5277 596 5353 quod
630 5275 692 5333 ﬁt
715 5274 775 5330 in
817 5271 1124 5329 hominem.
1165 5269 1268 5325 Hic
1297 5270 1469 5326 etiam
1513 5269 1771 5328 instituit
1796 5270 1899 5343 (ep.
1937 5270 1989 5344 1,
2014 5275 2091 5330 ad

443 5381 624 5424 omnes
660 5364 864 5435 ﬁdeles.
894 5391 968 5402 —
1004 5360 1070 5414 de
1099 5360 1254 5414 Cons.
1310 5359 1448 5416 dist.
1474 5357 1527 5427 3,
1568 5373 1616 5415 c.
1666 5360 1833 5415 Nosse
1860 5362 1971 5434 vos)
2001 5367 2084 5428 ut,

2206 4464 2540 4520 Britannico
2573 4476 2722 4536 rege,
2751 4466 2816 4518 ut
2858 4461 3226 4518 Christianus
3254 4461 3570 4521 eﬁiceretur
3605 4479 3710 4536 per
3738 4469 3863 4537 ejus

2208 4554 2558 4611 mandatum.
2591 4553 2695 4607 Hic
2733 4552 3150 4608 constitutione
3177 4566 3280 4608 sua
3331 4556 3511 4624 (epist.
3551 4555 3633 4609 ad
3665 4555 3863 4612 Gallia

2203 4644 2535 4714 provincias,
2580 4656 2630 4698 c.
2691 4638 2739 4713 4)
2796 4641 3062 4713 ﬁrmavit,
3120 4642 3279 4700 nulla
3325 4647 3655 4701 communis
3709 4660 3857 4717 esca,

2207 4747 2333 4805 quae
2364 4730 2730 4789 rationabilis
2753 4735 2810 4787 et
2840 4730 3099 4788 humanae
3126 4737 3342 4788 naturae
3362 4746 3682 4806 congruere
3713 4738 3863 4794 vide

2207 4829 2439 4895 retur,a
2477 4820 2829 4877 Christianis
2871 4820 3305 4891 repudiaretur;
3355 4830 3412 4877 et
3437 4825 3702 4882 omnium
3729 4829 3860 4898 epi-

2203 4923 2506 4984 scoporum
2531 4909 2827 4967 deﬁnitiva
2847 4910 3153 4980 sententia,
3186 4924 3298 4966 non
3323 4911 3437 4967 nisi
3455 4913 3609 4982 apud
3645 4916 3853 4974 Roma-

2204 5017 2332 5062 nam
2377 5001 2566 5058 sedem
2619 4999 3025 5056 terminaretur
3071 4999 3251 5070 (ibid.,
3298 5014 3350 5055 c.
3391 4999 3445 5069 2,
3493 5002 3854 5074 reliquom

2201 5107 2332 5152 vero
2360 5091 2700 5147 clericorum
2731 5102 2934 5145 causas
2954 5088 3106 5158 apud
3136 5090 3657 5160 comprovinciales
3678 5096 3853 5152 etiam

2198 5184 2499 5256 episcopos
2535 5179 2695 5235 licito
2724 5178 3137 5235 terminandas.
3170 5177 3320 5235 idem
3362 5180 3682 5249 praedictus
3711 5199 3853 5255 papa

2196 5274 2268 5329 de
2305 5266 2772 5330 accusationibus
2813 5267 3213 5338 episcoporum
3252 5267 3404 5324 inter
3452 5276 3661 5328 cetera
3706 5273 3855 5328 dicit

2197 5363 2424 5435 {ibid.):
2471 5361 2626 5417 Nihil
2676 5360 2879 5428 absque
2918 5357 3154 5426 legitimo
3182 5362 3233 5412 et
3282 5358 3475 5413 idoneo
3537 5367 3854 5417 accusatore

446 5458 584 5532 quia
605 5453 925 5530 angelusin
955 5449 1423 5522 habilupastoris
1443 5449 1688 5506 ilermeti
1707 5449 1928 5508 doctori
1954 5453 2084 5511 ﬁdei
2194 5457 2313 5525 ﬁat.
2366 5456 2502 5511 Nam
2546 5456 2596 5506 et
2641 5450 2900 5505 Dominus
2947 5452 3128 5502 noster
3169 5449 3325 5503 Iesus
3363 5447 3616 5504 Christus
3649 5452 3852 5508 Judam

439 5552 499 5612 et,
531 5545 959 5615 Scripturarum
985 5553 1265 5611 apparens
1297 5536 1582 5609 praecepit,
1613 5537 1822 5596 Pascha
1846 5540 1942 5597 die
1970 5543 2118 5606 Do-,

2197 5546 2376 5614 furem
2401 5557 2512 5598 esse
2531 5539 2774 5606 sciebat;
2811 5535 2909 5594 sed
2954 5537 3088 5607 quia
3113 5549 3226 5594 non
3272 5541 3351 5592 est
3378 5544 3698 5604 accusatus,
3733 5540 3851 5598 ideo
