4046 6182
241 318 392 380 4465

1106 331 1364 391 PSEUDO
1415 319 1840 397 LunPRANDI
1885 342 2008 400 LIB.
2071 342 2162 401 DE
2219 343 2397 405 vms
2446 346 2594 406 nou
2631 350 2827 408 rom.

3513 361 3652 422 4466

238 461 354 559 non
377 446 718 559 est‘ejectus,‘
738 451 1092 559 etuquidquid
1132 457 1278 559 inter
1314 461 1576 559 apostolos
1618 461 1760 559 egit,
1792 481 1894 536 pro
1921 467 1978 528 A
2005 466 2158 525 clero
2179 469 2555 529 sintferendi.
2579 475 2895 534 Constituit
2914 481 3082 538 etiam
3101 481 3274 555 (epist.
3300 483 3355 557 2,
3384 489 3459 544 ad
3483 491 3647 559 episc-

233 535 516 604 dignitate
576 541 823 607 mysterii
864 547 1047 598 ratum
1098 549 1301 602 mansit
1349 550 1531 618 (ibid,
1594 567 1640 604 c.
1714 535 1896 627 3).!De

232 627 716 686 accusationibus
769 633 1339 703 comprovincialium
1372 640 1453 697 ita
1515 640 1727 714 legitur
1773 657 1896 700 esse

234 721 526 774 statutum
554 717 648 773 :Si
675 722 797 790 quis
819 737 982 792 super
1011 725 1341 794 quibuslibet
1370 731 1690 787 criminibus
1719 749 1897 803 quem-

233 805 370 860 libet
402 806 666 862 Clericum
694 809 1036 879 pulsandum
1079 816 1331 882 credidit,
1383 820 1441 873 in
1481 823 1790 891 provincia,
1836 823 1895 877 in

231 911 350 965 qua
390 899 637 952 consistit
679 900 770 954 ille
799 903 897 970 qui
917 904 1195 976 pulsatur,
1229 921 1358 962 suas
1402 915 1586 965 exerat
1614 909 1896 984 (exerceat)

230 988 500 1059 actiones,
542 1004 637 1043 nec
667 992 934 1046 existimet
962 994 1098 1048 alibi
1133 1011 1252 1050 eum
1281 998 1357 1052 ad
1382 999 1662 1067 judicium
1681 1006 1896 1072 pertra-

228 1074 498 1131 hendam.
544 1079 847 1135 Proditoris
879 1098 974 1138 nec
1001 1075 1298 1150 calumnia,
1335 1103 1431 1144 nec
1471 1105 1576 1144 eoa:
1602 1091 1889 1146 audiatur.

226 1163 339 1218 Hic
370 1166 662 1224 ordinavit
683 1170 980 1242 episcopos
1005 1173 1354 1252 quindecim,
1379 1178 1735 1251 presbyteros
1757 1180 1896 1239 duo.

225 1257 450 1330 decim,
483 1257 758 1316 diaconos
787 1265 933 1318 octo.

764 1348 884 1405 XV.
910 1382 978 1392 —
999 1353 1052 1408 S.
1089 1353 1359 1412 VICTOR.

762 1438 947 1509 (Anno
975 1441 1178 1499 Christi
1210 1443 1358 1516 494.)

299 1528 524 1598 Victor,
599 1528 829 1585 natione
888 1528 1042 1602 Afer,
1113 1547 1181 1589 ex
1241 1541 1399 1605 patre
1460 1535 1665 1608 Felice,
1737 1538 1888 1595 sedit

224 1630 418 1673 annos
449 1616 661 1688 decem,
699 1631 918 1675 menses
945 1620 1110 1692 duos,
1140 1621 1265 1678 dies
1294 1624 1505 1680 decem.
1541 1625 1673 1682 Fuit
1696 1632 1885 1684 autem

225 1705 594 1777 temporibus
621 1707 860 1764 Caesaris
905 1710 1149 1783 Augusti
1193 1712 1452 1784 Antonii,
1487 1715 1587 1786 qui
1628 1720 1683 1772 et
1707 1716 1888 1774 Verus

2002 558 2221 628 Egypt.
2245 590 2319 602 —
2343 561 2482 618 dist.
2513 561 2602 635 83,
2649 579 2698 620 c.
2735 564 3136 643 Ordinationes)
3168 580 3232 630 ut
3259 558 3654 642 ordinationes

2007 647 2462 739 presbyterorum
2512 657 2568 709 et
2610 655 2930 714 Levitarum
2976 673 3226 732 congruo
3276 669 3545 739 tempore,
3595 681 3651 731 et

2007 734 2206 793 multis
2225 737 2491 797 fidelibus
2513 756 2700 800 coram
2717 746 3042 805 astantibus
3061 748 3276 807 tierent.
3304 734 3408 812 Hic
3423 734 3649 818 ordina-

2126 827 2424 900 episc0pos
2464 833 2755 907 tredecim,
2797 837 3156 909 presbyteros
3185 847 3642 923 quatuordecim,

2002 911 2275 974 diaconos
2305 926 2537 992 septem.

2454 1012 2621 1068 XVII.
2653 1043 2725 1054 —
2750 1015 2802 1072 S.
2833 1014 3193 1077 CALIXTUS.

2534 1100 2713 1171 (Anno
2741 1104 2942 1160 Christi
2966 1105 3111 1182 224.)

2069 1181 2346 1280 Calixtus,
2377 1189 2606 1246 natione
2637 1192 2941 1266 Romanus,
2977 1210 3043 1252 ex
3082 1181 3238 1268 patre
3270 1201 3541 1280 Domitio,
3570 1208 3641 1266 de

2002 1271 2230 1344 regione
2254 1275 2778 1337 Urberavennarum
2804 1283 2954 1339 sedit
2981 1299 3161 1343 annos
3183 1291 3462 1366 quinque,
3496 1271 3645 1353 men-

1998 1373 2088 1416 ses
2117 1361 2282 1436 duos,
2319 1365 2444 1422 dies
2480 1367 2693 1425 decem.
2735 1371 2866 1427 Fuit
2904 1381 3092 1430 autem
3135 1361 3488 1448 temporibus
3518 1387 3644 1441 Ma-

1996 1449 2144 1505 crini
2173 1455 2229 1507 et
2253 1453 2627 1530 Heliogabali,
2649 1474 2683 1514 a
2703 1462 3007 1518 consulatu
3027 1464 3303 1524 Antonini
3327 1476 3382 1526 et
3406 1471 3648 1531 Alexan-

1996 1536 2106 1592 dri.
2129 1539 2233 1595 Hic
2259 1541 2330 1596 ab
2356 1543 2676 1603 Alexandro
2703 1548 3044 1618 imperatore
3066 1557 3338 1626 martyrio
3368 1573 3645 1618 consum-

1999 1633 2187 1723 matur
2221 1631 2406 1700 pridie
2445 1633 2576 1690 idus
2601 1636 2882 1694 Octobris.
2916 1640 3021 1696 Hic
3045 1645 3353 1702 constituit
3381 1646 3554 1719 (epist.
3588 1648 3637 1723 4,

1997 1716 2072 1768 ad
2113 1718 2312 1774 Bened.
2346 1721 2544 1796 episc.)
2575 1730 2638 1780 ut
2673 1727 2894 1796 jejunia
2923 1736 3171 1800 quatuor
3208 1716 3542 1806 Temporum
3570 1716 3643 1796 ab

223 1797 430 1852 dictus
460 1803 562 1866 est,
610 1810 642 1852 a
676 1798 980 1856 consulatu
1006 1800 1298 1858 Commodi
1337 1817 1392 1872 v,
1433 1809 1488 1860 et
1531 1805 1884 1876 Glabrionis,
1922 1814 1970 1874 Β
1999 1806 2268 1864 omnibus
2287 1809 2636 1869 Christianis
2655 1797 3096 1876 celebrarentur.
3122 1821 3226 1878 llic
3255 1797 3501 1883 decretis
3518 1829 3645 1886 suis

225 1899 418 1956 usque
448 1886 517 1941 ad
549 1886 886 1943 Lateranum
913 1893 970 1943 et
1000 1888 1291 1947 Ruﬁnum.
1334 1893 1437 1948 Hic
1483 1895 1758 1966 martyrio
1783 1909 1889 1953 co-

226 1979 477 2030 ronatur
504 1989 537 2029 v
571 1975 807 2032 Kalend.
851 1976 1120 2049 Augusti.
1155 1981 1256 2036 Hic
1288 1982 1594 2039 constituit
1622 1981 1795 2056 (epist.
1830 1983 1882 2056 4,

222 2065 302 2117 ad
329 2064 565 2134 Theoph.
592 2065 752 2121 Alea).
781 2097 855 2107 —-
879 2067 944 2121 de
967 2067 1132 2122 Cons.
1166 2069 1301 2125 dist.
1327 2070 1379 2133 3,
1408 2086 1457 2127 c.
1492 2072 1887 2146 Celebritatem)

224 2159 292 2209 ut
317 2153 536 2209 Pascha
564 2153 657 2209 die
688 2154 990 2212 Dominico
1021 2157 1422 2231 celebraretur,
1457 2159 1611 2217 sicut
1638 2167 1694 2218 et
1721 2164 1884 2234 prius

223 2241 459 2298 fecerat.
491 2243 808 2299 Constituit
837 2245 1011 2317 enim,
1041 2246 1089 2302 si
1123 2261 1368 2319 necesse,
1399 2249 1654 2319 periculo
1681 2253 1885 2310 mortis

222 2338 489 2403 urgente,
536 2330 732 2403 fuerit,
767 2347 1112 2405 quocunque
1142 2339 1411 2408 tempore,
1447 2353 1790 2411 quocunque
1823 2343 1881 2398 in

221 2421 376 2491 loco,
407 2421 695 2492 videlicet,
739 2422 825 2478 vel
871 2423 930 2478 in
963 2425 1128 2496 mari,
1170 2426 1255 2482 vel
1303 2427 1360 2482 in
1387 2427 1644 2496 ﬂumine,
1677 2435 1778 2486 aut
1821 2431 1881 2488 in

222 2507 510 2575 fontibus,
534 2511 848 2583 quemlibet
865 2512 1023 2569 licite
1045 2512 1346 2586 baptizari,
1376 2522 1597 2574 tantum
1621 2519 1679 2574 in
1704 2520 1882 2575 nomi-

224 2614 295 2655 ne
327 2606 536 2658 sanctaa
557 2607 613 2656 et
641 2602 955 2658 individua:
984 2603 1289 2661 Trinitatis
1323 2604 1436 2661 tiat.
1465 2609 1532 2663 Et
1559 2608 1662 2663 hoc
1693 2609 1880 2664 decre-

220 2689 332 2759 vit,
359 2693 422 2744 ut
445 2690 679 2754 incerta,
699 2692 924 2747 etiamsi
950 2705 1077 2747 vera
1100 2693 1237 2766 sint,
1266 2694 1599 2752 nullatenus
1620 2696 1881 2766 judicen-

220 2781 342 2847 tur,
367 2778 478 2834 nisi
501 2780 666 2850 prius
689 2779 1010 2836 manifestis
1036 2781 1276 2839 indiciis
1297 2785 1754 2856 comprobentur,
1780 2791 1881 2842 aut

222 2865 532 2924 manifesto
543 2868 768 2937 judicio
787 2869 1219 2942 convincantur,
1239 2872 1324 2927 vel
1338 2873 1658 2943 judiciario
1676 2875 1878 2931 ordine

223 2956 614 3028 publicentur.
660 2960 770 3015 Nec
801 2960 1053 3030 alicujus
1095 2961 1349 3033 episcopi
1382 2977 1610 3019 causam
1645 2965 1876 3020 deliniri

221 3046 401 3102 liceat
463 3048 713 3105 Romano
777 3050 1045 3120 pontiﬁce
1114 3051 1441 3108 inconsulto
1508 3051 1703 3126 (ibid).
1773 3054 1877 3110 l-lic

2001 1892 2363 1987 firmavit,qut
2395 1901 2616 1957 nullum
2653 1903 2931 1973 injustam
2958 1907 3245 1976 judicium
3283 1911 3388 1983 (44,
3425 1931 3459 1987 q
3505 1915 3561 1983 3,
3588 1933 3640 1974 c.

1997 1983 2288 2058 Injustum)
2317 1992 2372 2042 et
2391 1987 2664 2045 diﬂinitio
2692 1992 2748 2046 in
2767 1994 2944 2066 justa,
2971 1998 3119 2067 regis
3142 1983 3639 2076 metu,autjussu,

1997 2076 2099 2126 aut
2127 2075 2523 2148 cujuscunque
2557 2081 2825 2152 potentis,
2859 2096 2891 2138 a
2926 2084 3226 2153 judicibus
3257 2091 3518 2148 ordinata
3552 2075 3636 2150 vel

1996 2167 2120 2216 acta
2159 2161 2572 2222 ﬁrmitudinem
2618 2168 2892 2226 habeant:
2926 2175 3063 2243 quia
3102 2176 3248 2232 nulli
3284 2177 3558 2249 imperato
3596 2183 3636 2252 i,

1994 2253 2372 2324 autcuiquam
2394 2255 2659 2325 pietatem
2675 2261 3022 2318 custodienti
3047 2263 3419 2338 licetaliquid
3441 2277 3637 2327 contra

1991 2339 2189 2396 divina
2239 2343 2502 2400 mandata
2548 2361 2908 2416 praesumere.
2949 2351 3052 2406 Hic
3099 2356 3405 2412 constituit
3434 2356 3636 2430 (eadem

1992 2428 2176 2502 epist.)
2213 2434 2279 2486 ut
2331 2435 2751 2492 accusationem
2806 2438 3078 2496 adversus
3137 2428 3638 2504 doctoremﬁnemo

1992 2519 2294 2592 suscipiat,
2331 2535 2430 2577 nec
2460 2525 2752 2582 accusatio
2779 2524 2924 2583 facta
2957 2543 3054 2599 per
3079 2533 3357 2601 scriptum
3385 2537 3638 2607 recipia-

1991 2615 2088 2665 tur
2111 2607 2286 2679 (epist.
2328 2609 2381 2680 2,
2411 2613 2486 2666 ad
2514 2617 2674 2684 epise.
2712 2614 2946 2689 Galliae),
2983 2633 3082 2676 nec
3112 2621 3343 2678 absente
3371 2633 3638 2684 accusato

1991 2699 2388 2756 testimonium
2435 2702 2506 2758 de
2549 2717 2614 2759 eo
2644 2704 2910 2762 dicatur:
2946 2721 3046 2764 nec
3071 2710 3142 2765 de
3167 2711 3304 2767 aliis
3335 2715 3527 2771 causis
3551 2717 3636 2772 vel

1991 2788 2239 2859 negotiis
2287 2791 2680 2850 testimonium
2722 2794 2938 2865 dicant,
2981 2798 3095 2854 nisi
3130 2801 3200 2856 de
3242 2801 3334 2857 his
3374 2817 3499 2874 quae
3529 2805 3638 2860 sub

1991 2879 2292 2946 prmsentia
2313 2893 2510 2936 eorum
2537 2887 2661 2939 acta
2684 2897 2807 2940 esse
2830 2892 3165 2944 noscuntur.
3191 2891 3303 2945 Nec
3333 2898 3638 2950 accusato-

1989 2979 2078 3021 res
2107 2965 2180 3038 (2,
2213 2983 2266 3038 q.
2305 2967 2360 3039 8,
2392 2985 2442 3026 c.
2474 2971 2868 3028 Accusatorum
2896 2994 2912 3040 ;
2944 2973 3030 3047 44,
3057 2993 3110 3048 q.
3140 2977 3193 3050 2,
3228 2995 3275 3037 c.
3307 2983 3639 3038 Excommu-

1987 3059 2200 3112 nicatus
2232 3057 2324 3124 ;9,
2361 3075 2417 3130 q.
2452 3057 2506 3131 2,
2532 3075 2579 3116 c.
2614 3063 2815 3117 Nullus
2844 3066 3072 3120 alterius
3099 3086 3115 3130 ;
3143 3067 3194 3139 9,
3230 3086 3285 3141 q.
3317 3070 3370 3141 3,
3404 3089 3455 3130 ο.
3487 3075 3640 3132 Ναι-

217 3137 518 3193 ordinavit
568 3139 866 3210 episcopos
922 3139 1247 3213 duodecim,
1317 3141 1677 3214 presbyteros
1739 3149 1872 3215 tres,
1905 3139 1954 3202 C
1987 3146 2072 3200 lus
2111 3146 2338 3217 primas)
2386 3147 2471 3202 vel
2531 3154 2703 3205 testes
2747 3153 3023 3224 suspecti,
3069 3155 3153 3210 vel
3183 3137 3457 3218 infamiae
3505 3170 3636 3222 nota

211 3226 500 3283 diaconos
531 3234 761 3299 septem.

648 3319 773 3374 XVI
815 3349 885 3362 --
908 3317 962 3374 S.
997 3319 1441 3376 ZEPHERINUS.

753 3405 936 3480 (Anno
965 3407 1166 3464 Christi
1193 3407 1341 3482 203.)

288 3495 660 3568 Zepherinus,
692 3497 927 3553 natione
954 3498 1262 3568 Romanus,
1297 3513 1362 3556 ex
1397 3503 1555 3571 patre
1580 3498 1868 3574 Abundio,

212 3585 369 3641 sedit
393 3598 574 3642 annos
598 3586 930 3658 octodecim,
974 3601 1195 3645 menses
1220 3594 1455 3663 septem,
1492 3589 1617 3646 dies
1654 3589 1868 3646 decem.

209 3675 354 3731 Fuit
376 3681 564 3732 autem
601 3677 955 3748 temporibus
985 3679 1264 3735 Antonini
1292 3684 1348 3736 et
1375 3681 1590 3748 Severi,
1618 3695 1650 3736 a
1670 3693 1872 3736 consu-

209 3763 340 3820 latu
374 3765 671 3823 Saturnini
719 3771 773 3822 et
814 3767 1099 3824 Gallicani
1148 3783 1330 3840 usque
1356 3771 1423 3826 ad
1458 3775 1786 3840 praesentem
1814 3772 1869 3824 et

207 3854 531 3926 Strigatum
562 3857 844 3913 consules.
878 3857 986 3926 Qui
1014 3858 1162 3916 obiit
1191 3873 1246 3914 vi
1283 3859 1518 3916 Kalend.
1550 3858 1860 3931 Septembr.

206 3945 319 4000 Hic
362 3945 532 4001 etiam
582 3946 886 4002 constituit
921 3949 1099 4017 (epist.
1152 3946 1201 4020 4,
1245 3949 1322 4002 ad
1348 3951 1508 4019 episc.
1553 3948 1771 4021 Sicilia)
1806 3953 1869 4004 ut

207 4035 614 4106 episc0porum
640 4051 811 4093 causa
844 4050 955 4092 non
980 4039 1320 4094 terminetur
1348 4039 1563 4109 absque
1590 4045 1874 4112 praecepto

207 4125 457 4182 Romani
476 4124 795 4196 pontificis;
816 4139 916 4180 nec
935 4125 1223 4182 ullatenus
1240 4127 1864 4201 episcopusjudicetur,

210 4214 334 4270 nisi
375 4220 474 4270 aut
512 4215 632 4285 ipse
670 4228 729 4270 se
760 4229 915 4270 reum
947 4228 1071 4270 esse
1112 4217 1469 4286 confiteatur,
1499 4221 1600 4271 aut
1645 4217 1868 4272 idoneis

209 4302 485 4374 testibus,
517 4305 617 4375 qui
647 4317 756 4360 non
791 4305 911 4360 sint
933 4306 1126 4360 minus
1147 4319 1317 4376 quam
1342 4306 1704 4377 septuaginta
1727 4307 1842 4362 duo

211 4348 464 4360 ,νυ-.-.ω
561 4348 617 4360 ...
649 4348 756 4360 ην..
791 4348 911 4360 .,....
933 4348 1126 4360 ........υ
1148 4348 1317 4376 νη...
1342 4348 1704 4377 cerusa..."
1727 4348 1840 4362 ...ω

208 4348 606 4449 convincatur.
640 4394 956 4451 Constituit
993 4395 1164 4450 etiam
1212 4393 1282 4467 (2,
1327 4412 1378 4467 q.
1418 4394 1466 4465 4,
1500 4409 1550 4450 c.
1583 4348 1866 4452 Primates)

1981 3233 2199 3304 aspersi
2225 3235 2596 3308 recipiantur,
2637 3251 2738 3294 nec
2758 3243 3280 3302 excommunicatos
3309 3262 3337 3302 a
3363 3253 3636 3310 sacerdo-

1981 3321 2138 3378 tibus
2154 3327 2284 3378 ante
2304 3325 2608 3396 utriusque
2629 3328 3035 3398 partisjustam
3055 3335 3534 3395 examinationem
3553 3342 3634 3398 ul-

1980 3411 2073 3467 lus
2103 3413 2364 3483 recipiat,
2390 3428 2491 3470 nec
2527 3414 2691 3472 modo
2711 3416 2909 3488 aliquo
2929 3419 3015 3475 eis
3045 3425 3462 3497 communicet;
3489 3433 3545 3483 et
3569 3435 3631 3486 ut

1982 3514 2142 3557 nemo
2170 3500 2412 3558 alterius
2446 3504 2720 3560 terminos
2754 3513 3011 3580 usurpet,
3048 3524 3147 3566 nec
3186 3513 3428 3570 alterius
3455 3531 3632 3586 paro-

1979 3591 2250 3646 chianum
2287 3592 2551 3661 judicare
2588 3599 2689 3649 aut
2739 3599 3234 3658 excommunicare
3279 3613 3621 3674 praesumat:

1981 3679 2118 3750 quia
2141 3686 2549 3751 praesumptum
2579 3683 2812 3740 irritum
2835 3686 2965 3742 erit.
2987 3701 3089 3744 nec
3109 3690 3280 3746 etiam
3304 3696 3626 3766 metropoli-

1979 3771 2149 3822 tanus
2170 3768 2478 3825 dimcesani
2497 3771 2817 3844 ecclesiam,
2843 3773 2926 3829 vel
2954 3777 3381 3853 parochianum,
3403 3787 3503 3839 aut
3523 3785 3628 3841 ali-

1977 3857 2116 3928 quid
2144 3871 2210 3912 ex
2242 3859 2366 3928 ejus
2385 3859 2652 3928 parochia
2678 3865 3189 3938 excommunicare,
3229 3869 3312 3923 vel
3339 3870 3623 3944 judicare,

1978 3948 2272 4018 aliquidve
2310 3962 2476 4020 agere
2517 3957 2842 4022 praesumat,
2885 3953 3099 4025 absque
3127 3957 3253 4026 ejus
3283 3961 3529 4018 consilio
3568 3969 3624 4020 et

1972 4037 2198 4108 judicio
2226 4055 2238 4090 :
2271 4038 2408 4108 quia
2451 4045 2507 4093 et
2543 4041 2693 4109 quod
2729 4038 2946 4112 fecerit,
2983 4043 3219 4101 irritum
3253 4048 3383 4118 erit,
3413 4056 3469 4106 et
3501 4051 3621 4122 ipse

1978 4126 2190 4200 gradus
2218 4127 2309 4182 sui
2341 4127 2595 4197 periculo
2634 4128 2973 4198 subjacebit.
2997 4131 3314 4192 Constituit
3348 4139 3518 4196 etiam
3555 4147 3619 4198 ut

1975 4217 2278 4286 episcopus
2293 4214 2537 4286 quilibet
2566 4217 2819 4273 ambitus
2839 4232 3009 4275 causa
3035 4221 3104 4276 ab
3134 4223 3306 4281 aliam
3328 4227 3617 4287 civitatem

1979 4317 2089 4360 non
2141 4309 2554 4360 transmutetur
2593 4321 2604 4358 :
2642 4304 2737 4360 sed
2778 4305 2827 4360 si
2873 4305 2991 4361 ﬁeri
3025 4308 3210 4380 debet,
3251 4311 3347 4367 ﬁat
3395 4319 3617 4373 caeteris

1978 4391 2257 4449 fratribus
2285 4392 2685 4462 invitantibus,
2719 4399 2775 4448 et
2803 4393 3065 4451 Romana:
3083 4397 3348 4456 Ecclesiae
3368 4405 3615 4459 auctori-

210 4485 280 4540 ut
311 4482 598 4554 quispiam
641 4497 1016 4554 summorum,
1059 4484 1345 4540 minorum
1391 4484 1862 4542 accusationibus
1895 4501 1948 4563 ι)
1977 4487 2108 4553 tate,
2137 4487 2193 4538 et
2223 4482 2386 4538 illius
2410 4482 2696 4544 Ecclesiae,
2724 4481 2792 4537 ad
2822 4495 2989 4553 quam
3014 4487 3483 4546 transmutandus
3503 4497 3609 4561 est,

208 4586 330 4628 non
357 4571 690 4641 imperatur,
721 4586 820 4628 nec
855 4571 914 4627 in
937 4585 995 4627 re
1023 4571 1201 4629 dubia
1229 4577 1381 4628 certa
1402 4573 1699 4643 judicetur
1725 4587 1862 4630 sen—

204 4660 413 4730 tentia,
435 4675 534 4716 nec
557 4661 1061 4732 ullumjudicium,
1087 4661 1199 4717 nisi
1226 4662 1630 4719 ordinabiliter
1647 4660 1858 4719 factum

202 4754 492 4822 teneatur,
527 4765 625 4806 nec
646 4751 850 4806 absens
875 4751 1188 4820 judicetur,
1217 4766 1316 4807 nec
1342 4752 1595 4822 aliquem
1625 4758 1860 4808 senten-

203 4841 289 4895 tia
325 4840 440 4894 nisi
471 4853 502 4896 a
533 4854 638 4896 suo
661 4841 860 4910 judice
896 4839 1053 4896 dicta
1087 4840 1428 4912 confringat,
1475 4846 1530 4896 et
1559 4841 1858 4912 episcopos

201 4935 514 4984 accusatus
538 4930 862 5001 duodecim,
889 4930 938 4984 si
974 4943 1197 4986 necesse
1220 4929 1414 5002 fuerit,
1440 4931 1747 5000 episcopus
1768 4932 1860 5000 juo

198 5017 368 5073 dices
397 5017 570 5090 eligat
594 5018 663 5090 (3,
697 5035 751 5090 q.
795 5016 846 5090 4,
876 5034 924 5074 c.
967 5022 1305 5074 Detractores
1342 5039 1358 5086 ;
1389 5018 1444 5090 3,
1482 5037 1534 5091 q.
1574 5021 1630 5090 9,
1655 5036 1704 5075 c.
1729 5020 1859 5074 Ab—

197 5107 388 5176 sens):
437 5121 537 5162 nec
577 5109 738 5177 prius
785 5109 1077 5179 audiatur,
1147 5114 1247 5165 aut
1297 5111 1853 5183 excommunicetur,

197 5198 286 5252 vel
309 5196 624 5266 judicetur,
651 5212 818 5268 quam
843 5199 952 5269 ipsi
979 5211 1076 5268 per
1104 5212 1162 5254 se
1191 5199 1514 5270 eligantur;
1542 5205 1598 5255 et
1626 5199 1859 5272 regula-

202 5287 348 5342 riter
369 5292 606 5342 vocatus
625 5287 693 5342 ad
723 5303 958 5344 suorum
992 5289 1178 5359 primo
1199 5295 1535 5344 conventum
1565 5291 1856 5360 episcopo-

202 5391 331 5433 rum
355 5392 454 5448 per
474 5391 571 5434 eos
591 5379 714 5448 ejus
734 5393 906 5436 causa
937 5380 1143 5436 iterum
1179 5380 1453 5436 audiatur
1478 5377 1650 5454 [juste
1674 5381 1852 5454 aud.),

195 5473 252 5522 et
274 5466 704 5523 rationabiliter
734 5468 1107 5541 discutiatur,
1134 5483 1264 5526 cum
1295 5470 1364 5525 de
1395 5469 1640 5525 occultis
1675 5469 1853 5525 alieni

193 5557 392 5613 cordis
419 5570 530 5612 non
552 5563 760 5613 temere
783 5559 861 5612 sit
879 5558 1280 5628 judicandum,
1305 5565 1361 5614 et
1385 5559 1603 5629 injusta
1623 5559 1852 5628 judicia

195 5645 267 5700 ab
293 5644 568 5702 omnibus
596 5646 718 5701 sint
744 5646 1010 5718 cavenda,
1043 5652 1099 5703 et
1139 5641 1394 5718 episcOpi
1421 5660 1453 5703 a
1494 5648 1758 5718 plebibus
1798 5653 1853 5704 et

1975 4571 2245 4627 utilitate.
2285 4571 2560 4642 Prmcepit
2593 4572 2763 4627 etiam
2795 4569 2866 4642 (3,
2902 4587 2953 4644 q.
2990 4569 3040 4644 4,
3077 4586 3123 4629 c.
3163 4574 3615 4647 Consanguineo-

1968 4661 2109 4734 rum)
2129 4664 2191 4716 ut
2210 4661 2763 4731 consanguineorum
2783 4661 3213 4730 conjunctiones
3237 4663 3356 4720 fleri
3373 4671 3607 4730 omnino

1972 4749 2410 4820 prohibeantur:
2431 4749 2569 4818 quia
2586 4749 2727 4805 tales
2744 4749 2968 4805 nullum
2985 4749 3192 4807 habent
3215 4755 3437 4824 pondus
3455 4762 3610 4818 testi-

1971 4838 2168 4894 monii.
2201 4837 2568 4893 Contirmavit
2587 4837 2756 4892 etiam
2778 4837 2855 4909 (in
2875 4842 2980 4908 ﬁne
3011 4842 3166 4910 epist.
3189 4839 3260 4914 2),
3284 4850 3339 4900 et
3360 4847 3611 4908 saluber-

1970 4927 2132 4984 rimis
2149 4927 2424 4997 exemplis
2443 4926 2654 4981 divina:
2674 4927 2983 4997 Scripturaa
3012 4932 3265 4988 ostendit
3288 4938 3398 4992 tam
3427 4952 3613 4997 sacer-

1965 5016 2127 5072 dotes
2172 5015 2422 5085 Domini,
2466 5029 2632 5086 quam
2676 5015 2930 5086 reliquos
2973 5017 3167 5075 ﬁdeles
3206 5029 3331 5092 post
3371 5025 3606 5100 dignam

1967 5103 2414 5161 satisfactionem
2444 5118 2605 5174 posse
2632 5105 2884 5162 revocari
2921 5107 2989 5163 ad
3021 5110 3298 5178 pristinos
3333 5115 3596 5176 honores.

1967 5196 2066 5250 llic
2084 5195 2371 5250 ordinavit
2386 5195 2684 5266 episcopos
2701 5203 2845 5269 octo,
2865 5198 3224 5269 presbyteros
3244 5205 3594 5277 quindecim,

1963 5283 2237 5341 diaconos
2276 5291 2539 5357 quatuor.

2410 5375 2599 5431 XVIII.
2629 5407 2703 5417 -—
2739 5377 2795 5432 S.
2822 5378 3158 5436 URBANUS.

2496 5464 2677 5537 (Anno
2700 5466 2903 5522 Christi
2928 5467 3078 5541 226.)

2033 5556 2314 5628 Urbanus,
2364 5557 2592 5611 natione
2633 5558 2937 5618 Romanus,
2989 5569 3055 5612 ex
3102 5560 3258 5626 patre
3303 5557 3598 5630 Pontiano,

1957 5645 2105 5706 sedit
2132 5659 2312 5703 annos
2349 5659 2579 5702 novem:
2613 5659 2830 5700 menses
2853 5646 3064 5713 decem,
3107 5642 3233 5699 dies
3271 5644 3602 5703 duodecim.
