4046 6182
471 266 607 328 4467

1259 268 1552 326 APPEND.
1593 266 1688 324 AD
1720 267 1881 326 SEC.
1923 266 2020 324 IX.
2076 295 2150 308 —
2185 262 2544 324 AUCTORES
2579 267 2750 325 ANNI
2786 265 3081 325 INCERTI.

3743 265 3886 326 4468

466 397 600 453 Fuit
628 400 818 454 autem
845 394 1202 467 temporibus
1223 394 1560 451 consulatus
1586 392 1864 450 Antonini
1894 397 1951 448 et
1974 390 2206 454 Alc-tA
2231 390 2403 446 etiam
2436 391 2505 446 de
2532 404 2700 460 parva
2732 391 2976 462 quadam
3006 389 3241 447 civitate
3269 389 3588 460 apostolica
3619 391 3890 448 auctori-

464 487 692 543 xandri.
733 485 894 542 Obiit
922 499 1050 542 vero
1081 483 1373 541 confessor
1394 482 1747 554 temporibus
1768 479 2109 538 Diocletiani

460 589 563 631 vin
598 576 721 630 Kal.
747 575 926 632 Junii.
955 574 1056 630 llic
1078 573 1138 630 in
1168 573 1295 630 suis
1323 573 1570 629 decretis
1598 571 1898 628 confirmat
1929 568 2103 642 (epist.

467 663 518 734 4,
563 665 638 720 ad
666 679 845 720 omnes
871 663 1074 735 ﬁdeles)
1112 667 1178 718 ut
1209 661 1420 732 praedia
1459 667 1515 716 et
1549 674 1904 732 quacunque
1947 673 2036 716 res
2075 672 2108 714 a

467 753 733 811 fidelibus
763 752 1017 809 ecclesias
1043 751 1143 807 Dei
1173 750 1398 806 tradita:
1429 754 1582 822 sunt,
1612 763 1834 820 semper
1861 761 1984 804 esse
2002 747 2111 804 de-

464 843 634 899 beant
674 843 733 899 in
767 845 1042 912 potestate
1071 845 1128 896 et
1156 839 1541 911 dispositione
1581 839 2004 910 episcoporum,
2046 836 2107 892 in

467 945 710 1006 quorum
754 930 1023 1002 parochia
1067 929 1206 1000 ipsa:
1243 929 1496 986 ecclesiae
1525 933 1663 984 sunt
1691 929 1858 998 sitae;
1898 932 1956 983 et
1995 924 2108 997 ipsi

462 1021 717 1094 episcopi
743 1033 812 1076 ex
840 1019 985 1090 ipsis
1033 1017 1203 1074 rebus
1236 1016 1507 1074 omnibus
1545 1029 1898 1074 communem
1935 1014 2109 1070 vitam

464 1113 666 1183 degere
681 1108 1022 1179 volentibus,
1049 1112 1252 1163 cuncta
1277 1105 1594 1162 necessaria
1618 1105 1985 1174 ministrare;
2010 1116 2112 1158 nec

465 1199 778 1273 quidquam
811 1210 1006 1253 eorum
1035 1197 1093 1252 in
1121 1196 1269 1252 alios
1291 1210 1451 1266 usus,
1477 1208 1645 1266 quam
1668 1192 2108 1262 ecclesiasticos,

464 1294 790 1345 convertere
820 1285 1082 1355 debeant,
1129 1285 1265 1355 quia
1295 1289 1419 1339 vota
1455 1289 1583 1338 sunt
1605 1284 1869 1354 ﬁdelium,
1902 1287 1952 1336 et
1971 1297 2112 1352 pre-

465 1382 543 1433 tia
564 1383 928 1448 peccatorum,
960 1391 1023 1429 ac
1045 1376 1384 1446 patrimonia
1400 1389 1724 1444 pauperum.
1756 1374 1824 1428 Et
1849 1383 2113 1443 quaecun-

467 1482 578 1541 que
616 1467 674 1523 in
705 1466 854 1522 alios
885 1480 1046 1536 usus,
1078 1477 1244 1535 quam
1279 1464 1337 1519 in
1373 1463 1677 1534 praedictos
1701 1461 2106 1533 converterint,

467 1555 787 1614 necessario
817 1553 1108 1626 sacrilegii
1130 1553 1210 1630 rei
1243 1553 1518 1622 existunt,
1547 1556 1606 1608 et
1633 1552 1683 1608 si
1709 1565 1819 1609 non
1849 1565 2105 1623 corpore,

465 1647 658 1704 anima
694 1651 880 1701 tamen
915 1643 1126 1700 mortui
1158 1642 1390 1698 cadunt.
1422 1643 1491 1697 Et
1519 1642 1682 1698 sedes
1706 1641 2106 1712 episcoporum

2231 485 2344 534 tate
2376 485 2629 536 mutatus
2659 485 2746 536 est
2767 479 3168 536 Alexandriam
3202 497 3216 533 :
3242 479 3519 536 similiter
3538 485 3598 536 et
3627 479 3794 536 Felix
3821 481 3886 536 de

2227 567 2462 624 civitate
2478 581 2589 640 qua
2606 569 2911 626 ordinatus
2929 575 3070 640 erat,
3090 569 3368 626 electione
3385 569 3629 640 civium,
3652 576 3882 640 propter

2225 657 2546 713 doctrinam
2577 663 2634 714 et
2663 657 2867 714 bonam
2890 657 3064 713 vitam
3097 671 3264 729 quam
3296 657 3559 721 habebat,
3583 661 3878 715 communi

2227 746 2627 816 episcoporum
2646 751 2703 803 et
2729 746 3086 818 reliquorum
3113 746 3475 803 sacerdotum
3501 753 3610 802 aut
3630 747 3885 818 populo-

2227 849 2353 892 rum
2393 835 2642 892 consilio
2686 835 3001 891 translatus
3040 843 3126 891 est
3167 835 3475 906 Ephesum.
3507 836 3684 907 Quia,
3735 838 3888 894 sicut

2226 925 2481 996 episcopi
2507 924 2715 981 habent
2737 929 3068 996 potestatem
3095 925 3366 982 ordinare
3393 925 3885 998 regulariterepi-

2227 1028 2429 1085 scapos
2486 1020 2541 1071 et
2599 1013 2856 1086 reliquos
2898 1014 3240 1086 sacerdotes,
3287 1015 3372 1071 sic
3420 1015 3886 1087 quotiescunque

2230 1104 2458 1160 utilitas
2487 1108 2588 1160 aut
2619 1104 2929 1161 necessita;
2957 1104 3234 1175 exposcit,
3269 1105 3611 1174 supradicto
3638 1104 3811 1161 modo
3834 1112 3887 1162 et

2231 1200 2451 1249 mutare
2505 1198 2562 1249 et
2623 1193 3015 1250 inthronizare
3066 1199 3395 1263 potestatem
3465 1193 3704 1249 habent.
3767 1196 3883 1251 Non

2227 1283 2379 1338 enim
2423 1283 2493 1338 de
2533 1282 2740 1338 minori
2777 1283 2846 1339 ad
2888 1284 3154 1353 majorem
3186 1281 3477 1338 civitatem
3510 1282 3882 1354 transfertur,

2228 1372 2330 1443 qui
2371 1385 2482 1428 non
2509 1371 2751 1443 ambitu,
2787 1386 2887 1428 nec
2917 1372 3150 1444 propria
3181 1372 3495 1442 voluntate,
3525 1374 3629 1429 sed
3660 1380 3772 1430 aut
3799 1376 3886 1430 via

2230 1461 2461 1532 propria
2487 1461 2619 1518 sede
2640 1461 2864 1532 pulsus,
2881 1468 2983 1518 aut
3001 1463 3338 1519 necessitate
3353 1468 3613 1530 coactus,
3633 1468 3743 1520 aut
3765 1466 3889 1521 uti-

2227 1550 2390 1607 litate
2428 1551 2537 1608 loci
2571 1556 2627 1608 et
2657 1552 2876 1624 populi,
2911 1566 3022 1609 non
3053 1553 3316 1624 superbe,
3350 1553 3447 1609 sed
3478 1553 3794 1610 humiliter
3820 1555 3890 1611 ab

2224 1641 2361 1697 aliis
2391 1640 2737 1698 transfertur
2753 1647 2810 1699 et
2832 1641 3274 1699 inthronizatur.
3304 1642 3407 1698 Hic
3435 1643 3656 1699 eisdem
3684 1643 3890 1700 decre-

471 1739 597 1794 ideo
638 1737 698 1792 in
720 1734 981 1792 ecclesiis
1021 1733 1256 1790 excelsa:
1283 1733 1724 1790 constituuntur
1749 1730 1928 1806 (ibid)
1949 1739 2012 1790 ut
2039 1747 2108 1790 ex
2147 1734 2200 1797 Β
2229 1732 2306 1789 tis
2343 1731 2469 1788 suis
2515 1732 2764 1788 sancivit
2792 1731 3002 1801 (eadem
3031 1733 3236 1804 epist),
3280 1736 3344 1789 ut
3382 1732 3639 1804 quisque
3682 1733 3890 1790 inobe-

467 1829 574 1885 hoc
601 1825 855 1898 episcOpi
895 1822 1280 1894 praelationem
1329 1827 1500 1893 atque
1526 1826 1857 1892 potestatem
1890 1821 2109 1894 ligandi

464 1925 521 1974 et
545 1914 804 1972 solvendi
827 1912 1031 1968 habere
1051 1911 1473 1982 intelligantur,
1501 1917 1557 1967 et
1578 1923 1774 1968 omnes
1795 1910 1988 1967 fideles
2013 1925 2114 1982 per

466 2019 668 2062 manus
687 2005 761 2059 im
770 2002 1112 2074 positionem
1129 2001 1527 2071 episcOporum
1543 2000 1825 2070 Spiritum
1846 2006 2108 2057 sanctum

465 2099 589 2166 post
639 2093 988 2163 baptismum
1036 2089 1292 2160 accipere
1331 2089 1592 2160 debeant,
1635 2095 1700 2146 ut
1739 2089 1892 2160 pleni
1931 2089 2109 2145 Chri-

461 2185 637 2242 stiani
657 2182 1041 2239 inveniantur.
1059 2181 1160 2236 llic
1174 2179 1533 2236 Valerianum
1550 2179 1793 2236 Caecilia
1805 2193 2104 2254 sponsum,

462 2274 790 2345 multosque
819 2272 966 2328 alios
1004 2271 1073 2326 ad
1126 2269 1289 2326 fidem
1339 2269 1558 2326 Christi
1599 2271 1900 2341 convertit,
1949 2277 2006 2327 et
2033 2271 2104 2328 ad

462 2362 724 2435 martyrii
764 2362 1004 2432 palmam
1038 2359 1324 2431 perduxit.
1357 2359 1459 2415 Hic
1489 2360 1779 2416 ordinavit
1807 2360 2106 2433 episcopos

460 2459 609 2525 octo,
641 2451 1000 2524 presbyteros
1028 2449 1432 2519 novemdecim,
1464 2448 1738 2506 diaconos
1766 2454 2000 2521 septem.

894 2540 1049 2596 XIX.
1075 2569 1144 2579 —
1174 2538 1229 2594 S.
1262 2538 1665 2594 PONTIANUS.

977 2627 1166 2696 (Anno
1205 2627 1410 2681 Christi
1436 2624 1588 2698 233.)

529 2717 865 2787 Pontianus,
891 2716 1124 2772 natione
1152 2715 1462 2786 Romanus,
1488 2729 1557 2770 ex
1581 2719 1739 2785 patre
1762 2715 2100 2790 Calpurnio,

457 2809 611 2865 sedit
658 2821 839 2863 annos
886 2819 1106 2876 novem,
1159 2816 1379 2859 menses
1431 2804 1708 2874 quinque,
1758 2803 1884 2860 dies
1930 2805 2095 2863 duos.

455 2897 588 2954 Fuit
606 2902 794 2952 autem
823 2893 1179 2964 temporibus
1200 2891 1531 2963 Alexandri,
1562 2905 1596 2948 a
1618 2893 1924 2950 consulatu
1947 2895 2102 2950 Pom-

453 2985 644 3058 peiani
702 2989 758 3040 et
811 2981 1094 3039 Peliniani
1163 2977 1521 3055 [Pelagiani].
1577 2982 1783 3038 Eodem
1846 2986 2101 3054 tempore

2227 1823 2394 1879 diens
2413 1821 2708 1893 spirituali
2728 1821 3226 1878 animadversione
3248 1826 3575 1892 truncetur,
3595 1829 3652 1878 et
3669 1824 3886 1893 ejecta:

2227 1911 2297 1967 de
2337 1911 2578 1967 ecclesia
2613 1911 2813 1982 rapido
2846 1913 3167 1968 daemonum
3208 1925 3304 1968 ore
3331 1911 3661 1968 dilanietur
3690 1933 3704 1967 :
3735 1913 3890 1970 sicut

2227 1999 2364 2057 olim
2395 2000 2453 2056 in
2483 2002 2658 2057 veteri
2695 2001 2832 2074 lege,
2855 2002 3186 2073 quicunque
3211 2001 3617 2058 sacerdotibus
3637 2016 3754 2058 non
3781 2001 3889 2058 ob—

2225 2095 2613 2161 temperasset,
2649 2095 2749 2146 aut
2777 2097 2936 2146 extra
2961 2096 3149 2146 castra
3181 2091 3405 2162 positus
3450 2091 3830 2161 lapidabatur
3854 2105 3885 2147 ι

2225 2178 2456 2250 populo,
2482 2185 2584 2236 aut
2605 2179 2796 2252 gladio
2817 2180 3036 2236 cervice
3065 2179 3318 2251 subjecta
3348 2186 3752 2251 contemptum
3781 2195 3887 2238 ex-

2228 2267 2419 2338 piabat
2455 2283 2658 2327 cruore
2687 2269 2862 2341 (Deut.
2908 2272 3074 2342 χιιι),

2686 2359 2838 2416 ΧΧΙ.
2870 2361 3015 2415 -8.
3050 2359 3406 2418 FABIANUS.

2754 2447 2937 2521 (Anno
2974 2450 3178 2505 Christi
3201 2447 3329 2506 238.

2295 2536 2600 2609 Fabianus,
2627 2537 2859 2594 natione
2882 2541 3189 2610 Romanus,
3216 2553 3286 2595 ex
3316 2544 3478 2610 patre
3503 2539 3708 2611 Fabio,
3735 2541 3884 2597 sedit

2219 2637 2402 2681 annos
2431 2627 2726 2696 tredecim,
2756 2640 3002 2683 mensem
3033 2641 3233 2698 unum,
3267 2627 3392 2683 dies
3420 2629 3699 2684 undecim
3732 2648 3745 2683 :
3772 2628 3888 2686 fuit

2219 2720 2410 2771 autem
2442 2715 2797 2787 temporibus
2824 2716 3126 2772 Maximini
3171 2721 3226 2773 et
3252 2715 3537 2788 Africani,
3581 2732 3772 2790 usque
3815 2718 3884 2774 ad

2219 2804 2453 2861 Decium
2476 2805 2790 2861 secundum
2813 2805 3041 2873 etQuad
3053 2811 3260 2875 ratum,
3276 2805 3376 2876 qui
3399 2807 3688 2877 martyrio
3711 2822 3889 2864 coro—

2220 2897 2391 2949 natur
2424 2907 2518 2948 xrv
2549 2893 2784 2950 Kalend.
2827 2893 3148 2950 Februarii.
3193 2895 3296 2950 Hic
3322 2894 3624 2951 ordinavit
3647 2897 3889 2966 episco-

2220 2997 2322 3053 pos
2370 2983 2656 3055 undecim,
2721 2983 3079 3054 presbyteros
3126 2984 3332 3056 viginti
3381 2984 3553 3056 duos,
3601 2986 3890 3042 diaconos

453 3075 764 3148 praedictus
815 3070 1071 3144 pontifex
1123 3084 1253 3126 cum
1311 3069 1617 3142 Hippolyto
1668 3070 1998 3142 presbytero
2039 3072 2099 3128 in
2137 3063 2186 3127 C
2221 3077 2454 3142 septem.
2487 3072 2590 3128 Hic
2612 3077 2824 3144 septem
2855 3074 3132 3130 diaconos
3158 3073 3224 3129 "in
3255 3074 3403 3130 Urbe
3433 3076 3617 3131 Roma
3648 3077 3714 3132 in
3745 3091 3886 3147 sep-

448 3164 721 3221 exsilium
757 3165 844 3217 est
879 3161 1213 3230 deportatus
1235 3158 1306 3214 ab
1325 3158 1647 3215 Alexandro
1674 3159 1732 3216 in
1750 3161 2097 3232 Sardiniam,

452 3254 510 3309 in
534 3250 781 3309 insulam
801 3249 1095 3320 Bucinam,
1110 3249 1316 3304 Severo
1337 3245 1722 3316 etQuintiano
1734 3249 2096 3322 consulibus,

447 3346 504 3398 et
535 3343 594 3398 in
638 3341 830 3398 eadem
873 3338 1064 3394 insula
1096 3336 1362 3409 afflictus,
1396 3344 1450 3393 et
1477 3344 1796 3395 maceratus
1820 3337 2096 3410 fustibus,

446 3429 754 3488 defunctus
791 3433 878 3485 est
927 3441 990 3483 ιιι
1049 3427 1286 3483 Kalend.
1335 3427 1604 3483 Novemb.
1656 3428 1760 3483 Hic
1812 3429 1984 3484 etiam
2036 3427 2095 3484 in

446 3521 695 3578 decretis
745 3519 871 3574 suis
901 3517 1192 3574 mandavit
1236 3515 1412 3588 (epist.
1462 3513 1513 3585 4,
1559 3517 1634 3571 ad
1691 3517 1949 3590 Felicem),
1996 3531 2098 3574 sa-

448 3611 708 3668 cerdotes
751 3622 865 3665 non
912 3621 1037 3664 esse
1082 3607 1439 3663 accusandos
1481 3605 1554 3662 ab
1598 3606 1877 3677 inimicis,
1927 3613 2028 3664 aut
2063 3622 2096 3664 a

446 3699 761 3768 sceleratis,
788 3702 890 3753 aut
916 3695 1251 3752 hominibus
1270 3694 1514 3751 alterius
1535 3700 1701 3752 sectae
1739 3695 1824 3751 vel
1853 3695 2098 3768 religio—

447 3789 583 3845 nis:
633 3787 740 3855 vel,
777 3787 829 3842 si
871 3784 1017 3842 forte
1068 3783 1444 3854 peccaverint,
1478 3799 1511 3840 a
1551 3783 1796 3854 reliquis
1825 3786 2100 3843 sacerdo-

445 3876 606 3932 tibus
633 3874 978 3946 arguendos,
1011 3879 1068 3928 et
1086 3885 1118 3928 a
1143 3871 1387 3928 summis
1410 3871 1784 3942 pontiﬁcibus
1812 3875 2096 3932 constrin-

446 3963 660 4036 gendos
689 3975 812 4018 esse
850 3961 1138 4032 praecepit,
1193 3961 1271 4016 ita
1304 3965 1366 4016 ut
1401 3959 1562 4017 nullo
1590 3961 1756 4019 modo
1785 3975 1816 4018 a
1847 3963 2096 4020 saecula-

447 4052 630 4122 ribus,
671 4057 773 4108 aut
817 4050 977 4107 mala:
1003 4050 1132 4106 vitae
1163 4049 1498 4108 hominibus
1529 4059 1849 4124 arguantur
1876 4053 1962 4110 vel
1992 4067 2094 4110 ar—

445 4146 700 4198 ceantur.
754 4141 858 4197 Hic
899 4139 1192 4196 ordinavit
1234 4140 1534 4213 episcopos
1577 4147 1812 4214 septem,
1853 4142 2094 4215 presby-

447 4237 598 4288 teros
627 4245 746 4302 sex,
777 4229 1052 4288 diaconos
1085 4229 1344 4302 quinque

906 4319 1035 4376 XX.
1069 4349 1137 4360 —-
1160 4319 1217 4375 S.
1244 4319 1625 4376 ANTHERUS.

977 4409 1164 4480 (Anno
1191 4409 1393 4465 Chriin
1420 4404 1570 4480 237.)

514 4499 824 4573 Antherus,
854 4500 1087 4556 natione
1106 4500 1359 4566 Graecus,
1383 4511 1452 4553 ex
1479 4503 1638 4568 patre
1658 4497 1918 4569 Romulo,
1943 4499 2093 4558 sedit

471 4605 654 4648 annos
697 4590 1025 4659 duodecim,
1058 4599 1306 4642 mensem
1353 4599 1553 4655 unum,
1585 4587 1710 4644 dies
1743 4588 2086 4650 duodecim:

445 4678 560 4735 fuit
592 4684 781 4735 autem
829 4676 1185 4748 temporibus
1221 4675 1520 4732 Maximini
1561 4684 1617 4733 et
1652 4676 1909 4735 Africani
1940 4694 2085 4737 coss.

448 4770 548 4822 llic
573 4774 729 4837 gesta
750 4770 1059 4832 Martyrum
1095 4764 1404 4836 diligenter
1427 4779 1460 4822 a
1487 4767 1732 4822 notariis
1751 4768 2086 4843 exquisivit,

443 4865 497 4913 et
516 4856 573 4911 in
592 4855 830 4912 ecclesia
853 4854 1194 4912 recondidit.
1220 4855 1329 4924 Qui
1355 4871 1417 4911 ιιι
1439 4857 1628 4912 Nonas
1646 4858 1909 4914 Januarii
1931 4874 2090 4916 mar—

447 4945 597 5016 tyrio
641 4951 971 5002 coronatur.
1028 4945 1130 5001 Hic
1172 4945 1466 5002 ordinavit
1515 4944 1691 5017 (epist.
1743 4948 1820 5001 ad
1851 4951 2084 5020 episcop.

444 5034 672 5104 Baeticae)
716 5035 1045 5105 episcopum
1081 5048 1278 5090 unum.
1315 5036 1416 5091 ilic
1458 5037 1631 5094 etiam
1671 5041 1973 5097 consultus
2018 5041 2089 5098 de

444 5123 844 5194 episcoporum
903 5124 1219 5180 mutatione
1280 5120 1351 5196 (7,
1417 5140 1470 5197 q.
1530 5125 1581 5199 4,
1640 5143 1688 5184 c.
1740 5131 2090 5205 Mutationes)

446 5212 567 5269 fieri
604 5212 778 5268 licere
820 5213 878 5268 in
921 5213 1048 5268 suis
1089 5214 1337 5269 decretis
1377 5217 1674 5286 respondit
1704 5237 1718 5287 ;
1747 5233 1856 5275 non
1899 5223 2086 5278 tamen

442 5303 785 5374 cujusquam
810 5300 984 5357 libitu
1004 5301 1534 5369 autdominatione,
1549 5307 1644 5362 sed
1663 5311 1953 5365 communi
1976 5311 2086 5367 uti-

440 5393 604 5450 litate
619 5398 724 5450 aut
741 5391 1094 5462 necessitate,
1115 5392 1266 5447 sicut
1285 5394 1483 5450 Petrus
1497 5396 1884 5464 apostolorum
1918 5400 2089 5469 prin—

438 5498 570 5556 ceps
625 5484 698 5540 de
764 5481 1073 5538 Antiochia
1138 5483 1372 5538 Romam
1436 5483 1716 5542 utilitatis
1770 5501 1942 5546 causa
2001 5497 2089 5547 est

441 5573 776 5646 translatus,
814 5578 876 5632 ut
908 5571 990 5630 ibi
1024 5571 1155 5644 plus
1176 5571 1447 5644 proficere
1470 5580 1677 5645 posset.
1710 5577 1780 5634 Et
1804 5578 2087 5638 Eusebius

2221 3170 2328 3219 tem
2367 3163 2627 3234 regiones
2659 3163 2846 3233 ipsius
2886 3163 3049 3220 urbis
3089 3164 3313 3231 divisit,
3347 3165 3449 3235 qui
3481 3164 3553 3220 ad
3592 3180 3886 3238 peragen-

2217 3251 2353 3308 dum
2377 3250 2626 3308 ofﬁcium
2647 3253 2770 3308 illis
2797 3266 3114 3324 congruum
3137 3254 3292 3310 omni
3324 3254 3462 3310 hora
3489 3256 3689 3325 parati
3719 3257 3883 3312 inve—

2217 3341 2502 3398 nirentur.
2536 3342 2638 3398 Hic
2676 3341 2848 3398 etiam
2883 3347 3094 3412 septem
3136 3343 3522 3400 subdiaconos
3554 3345 3879 3414 ordinavit,

2217 3430 2318 3501 qui
2350 3435 2561 3501 septem
2595 3431 2842 3486 notariis
2873 3432 3258 3503 imminerent,
3285 3438 3342 3489 et
3365 3439 3525 3504 gesta
3553 3439 3878 3504 martyrum

2215 3519 2493 3575 veraciter
2521 3532 2586 3576 ex
2638 3520 3249 3594 integro-colligerent.
3298 3523 3481 3591 Hujus
3510 3523 3699 3579 etiam
3734 3529 3882 3578 tem-

2217 3621 2350 3677 pore
2386 3610 2636 3665 Novatus
2663 3608 2966 3666 haereticus
3002 3624 3072 3667 ex
3110 3609 3300 3667 Africa
3333 3611 3510 3681 venit,
3544 3613 3654 3682 qui
3690 3613 3881 3667 Nova-

2216 3696 2436 3752 tianum
2487 3702 2544 3752 et
2595 3698 2744 3755 alios
2790 3699 3066 3769 quosdam
3125 3701 3341 3757 Christi
3385 3699 3768 3759 confessores
3813 3702 3879 3757 de

2212 3784 2428 3842 Christi
2473 3786 2726 3844 Ecclesia
2766 3789 3071 3861 separavit,
3100 3795 3157 3846 et
3186 3789 3246 3846 in
3275 3791 3608 3847 doctrinam
3644 3805 3874 3864 pravam

2213 3875 2515 3931 convertit.

2285 3965 2387 4020 Hic
2419 3971 2649 4036 paterne
2681 3968 2925 4040 monuit,
2955 3972 3011 4024 et
3048 3969 3276 4027 decreto
3302 3969 3554 4041 salubri,
3590 3977 3651 4028 et
3682 3973 3879 4030 omni-

2213 4053 2322 4111 bus
2340 4055 2690 4113 Christianis
2708 4057 3042 4115 hominibus
3056 4060 3330 4116 servando
3344 4061 3606 4117 sancivit
3619 4063 3808 4134 (epist.
3829 4060 3874 4129 4,

2211 4145 2288 4199 ad
2337 4148 2751 4202 comministros.
2797 4177 2872 4187 —
2911 4147 2965 4218 6,
3008 4163 3064 4219 q.
3117 4147 3168 4219 4,
3210 4164 3258 4206 c.
3309 4149 3523 4222 Omnes)
3581 4159 3651 4207 ut
3681 4165 3876 4207 omnes

2214 4234 2325 4306 illi,
2349 4249 2478 4292 cum
2506 4236 2721 4308 quibus
2749 4237 3058 4307 Apostolus
3086 4238 3280 4296 cibum
3310 4253 3415 4296 nos
3445 4254 3689 4296 sumere
3733 4247 3878 4297 vetat

2208 4322 2258 4395 (Ι
2299 4325 2416 4380 Cor.
2469 4325 2544 4398 v),
2589 4339 2622 4382 a
2667 4326 3128 4384 Christianorum
3177 4329 3472 4386 consortio
3516 4331 3876 4402 sequestrati

2127 4419 2184 4483 Ι)
2215 4415 2444 4487 penitus
2475 4415 2811 4488 habeantur,
2847 4430 2946 4473 nec
2970 4417 3027 4473 in
3058 4417 3372 4488 cujuslibet
3401 4423 3459 4475 et
3489 4418 3770 4478 fidelium
3795 4436 3879 4477 ac-

2210 4505 2509 4562 cusatione
2527 4505 2816 4562 ullatenus
2845 4507 3264 4580 suscipiantur,
3291 4523 3476 4580 usque
3503 4510 3580 4566 ad
3610 4511 3876 4569 satisfac-

2210 4593 2445 4660 tionem,
2477 4593 2615 4651 dum
2646 4595 2820 4667 digne
2850 4596 3072 4653 venisse
3103 4611 3215 4654 non
3237 4598 3611 4656 dubitantur.

2279 4684 2381 4739 Hic
2405 4683 2576 4739 etiam
2606 4684 2664 4740 in
2685 4685 2932 4742 decretis
2956 4685 3352 4744 Orientalibus
3370 4689 3678 4760 episcOpis
3705 4690 3878 4748 desti-

2211 4773 2363 4829 natis
2389 4771 2565 4844 (epist.
2593 4771 2646 4846 2)
2679 4775 3096 4834 inviolabiliter
3119 4779 3460 4835 servandum
3488 4793 3621 4836 esse
3649 4795 3876 4851 prace-

2210 4863 2315 4934 pit,
2347 4871 2409 4920 ut
2437 4864 2691 4936 singulis
2713 4867 2882 4922 annis
2930 4880 3136 4923 novum
3169 4869 3424 4924 chrisma
3451 4869 3873 4942 conficeretur,

2206 4957 2443 5010 etvetus
2473 4954 2532 5008 in
2571 4955 2788 5010 sanctis
2811 4955 3074 5012 ecclesiis
3101 4963 3474 5029 cremaretur,
3509 4961 3682 5031 quia,
3721 4965 3876 5020 sicut

2209 5043 2397 5114 ipsius
2441 5043 2560 5100 diei
2605 5045 2938 5102 solemnitas
2985 5060 3084 5118 per
3103 5047 3367 5120 singulos
3402 5063 3592 5106 annos
3611 5058 3710 5109 est
3737 5054 3876 5111 cele-

2207 5131 2444 5201 branda,
2492 5133 2573 5190 ita
2614 5134 2802 5205 ipsius
2845 5136 3028 5192 sancti
3074 5137 3410 5194 chrismatis
3436 5137 3743 5200 confectio
3779 5159 3875 5215 per

2205 5222 2468 5294 singulos
2492 5237 2674 5281 annos
2701 5230 2788 5281 est
2816 5227 3050 5297 agenda,
3078 5233 3136 5283 et
3163 5227 3235 5283 de
3263 5242 3414 5284 anno
3440 5229 3498 5284 in
3535 5243 3772 5290 annum
3797 5248 3876 5291 re-

2205 5313 2481 5373 novanda,
2517 5319 2573 5368 et
2600 5313 2869 5372 fidelibus
2894 5316 3189 5387 tradenda,
3243 5317 3381 5388 quia
3411 5330 3626 5376 novum
3662 5335 3875 5379 sacra—

2204 5407 2452 5458 mentum
2493 5407 2597 5459 est.
2649 5404 2775 5459 llaec
2813 5405 3058 5475 apostoli
3099 5406 3444 5480 docuerunt,
3494 5408 3619 5466 hac
3661 5425 3867 5468 eorum

2196 5506 2556 5549 successores
2580 5498 2910 5566 tenuerunt,
2937 5501 2994 5552 et
3013 5510 3236 5568 semper
3283 5497 3530 5554 tenenda
3574 5514 3731 5568 esse,
3767 5503 3873 5559 tir-

2198 5581 2368 5640 miter
2397 5584 2825 5643 mandaverunt.
2859 5586 2963 5643 Hic
3005 5587 3064 5643 in
3103 5588 3317 5646 eisdem
3348 5589 3609 5647 decretis
3653 5592 3872 5649 statuit
