4046 6182
167 342 308 402 H69

1025 340 1286 397 PSEUDO
1324 322 1746 397 LUITPI‘ANDI
1782 336 1909 393 LIB.
1964 336 2054 393 DE
2112 338 2286 396 VITIS
2323 338 2490 396 ROM.
2543 341 2742 398 PONT.

3427 335 3565 398 H70

160 471 221 545 (3
248 488 301 543 q.
332 470 385 541 5,
420 485 468 527 c.
514 470 797 542 Suspectos
816 471 852 545 ),
908 474 962 526 et
992 469 1280 541 apostolos
1308 475 1621 538 eorumque
1673 476 1815 519 suc-
1840 467 1900 529 Α
1925 463 2143 522 laverit.
2168 468 2326 524 Tunc
2351 483 2481 526 vero
2500 470 2555 527 id
2579 471 2946 528 statuendum
2968 485 3109 543 esse,
3135 469 3285 544 quod
3308 469 3563 541 ejusdem

161 577 414 621 cessores
444 564 719 620 statuisse
760 563 1005 633 inducit,
1036 562 1440 620 universaliter
1468 558 1536 614 ad
1569 568 1815 611 accusa-

160 654 394 724 tionem,
432 653 489 708 id
535 658 641 716 est,
673 654 743 709 ad
776 652 1000 709 nullius
1019 651 1337 709 Christiani
1365 646 1620 707 hominis
1640 645 1810 703 eccle-

158 745 452 801 siasticam
482 744 925 815 accusationem,
965 743 1325 814 recipiendos
1346 755 1468 799 esse
1492 742 1806 808 suspectos,

155 839 259 891 aut
289 832 578 905 quoslibet
607 834 911 904 inimicos;
938 834 1024 890 vel
1057 834 1157 905 qui
1187 848 1298 890 non
1326 833 1444 889 sint
1472 831 1633 889 bonae
1664 846 1811 890 con-

156 924 519 993 versationis,
548 923 633 979 vel
666 938 911 995 quorum
943 924 1059 980 vita
1079 928 1165 979 est
1188 923 1555 994 accusabilis,
1586 923 1672 979 vel
1704 922 1805 995 qui

160 1016 212 1070 in
249 1019 401 1071 recta
429 1013 536 1069 ﬁde
563 1017 699 1069 sunt
737 1013 928 1085 dubii,
959 1018 1060 1070 aut
1106 1027 1351 1084 quorum
1402 1012 1561 1082 ﬁdes,
1593 1011 1710 1067 vita
1752 1015 1809 1067 et

159 1104 395 1160 libertas
453 1102 733 1173 noscitur,
791 1102 875 1159 vel
933 1103 1031 1173 qui
1083 1102 1333 1158 infamiae
1387 1100 1630 1157 maculis
1672 1104 1807 1157 sunt

153 1194 395 1265 aspersi,
424 1196 525 1249 aut
554 1192 867 1250 sceleribus
908 1192 1143 1249 irretiti.
1173 1193 1254 1249 Ad
1288 1191 1643 1249 sacerdotum
1675 1204 1806 1246 vero

154 1282 577 1340 accusationem
615 1282 807 1338 nullos
836 1281 1039 1337 debere
1080 1281 1167 1337 vel
1222 1296 1385 1352 posse
1437 1279 1616 1350 recipi
1661 1278 1808 1335 dicit

155 1370 242 1443 (2,
276 1389 330 1443 q.
352 1368 407 1443 7,
435 1385 483 1427 c.
519 1371 721 1443 Sicut),
761 1371 862 1443 qui
896 1372 1219 1428 sacerdotes
1244 1371 1366 1427 ﬁeri
1408 1383 1519 1427 non
1545 1372 1802 1439 possunt,

155 1469 257 1518 ant
288 1463 385 1533 qui
422 1476 531 1518 non
590 1469 724 1518 sunt
754 1461 869 1531 sui,
908 1462 962 1517 id
995 1466 1099 1531 est,
1135 1462 1491 1518 sacerdotum
1538 1458 1801 1515 ordinis:

155 1553 451 1623 quoniam,
487 1551 637 1607 sicut
669 1552 990 1607 sacerdotes
1037 1551 1121 1607 vel
1155 1549 1364 1620 reliqui
1395 1548 1593 1605 clerici
1638 1561 1669 1603 a
1695 1560 1809 1602 sa:—

154 1642 445 1699 cularium
502 1641 778 1697 laicorum
838 1641 1205 1697 accusatione
1248 1639 1669 1697 excluduntur:
1728 1636 1807 1692 ita

154 1731 246 1786 illi
277 1730 348 1787 ab
380 1731 622 1787 istorum
655 1734 791 1786 sunt
816 1729 1157 1786 excludendi
1189 1733 1244 1785 et
1272 1727 1563 1784 alienandi
1596 1726 1807 1783 crimi-

1923 555 2077 612 sedis
2108 558 2360 629 pontifex
2399 562 2684 618 statuerit.

2348 652 2525 711 XXII.
2554 658 2697 713 —S.
2732 653 3135 713 CORNELIUS.

2418 747 2609 818 (Anno
2656 749 2858 806 Christi
2901 743 3024 805 254.
3051 745 3068 819 )

1988 832 2312 908 Cornelius,
2350 838 2581 896 natione
2623 840 2931 910 Romanus,
2984 853 3051 895 ex
3107 839 3264 908 patre
3308 830 3561 898 Castino,

1920 922 2071 979 sedit
2098 938 2281 983 annos
2301 928 2464 998 duos,
2498 944 2719 987 menses
2743 931 2908 999 duos,
2940 930 3067 987 dies
3092 933 3226 985 tres.
3276 923 3380 979 Hic
3412 920 3560 987 ideo,

1919 1015 2056 1087 quia
2077 1015 2376 1086 epistolam
2395 1033 2427 1074 a
2449 1020 2508 1074 B.
2536 1020 2817 1092 Cypriane
2836 1017 3271 1091 Carthaginensi
3295 1014 3564 1085 episcopo

1918 1112 2227 1176 acceperat,
2265 1110 2431 1179 jussu
2460 1109 2618 1166 Decii
2659 1111 2845 1180 capite
2868 1110 3242 1165 detruncatur
3272 1120 3336 1161 IIl
3374 1106 3564 1159 Nonas

1916 1196 2131 1252 Martii.
2166 1198 2268 1254 Hic
2293 1199 2582 1256 ordinavit
2610 1200 2907 1270 episcopos
2935 1203 3169 1268 septem,
3206 1194 3564 1266 presbyteros

1919 1289 2187 1357 quatuor,
2224 1289 2498 1347 diaconos
2528 1295 2793 1362 quatuor.
2830 1289 2932 1344 Hic
2978 1291 3214 1358 rogatus
3236 1299 3269 1341 a
3315 1284 3560 1356 quadam

1920 1377 2196 1445 matrona,
2221 1378 2436 1434 Lucina
2460 1380 2707 1448 nomine,
2731 1388 2968 1448 c0rpora
2994 1375 3383 1446 apostolorum
3407 1370 3560 1427 Petri

1917 1465 1974 1516 et
2005 1464 2166 1520 Pauli
2194 1465 2265 1522 de
2284 1468 2637 1524 catacumbis
2662 1472 2833 1525 noctu
2857 1468 3094 1536 levavit;
3136 1470 3192 1522 et
3213 1465 3399 1536 primo
3421 1460 3563 1533 qui-

1919 1552 2046 1610 dem
2089 1569 2301 1626 corpus
2323 1558 2381 1611 B.
2412 1557 2574 1613 Pauli
2610 1557 2843 1613 silentio
2884 1556 3127 1612 levatum
3160 1560 3266 1622 est,
3299 1568 3364 1609 ac
3401 1552 3567 1624 posi—

1920 1647 2040 1701 tum
2071 1644 2129 1701 in
2165 1646 2379 1715 praedio
2410 1647 2694 1717 praedictae
2725 1650 3015 1714 matronae,
3058 1645 3151 1701 via
3184 1643 3461 1711 Ostiensi,
3492 1644 3561 1699 ad

1919 1731 2070 1790 latus
2092 1734 2192 1791 ubi
2229 1734 2545 1792 decollatus
2569 1741 2672 1792 est.
2700 1737 2896 1792 Postea
2925 1748 3057 1792 vero
3080 1748 3291 1805 corpus
3319 1734 3378 1787 B.
3410 1732 3563 1788 Petri

156 1821 407 1877 natione.
445 1822 512 1876 Et
538 1821 586 1876 si
623 1820 680 1876 in
718 1820 890 1876 rebus
928 1819 1302 1876 saacularibus
1327 1833 1495 1874 suum
1523 1818 1803 1888 cujusque
1831 1802 1884 1865 Β
1911 1824 2152 1895 accepit,
2178 1828 2234 1880 et
2263 1826 2636 1882 condecenter
2658 1827 2850 1896 posuit
2880 1825 3023 1883 illud
3048 1802 3214 1894 juxta
3240 1824 3428 1880 locum
3464 1822 3565 1879 ubi

149 1911 246 1979 jus
270 1914 325 1966 et
358 1909 629 1980 proprius
650 1910 789 1966 ordo
815 1914 1092 1977 servatur,
1124 1908 1303 1965 multo
1326 1907 1507 1979 magis
1544 1907 1602 1961 in
1633 1905 1804 1963 eccle-

154 1999 411 2055 siasticis
428 1998 914 2069 dispositionibus
926 2000 1024 2069 jus
1048 2002 1103 2055 et
1124 1998 1262 2055 ordo
1279 1997 1591 2055 servandus
1606 1999 1726 2066 est;
1747 1999 1805 2050 et

156 2087 314 2167 nulla
354 2086 521 2143 debet
559 2087 757 2144 induci
789 2086 1081 2144 confusio.

219 2179 358 2233 Item
389 2178 447 2232 in
470 2177 683 2233 eisdem
714 2177 1003 2248 priecepit,
1032 2191 1101 2232 ne
1138 2175 1295 2233 ullus
1321 2188 1572 2246 unquam
1596 2187 1805 2245 praesu-

154 2271 265 2322 mat
298 2272 600 2322 accusator
624 2266 798 2322 simul
830 2280 971 2337 esse,
997 2270 1052 2322 et
1076 2267 1252 2335 judex
1282 2265 1368 2321 vel
1400 2264 1597 2321 testis:
1651 2276 1803 2333 quo-

154 2356 308 2411 niam
344 2355 401 2410 in
435 2356 590 2410 omni
631 2355 876 2426 judicio,
924 2354 1170 2412 subaudi
1218 2353 1501 2425 synodali,
1554 2357 1802 2424 quatuor

155 2459 426 2515 personas
453 2459 680 2501 necesse
720 2450 805 2502 est
849 2459 1071 2516 semper
1117 2445 1333 2513 adesse,
1371 2444 1429 2501 id
1460 2448 1548 2501 est
1594 2444 1804 2500 electos

147 2536 395 2605 judices,
431 2540 813 2598 accusatores,
844 2534 1172 2592 defensores
1202 2539 1258 2591 et
1286 2538 1476 2591 testes.

225 2627 358 2680 Item
382 2624 610 2693 statuit,
638 2637 706 2679 ne
736 2638 867 2680 oves
898 2638 1065 2681 suum
1091 2628 1370 2694 pastorem
1395 2622 1805 2693 reprehendere

151 2714 419 2783 audeant,
447 2714 559 2769 nisi
590 2714 712 2784 ipse
752 2714 810 2769 in
850 2713 961 2770 ﬁde
988 2714 1283 2770 erraverit.
1329 2713 1387 2769 Si
1432 2725 1564 2769 vero
1597 2712 1654 2767 in
1695 2711 1805 2767 ﬁde

151 2802 450 2871 erraverit,
483 2802 992 2874 eritcorrigendus
1027 2803 1190 2873 prius
1221 2807 1432 2859 secrete
1457 2816 1488 2857 a
1514 2800 1798 2858 subditis:

152 2892 204 2947 si
231 2897 418 2947 autem
444 2891 865 2963 incorrigibilis
881 2892 1232 2962 apparuerit,
1257 2897 1393 2947 tunc
1410 2891 1520 2947 erit
1537 2903 1807 2946 accusan-

150 2980 266 3036 dus
297 2980 445 3049 apud
472 2980 742 3050 primates
769 2995 905 3038 suos
931 2985 1032 3037 aut
1059 2983 1127 3037 ad
1174 2982 1359 3037 sedem
1393 2979 1793 3051 apostolicam.

1913 1912 2228 1969 cruciﬁxus
2246 1919 2351 1983 est,
2384 1914 2534 1970 inter
2551 1928 2790 1983 corpora
2815 1919 3142 1970 sanctorum
3165 1912 3562 1981 episcoporum

1916 2001 1977 2057 in
2008 2003 2217 2073 templo
2245 2002 2537 2073 Apollinis
2565 2003 2623 2059 in
2652 2008 2840 2060 monte
2869 2016 3043 2059 aureo
3077 2002 3136 2057 in
3169 2000 3440 2057 Vaticano
3471 2013 3563 2069 pa-

1915 2089 2043 2146 latii
2078 2093 2389 2148 Neroniani
2435 2107 2499 2149 Ill
2537 2092 2773 2149 Kalend.
2831 2092 2993 2148 Julii.
3049 2092 3201 2147 Idem
3251 2089 3563 2160 pra‘dictus

1915 2193 2059 2249 papa
2082 2184 2139 2235 et
2173 2184 2405 2251 martyr,
2443 2181 2503 2237 in
2547 2180 2789 2252 epistola
2815 2194 2983 2252 quam
3035 2178 3183 2236 Rufo
3226 2177 3561 2249 coepiscopo

1912 2269 2213 2326 consultus
2248 2270 2409 2326 misit
2437 2268 2609 2341 (epist
2634 2269 2720 2343 2),
2754 2272 2920 2341 juxta
2958 2260 3300 2340 praeceptum
3332 2265 3559 2324 Domini

1915 2357 1975 2413 in
1999 2359 2322 2431 Evangelio,
2349 2365 2407 2415 et
2434 2359 2627 2416 Jacobi
2675 2359 2919 2430 apostoli
2953 2359 3013 2415 in
3062 2373 3165 2415 sua
3213 2357 3477 2428 epistola,
3504 2361 3560 2413 et

1913 2447 2169 2504 omnium
2215 2448 2623 2519 apostolorum,
2648 2454 2703 2506 et
2718 2463 2952 2505 suorum
2984 2454 3406 2509 antecessorum
3427 2460 3561 2516 prae-

1913 2543 2075 2607 cepta
2100 2551 2363 2609 sequens,
2396 2543 2453 2593 et
2488 2539 2620 2608 jure
2665 2538 3042 2608 conﬁrmans;
3090 2537 3321 2593 incauta
3364 2548 3563 2591 sacra-

1917 2630 2104 2681 menta
2136 2638 2167 2681 a
2194 2626 2589 2682 sacerdotibus
2632 2625 2753 2681 ﬁeri
2796 2626 3027 2696 penitus
3065 2630 3234 2692 vetat,
3265 2623 3402 2695 quia
3431 2626 3562 2678 ante

1916 2728 2083 2771 suum
2113 2718 2336 2784 tempus
2373 2729 2406 2771 a
2436 2715 2679 2772 summis
2717 2714 3113 2772 sacerdotibus
3142 2713 3285 2769 vela
3318 2712 3561 2783 reliquis

1917 2808 2271 2861 sacramenta
2302 2818 2413 2861 non
2446 2818 2568 2861 esse
2614 2810 2809 2860 exacta
2848 2803 2933 2860 vel
2981 2802 3258 2870 exhibita,
3311 2801 3426 2858 nisi
3462 2814 3560 2871 pro

1917 2892 2026 2949 ﬁde
2047 2898 2197 2950 recta
2229 2899 2490 2951 testatur.
2520 2896 2658 2950 Item
2686 2894 2747 2950 in
2800 2894 2993 2950 eadem
3025 2890 3113 2964 (2,
3146 2907 3201 2963 q.
3249 2888 3301 2960 4,
3358 2905 3405 2947 c.
3449 2891 3559 2947 Nos

1914 2987 2255 3049 sanctorum;
2305 2988 2440 3038 etc.
2490 2984 2600 3039 Nos
2652 2981 3103 3052 sacramentum),
3146 2980 3300 3037 sicut
3349 2984 3406 3035 et
3457 2978 3560 3035 alii

152 3070 262 3124 Pro
289 3069 513 3126 caeteris
542 3084 673 3127 vero
698 3071 926 3128 actibus
956 3069 1080 3127 suis
1124 3070 1307 3143 magis
1345 3074 1428 3126 est
1471 3067 1805 3125 tolerandus
1838 3132 1880 3143 Α
1913 3076 2300 3127 antecessores
2329 3070 2420 3127 sui
2463 3068 2731 3133 fecerant,
2786 3070 3197 3141 providendum
3229 3082 3351 3124 esse
3401 3067 3564 3123 aﬁir—

147 3173 183 3215 a
232 3158 506 3232 subditis,
566 3174 735 3231 quam
792 3160 1022 3232 publice
1068 3132 1431 3231 derogandus
1482 3162 1584 3215 aut
1624 3172 1804 3215 accu-
1834 3132 1881 3193 C
1916 3167 2050 3231 mat,
2085 3174 2153 3215 ne
2178 3172 2309 3216 oves
2330 3173 2499 3216 suum
2529 3132 2835 3230 pastorem,
2868 3158 2983 3214 nisi
3016 3172 3049 3214 a
3081 3157 3189 3213 ﬁde
3212 3156 3565 3213 exorbitave-

150 3249 294 3306 sand
305 3264 389 3306 us.

224 3340 361 3394 Item
388 3339 447 3394 in
472 3338 587 3395 alia
607 3339 878 3396 decretali
901 3338 1145 3409 epistola
1166 3336 1350 3410 (epist.
1375 3335 1460 3410 3),
1486 3350 1655 3409 quam
1681 3337 1803 3409 ipse

151 3427 469 3497 praedictus
522 3442 663 3499 papa
694 3428 917 3484 Hilario
966 3428 1234 3498 episcopo
1293 3427 1474 3491 misit,
1530 3426 1679 3483 idem
1732 3426 1803 3482 de

148 3517 514 3573 sacerdotum
562 3522 619 3573 et
666 3518 946 3588 majorum
1000 3520 1139 3574 natu
1168 3517 1535 3574 accusatione
1572 3514 1799 3587 statuit,

149 3605 305 3677 quod
330 3611 383 3661 et
418 3606 476 3661 in
505 3606 606 3662 illa
627 3610 926 3678 statuerat,
959 3620 1128 3678 quam
1159 3605 1553 3663 Orientalibus
1573 3605 1804 3675 episco-

150 3694 247 3764 pis
283 3695 615 3750 destinavit.
664 3697 902 3766 Insuper
934 3696 1232 3768 peregrina
1274 3695 1520 3766 judicia,
1554 3693 1709 3750 salva
1742 3693 1800 3749 in

146 3783 425 3841 omnibus
449 3785 762 3855 apostolica
814 3786 1178 3855 auctoritate,
1212 3785 1462 3857 generali
1508 3784 1804 3841 sanctione

149 3872 488 3942 prohibuit;
513 3878 568 3929 et
590 3874 669 3930 ita
690 3874 1099 3953 ordinabiliter
1126 3874 1185 3930 in
1204 3874 1602 3944 episcoporum
1626 3887 1803 3929 accu-

145 3961 377 4017 satione
419 3962 510 4034 agi
562 3963 832 4034 decrevit,
887 3968 949 4020 ut
993 3963 1299 4034 episcOpus
1333 3961 1579 4033 quilibet
1633 3975 1805 4033 super

145 4050 331 4105 certis
360 4051 708 4107 criminibus
744 4057 1048 4109 accusatus
1080 4051 1459 4121 provinciales
1506 4050 1805 4121 episcopos

143 4137 365 4194 electos
392 4138 592 4195 debeat
615 4140 820 4196 habere
859 4141 1106 4210 judices,
1141 4153 1173 4195 a
1208 4140 1422 4211 quibus
1446 4139 1715 4196 omnibus
1744 4140 1801 4195 in

146 4226 280 4296 ipsa
314 4228 607 4297 provincia
635 4228 939 4286 audiatur:
989 4230 1127 4299 quia
1172 4242 1282 4284 non
1315 4228 1481 4299 alibi,
1528 4242 1698 4299 quam
1742 4228 1801 4282 in

142 4313 279 4371 foro
308 4330 413 4372 suo
443 4324 665 4387 Oportet
682 4323 1013 4374 accusatum
1048 4318 1266 4386 audiri,
1295 4323 1369 4387 et,
1397 4318 1445 4374 si
1481 4317 1564 4373 ibi
1592 4316 1800 4372 adver-

139 4419 280 4460 sum
303 4404 418 4460 sibi
438 4407 680 4463 senserit
695 4407 969 4476 judicem,
996 4407 1503 4477 metropolitanum
1532 4406 1801 4463 videlicet

136 4500 255 4550 aut
303 4495 631 4564 primatum,
683 4495 921 4552 licenter
948 4495 1163 4567 absque
1217 4496 1334 4552 ulla
1364 4495 1691 4563 aﬁlictione,
1743 4497 1871 4557 etD

140 4584 456 4651 injuriosa:
470 4585 820 4641 detentionis
839 4587 1099 4642 custodia
1122 4600 1311 4642 vocem
1329 4585 1801 4656 appellationiset

137 4670 509 4728 defensionis
538 4672 757 4729 habeat.
804 4676 939 4730 Item
966 4674 1173 4731 statuit
1197 4672 1285 4745 (3,
1317 4691 1369 4746 q.
1401 4673 1453 4746 6,
1478 4689 1527 4731 c.
1558 4674 1584 4743 (
1592 4675 1654 4729 Si
1676 4677 1799 4744 quis

134 4762 474 4830 cpiscopus)
503 4768 565 4817 ut
595 4762 861 4833 quilibet,
896 4763 1008 4819 nisi
1037 4769 1169 4819 ante
1200 4778 1366 4819 suum
1394 4763 1647 4833 judicem
1682 4763 1801 4834 pul-

133 4856 338 4919 satus,
370 4849 420 4905 si
465 4851 731 4916 voluerit,
766 4857 977 4917 taceat;
1034 4857 1090 4909 et
1136 4857 1199 4909 ut
1253 4852 1517 4923 pulsatis,
1574 4852 1801 4923 quoties

132 4938 589 5010 appellaverint,
651 4940 901 4997 induciae
968 4941 1200 4997 dentur.
1266 4940 1349 4997 Ad
1415 4940 1532 4997 haac
1597 4941 1805 4997 statuit

133 5030 167 5095 (
184 5026 237 5098 4,
266 5044 323 5098 q.
352 5025 407 5097 6,
424 5041 471 5083 c.
502 5028 563 5083 Si
583 5031 704 5099 quis
714 5029 958 5098 judicem
962 5030 989 5100 )
1011 5030 1226 5085 crimen
1242 5029 1539 5102 quodlibet
1564 5030 1808 5088 cuilibet

137 5122 367 5172 temere
395 5130 463 5172 ex
491 5117 576 5173 ira
626 5118 910 5189 objectum
970 5133 1083 5175 non
1128 5133 1251 5175 esse
1308 5133 1408 5189 pro
1437 5121 1841 5177 accusatione

140 5205 522 5277 habendum;
553 5211 695 5263 etut
733 5205 826 5279 (3,
873 5223 924 5280 q.
953 5205 1008 5279 7,
1054 5223 1102 5265 c.
1138 5208 1431 5280 Pulsatus)
1473 5209 1805 5281 quicunque

133 5296 582 5352 accusationem
615 5311 713 5368 per
757 5297 1107 5367 scripturam
1153 5311 1212 5354 se
1264 5297 1637 5369 probaturum
1684 5313 1807 5355 esse

134 5382 423 5455 fateatur,
473 5391 529 5441 et
562 5400 673 5442 non
706 5386 1030 5456 probaverit
1073 5387 1225 5458 quod
1282 5386 1512 5459 objecit,
1560 5402 1802 5459 pmnam,

133 5488 327 5545 quam
359 5473 581 5545 intulit,
614 5475 885 5545 patiatur.
926 5475 1193 5532 Probatio
1223 5481 1411 5531 autem
1442 5482 1495 5532 et
1527 5490 1699 5533 causa
1724 5477 1802 5535 ibi

131 5578 379 5635 semper
393 5571 617 5637 agatur,
641 5564 739 5621 ubi
762 5565 978 5621 crimen
1018 5566 1347 5623 admittitur
1367 5562 1455 5637 (3,
1480 5583 1534 5638 q.
1559 5566 1611 5637 6,
1635 5580 1684 5621 c.
1705 5568 1809 5633 Qui

132 5653 411 5728 crimen),
445 5655 561 5712 nisi
590 5654 641 5712 si
668 5655 974 5727 episcopus
998 5655 1370 5727 apostolicam
1394 5656 1580 5713 sedem
1600 5657 1805 5728 appel—

1916 3249 2014 3320 rit,
2070 3248 2481 3319 reprehendere
2528 3254 2629 3305 aut
2678 3262 2948 3305 accusare
3001 3250 3377 3317 praesumant;
3421 3244 3559 3315 quia

1914 3338 2057 3395 tales
2080 3338 2476 3394 accusationes
2521 3338 2631 3393 vim
2664 3351 2776 3393 non
2822 3337 3051 3407 habent,
3093 3348 3275 3404 neque
3306 3333 3561 3404 pastori—

1913 3428 2023 3484 bus
2054 3441 2256 3485 nocere
2283 3432 2541 3498 possunt.
2568 3430 2704 3484 Item
2737 3425 2999 3497 prohibet
3026 3438 3095 3480 ne
3120 3424 3279 3480 ullus
3302 3422 3562 3478 sacerdo-

1913 3522 2032 3574 tum
2064 3531 2293 3575 causam
2340 3531 2502 3574 suam
2548 3517 2737 3573 alieno
2794 3515 3116 3572 committat
3149 3512 3412 3584 judicio;
3460 3511 3555 3567 sed

1913 3620 2135 3677 semper
2178 3606 2382 3663 habeat
2428 3605 2959 3677 comprovmciales,
3009 3610 3066 3660 et
3102 3606 3272 3659 notos
3308 3601 3555 3672 judices,

1913 3696 2029 3752 nisi
2059 3695 2184 3752 illic
2211 3696 2325 3753 vim
2350 3696 2665 3753 temerariae
2701 3693 3100 3751 multitudinis
3147 3691 3427 3759 timuerit,
3460 3694 3563 3746 aut

1916 3784 2155 3842 infestos
2174 3786 2259 3843 vel
2282 3792 2576 3858 suspectos
2591 3786 2817 3856 judices
2844 3782 3130 3840 habuerit.
3151 3784 3260 3837 Pro
3283 3780 3376 3836 his
3404 3778 3558 3835 enim

1912 3875 2106 3931 causis
2122 3876 2191 3931 ad
2217 3877 2451 3945 majoris
2462 3875 2828 3933 auctoritatis
2848 3874 3096 3946 judices,
3115 3876 3171 3928 et
3186 3871 3255 3926 ad
3273 3869 3420 3924 alias
3439 3882 3561 3939 pro-

1912 3964 2135 4020 vincias
2172 3965 2462 4034 appellare
2507 3969 2564 4020 et
2588 3964 2783 4020 venire
2824 3975 3154 4021 concessum
3187 3964 3290 4016 est.
3326 3961 3464 4015 Item
3497 3958 3558 4013 in

1914 4054 2107 4110 eadem
2162 4052 2407 4109 alﬁrmat
2451 4053 2479 4122 (
2489 4050 2541 4121 3,
2590 4068 2643 4122 q.
2678 4053 2731 4123 6,
2782 4067 2831 4109 c.
2868 4049 3099 4120 Omnia)
3144 4048 3387 4107 omnino
3432 4060 3557 4103 esse

1914 4155 2092 4198 vacua
2117 4142 2310 4197 omnia
2343 4141 2463 4209 illa,
2496 4155 2619 4212 quae
2642 4140 2700 4195 in
2738 4141 2894 4197 omni
2918 4139 3145 4212 negotio
3170 4142 3272 4193 aut
3297 4136 3422 4192 loco
3448 4134 3560 4190 ad—

1914 4245 2111 4287 versus
2147 4229 2409 4285 absentes
2450 4233 2702 4301 aguntur
2746 4233 2847 4284 aut
2872 4228 3231 4297 judicantur,
3283 4222 3557 4295 quoniam

1912 4319 2198 4375 absentem
2244 4318 2443 4375 nullus
2493 4316 2712 4372 abdicit
2774 4312 3085 4389 [addicit],
3135 4327 3237 4370 nec
3297 4312 3415 4369 ulla
3466 4310 3555 4365 lex

1911 4409 2161 4464 damnat.

2406 4496 2608 4552 XXIII.
2639 4495 2778 4551 —S.
2801 4492 3055 4549 LUCIUS.

2405 4584 2420 4656 (
2446 4586 2609 4640 Anno
2648 4586 2849 4640 Christi
2894 4580 3018 4639 255.
3043 4582 3061 4655 )

1984 4675 2213 4744 Lucius,
2266 4675 2496 4731 natione
2548 4675 2855 4742 Romanus,
2880 4688 2948 4729 ex
2998 4676 3157 4743 patre
3211 4666 3550 4737 Porphyrio,

1912 4765 2061 4822 sedit
2088 4779 2268 4821 annos
2293 4771 2428 4835 tres,
2456 4778 2674 4821 menses
2703 4770 2837 4834 tres,
2883 4763 3008 4819 dies
3039 4768 3185 4817 tres:
3219 4758 3334 4815 fuit
3363 4763 3552 4814 autem

1912 4854 2269 4926 temporibus
2286 4853 2437 4911 Galli
2464 4858 2520 4909 et
2546 4852 2863 4910 Volusiani.
2893 4866 3071 4924 usque
3100 4851 3169 4907 ad
3192 4849 3557 4905 Valerianum

1918 4950 2174 5016 tertium,
2197 4949 2252 5000 et
2274 4943 2656 5001 Gallicanum.
2686 4943 2790 4997 llic
2821 4942 3067 5010 primum
3096 4939 3209 4995 fuit
3241 4939 3299 4993 in
3327 4937 3559 5008 exsilio,

1921 5040 2112 5105 postea
2140 5035 2209 5090 ad
2235 5032 2531 5089 ecclesiam
2554 5030 2863 5088 incolumis
2889 5044 3149 5107 reversus
3173 5035 3293 5084 est:
3328 5029 3558 5085 demum

1917 5138 1950 5180 a
1980 5122 2279 5179 Valeriano
2324 5121 2510 5192 capite
2554 5123 2902 5178 truncatur!
2956 5120 3145 5175 Nonas
3187 5118 3401 5174 Martii.
3457 5117 3560 5172 Hic

1917 5211 2207 5269 ordinavit
2252 5209 2551 5281 episcopos
2604 5213 2837 5280 septem,
2883 5208 3240 5280 presbyteros
3288 5212 3553 5279 quatuor,

1915 5300 2190 5357 diaconos
2215 5305 2477 5371 quatuor.
2512 5298 2615 5354 llic
2645 5304 2874 5369 propter
2897 5297 3204 5355 malevolos
3226 5301 3283 5353 et
3308 5292 3562 5350 sacerdo-

1919 5397 2039 5447 tum
2072 5388 2495 5460 persecutiones
2537 5387 2863 5459 constituit,
2915 5394 2978 5444 ut
3014 5387 3131 5443 duo
3162 5380 3471 5455 presbyteri
3504 5386 3564 5436 et

1919 5484 2037 5535 tres
2062 5477 2294 5535 diaconi
2332 5477 2663 5549 episcOpum
2697 5476 2758 5532 in
2787 5475 2945 5533 omni
2978 5475 3101 5530 loco
3136 5484 3245 5527 non
3274 5469 3557 5538 deserant,

1920 5575 1985 5625 ut
2017 5570 2182 5639 juxta
2231 5566 2593 5638 Apostolum,
2629 5566 2799 5623 etiam
2832 5564 2903 5620 ab
2957 5562 3049 5616 his
3080 5559 3178 5629 qui
3226 5556 3370 5614 foris
3399 5562 3551 5624 sunt,

1906 5656 2168 5715 studium
2218 5655 2498 5712 habeatur
2528 5655 2741 5711 bonum
2789 5646 3111 5709 conservari
3166 5645 3562 5703 testimonium
