4082 6168
479 291 608 353 ΗἨ

1267 295 1555 352 APPEND.
1598 294 1690 352 AD
1726 291 1888 351 SJEC.
1942 293 2037 349 IX.
2081 321 2154 332 —
2189 289 2544 350 AUCTORES
2581 293 2750 352 ANNI
2789 293 3080 354 INCERTI.

3745 295 3888 356 1472

470 424 483 490 (
513 425 539 478 Ι
573 425 710 478 Tim.
740 437 803 479 ιιι
824 423 874 493 );
901 423 1047 494 quod
1076 422 1132 478 in
1165 421 1407 494 epistola
1434 435 1601 493 quam
1629 421 1899 478 omnibus
1919 419 2120 475 Galliae
2150 413 2212 482 Α,
2235 421 2385 479 sedit
2403 435 2583 479 annos
2601 428 2834 494 septem,
2864 437 3086 480 menses
3112 423 3388 496 quinque,
3411 424 3540 483 dies
3565 425 3716 482 duos
3740 446 3754 482 :
3775 425 3888 483 fuit

475 519 531 567 et
574 512 862 582 Hispania
904 512 1191 583 episcopis
1220 511 1531 569 destinavit
1561 511 1660 583 (de
1693 511 1848 566 Cons.
1893 507 2030 576 (1.2,
2065 525 2116 564 υ.

476 603 782 670 Jubemus),
812 603 960 671 apud
997 602 1152 672 ipsos
1184 601 1395 658 servari
1427 600 1687 657 hortatus
1734 605 1840 656 est.
1887 598 2123 655 Consti—

483 691 598 746 tuit
636 691 693 745 in
720 691 912 747 eadem
958 691 1130 746 etiam
1173 688 1258 761 (2,
1289 707 1342 762 q.
1375 688 1427 758 7,
1483 705 1532 745 c.
1575 689 2024 761 Criminationes)
2058 694 2122 744 ut

482 781 922 836 criminationes
968 782 1246 851 majorum
1298 786 1434 836 natu
1481 795 1580 851 per
1620 780 1767 836 alios
1805 794 1913 835 non
1959 778 2118 848 ﬁant,

479 869 591 926 nisi
633 883 729 939 per
755 883 850 926 eos
871 870 970 940 qui
999 871 1244 925 crimina
1276 869 1582 926 intendunt
1611 874 1703 937 ;et
1731 868 1840 939 ipsi
1868 867 2029 937 tales,
2060 873 2123 924 ut

474 959 637 1030 digni
682 959 801 1013 sint
831 965 886 1014 et
921 959 1454 1028 irreprehensibiles
1503 963 1830 1029 appareant,
1876 962 1932 1013 et
1975 957 2122 1012 actis

480 1048 730 1119 publicis
758 1061 816 1103 se
838 1047 988 1103 omni
1016 1049 1346 1116 suspicione
1367 1053 1422 1102 et
1450 1047 1782 1103 inimicitiis
1807 1060 1998 1102 carere
2030 1046 2126 1101 do-

476 1142 656 1205 ceant,
683 1142 739 1192 et
762 1137 922 1192 ﬁdem
947 1151 1010 1192 ac
1047 1137 1534 1193 conversationem
1561 1135 2122 1207 irreprehensibilem

478 1241 537 1284 se
565 1229 773 1284 ducere
809 1228 1130 1283 ostendant.
1160 1229 1226 1282 Et
1281 1228 1417 1298 quia
1463 1227 1568 1283 hoc
1614 1227 1734 1282 ﬁeri
1768 1232 1899 1282 ante
1942 1241 2126 1298 quos-

483 1315 860 1385 libetjudices
884 1316 1170 1372 interdum
1189 1315 1422 1372 difﬁcile
1440 1315 1866 1386 animadvertit,
1885 1315 1952 1370 ad
1978 1315 2125 1371 alios

482 1405 901 1461 ecclesiasticos
927 1405 1176 1475 judices,
1224 1405 1322 1462 ubi
1358 1407 1538 1475 major
1567 1405 1884 1462 auctoritas
1927 1403 2124 1475 fuerit,

479 1494 793 1564 postulanti
822 1495 1174 1550 audientiam
1209 1509 1320 1551 non
1352 1495 1664 1568 negandam
1704 1508 1825 1550 esse
1855 1493 2126 1551 decrevit.

477 1588 611 1641 ltem
662 1584 722 1640 in
774 1583 988 1654 eadem,
1038 1585 1202 1654 juxta
1233 1590 1557 1640 sanctorum
1590 1583 2002 1655 apostolorum,
2075 1570 2132 1637 et

481 1687 677 1729 eorum
711 1686 1126 1736 successorum,
1159 1673 1450 1728 decretum
1496 1672 1877 1743 praecipiendo
1905 1671 2131 1727 consti-

2231 518 2422 568 autem
2461 513 2816 584 temporibus
2834 513 3122 570 Valeriani
3149 519 3204 569 et
3217 515 3526 584 Gallicani,
3550 522 3603 571 et
3629 517 3883 584 Maximi,

2232 617 2414 673 usque
2445 603 2512 658 ad
2544 603 2908 660 Valerianum
2936 605 3191 674 tertium,
3215 610 3270 660 et
3293 604 3660 662 Gallicanum
3693 621 3890 663 secun-

2231 691 2388 748 dum.
2419 693 2521 747 llic
2551 707 2680 748 cum
2707 693 2933 749 duobus
2953 693 3260 764 episcopis,
3285 699 3341 750 et
3361 700 3488 750 octo
3514 695 3887 766 presbyteris,

2233 784 2289 836 et
2311 781 2500 837 tribus
2519 782 2782 839 diaconis
2807 784 2863 838 in
2906 797 3184 840 carcerem
3227 786 3459 854 missus,
3483 799 3614 840 cum
3641 787 3891 858 singulis

2234 869 2458 926 tandem
2477 871 2645 940 jussu
2662 872 2949 928 Valeriani
2969 874 3203 944 capitali
3229 874 3509 931 sententia
3537 875 3816 944 plectitur
3837 891 3889 933 iv

2231 960 2422 1015 Nonas
2440 959 2708 1031 Augusti.
2735 962 2836 1018 Hic
2857 963 3147 1020 ordinavit
3179 965 3476 1035 episcopos
3499 970 3640 1035 tres,
3667 967 3895 1038 presby-

2236 1050 2388 1104 teros
2428 1055 2660 1121 septem,
2702 1051 2978 1108 diaconos
3018 1052 3292 1123 quinque.
3355 1054 3456 1109 llic
3514 1054 3571 1108 in
3620 1055 3887 1125 epistola,

2236 1151 2404 1208 quam
2439 1140 2707 1210 episcopo
2730 1142 2949 1198 ililario
2973 1143 3347 1213 misit(cpist.
3385 1141 3467 1214 lj,
3504 1143 3755 1200 infames
3779 1160 3892 1216 per-

2236 1239 2405 1284 sonas
2426 1229 2493 1284 ad
2520 1231 2732 1301 gradus
2766 1245 2958 1288 sacros
2995 1234 3403 1302 promovendas
3442 1239 3496 1288 et
3535 1235 3606 1289 ad
3647 1247 3892 1291 accusa-

2239 1314 2450 1372 tionem
2493 1319 2852 1388 recipiendas
2907 1334 3028 1376 esse
3080 1321 3407 1390 prohibuit:
3459 1321 3707 1379 infames
3765 1339 3891 1381 vero

2237 1418 2332 1462 eas
2367 1420 2637 1477 personas
2677 1422 2799 1465 esse
2833 1409 3252 1483 descripsit(6,
3305 1428 3356 1483 q.
3402 1409 3452 1481 4,
3491 1427 3544 1467 c.
3586 1416 3837 1481 Infames
3851 1417 3890 1482 ,1,

2241 1509 2366 1564 qua:
2393 1509 2493 1564 pro
2531 1495 2727 1567 aliqua
2753 1496 2920 1568 culpa
2960 1499 3218 1569 qualibet
3247 1504 3519 1555 notantur
3542 1499 3812 1562 infamia.
3839 1503 3891 1559 id

2240 1588 2346 1649 est,
2371 1598 2567 1641 omnes
2588 1586 2689 1656 qui
2721 1586 3063 1643 Christiana:
3104 1587 3249 1660 legis
3283 1602 3536 1644 normam
3577 1590 3891 1660 abjiciunt,

2238 1678 2293 1729 et
2313 1678 2526 1732 statuta
2547 1675 2936 1732 ecclesiastica
2967 1681 3360 1734 contemnunt.
3382 1679 3671 1736 Similiter
3717 1679 3893 1750 fures,

483 1763 620 1832 tuit,
655 1767 738 1832 ut,
767 1761 815 1816 si
856 1761 1105 1833 quilibet
1135 1762 1612 1831 metropolitanus
1654 1763 1980 1832 episcopus,
2011 1761 2126 1816 nisi
2157 1758 2207 1820 Β
2239 1763 2568 1837 sacrilegos,
2587 1769 2854 1821 etomnes
2869 1766 3221 1837 capitalibus
3236 1767 3586 1824 criminibus
3607 1768 3892 1838 irretitos,

483 1853 633 1923 quod
666 1853 734 1908 ad
762 1866 924 1908 suam
951 1851 1309 1908 solummodo
1340 1851 1589 1922 pertinet
1623 1851 1973 1922 parochiam,
2008 1849 2124 1906 nisi

481 1941 727 1998 consilio
749 1946 805 1997 et
827 1941 1120 1998 voluntate
1145 1941 1402 1998 omnium
1425 1939 1995 2011 comprovincialium
2014 1940 2130 2012 epi-

481 2045 781 2102 sc0porum
810 2036 967 2087 extra
989 2031 1212 2102 aliquid
1237 2045 1400 2104 agere
1426 2031 1749 2100 tentaverit,
1787 2031 1998 2104 gradus
2033 2028 2126 2085 sui

484 2121 741 2192 periculo
772 2121 1082 2192 subjaccat,
1111 2122 1332 2194 etquod
1356 2122 1556 2194 egerit,
1599 2121 1832 2178 irritum
1852 2120 2131 2176 habeatur

476 2217 533 2270 et
563 2225 824 2270 vacuum.
847 2212 1140 2268 Consensu
1166 2213 1374 2268 etenim
1396 2217 1450 2267 et
1485 2211 1732 2268 consilio
1771 2209 2130 2267 solummodo

481 2301 736 2359 omnium
755 2301 1196 2372 provincialium
1213 2301 1547 2371 pontiﬁcum
1563 2299 2002 2370 metropolitano
2015 2297 2130 2368 epi-

484 2405 657 2462 scopo
686 2391 879 2461 licere,
903 2390 1214 2447 constituit
1243 2388 1327 2461 (9,
1361 2405 1416 2461 q.
1447 2387 1501 2452 3,
1545 2403 1594 2444 c.
1618 2388 1854 2461 Nullus)
1878 2400 2042 2460 agere
2072 2390 2129 2441 et

481 2479 786 2549 disponere
815 2479 884 2535 de
914 2493 1110 2536 eorum
1149 2477 1361 2548 causis,
1394 2485 1450 2534 et
1477 2477 1758 2548 ecclesiis,
1791 2481 1844 2533 et
1874 2476 2125 2546 clericis,

477 2574 650 2638 atque
667 2568 1032 2624 saecularium
1054 2568 1514 2639 necessitatibus,
1529 2573 1629 2623 aut
1643 2568 1711 2622 de
1722 2579 1842 2622 com
1855 2565 2126 2621 munibus

475 2655 918 2726 quibuscunque
967 2656 1212 2727 negotiis
1237 2657 1329 2727 agi
1363 2669 1588 2710 necesse
1618 2653 1812 2710 fuerit.
1844 2653 2129 2709 Similiter

478 2748 550 2803 de
576 2745 721 2818 ipsis
745 2744 1197 2815 provincialibus
1229 2744 1458 2813 statuit,
1487 2749 1550 2799 ut
1575 2743 1724 2798 nihil
1752 2743 1836 2799 eis
1875 2756 2126 2815 segrega-

480 2837 585 2892 tim
634 2840 736 2891 aut
776 2833 1160 2889 communiter
1207 2833 1422 2904 absque
1470 2832 1911 2904 metropolitano
1958 2847 2123 2905 agere

478 2927 669 2995 liceat,
689 2923 802 2978 nisi
821 2923 891 2979 de
907 2922 1000 2978 his
1026 2922 1384 2978 solummodo
1403 2937 1526 2993 quae
1558 2923 1626 2978 ad
1646 2936 1841 2978 eorum
1867 2923 2128 2994 pr0prias

479 3011 780 3084 parochias
803 3010 1109 3080 pertinent.
1129 3010 1413 3067 Similiter
1437 3011 1754 3081 apostolica
1780 3011 2126 3068 auctoritate

2240 1852 2634 1923 sepulcrorum
2699 1869 2926 1926 quoque
2975 1855 3300 1928 violatores,
3356 1861 3414 1913 et
3469 1858 3889 1930 apostolorum,

2238 1955 2550 2014 eorumque
2598 1957 3012 2016 successorum,
3063 1950 3119 2002 et
3174 1950 3507 2003 caeterorum
3557 1953 3892 2006 sanctorum

2237 2030 2468 2087 Patrum
2495 2031 2768 2104 religiosa
2805 2038 3018 2090 statuta
3050 2034 3296 2092 libenter
3333 2035 3642 2107 violantes,
3666 2042 3723 2094 et
3767 2052 3894 2095 om-

2239 2131 2340 2174 nes
2378 2119 2477 2190 qui
2521 2121 2796 2178 adversus
2842 2124 3036 2180 Patres
3091 2130 3407 2195 armantur,
3449 2125 3736 2182 similiter
3798 2128 3893 2183 in-

2238 2212 2550 2280 cestuosos,
2577 2211 2918 2282 homicidas,
2964 2214 3246 2282 perjuros.
3272 2221 3547 2285 raptores,
3578 2217 3889 2283 maleﬁcos,

2239 2298 2534 2369 veneﬁcos,
2558 2301 2868 2374 adulteros,
2887 2302 2958 2357 de
2992 2302 3161 2358 bellis
3184 2301 3490 2375 fugientes,
3515 2310 3573 2360 et
3595 2305 3704 2376 qui
3732 2306 3894 2361 indi-

2239 2400 2346 2460 gna
2365 2393 2565 2458 petunt
2584 2388 2697 2445 sibi
2739 2389 2860 2445 loca
2902 2395 3110 2461 tenere,
3147 2397 3248 2448 aut
3287 2391 3588 2449 facultates
3634 2395 3892 2450 ecclesiae

2237 2474 2580 2534 abstrahunt
2602 2479 2833 2550 injuste,
2857 2485 2913 2536 et
2946 2480 3046 2551 qui
3089 2479 3295 2538 fratres
3325 2480 3768 2539 calumniantur
3796 2491 3893 2540 aut

2236 2572 2527 2637 accusant,
2549 2573 2605 2623 et
2627 2581 2737 2624 non
2775 2569 3046 2638 probant:
3081 2570 3166 2626 vel
3190 2571 3291 2642 qui
3331 2575 3530 2628 contra
3553 2572 3894 2631 innocentes

2239 2653 2568 2724 principum
2617 2657 2843 2713 animos
2888 2657 2957 2713 ad
3020 2657 3378 2715 iracundiam
3436 2666 3775 2731 provocant,
3839 2668 3892 2717 et

2236 2756 2433 2800 omnes
2470 2746 2999 2817 anathematizatos,
3023 2749 3108 2804 vel
3154 2763 3253 2819 pro
3291 2749 3417 2806 suis
3454 2750 3785 2806 sceleribus
3827 2751 3896 2806 ab

2237 2831 2474 2888 ecclesia
2513 2834 2801 2906 expulsos,
2841 2841 2897 2892 et
2930 2851 3125 2894 omnes
3169 2852 3314 2910 quos
3355 2837 3766 2895 ecclesiasticae
3810 2839 3897 2896 vel

2236 2921 2432 2977 saeculi
2470 2921 2620 2995 leges
2665 2924 2906 2982 infames
2943 2941 3066 2983 esse
3106 2927 3513 2997 pronuntiant:
3546 2928 3655 2984 hos
3694 2943 3897 2985 omnes

2238 3009 2479 3068 infames
2499 3027 2621 3068 esse
2654 3015 2983 3086 descripsit,
3030 3017 3133 3073 hos
3153 3016 3221 3072 ad
3268 3031 3460 3073 sacros
3496 3019 3714 3090 gradus
3753 3033 3898 3090 pro—

475 3101 764 3172 praecepit,
787 3099 1064 3156 utnullus
1087 3099 1561 3170 metropolitanus
1583 3101 1888 3171 episcopus
1909 3101 2125 3172 absque
2150 3085 2200 3148 C
2236 3100 2386 3171 vehi,
2427 3107 2483 3156 et
2537 3102 2607 3158 ad
2659 3085 3080 3162 accusationem
3120 3106 3296 3177 recipi
3361 3085 3691 3163 intendixit.
3752 3085 3895 3164 item

477 3190 733 3246 omnium
763 3188 1247 3259 suifraganeorum
1284 3204 1520 3245 suorutn
1568 3190 1867 3260 przesentia
1890 3189 2127 3259 aliquo-

476 3292 601 3334 rum
623 3291 816 3333 eorum
849 3277 1049 3333 audiat
1079 3291 1315 3348 causas;
1350 3279 1610 3349 alioquin
1642 3278 1822 3334 irritae
1857 3283 2046 3346 erunt,
2069 3285 2125 3336 et

479 3368 600 3438 ipse
632 3379 860 3422 causam
899 3367 1063 3422 dabit
1093 3380 1195 3436 pro
1221 3364 1390 3423 facto.
1438 3369 1572 3422 item
1610 3369 1896 3438 praecepit,
1936 3373 2001 3423 ut
2029 3381 2126 3437 per

473 3456 734 3529 singulas
789 3456 1112 3526 provincias
1145 3456 1249 3512 hoc
1283 3457 1539 3527 episcopi
1574 3457 1892 3530 observent,
1925 3472 1991 3513 ne
2025 3472 2122 3527 po-

476 3545 747 3601 steriores
777 3559 836 3600 se
869 3545 1160 3614 prioribus
1183 3545 1308 3602 suis
1351 3544 1683 3615 praeferant;
1719 3560 1787 3602 ne
1811 3547 1895 3601 eis
1933 3547 2126 3602 incon-

478 3635 675 3702 sultis,
700 3633 815 3688 nisi
845 3641 1123 3704 quantum
1153 3634 1221 3689 ad
1259 3635 1546 3704 propriam
1577 3635 1904 3704 parochiam
1939 3635 2127 3706 perti—

480 3728 592 3786 net,
625 3721 848 3792 aliquid
878 3727 1077 3794 agant:
1113 3723 1208 3777 sed
1235 3721 1306 3777 de
1331 3722 1734 3778 communibus
1751 3736 1946 3778 eorum
1979 3738 2125 3780 cau—

477 3810 560 3864 sis
591 3823 895 3865 consonam
930 3809 1267 3864 sententiam
1303 3808 1593 3879 proferant
1615 3816 1671 3866 et
1701 3812 2119 3885 determinent;

481 3897 617 3968 quia
642 3897 813 3952 aliter
855 3904 992 3952 actae
1036 3897 1225 3953 nullas
1255 3898 1405 3954 vires
1451 3899 1757 3968 habebunt,
1793 3915 1892 3958 nec
1935 3903 2124 3959 eccle—

476 3985 725 4040 siasticze
775 3985 1214 4055 reputabuntur.
1269 3989 1403 4043 Item
1446 3988 1503 4043 in
1547 3989 1739 4045 eadem
1765 3991 2009 4061 epistola
2052 3993 2122 4049 de

476 4072 1056 4143 exspoliationedotis
1071 4074 1495 4131 etoblationum
1509 4078 1876 4135 ecclesiarum
1897 4079 2124 4136 consul-

478 4167 589 4233 tus,
611 4163 774 4233 prius
794 4162 991 4219 multis
1011 4163 1356 4237 rationibus,
1378 4171 1434 4221 et
1452 4167 1760 4223 multorum
1779 4169 2122 4225 auctoritate

481 4251 586 4307 hoc
631 4265 808 4324 genus
853 4252 1172 4309 invasionis
1222 4260 1278 4310 et
1328 4256 1540 4326 rapinae
1579 4257 1948 4328 sacrilegium
1998 4273 2122 4314 esse

476 4341 728 4396 ostendit
751 4339 768 4412 (
787 4338 872 4411 47,
901 4357 956 4412 q.
980 4338 1032 4405 4,
1069 4356 1118 4397 c.
1148 4343 1251 4408 Qui
1292 4346 1459 4413 rapit.
1493 4349 1600 4399 etc.
1641 4344 1830 4399 Omnes
1871 4348 2122 4402 Ecclesia?

2236 3204 2427 3247 servos
2449 3198 2578 3248 ante
2609 3193 2924 3265 legitimam
2962 3195 3281 3252 libertatem
3325 3196 3688 3267 ptenitentes,
3717 3198 3897 3271 diga-

2236 3293 2357 3335 mos
2413 3295 2509 3336 eos
2548 3285 2646 3353 qui
2701 3283 2879 3338 curiae
2921 3284 3272 3355 deserviunt,
3314 3285 3397 3340 vel
3451 3286 3553 3356 qui
3595 3300 3711 3342 non
3754 3293 3896 3342 sunt

2233 3381 2468 3438 corpore
2495 3369 2726 3442 integri,
2755 3371 2838 3426 vel
2873 3372 2972 3443 qui
3007 3386 3200 3428 sanam
3234 3381 3472 3429 mentem
3512 3388 3622 3429 non
3650 3374 3890 3444 habent,

2232 3465 2332 3514 aut
2352 3459 2726 3529 intellectum,
2747 3467 2848 3517 aut
2872 3461 3265 3518 inobedientes
3283 3470 3612 3519 sanctorum
3638 3465 3894 3519 decretis

2231 3546 2512 3616 existunt,
2546 3549 2613 3604 ad
2642 3562 2836 3605 sacros
2859 3551 3071 3622 gradus
3109 3552 3498 3622 provehendos
3529 3566 3656 3608 esse
3680 3553 3892 3621 prohi-

2233 3634 2378 3692 buit.
2448 3638 2560 3694 Nec
2610 3639 2771 3710 istos,
2823 3639 3110 3710 videlicet,
3162 3641 3546 3711 supradictos,
3597 3642 3734 3697 item
3791 3657 3891 3698 nec

2234 3724 2490 3797 libertos,
2545 3741 2725 3799 neque
2774 3735 3087 3799 suspectos,
3149 3743 3249 3786 nec
3289 3739 3496 3787 rectam
3541 3731 3736 3802 ﬁdem,
3791 3747 3892 3788 nec

2232 3814 2464 3886 dignam
2491 3817 2977 3874 conversationem
3022 3818 3314 3888 habentes,
3340 3834 3597 3877 summos
3629 3823 3892 3877 sacerdo-

2232 3909 2315 3960 tes
2337 3918 2606 3962 accusare
2629 3921 2792 3977 posse
2811 3909 3060 3965 asseruit
3080 3907 3096 3978 (
3113 3909 3178 3963 de
3198 3910 3353 3964 Cons.
3380 3909 3520 3965 dist.
3551 3908 3601 3980 Ι,
3625 3928 3674 3964 c.
3706 3912 3891 3966 Vesti—

2230 3994 2464 4069 menta).
2500 3997 2814 4054 Praedictus
2863 4011 3005 4069 papa
3051 3998 3110 4054 in
3149 4000 3343 4054 eadem
3384 3999 3634 4070 epistola
3662 4002 3892 4056 consti-

2233 4083 2366 4144 tuit.
2404 4098 2471 4140 ne
2519 4087 2841 4142 sacerdotes
2877 4092 2934 4142 et
2977 4086 3161 4143 levita:
3207 4088 3569 4144 vestimentis
3608 4090 3891 4146 ecclesia-

2232 4172 2400 4230 sticis
2422 4174 2482 4229 in
2517 4173 2656 4230 aliis
2688 4175 2892 4232 usibus
2915 4182 3232 4247 uterentur,
3258 4190 3427 4248 quam
3469 4177 3893 4235 ecclesiasticis

2231 4260 2455 4318 ofﬁciis.

2302 4351 2405 4407 Hic
2429 4351 2574 4408 idem
2597 4353 2849 4422 pontifex
2879 4353 2935 4409 in
2958 4353 3072 4410 alia
3102 4354 3346 4425 epistola
3371 4352 3439 4425 (2
3467 4357 3630 4426 epist.
3653 4357 3692 4428 ),
3719 4369 3891 4427 quam

474 4429 752 4501 raptores)
779 4448 795 4495 ;
825 4431 1181 4500 postmodum
1203 4437 1259 4486 et
1289 4432 1632 4487 auctoritate
1657 4438 1712 4488 et
1739 4433 1966 4491 decreto
1997 4450 2120 4505 pro-
2143 4461 2199 4523 D
2227 4439 2539 4496 destinavit
2563 4442 2833 4499 omnibus
2869 4443 3159 4514 episcopis
3189 4457 3286 4514 per
3331 4445 3593 4501 diversas
3646 4446 3895 4514 provin—

479 4519 796 4590 phetarum,
835 4519 1246 4592 apostolorum,
1279 4533 1591 4590 eorumque
1615 4535 2030 4595 successorum,
2063 4533 2120 4582 et

477 4607 734 4663 omnium
764 4607 1182 4662 catholicorum
1231 4607 1461 4663 Patrum
1486 4610 1783 4681 exemplis,
1822 4612 1963 4669 tales
1987 4629 2122 4683 pra:-

477 4703 820 4766 sumptores,
841 4701 898 4751 et
917 4696 1170 4752 ecclesiae
1199 4701 1471 4766 raptores,
1496 4705 1668 4770 atque
1684 4715 1918 4758 suarum
1948 4701 2121 4761 facul-

479 4788 659 4838 tatum
677 4783 1038 4853 alienatores,
1067 4797 1100 4840 a
1131 4784 1435 4843 liminibus
1470 4793 1676 4846 sancta:
1704 4791 1905 4847 matris
1937 4792 2121 4849 Eccle-

479 4867 578 4928 sia:
621 4873 1081 4942 anathematizat,
1129 4880 1185 4931 et
1233 4874 1483 4948 damnat,
1540 4883 1596 4934 et
1642 4880 1953 4953 sacrilegos
1998 4895 2119 4940 esse

473 4961 730 5032 judicat:
775 4967 832 5019 et
863 4977 971 5019 non
1017 4964 1203 5021 solum
1246 4979 1362 5036 eos,
1396 4967 1491 5022 sed
1543 4981 1738 5024 omnes
1768 4970 1853 5026 eis
1887 4985 2119 5029 consen-

479 5052 715 5108 tientes:
779 5053 916 5123 quia
969 5068 1080 5110 non
1126 5054 1311 5111 solum
1365 5057 1462 5127 qui
1506 5055 1748 5131 faciunt,
1797 5061 1893 5118 sed
1943 5062 2115 5119 etiam

477 5141 576 5212 qui
601 5139 945 5198 facientibus
969 5143 1358 5215 consentiunt,
1387 5146 1468 5202 rei
1499 5154 1656 5218 sunt,
1690 5155 1746 5204 et
1777 5151 2118 5220 judicantur

473 5231 660 5302 (Rom.
684 5245 700 5285 ι
726 5230 764 5303 ).
799 5232 902 5286 Par
930 5231 1082 5287 enim
1116 5247 1278 5303 pmna
1313 5240 1369 5290 et
1402 5242 1632 5307 agentes
1663 5243 1718 5293 et
1743 5241 2118 5298 consentien-

473 5327 558 5380 tes
582 5318 1038 5392 comprehendet.

865 5409 1065 5465 XXIV.
1105 5440 1179 5451 —
1213 5411 1268 5466 S.
1312 5412 1725 5469 STEPHANUS.

975 5495 1170 5568 (Anno
1219 5499 1421 5555 Christi
1461 5495 1585 5557 257.
1607 5501 1622 5575 )

2231 4530 2370 4598 cias,
2399 4534 2455 4586 et
2484 4536 2737 4601 caeteros,
2762 4545 2906 4603 quos
2935 4546 3108 4603 supra
3134 4533 3624 4601 enumeravimus,
3652 4549 3687 4590 a
3713 4550 3895 4591 sacer-

2230 4619 2427 4675 dotum
2455 4619 2820 4676 accusatione
2842 4621 3102 4693 removit,
3123 4622 3192 4678 ad
3218 4623 3323 4678 hoc
3353 4622 3553 4692 procul
3588 4623 3779 4680 dubio
3800 4624 3893 4679 af-

2231 4706 2480 4764 ﬁrmavit
2497 4723 2597 4778 pro
2627 4709 2905 4782 sacrilego
2933 4710 3334 4782 reputandum,
3357 4712 3650 4783 quidquid
3677 4714 3896 4784 injuste

2229 4797 2423 4869 agitur
2454 4798 2513 4854 in
2545 4798 2715 4855 rebus
2733 4800 2846 4855 Deo
2878 4801 3140 4870 sacratis,
3163 4807 3220 4856 et
3239 4801 3552 4872 episcopis,
3582 4803 3689 4874 qui
3741 4803 3892 4859 sacri

2232 4883 2406 4960 [quia
2428 4885 2623 4962 sacra]
2647 4895 2804 4959 sunt,
2832 4893 2888 4944 et
2907 4889 3113 4945 violari
3133 4903 3164 4946 a
3200 4903 3487 4960 quoquam
3514 4905 3632 4947 non
3655 4892 3892 4948 debent.

2228 4979 2365 5032 Item
2403 4977 2629 5034 decreto
2672 4992 2776 5034 suo
2807 4978 3057 5034 asseruit
3094 4976 3178 5050 (2,
3232 4995 3284 5051 q.
3340 4976 3393 5048 2,
3444 4994 3493 5034 c.
3553 4982 3800 5053 Nullus)
3835 4988 3897 5038 ut

2227 5066 2426 5123 nullus
2445 5065 2768 5139 episcopus,
2791 5068 2927 5124 dum
2956 5069 3082 5124 suis
3104 5065 3281 5125 fuerit
3303 5068 3474 5125 rebus
3497 5071 3895 5140 exspoliatns,

2226 5161 2326 5214 aut
2345 5171 2376 5212 a
2398 5157 2529 5213 sede
2560 5158 2788 5228 propria
2811 5158 3110 5215 occasione
3135 5159 3392 5230 qualibet
3415 5159 3646 5230 pulsus,
3686 5162 3900 5218 debeat

2225 5247 2484 5303 accusari
2510 5259 2609 5302 nec
2629 5246 2700 5302 ab
2721 5247 2919 5318 aliquo
2951 5249 3116 5318 prius
3143 5249 3362 5304 crimen
3394 5249 3447 5304 ei
3475 5251 3663 5319 possit
3686 5252 3897 5322 objici,

2228 5350 2396 5409 quam
2424 5337 2790 5409 integerrime
2823 5343 3206 5394 restauretur:
3253 5343 3309 5394 et
3328 5339 3521 5395 omnia
3549 5339 3604 5395 ei
3634 5356 3904 5412 quocun-

2228 5439 2338 5496 que
2382 5426 2614 5498 ingenio
2656 5426 2844 5483 ablata
2876 5425 3092 5499 absque
3119 5427 3253 5484 dolo
3278 5432 3334 5484 et
3368 5426 3578 5486 fraude
3617 5429 3902 5488 funditus

2231 5515 2455 5586 legibus
2477 5515 2894 5588 restituantur;
2926 5516 3064 5587 quia
3106 5530 3218 5573 non
3241 5516 3427 5573 solum
3448 5517 3900 5588 ecclesiastica,

548 5587 890 5658 Stephanus,
943 5587 1172 5643 natione
1224 5587 1534 5660 Romanus,
1582 5605 1650 5648 ex
1705 5599 1863 5665 patre
1920 5597 2150 5700 Lobio,.
2221 5604 2314 5664 sed
2339 5604 2510 5660 etiam
2539 5603 2736 5662 saculi
2761 5604 2913 5677 leges
2938 5605 3044 5662 hoc
3067 5605 3192 5661 ﬁeri
3215 5604 3547 5677 prohibent.
3588 5609 3729 5665 item
3760 5587 3908 5666 con?
