4082 6168
248 317 308 380 “
315 319 388 383 73

1100 329 1366 390 PSEUDO
1402 329 1820 389 LUITPRANDI
1858 331 1984 388 LIB.
2026 333 2115 389 DE
2163 334 2336 392 VITIS
2387 336 2556 393 nou.
2597 319 2802 395 PONT.

3520 322 3546 383 4
3557 320 3659 384 174

249 448 447 506 stituit
484 445 556 522 (3,
606 464 659 522 q.
706 447 760 519 ὅ,
805 465 855 507 c.
902 450 1280 527 Accusatores)
1325 469 1394 511 ne
1433 455 1532 512 ille
1572 455 1673 527 qui
1715 469 1774 512 se
1824 454 1895 511 ab
1926 453 1986 515 A
2012 458 2112 530 qui
2141 459 2199 516 in
2229 461 2574 534 quibusdam
2607 462 2972 536 gravioribus
3003 461 3310 532 pulsantur
3333 463 3435 516 aut
3464 457 3658 530 crimi-

247 539 538 609 episcopo,
572 546 672 596 aut
702 540 772 597 ab
803 542 928 612 ejus
959 542 1268 616 ministris,
1304 544 1502 601 ltesum
1534 558 1657 602 esse
1686 544 1898 601 existi-

250 634 385 699 mat,
416 629 502 685 vel
546 644 646 700 pro
680 630 980 702 aliquibus
1021 633 1230 690 erratis
1269 649 1366 690 eos
1394 634 1683 706 corripere
1712 633 1894 706 cupit,

249 719 416 789 prius
442 733 538 775 eos
567 733 838 776 accusare
872 728 1201 793 praesumat,
1234 737 1400 795 quam
1429 738 1528 781 eos
1557 724 1898 781 rharitative

248 808 340 864 bis
370 814 470 866 aut
502 813 587 866 ter
611 810 930 882 conveniat,
961 817 1027 867 ut
1058 812 1128 868 ab
1153 813 1239 869 eis
1266 813 1564 884 percipiat,
1595 819 1696 870 aut
1723 813 1901 869 fami—

247 899 447 955 liarem
494 900 967 973 emendationem,
1019 907 1120 959 aut
1164 903 1381 973 justam
1441 903 1892 960 excusationem.

247 989 408 1060 Quod
437 990 488 1045 si
523 992 972 1061 praesumpserit,
1000 1007 1031 1048 a
1065 993 1372 1050 liminibus
1413 994 1668 1050 ecclesia:
1715 1007 1897 1065 usque

245 1080 314 1136 ad
361 1079 592 1152 dignam
637 1079 1089 1153 satisfactionem
1130 1082 1312 1152 jussit
1355 1083 1796 1140 eliminandum.

319 1171 454 1226 Item
481 1171 806 1238 constituit,
843 1177 905 1227 ut
937 1171 1162 1229 nullius
1192 1187 1291 1243 per
1320 1174 1538 1244 scripta
1567 1174 1894 1230 anathema-

245 1259 446 1316 tizatio
472 1260 833 1330 suscipiatur
859 1278 873 1330 ;
909 1260 1003 1315 sed
1037 1261 1264 1332 propria
1291 1275 1445 1333 voce,
1474 1275 1535 1318 se
1561 1261 1819 1335 legitima
1845 1265 1901 1318 et

245 1349 529 1423 condigna
556 1350 910 1407 accusatoris
941 1364 1182 1422 persona
1209 1351 1405 1422 fuerit,
1439 1356 1712 1423 prasente
1737 1352 1904 1408 vide-

249 1439 385 1495 licet
431 1453 516 1509 eo,
564 1453 731 1510 quem
785 1453 1057 1497 accusare
1104 1441 1454 1510 desiderant,
1508 1442 1646 1512 quia
1701 1441 1900 1497 nullus

244 1527 452 1584 absens
472 1529 733 1586 accusari
759 1534 962 1601 potest,
987 1535 1085 1587 aut
1103 1544 1390 1588 accusare.
1412 1534 1549 1587 Item
1568 1530 1894 1600 constituit,

246 1623 310 1674 ut
331 1617 531 1676 nullus
547 1621 853 1690 episcopus
874 1620 1040 1691 prius
1059 1624 1380 1694 accusetur,
1402 1627 1503 1677 aut
1524 1621 1650 1678 suis
1673 1633 1900 1690 respon-

243 1708 376 1764 deat
405 1709 862 1773 accusatoribus,
895 1724 1065 1782 quam
1096 1710 1437 1782 regulariter
1460 1723 1492 1766 a
1522 1724 1628 1766 suo
1656 1708 1897 1781 primate

2011 554 2223 607 nantur
2252 552 2463 621 causis,
2494 553 2722 624 quoties
2751 566 2978 609 necesse
3004 551 3200 616 fuerit,
3231 551 3410 606 libere
3434 554 3658 618 aposto-

2010 639 2177 695 licam
2227 642 2414 698 sedem
2464 643 2768 714 appellent,
2821 650 2998 714 atque
3046 641 3114 697 ad
3165 655 3307 711 eam,
3362 638 3529 710 quasi
3583 635 3652 693 ad

2010 735 2266 801 matrem,
2316 730 2654 804 confugiant
2693 751 2705 787 :
2756 736 2812 788 et
2859 731 2909 787 si
2957 730 3090 802 quis
3137 731 3442 800 episcOpus
3483 727 3656 784 etiam

2003 818 2300 888 judicatus
2326 833 2358 876 a
2388 821 2973 890 comprovincialibus
3015 820 3302 890 episcOpis
3335 817 3552 873 venerit
3581 813 3651 870 ad

2007 909 2272 966 Romanae
2302 910 2458 967 sedis
2485 910 2827 982 antistitem,
2871 912 2927 967 in
2961 912 3089 982 ejus
3119 913 3393 981 potestate
3424 907 3520 974 sit,
3557 919 3658 976 per

2009 1012 2088 1066 se,
2130 1003 2234 1054 aut
2283 1013 2379 1069 per
2422 1000 2670 1056 vicarios
2712 1015 2848 1057 suos
2892 1007 3197 1057 retractare
3238 997 3566 1070 negotium:
3600 1000 3658 1049 et

2007 1087 2144 1143 dum
2178 1088 2284 1144 hoc
2313 1094 2502 1145 actum
2533 1094 2590 1146 et
2622 1096 2912 1161 peractum
2943 1090 3093 1160 apud
3122 1090 3312 1161 ipsum
3337 1087 3653 1143 Romanum

2011 1176 2336 1246 pontiﬁcem
2370 1177 2565 1247 fuerit,
2602 1179 2802 1236 nullus
2832 1179 2987 1237 alius
3013 1180 3070 1236 in
3098 1180 3224 1249 ejus
3254 1177 3377 1234 loco
3409 1180 3656 1245 ponatur

2007 1271 2109 1322 aut
2139 1267 2442 1323 ordinetur
2472 1269 2810 1338 episcopus:
2848 1268 3118 1340 quoniam
3151 1262 3656 1339 perscrutari'qui-

2007 1354 2133 1411 dem
2187 1357 2440 1413 accusati
2493 1358 2748 1428 episcOpi
2799 1372 3030 1415 causam
3070 1351 3657 1427 comprovincialibus

2007 1443 2296 1514 episcopis
2336 1446 2489 1516 licet,
2535 1445 2775 1503 diﬁiniri
2819 1452 3008 1504 autem
3047 1444 3373 1503 lnconsulto
3402 1445 3654 1499 Romano

2010 1532 2279 1604 pontiﬁce
2306 1547 2416 1589 non
2447 1540 2534 1590 est
2567 1535 2907 1606 permissum
2936 1533 3008 1606 (3,
3044 1551 3100 1606 q.
3134 1533 3186 1601 6,
3230 1548 3278 1589 c.
3309 1532 3653 1604 Accusatus).

2078 1623 2215 1678 Item
2261 1622 2321 1679 in
2352 1623 2468 1680 alia
2510 1625 2774 1695 epistola,
2824 1639 2991 1696 quam
3036 1624 3197 1679 misit
3225 1620 3515 1692 episcopis
3558 1633 3655 1689 per

2006 1711 2295 1782 Hispanize
2339 1713 2664 1783 provincias
2705 1714 3041 1771 constitutis
3087 1712 3246 1784 (epist
3279 1709 3352 1783 2),
3403 1710 3559 1765 sicut
3601 1711 3657 1763 et

243 1799 328 1855 sit
355 1805 612 1873 vocatus,
657 1806 711 1857 et
739 1781 925 1858 locum
962 1781 1304 1858 defendendi
1349 1802 1417 1858 ad
1447 1801 1729 1858 abluenda
1769 1801 1895 1857 cri—
1925 1781 1978 1844 Β
2007 1781 2394 1859 antecessores
2436 1803 2529 1860 sui
2579 1802 2847 1874 fecerant,
2890 1781 3271 1860 constitutum
3311 1781 3449 1856 fecit
3481 1795 3551 1869 (2.
3597 1811 3652 1867 q.

245 1888 402 1944 mina
427 1889 698 1960 accipiat.
731 1891 885 1962 Item,
915 1904 984 1947 ne
1004 1890 1224 1962 aliquis
1242 1891 1550 1962 episcOpus
1568 1895 1890 1961 accusetur,

242 1983 346 2033 aut
375 1979 666 2051 audiatur,
697 1979 811 2036 nisi
846 1980 906 2036 in
941 1979 1243 2050 prtesentia
1272 1981 1530 2037 omnium
1578 1979 1896 2052 provincia-

248 2064 416 2131 lium,
450 2071 504 2121 et
530 2067 601 2123 ab
631 2068 901 2124 omnibus
931 2067 1518 2139 comprovincialibus
1563 2067 1889 2138 episcopis;

247 2154 563 2226 quia'ipsis
591 2157 949 2230 absentibus,
985 2172 1086 2214 nec
1123 2157 1308 2228 debet,
1344 2171 1445 2213 nec
1489 2161 1675 2228 potest
1697 2155 1892 2214 audiri

245 2249 349 2299 aut
369 2245 645 2313 judicari.
678 2248 814 2301 Item
843 2246 1051 2302 statuit
1079 2260 1146 2302 ne
1173 2245 1409 2302 licentia
1430 2245 1740 2302 accusandi
1773 2258 1896 2316 pro-

244 2333 546 2403 grediatur
568 2334 722 2390 ultra
745 2335 1022 2390 terminos
1045 2334 1356 2404 provinciae
1376 2332 1447 2406 (3,
1469 2350 1520 2405 q.
1547 2333 1601 2402 6,
1620 2348 1669 2390 c.
1698 2335 1890 2405 Ultra;

243 2419 298 2486 3,
330 2437 386 2492 q.
417 2420 502 2494 ll,
531 2438 580 2479 c.
614 2423 919 2497 Neganda).
953 2426 1089 2480 Item
1119 2424 1448 2495 constituit,
1479 2437 1547 2479 ne
1571 2422 1892 2480 accusatori

246 2513 415 2582 prius
439 2515 607 2570 detur
629 2514 863 2570 licentia
890 2513 1204 2585 quemlibet
1230 2513 1602 2584 criminandi,
1633 2526 1804 2584 quam
1835 2524 1895 2568 se

245 2602 513 2673 crimine,
540 2617 652 2673 quo
677 2603 977 2673 premitur,
1001 2603 1299 2675 purgando
1325 2603 1552 2659 exuerit
1577 2619 1590 2655 :
1619 2603 1756 2674 quia
1780 2614 1892 2658 non

2002 1887 2057 1960 7,
2103 1905 2153 1946 c.
2194 1891 2256 1946 Si
2296 1891 2457 1965 quis),
2506 1897 2570 1948 ut
2613 1906 2775 1948 nemo
2816 1892 3169 1963 episc0pum,
3212 1889 3296 1946 vel
3340 1885 3656 1960 quemlibet

2002 1979 2271 2036 Ecclesia:
2303 1980 2599 2050 praelatum
2634 1981 2798 2051 prius
2827 1993 3098 2037 accusare
3125 1981 3449 2050 praesumat,
3480 1987 3650 2045 quam

2001 2081 2131 2125 eum
2157 2068 2475 2139 conveniat,
2509 2074 2582 2139 et,
2613 2069 2662 2127 si
2690 2069 2861 2126 aliter
2881 2069 3080 2141 egerit,
3115 2064 3517 2125 communione
3541 2061 3655 2132 pri-

2002 2163 2189 2214 vetur.
2214 2157 2500 2214 Similiter
2520 2158 2746 2228 statuit,
2773 2164 2838 2215 ut
2859 2171 3019 2214 nemo
3043 2155 3376 2228 pontiﬁcum
3399 2152 3650 2224 aliquem

2004 2248 2335 2318 episcopum
2394 2248 2521 2304 suis
2577 2247 2748 2305 rebus
2803 2247 3206 2318 exspoliatum,
3279 2246 3382 2300 aut
3433 2255 3466 2297 a
3520 2239 3654 2297 sede

2003 2335 2307 2407 expulsum
2342 2337 2858 2408 excommunicare,
2888 2341 2990 2392 aut
3021 2335 3282 2406 judicare
3310 2334 3648 2403 praesumat:

2005 2425 2144 2497 quia
2175 2439 2286 2504 non
2316 2432 2402 2483 est
2446 2427 2834 2499 privilegium,
2879 2439 2992 2497 quo
3035 2423 3274 2496 spoliari
3318 2421 3500 2494 possit
3532 2421 3649 2490 jam

2005 2515 2276 2572 nudatus.
2305 2519 2441 2572 Item
2469 2517 2738 2584 decrevit,
2769 2520 2833 2573 ut
2855 2514 3054 2572 nullus
3078 2514 3384 2585 episc0pus
3408 2509 3652 2566 alterius

2005 2604 2415 2674 parochianum
2451 2609 2756 2676 praesumat
2795 2605 3061 2674 retinere,
3106 2603 3193 2660 vel
3234 2601 3521 2668 ordinare,
3567 2596 3654 2654 vel

243 2696 334 2748 est
363 2691 710 2748 credendum
743 2698 940 2749 contra
970 2691 1120 2748 alios
1148 2685 1345 2749 eorum
1387 2689 1756 2761 confessioni,
1791 2690 1892 2762 qui
1999 2693 2298 2762 judicare:
2331 2693 2488 2766 quia,
2523 2694 2678 2751 sicut
2720 2694 2887 2750 irrita
2925 2695 3050 2764 ejus
3089 2690 3380 2749 ordinatio
3405 2687 3537 2758 erit,
3575 2687 3655 2743 ita

243 2780 597 2837 criminibus
624 2782 895 2852 impliciti
923 2788 1078 2854 sunt,
1111 2780 1224 2838 nisi
1254 2795 1314 2838 se
1340 2781 1503 2853 prius
1532 2780 1897 2852 probaverim.
2004 2789 2059 2839 et
2082 2783 2431 2853 dijudicatio
2455 2802 2470 2854 ;
2495 2785 2632 2856 quia
2656 2785 2854 2841 nullus
2875 2783 2990 2840 nisi
3017 2783 3109 2839 sui
3125 2781 3348 2852 judicis
3370 2778 3654 2837 sententia

249 2870 602 2927 innocentes.
650 2872 811 2927 Dixit
860 2871 1030 2927 etiam
1079 2868 1152 2942 (2,
1209 2886 1263 2942 q.
1308 2867 1363 2939 7,
1419 2885 1468 2926 c.
1519 2869 1895 2942 Quaerendum)
2007 2877 2194 2942 potest
2237 2873 2460 2928 teneri:
2510 2872 2782 2944 quoniam
2829 2871 2930 2943 qui
2961 2885 3090 2929 eum
3121 2869 3390 2927 ordinare
3423 2881 3534 2924 non
3563 2880 3657 2937 po-

245 2971 534 3029 nusquam
558 2958 666 3030 legi
687 2957 1013 3015 facultatem
1035 2957 1467 3030 disponendide
1486 2955 1896 3012 ecclesiasticis
2006 2960 2140 3022 tuit,
2190 2973 2290 3015 nec
2323 2960 2586 3030 judicare
2626 2961 2915 3018 ullatenus
2955 2963 3160 3031 potest.
3201 2949 3488 3015 Similiter
3525 2970 3656 3013 con-

245 3046 420 3104 rebus
449 3049 788 3105 attributam
819 3063 942 3106 esse
972 3049 1162 3120 laicis,
1194 3051 1367 3106 etiam
1397 3047 1707 3121 religiosis.
1744 3048 1899 3100 Prae-
1935 3109 1978 3121 Α
2006 3047 2224 3116 stituit,
2259 3061 2326 3104 ne
2354 3047 2455 3104 illa
2486 3063 2612 3119 qua:
2647 3048 2865 3104 incerta
2908 3052 3046 3104 sunt
3089 3047 3465 3117 iudicentur:
3515 3045 3655 3116 quia

241 3137 404 3207 cepit
449 3137 615 3194 etiam
659 3139 728 3194 de
777 3139 1037 3210 personis
1080 3109 1478 3194 accusatorum
1509 3109 1598 3208 (2,
1644 3152 1697 3206 q.
1741 3133 1796 3205 8,
1843 3149 1894 3189 c.
1929 3109 1979 3175 δ
2008 3136 2270 3208 quamvis
2313 3136 2433 3193 sint
2470 3109 2619 3206 vera,
2667 3151 2780 3192 non
2807 3141 2992 3192 tamen
3028 3139 3169 3192 sunt
3201 3135 3505 3204 credenda,
3533 3133 3650 3189 nisi

239 3226 659 3299 Accusatorum)
706 3232 771 3284 ut
813 3241 1009 3282 earum
1062 3227 1219 3294 ﬁdes,
1269 3226 1391 3281 vita
1439 3229 1495 3280 et
1541 3221 1896 3280 conversatio

246 3314 438 3384 primo
468 3314 782 3387 diligenter
816 3315 1171 3385 inquiratur,
1199 3319 1254 3370 et
1284 3319 1475 3384 postea
1501 3326 1563 3369 ea
1591 3325 1716 3382 quae
1741 3309 1900 3380 obji—

244 3404 487 3459 ciuntur
511 3403 760 3459 ﬁdeliter
781 3407 1234 3472 pertractentur:
1262 3402 1398 3474 quia
1418 3401 1565 3458 nihil
1588 3401 1752 3471 prius
1773 3399 1896 3455 ﬁeri

241 3491 432 3561 debet,
465 3505 637 3562 quam
672 3491 1076 3561 praedictorum
1109 3493 1269 3564 ﬁdes,
1302 3492 1419 3548 vita
1459 3498 1514 3548 et
1541 3489 1898 3548 conversatio

241 3581 558 3653 diligenter
611 3580 991 3647 discutiatur,
1053 3597 1122 3639 ne
1181 3581 1433 3651 alicujus
1499 3580 1739 3652 invidia,
1798 3585 1899 3637 aut

246 3669 608 3740 inimicitiis,
640 3676 742 3726 aut
773 3671 1093 3728 intentione
1125 3671 1271 3727 mala
1303 3671 1613 3743 quisquam
1641 3674 1895 3726 vexetur.

685 3759 861 3815 XXV.
899 3789 973 3799 —
1008 3759 1061 3815 S.
1107 3758 1354 3815 SIXTUS
1391 3761 1459 3815 II.

770 3847 952 3920 (Anno
984 3848 1187 3905 Christi
1227 3846 1374 3922 260.)

319 3938 545 4010 Sixtus,
605 3938 835 3995 natione
888 3937 1142 4009 Graecus,
1201 3953 1268 3994 ex
1327 3938 1689 4009 philosopho,
1749 3937 1900 3994 sedit

241 4039 466 4082 annum
499 4040 700 4098 unum,
735 4041 956 4083 menses
984 4026 1196 4097 decem,
1225 4025 1350 4082 dies
1370 4025 1577 4098 viginti
1605 4030 1738 4081 tres.
1767 4025 1900 4080 Fuit

244 4121 440 4171 autem
491 4114 779 4171 Valeriani
829 4122 884 4172 et
934 4116 1094 4173 Decii
1151 4121 1440 4186 tempore:
1493 4119 1550 4171 et
1596 4112 1711 4170 fuit
1763 4119 1900 4170 tunc

245 4203 500 4258 maxima
546 4205 883 4274 persecutio.
935 4205 1143 4262 Eodem
1192 4211 1444 4275 tempore
1498 4203 1591 4259 hic
1637 4215 1903 4274 compre—

246 4292 469 4348 hensus
512 4299 596 4350 est
635 4308 667 4350 a
711 4293 1031 4365 Valeriano,
1074 4299 1128 4350 et
1171 4295 1401 4364 ductus,
1443 4297 1508 4350 ut
1543 4292 1902 4349 daemonibus

244 4381 624 4438 sacriﬁcaret.
671 4381 801 4454 Qui,
856 4384 993 4455 quia
1042 4388 1320 4455 praecepta
1368 4383 1495 4453 ejus
1537 4381 1899 4452 contempsit,

2007 3239 2134 3296 quae
2166 3225 2341 3280 certis
2381 3225 2621 3282 iudiciis
2655 3225 3117 3296 comprobantur,
3160 3223 3275 3280 nisi
3311 3236 3439 3294 qua:
3479 3221 3656 3278 mani-

2009 3313 2152 3370 festo
2163 3313 2389 3384 judicio
2400 3314 2844 3382 convincuntur,
2861 3313 2975 3369 nisi
2991 3328 3116 3385 qua:
3125 3311 3441 3384 judiciario
3453 3311 3657 3368 ordine

2011 3402 2400 3474 publicantur.
2424 3406 2559 3460 Item
2586 3403 2929 3460 auctoritate
2948 3407 3005 3460 et
3029 3402 3218 3470 verbis
3243 3399 3501 3472 Apostoli
3527 3411 3659 3455 cou-

2009 3491 2196 3548 ﬁrmat
2224 3491 2421 3563 (Exod.
2459 3492 2621 3565 χχιι),
2661 3492 3096 3563 inscriptionem
3127 3491 3401 3548 adversus
3432 3487 3659 3560 presby-

2009 3588 2193 3638 terum
2226 3595 2337 3638 non
2367 3596 2491 3639 esse
2523 3582 2910 3652 recipiendam
2941 3581 3157 3652 absque
3184 3578 3414 3637 duobus
3441 3577 3526 3634 vel
3558 3577 3658 3634 tri-

2008 3671 2118 3728 bus
2149 3671 2372 3729 idoneis
2428 3672 2674 3728 testibus
2703 3671 2756 3742 (Ι
2783 3675 2917 3727 Tim.
2952 3670 3022 3744 v).
3052 3673 3185 3728 Item
3209 3660 3241 3726 a
3268 3668 3653 3740 predecesso—

2013 3759 2176 3817 ribus
2219 3761 2345 3818 suis
2396 3761 2734 3834 plerumque
2786 3767 3066 3818 statutum
3119 3764 3542 3828 commemorat,
3597 3760 3656 3813 ut

2012 3864 2174 3908 nemo
2213 3850 2514 3907 anathema
2557 3851 2616 3907 in
2655 3851 3053 3922 episcoporum
3103 3848 3389 3919 suscipiat
3429 3859 3658 3903 accusa-

2010 3940 2166 3996 tione
2194 3958 2207 3994 :
2244 3940 2402 4012 item,
2437 3955 2538 3996 nec
2564 3941 2676 4012 illi,
2710 3941 2810 4012 qui
2842 3955 2939 3998 eos
2967 3940 3024 3996 in
3051 3953 3154 3998 sua
3177 3939 3383 3997 nolunt
3404 3935 3658 4008 recipere

2011 4028 2243 4100 querela
2274 4028 2359 4084 vel
2389 4030 2779 4086 accusatione.

2439 4117 2640 4173 XXVI.
2667 4148 2739 4159 —
2762 4119 2816 4175 S.
2848 4118 3227 4175 DIONYSIUS.

2537 4205 2723 4276 (Anno
2754 4207 2957 4262 Christi
2983 4205 3136 4278 261.)

2080 4296 2395 4366 Dionysius
2432 4309 2500 4351 ex
2540 4293 2838 4364 monacho,
2878 4295 3046 4364 cujus
3086 4295 3506 4367 generationem
3543 4307 3655 4350 non

2015 4387 2307 4458 potuimus
2351 4385 2620 4457 reperire,
2666 4383 2818 4441 sedit
2844 4397 3026 4440 annos
3067 4397 3184 4454 sex,
3233 4396 3452 4439 menses
3489 4383 3657 4451 duos,

241 4468 441 4540 capite
483 4475 784 4529 truncatus
834 4478 939 4541 est.
985 4477 1041 4528 et
1083 4486 1212 4528 cum
1257 4485 1322 4528 ϐο
1370 4485 1467 4528 sex
1514 4469 1744 4527 diaconi
1795 4469 1982 4550 subl)
2013 4477 2138 4534 dies
2182 4482 2450 4548 quatuor.
2492 4476 2624 4534 Fuit
2666 4480 2852 4532 autem
2900 4473 3256 4543 temporibus
3295 4471 3544 4540 Galieni,
3589 4485 3655 4528 ex

242 4559 348 4615 die
379 4573 479 4615 VIII
511 4561 644 4617 ldus
685 4561 956 4634 Augusti.
998 4561 1188 4617 Tertia
1232 4567 1421 4617 autem
1465 4560 1560 4617 die
1609 4564 1735 4630 post
1775 4559 1902 4630 ejus

248 4649 577 4720 passionem
602 4663 808 4720 passus
824 4657 928 4721 est,
955 4656 1010 4706 et
1029 4651 1400 4706 beatissimus
1422 4649 1903 4720 Laurentiusejus

242 4738 722 4811 archidiaconus,
758 4754 812 4795 v1
846 4741 979 4797 Idus
1007 4740 1278 4812 Augusti.
1312 4739 1415 4795 Hic
1444 4739 1736 4796 ordinavit
1773 4739 1904 4809 epi-

244 4841 458 4896 scopos
489 4829 654 4898 duos,
687 4829 1044 4900 presbyteros
1073 4833 1338 4900 quatuor,
1368 4828 1641 4884 diaconos
1666 4834 1899 4897 septem.

324 4916 430 4971 Hic
467 4916 524 4972 in
555 4917 822 4988 epistola,
863 4932 1032 4990 quam
1075 4917 1250 4973 Grato
1279 4917 1548 4988 episcOpo
1577 4916 1900 4973 consulenti

243 5020 384 5062 eum
427 5006 588 5063 misit
620 5005 794 5078 (epist.
840 5005 908 5078 4),
941 5007 1265 5064 rationibus
1303 5011 1359 5063 et
1387 5005 1734 5063 auctoritate
1765 5005 1905 5076 plu-

245 5097 535 5152 rimorum
577 5095 966 5169 irrefragabili
1015 5096 1266 5152 asseruit
1309 5102 1365 5152 et
1397 5093 1659 5166 probavit
1685 5094 1900 5152 Filium

246 5186 356 5242 Dei
404 5199 516 5241 non
556 5197 624 5241 ex
676 5189 948 5256 tempore,
993 5198 1175 5257 neque
1217 5189 1344 5256 post
1383 5190 1636 5254 tempora
1680 5190 1899 5257 natum,

211 5294 214 5296 ·
243 5275 348 5334 sed
381 5281 516 5331 ante
550 5275 745 5332 omnia
776 5281 1028 5345 tempora
1056 5275 1127 5331 de
1158 5279 1389 5345 paterno
1422 5279 1583 5330 utero
1615 5273 1903 5332 inenarra-

245 5365 455 5422 biliter
481 5369 832 5437 generatum.
861 5365 986 5435 Hic,
1017 5364 1074 5420 in
1101 5365 1290 5421 eadem
1319 5363 1583 5435 epistola,
1618 5363 1722 5420 hoc
1747 5363 1898 5437 quod

243 5471 279 5513 a
324 5453 530 5511 multis
568 5453 695 5510 suis
735 5452 1194 5510 antecessoribus
1237 5452 1615 5510 constitutum
1656 5460 1795 5526 erat,
1829 5455 1898 5511 ad

245 5543 516 5601 omnium
545 5542 946 5615 episcoporum
985 5541 1272 5600 auxilium
1304 5556 1363 5599 se
1393 5542 1692 5600 robor-asse
1720 5549 1903 5601 osten-

245 5633 342 5689 dit
365 5630 442 5702 (2,
470 5648 526 5703 q.
553 5631 608 5703 6,
629 5647 678 5689 c.
711 5631 959 5704 Omnes):
990 5631 1275 5695 videlicet,
1311 5637 1375 5687 ut
1402 5647 1601 5688 omnes
1619 5633 1896 5704 episcopi,

2011 4566 2107 4622 die
2135 4580 2191 4621 χι
2229 4564 2464 4621 Kalend.
2498 4565 2737 4636 August.
2770 4562 3079 4619 JEmiliano
3109 4567 3165 4618 et
3192 4563 3362 4617 Basso
3393 4560 3661 4616 consuli-

2013 4654 2121 4710 bus
2152 4668 2334 4725 usque
2363 4654 2420 4710 in
2447 4668 2524 4710 vu
2553 4653 2786 4710 Kalend.
2811 4652 3094 4723 Januarii,
3118 4666 3149 4708 a
3169 4649 3474 4708 consulatu
3497 4649 3660 4706 Clau-

2013 4743 2098 4800 dii
2144 4749 2200 4799 et
2239 4743 2485 4798 Paterni.
2518 4743 2622 4798 Hic
2653 4741 3001 4813 presbyteris
3042 4741 3230 4796 Roma:
3261 4738 3569 4813 parochias
3600 4743 3659 4794 et

2013 4831 2286 4888 ecclesias
2314 4831 2474 4887 dedit
2501 4828 2608 4902 (l3,
2638 4847 2693 4902 q.
2730 4826 2780 4892 4,
2813 4844 2860 4886 c.
2893 4829 3201 4900 Ecclesias),
3234 4828 3498 4902 singulas
3527 4827 3656 4884 sin-

2015 4921 2205 4992 gulis:
2239 4925 2296 4976 et
2348 4921 2502 4990 ipsas
2535 4918 2835 4989 parochias
2865 4925 2922 4975 et
2951 4919 3274 4975 cremeteria
3313 4917 3400 4974 eis
3427 4917 3656 4974 dimisit

2015 5006 2346 5084 [divisit],et
2359 5008 2675 5080 unicuique
2683 5007 2782 5077 jus
2797 5006 3002 5062 habere
3015 5007 3311 5077 proprium
3325 5005 3653 5076 constituit,

2014 5099 2094 5155 ita
2129 5098 2416 5169 videlicet,
2460 5103 2524 5154 ut
2563 5096 2763 5154 nullus
2800 5095 3044 5152 alterius
3073 5095 3356 5166 parochias
3382 5096 3658 5153 terminos

2010 5195 2111 5246 aut
2127 5190 2224 5259 jus
2248 5186 2498 5258 invadat,
2527 5187 2623 5243 sed
2654 5185 3058 5257 unusquisque
3082 5185 3209 5242 suis
3233 5186 3312 5242 sit
3331 5190 3654 5243 contentus.

2011 5279 2079 5334 Et
2122 5277 2179 5334 in
2222 5276 2466 5347 epistola
2511 5290 2683 5349 quam
2722 5276 2923 5332 Severo
2967 5275 3234 5347 episcOpo
3272 5271 3659 5332 Cordubensis

2013 5367 2321 5438 provincia:
2351 5366 2668 5424 destinavit
2691 5363 2866 5437 (epist.
2899 5361 2972 5438 2),
3005 5365 3117 5437 ipsi
3144 5365 3368 5434 Severo,
3400 5359 3661 5418 caeteris—

2012 5468 2124 5525 que
2166 5454 2476 5526 episcopis,
2525 5453 2630 5510 hoc
2671 5453 2819 5525 quod
2865 5455 2988 5526 ipse
3028 5454 3161 5510 inde
3202 5451 3323 5520 ipse
3363 5451 3661 5515 statuerat,

2012 5555 2236 5599 servare
2277 5549 2334 5600 et
2380 5543 2546 5616 sequi
2592 5543 2882 5615 praecepit.
2918 5544 3056 5598 Item
3098 5539 3292 5595 eadem
3335 5534 3661 5603 constituit,

2013 5632 2166 5688 sicut
2192 5637 2248 5688 et
2279 5632 2369 5689 sui
2399 5633 2840 5703 pradecessores
2870 5629 3116 5686 fecerant
3147 5623 3254 5698 (l5,
3289 5641 3342 5698 q.
3376 5624 3430 5696 3,
3461 5638 3511 5679 c.
3545 5625 3662 5679 Νε-
