4082 6168
421 252 557 312 4175

1194 207 1486 308 APPEND.
1527 247 1621 305 an
1657 247 1816 305 sae.
1857 247 1952 304 ιχ.
1993 276 2066 288 -
2112 243 2467 301 AUCTORES
2516 242 2688 299 ANNI
2727 240 3019 298 INCERTI.

3674 231 3810 291 H76

420 385 559 438 mini
563 384 610 455 ),
627 397 696 440 ne
717 383 977 439 crimima
995 381 1282 453 episcopis
1302 394 1399 451 per
1413 379 1562 435 alios
1583 379 1783 434 liceret
1799 375 2071 448 impingi,
2094 373 2151 434 A
2179 374 2659 447 redintegrentur,
2685 385 2787 428 nec
2811 369 3134 439 convocari,
3153 381 3257 426 nec
3277 365 3529 438 judicari
3547 363 3822 422 canonice

424 472 538 528 nisi
573 486 670 542 per
701 473 857 544 ipsos
885 472 985 544 qui
1031 471 1275 528 crimina
1320 468 1645 535 intendunt,
1693 471 1749 521 et
1780 467 1892 536 ipsi
1921 464 2063 520 tales

422 561 563 633 sint,
591 561 789 632 quales
806 562 1074 632 superius
1093 566 1477 616 antecessores
1502 571 1636 614 suos
1657 555 2068 612 determinasse

425 665 570 722 sape
591 652 964 708 ostendimus.
989 651 1093 706 llic
1114 649 1404 706 ordinavit
1423 648 1721 719 episcopos
1741 653 1886 718 octo,
1921 658 2069 716 pres-

424 742 648 812 byteros
676 741 996 808 duodecim,
1037 739 1312 795 diaconos
1341 751 1459 794 sex.

920 829 1144 885 XXVII.
1167 859 1240 869 —
1253 829 1308 884 S.
1337 827 1563 883 FELIX.

954 919 1140 989 (Anno
1155 919 1360 974 Christi
1381 914 1534 988 2'72.)

494 1009 670 1080 Felix,
697 1009 928 1066 natione
948 1009 1255 1071 Romanus,
1275 1020 1340 1062 ex
1365 1010 1524 1076 patre
1543 1003 1896 1070 Constantio,
1918 1001 2070 1058 sedit

424 1112 604 1155 annos
633 1103 898 1169 quatuor,
935 1109 1154 1152 menses
1194 1100 1327 1162 tres,
1369 1093 1494 1149 dies
1523 1091 1732 1164 viginti
1787 1090 2062 1161 quinque.

427 1189 528 1244 llic
559 1188 832 1260 martyrio
858 1191 1165 1243 coronatur
1197 1199 1259 1240 ιιι
1293 1183 1528 1240 Kalend.
1557 1181 1735 1239 Junii.
1770 1181 1873 1236 Hic
1903 1179 2072 1237 ordi—

428 1279 584 1335 navit
613 1279 910 1349 episcOpos
937 1277 1215 1348 quinque,
1250 1274 1608 1345 presbyteros
1639 1284 1856 1340 novem,
1884 1271 2073 1326 diaco-

426 1383 530 1425 nos
573 1369 846 1439 quinque.
896 1367 999 1422 llic
1033 1366 1090 1422 in
1120 1364 1384 1436 epistola,
1431 1377 1600 1434 quam
1637 1360 1901 1417 Paternio
1927 1355 2072 1432 [Pa-

425 1455 624 1533 terno]
659 1457 925 1528 episcopo
969 1455 1204 1524 scripsit
1239 1454 1430 1523 (epist.
1469 1449 1491 1507 4
1515 1453 1562 1522 ),
1617 1452 1967 1506 detractores
2017 1453 2073 1503 et

424 1547 792 1603 inimicorum
825 1544 1077 1601 fautores
1105 1544 1176 1598 ab
1213 1541 1524 1613 episcopali
1557 1539 1921 1596 accusatione
1945 1537 2076 1594 sub-

428 1636 637 1693 moveri
689 1635 968 1705 pracipit.
1024 1633 1308 1689 Similiter
1357 1637 1743 1688 antecessores
1787 1643 1924 1685 suos
1975 1642 2073 1683 se—

427 1726 676 1797 quendo,
699 1724 947 1780 ﬁrmavit
976 1721 1070 1794 (3,
1098 1739 1154 1794 q.
1183 1719 1235 1793 4,
1277 1737 1325 1778 c.
1359 1724 1731 1785 Detractores;
1757 1717 1811 1789 2,
1846 1735 1899 1789 q.
1931 1715 1988 1789 7,
2015 1732 2066 1772 c.

427 1816 700 1883 Majorum
716 1814 742 1883 )
767 1827 833 1868 ne
859 1825 1210 1868 summorum
1236 1810 1523 1881 quispiam
1567 1809 1854 1864 minorum
1893 1821 2073 1862 accu—

425 1902 1185 1972 sationibusimpetaturaut
1204 1900 1512 1970 dispereat,
1537 1897 1793 1968 nequein
1818 1910 1877 1952 re
1895 1895 2075 1952 dubia

424 1998 576 2046 certa
603 1990 898 2061 judicetur
927 1988 1230 2059 sententia,
1285 2001 1352 2042 ne
1404 1987 1586 2043 ullum
1633 1985 1923 2056 judicium
1955 1984 2072 2039 nisi

428 2079 837 2136 ordinablliter
862 2077 1123 2134 habitum
1155 2081 1433 2132 teneatur.
1470 2078 1626 2143 Item,
1657 2075 1706 2130 si
1737 2073 1870 2145 quis
1895 2073 2069 2128 cleri-

426 2183 555 2224 cum
580 2182 753 2238 super
775 2165 1135 2239 quibuslibet
1154 2164 1502 2221 criminibus
1524 2164 1868 2235 pulsandum
1898 2162 2077 2219 credi-

427 2257 626 2326 dcrit(
636 2255 689 2328 3,
723 2272 776 2328 q.
802 2253 856 2320 9,
890 2270 938 2311 c.
974 2254 1241 2325 Siquis),
1276 2253 1335 2308 in
1369 2253 1684 2324 provincia,
1715 2252 1774 2308 in
1796 2265 1908 2324 qua
1933 2265 2080 2308 con—

430 2347 592 2404 sistit
618 2346 716 2402 ille
746 2345 846 2416 qui
877 2344 1158 2414 pulsatus,
1192 2356 1327 2399 suas
1361 2347 1553 2399 exerat
1597 2342 1848 2399 rationes
1876 2337 2079 2415 [exer-

429 2442 553 2494 ceat
580 2431 891 2509 actiones],
949 2447 1051 2489 nec
1083 2433 1378 2489 existimet
1409 2445 1539 2488 eum
1582 2438 1882 2488 accusator
1909 2431 2076 2503 alibi,

431 2529 532 2581 aut
563 2524 792 2596 longius
837 2522 1286 2594 protrahendum
1315 2521 1384 2577 ad
1417 2521 1830 2592 judicium;et
1853 2520 1903 2576 si
1955 2519 2074 2590 ille,

431 2614 532 2685 qui
556 2613 820 2684 pulsatus
837 2611 1032 2679 fuerit,
1052 2617 1348 2682 suspectos
1367 2609 1894 2680 babueritjudices,
1908 2609 2080 2665 liceat

429 2703 481 2759 ei
511 2700 797 2772 appellare
829 2701 1119 2771 primates.
1174 2701 1451 2756 Primates
1490 2712 1717 2770 quoque
1746 2705 2076 2755 accusatum

432 2791 812 2848 discutientes
840 2789 1172 2860 episcOpum
1205 2787 1288 2861 (2,
1317 2805 1373 2860 q.
1423 2786 1474 2858 l,
1517 2802 1565 2844 c.
1599 2789 1919 2860 Primates),
1967 2801 2078 2843 non

435 2880 600 2951 prius
629 2877 1019 2935 damnationis
1048 2878 1388 2934 sententiam
1413 2875 1724 2948 proferant,
1751 2889 1920 2948 quam
1951 2890 2084 2946 apo-

2177 466 2390 537 poterit
2418 463 2506 537 {3,
2535 480 2588 536 q.
2621 461 2675 534 2,
2718 477 2767 518 c.
2797 462 2857 517 Si
2897 459 3189 532 episcop.).
3235 457 3368 515 Post
3397 455 3817 513 restitutionem

2178 571 2306 614 vero
2337 569 2522 628 suam,
2549 559 2604 610 et
2629 566 2864 610 suorum
2907 548 3472 623 redintegrationem,
3496 552 3636 603 tunc
3667 559 3822 618 regu-

2178 648 2378 704 lariter
2402 643 2552 702 infra
2575 648 2822 716 quatuor
2841 642 2928 698 vel
2955 641 3212 712 quinque
3237 638 3322 694 vel
3344 640 3556 708 septem
3581 648 3822 703 menses,

2173 739 2337 808 juxta
2371 735 2517 808 quod
2554 732 2912 806 possibilitas
2939 729 3136 799 fuerit,
3167 732 3513 785 convocatus
3539 725 3612 782 ad
3640 725 3828 781 conci-

2181 827 2323 884 lium
2346 824 2666 898 legitimum
2685 827 2740 878 et
2758 822 3026 878 idoneum
3048 819 3268 885 veniat;
3292 822 3347 873 et
3363 817 3413 872 si
3437 817 3687 886 itajuste
3703 826 3827 870 esse

2177 917 2460 986 videatur,
2487 912 2882 970 accusantium
2929 907 3426 980 propositionibus
3465 904 3822 976 respondeat.

2177 1005 2371 1062 Adimi
2422 1016 2665 1074 namque
2708 1001 2975 1072 episcOpo
3041 999 3456 1069 episc0patum,
3519 999 3826 1064 antequam

2179 1109 2364 1153 causa
2392 1095 2518 1166 ejus
2547 1093 2740 1149 exitus
2774 1095 3064 1162 appareat,
3101 1086 3469 1158 sacrilegium
3491 1090 3598 1154 est,
3636 1090 3695 1139 et
3717 1097 3828 1139 an-

2180 1192 2304 1241 ctor
2333 1183 2536 1240 talium
2569 1181 2902 1252 sacrilegus.
2940 1179 2998 1234 Si
3031 1192 3164 1234 vero
3194 1182 3478 1248 agrotans
3508 1172 3689 1230 fuerit
3717 1171 3832 1242 epi-

2182 1274 2431 1345 scopus(
2445 1271 2498 1342 5,
2525 1288 2578 1343 q.
2613 1269 2666 1342 3,
2699 1286 2748 1326 c.
2783 1271 2844 1325 Si
2866 1273 3135 1337 aegrotans
3150 1269 3198 1339 ),
3227 1270 3329 1322 aut
3352 1265 3549 1336 aliqua
3581 1277 3714 1319 eum
3746 1274 3833 1316 ne-

2181 1365 2419 1421 cessitas
2448 1361 2784 1431 detinuerit,
2809 1373 2911 1430 pro
2940 1373 3000 1414 se
3023 1358 3269 1430 legatum
3292 1357 3360 1412 ad
3393 1355 3679 1426 synodum
3708 1353 3833 1408 mit-

2183 1459 2286 1525 tat,
2335 1467 2404 1509 ne
2452 1466 2485 1508 a
2535 1449 2936 1508 communione
2991 1447 3396 1517 suspendatur,
3456 1444 3554 1501 cui
3608 1443 3830 1499 crimen

2185 1543 2527 1610 intenditur,
2563 1541 2678 1597 nisi
2709 1539 2778 1596 ad
2814 1551 3044 1594 causam
3076 1549 3236 1592 suam
3267 1534 3568 1591 dicendam
3615 1533 3837 1590 electo—

2186 1631 2598 1701 rumjudicum
2637 1628 2732 1684 die
2779 1630 2994 1683 statuta
3024 1625 3240 1681 litteris
3288 1631 3553 1679 evocatus
3598 1622 3840 1677 minime

2101 1703 2154 1766 Β
2185 1719 2520 1777 occurrerit.
2554 1718 2712 1788 Quod
2740 1717 2789 1772 si
2813 1716 2880 1771 ad
2910 1728 3138 1771 causam
3171 1713 3473 1769 dicendam
3499 1726 3567 1767 ex
3591 1716 3838 1782 utraque

2186 1816 2343 1882 parte
2376 1808 2656 1877 venerint,
2689 1806 2826 1877 quia
2858 1819 3010 1861 unus
3036 1804 3253 1876 absque
3282 1803 3460 1858 altero
3498 1801 3695 1858 audiri
3728 1814 3838 1856 non

2183 1900 2369 1962 debet,
2399 1896 2768 1969 quarendum
2793 1899 2880 1951 est
2904 1895 2960 1949 in
2983 1893 3232 1964 judicio,
3267 1892 3435 1961 cujus
3456 1891 3578 1947 sint
3608 1903 3839 1947 conver-

2185 1988 2449 2056 sationis,
2483 1990 2540 2043 et
2561 1985 2717 2056 ﬁdei,
2752 1990 2924 2054 atque
2948 1981 3304 2052 suspicionis
3331 1985 3718 2048 accusatores,
3741 1986 3842 2035 aut

2186 2093 2300 2152 qua
2336 2075 2656 2134 intentione
2709 2075 2815 2130 hoc
2846 2073 3095 2130 faciant:
3131 2071 3269 2142 quia
3321 2071 3391 2126 ad
3449 2069 3556 2126 hoc
3605 2069 3837 2125 admitti

2189 2183 2298 2226 non
2325 2167 2552 2228 debent,
2582 2164 2697 2221 nisi
2725 2164 2886 2220 bona
2929 2160 3384 2219 conversationis
3407 2164 3463 2216 et
3489 2164 3664 2216 necta
3686 2158 3838 2229 ﬁdei,

2187 2264 2244 2315 et
2273 2256 2373 2328 qui
2406 2255 2562 2312 omni
2611 2257 2845 2311 careant
2886 2251 3240 2321 suspicione.
3271 2250 3329 2305 Si
3362 2262 3495 2306 vero
3522 2248 3846 2318 culpabiles

2183 2347 2408 2418 judicio
2433 2345 2834 2416 episcoporum
2859 2345 3257 2398 accusatorum
3287 2351 3545 2410 persona
3569 2351 3845 2408 apparue-

2189 2436 2356 2506 rint(
2372 2433 2430 2505 3,
2478 2450 2536 2505 q.
2576 2431 2664 2503 40,
2715 2448 2764 2489 c.
2799 2432 2862 2487 Si
2906 2435 3285 2485 accusatorum
3299 2429 3347 2499 ),
3378 2427 3448 2482 ad
3478 2426 3842 2498 arguendum

2188 2539 2300 2582 non
2331 2523 2730 2581 admittantur.
2762 2520 3006 2577 Absente
3031 2533 3163 2576 vero
3186 2517 3514 2574 adversario
3537 2521 3846 2572 accusator

2189 2626 2300 2671 non
2332 2610 2720 2683 audiatur(3,
2771 2627 2825 2682 q.
2871 2607 2925 2680 9,
2963 2624 3010 2665 c.
3064 2607 3348 2678 Absente),
3403 2619 3507 2662 nec
3559 2604 3847 2661 sententia

2187 2703 2420 2759 absente
2451 2706 2610 2773 parte
2634 2701 2749 2757 alia
2775 2714 2807 2756 a
2833 2699 3030 2770 judice
3073 2698 3230 2754 dicta
3261 2695 3435 2753 ullam
3483 2693 3603 2750 vim
3630 2693 3851 2750 obtine-

2191 2793 2315 2861 bit;
2352 2805 2452 2847 nec
2503 2789 2710 2846 absens
2753 2802 2852 2859 per
2880 2788 3061 2844 alium
3110 2798 3378 2842 accusare
3429 2789 3531 2840 aut
3577 2783 3849 2839 accusari

2193 2885 2379 2952 potest
2405 2898 2420 2950 ;
2445 2893 2546 2936 nec
2575 2877 2763 2935 afﬁnis
2793 2877 2959 2934 testis
2983 2875 3344 2932 admittatur.
3371 2872 3680 2945 Peregrina
3707 2872 3849 2927 item

431 2968 636 3027 stolica
667 2965 799 3024 freti
829 2968 1191 3038 auctoritate,
1214 2973 1316 3023 aut
1341 2980 1498 3023 reum
1529 2965 1782 3036 seipsum
1821 2965 2084 3025 conﬁtea.
2119 3032 2160 3041 _
2187 2970 2412 3040 judicia
2444 2968 2695 3041 generali
2725 2967 3022 3023 sanctione
3052 2961 3390 3034 removit(3,
3424 2979 3479 3034 q.
3505 2958 3564 3031 7,
3597 2976 3648 3018 c.
3679 2963 3854 3016 Pere—

439 3065 552 3130 tur,
584 3064 685 3116 aut
715 3072 813 3129 per
840 3058 1171 3114 innocentes
1200 3063 1255 3113 et
1276 3056 1551 3112 canonice
1598 3056 1956 3112 examinatos
1987 3069 2084 3112 re-
2113 3032 2162 3095 Ο
2187 3032 2404 3131 princ).
2445 3032 2608 3114 “Item
2689 3057 2748 3113 in
2800 3056 2994 3112 eadem
3048 3054 3266 3126 synodo
3317 3032 3488 3123 ὲιιρὲι-
3538 3051 3854 3107 memorias

435 3149 713 3222 gulariter
750 3152 902 3204 texte
943 3149 1382 3216 convincantur,
1418 3152 1474 3202 et
1520 3151 1742 3202 catera.
1779 3148 1838 3202 In
1889 3146 2083 3202 eadem

435 3238 740 3309 subjunxit
760 3238 829 3294 de
849 3237 1244 3308 episcoporum
1271 3236 1485 3306 injusta
1503 3234 2004 3308 damnationeﬂli,
2027 3252 2081 3308 q.

436 3326 490 3398 3,
518 3342 565 3383 c.
599 3329 825 3382 I-rritum
841 3327 888 3398 ),
919 3326 990 3383 de
1031 3326 1156 3396 ejus
1187 3325 1287 3397 qui
1336 3333 1641 3382 accusatus
1682 3331 1768 3382 est
1804 3324 2083 3396 absentia,

436 3417 507 3474 de
533 3415 850 3487 proditoris
879 3415 1190 3486 calumnia,
1225 3429 1349 3486 qua
1387 3420 1774 3471 antecessores
1802 3429 1944 3470 suos
1974 3428 2088 3470 sa—

437 3519 744 3578 penumero
769 3507 826 3562 in
879 3506 1004 3562 suis
1041 3505 1286 3562 decretis
1319 3505 1655 3576 pracepisse
1685 3517 1859 3574 supra
1888 3509 2089 3560 osten-

437 3597 651 3652 dimus.

512 3684 826 3740 Pradictus
844 3696 974 3739 vero
994 3681 1249 3752 pontifex
1269 3681 1460 3751 (epist.
1481 3679 1518 3736 2
1535 3680 1573 3752 ),
1591 3680 1812 3736 auditis
1829 3681 2086 3738 omnium

442 3773 840 3844 episcoporum
865 3771 1267 3841 querimoniis,
1297 3769 1395 3840 qui
1423 3783 1520 3838 per
1540 3769 1742 3826 Gallia
1765 3770 2090 3840 provincias

444 3860 746 3917 constituti
776 3857 1021 3925 fuerant,
1053 3864 1109 3913 et
1137 3871 1333 3913 eorum
1358 3857 1834 3926 Oppressionibus
1861 3866 2091 3930 paterne

446 3961 801 4018 compassus,
827 3945 1156 4001 convocatis
1177 3945 1428 4015 amplius
1460 3960 1628 4018 quam
1663 3947 2090 4020 quinquaginta

447 4035 882 4109 [septuaginta]
906 4035 1213 4106 episc0pis,
1245 4041 1474 4106 prepter
1506 4035 1887 4109 malignorum
1915 4037 2093 4093 homi-

450 4140 584 4182 num
605 4125 869 4182 insidias.
897 4124 994 4196 qui
1017 4124 1077 4180 in
1103 4123 1401 4180 ecclesiam
1422 4129 1476 4182 et
1497 4126 1918 4183 ecclesiasticos
1937 4127 2094 4182 viros

447 4213 755 4271 saviebant
797 4213 1207 4285 indifferenter,
1241 4213 1501 4285 synodali
1527 4214 1753 4271 decreto
1789 4215 2096 4285 episcopo-

449 4318 574 4360 rum
606 4302 933 4372 constituit,
964 4303 1034 4358 de
1071 4303 1456 4373 accusatione,
1494 4309 1558 4358 ut
1584 4307 1904 4373 accusator,
1930 4303 1978 4359 si
2009 4309 2096 4359 est

2195 3155 2506 3220 martyrum
2539 3147 2745 3203 missas
2781 3144 3056 3202 celebrari
3103 3142 3428 3212 constituit,
3461 3155 3531 3198 ne
3574 3139 3854 3196 memoria

2195 3253 2391 3295 eorum
2417 3251 2448 3294 a
2472 3237 2640 3294 malis
2684 3235 2866 3306 possit
2913 3233 3228 3306 exstingui,
3260 3238 3360 3288 aut
3383 3230 3676 3287 veneratio
3711 3242 3858 3300 pro-

2198 3326 2406 3384 hiberi.

2552 3413 2802 3470 XXVIII.
2822 3443 2895 3452 —
2909 3412 2963 3468 S.
2989 3409 3479 3467 EUTYCHIANUS.

2730 3500 2913 3573 (Anno
2946 3501 3147 3556 Christi
3165 3496 3288 3555 275.
3311 3498 3327 3568 )

2265 3592 2679 3664 Eutycbianus,
2727 3591 2958 3647 natione
2999 3592 3239 3654 Tuscus,
3275 3602 3343 3644 ex
3389 3591 3548 3658 patre
3602 3585 3851 3654 Marino,

2195 3684 2267 3740 de
2287 3683 2521 3738 civitate
2546 3681 2745 3751 Lunis,
2778 3681 2929 3737 sedit
2973 3693 3158 3735 annos
3185 3683 3334 3748 octo,
3364 3689 3612 3733 mensem
3647 3689 3854 3742 unum,

2197 3773 2348 3829 diem
2391 3784 2590 3828 unum.
2625 3771 2758 3826 Fuit
2803 3775 2992 3826 autem
3041 3767 3397 3839 temporibus
3445 3764 3774 3830 Aureliani,
3822 3777 3855 3819 a

2200 3859 2504 3918 consulatu
2532 3858 2831 3915 Aureliani
2859 3858 3052 3925 tertio,
3087 3863 3142 3914 et
3177 3854 3517 3912 Marcellini.
3551 3853 3658 3909 Hic
3687 3853 3857 3908 ordi-

2201 3949 2358 4006 navit
2391 3949 2692 4019 episcopos
2732 3961 2950 4018 novem,
3005 3947 3363 4018 presbyteros
3393 3942 3855 4015 quatuordecim,

2199 4039 2473 4095 diaconos
2503 4037 2779 4109 quinque.
2805 4037 2908 4092 Hic
2948 4035 3223 4106 martyrio
3269 4037 3580 4090 coronatur
3603 4045 3710 4087 Vlll
3737 4031 3857 4086 Ka-

2201 4127 2352 4184 lend.
2383 4125 2648 4198 Augusti.
2686 4125 2786 4180 llic
2812 4125 2867 4180 in
2887 4123 3130 4194 epistola
3149 4137 3314 4195 quam
3345 4121 3551 4178 Joanni
3582 4120 3856 4190 episcOpo

2201 4224 2258 4274 et
2275 4215 2499 4272 cateris
2527 4213 2814 4284 episcopis
2838 4227 2935 4283 per
2954 4213 3216 4269 Baticam
3257 4210 3614 4282 provinciam
3643 4209 3859 4265 consti-

2204 4305 2349 4362 tutis
2378 4304 2539 4360 misit
2572 4301 2760 4374 (epist.
2809 4300 2892 4375 4),
2919 4302 3226 4359 constituit
3266 4305 3330 4357 ut
3359 4297 3503 4354 faba
3525 4304 3584 4355 et
3628 4312 3774 4367 uva,
3802 4304 3858 4352 et

449 4393 709 4463 idoneus,
735 4405 846 4448 non
870 4391 1031 4462 prius
1060 4391 1365 4462 cujuslibet
1400 4391 1654 4462 episcopi
1687 4405 1915 4447 causam
1942 4393 2092 4462 apud
2121 4408 2174 4468 D
2204 4401 2405 4451 catera
2433 4407 2558 4463 qua
2596 4391 2841 4462 apostoli
2887 4391 3334 4460 constituerunt,
3378 4389 3447 4445 ad
3497 4387 3682 4444 altare
3714 4386 3858 4443 oﬁe—

451 4483 724 4553 primates
747 4480 982 4552 deferat,
1017 4494 1187 4552 quam
1215 4495 1343 4536 eum
1372 4480 1712 4536 charitative
1755 4483 2085 4538 conveniat:

449 4577 506 4626 et
529 4585 658 4628 cum
687 4569 868 4641 ipsam
891 4582 1121 4625 causam
1144 4569 1432 4638 corrigere
1458 4569 1610 4624 nolle
1634 4569 1932 4644 intelligit,
1958 4576 2094 4627 tunc

449 4660 680 4715 demum
717 4658 786 4713 ad
842 4671 1096 4714 summos
1147 4657 1419 4726 primates
1443 4670 1614 4714 causa
1670 4659 1795 4730 ejus
1824 4660 2097 4716 canonice

445 4745 756 4802 deferatur.
783 4745 892 4814 Qui
929 4745 1195 4800 videlicet
1226 4745 1496 4816 primates
1529 4761 1782 4820 congruo
1822 4753 2093 4820 tempore,

454 4835 509 4890 id
537 4840 641 4904 est,
675 4833 1020 4902 autumnali,
1053 4833 1138 4890 vel
1170 4836 1387 4908 astivo,
1433 4841 1489 4892 et
1529 4850 1782 4909 congruo
1815 4837 1958 4909 loco,
2009 4837 2095 4894 vel

454 4925 604 4980 intra
633 4923 1006 4994 provinciam,
1029 4925 1343 4982 concilium
1363 4925 1620 4982 omnium
1649 4928 2100 4998 comprovincia-

453 5014 598 5070 lium
637 5027 946 5070 convocare
977 5014 1320 5087 regulariter
1364 5014 1688 5072 debebunt:
1745 5031 1860 5089 quo
1889 5023 1944 5073 et
1976 5017 2099 5089 ipse

457 5102 800 5175 regulariter
827 5109 1172 5160 convocatus
1201 5103 1395 5160 venire
1417 5104 1604 5177 debet,
1634 5105 1685 5162 si
1711 5120 1840 5162 eum
1859 5106 2098 5163 inﬁrmi-

454 5199 559 5264 tas,
587 5197 689 5250 aut
719 5191 834 5248 alia
874 5193 1067 5264 gravis
1111 5193 1422 5250 necessitas
1449 5208 1561 5250 non
1587 5194 1925 5251 detinuerit.
1956 5198 2095 5252 Nam

451 5282 499 5338 si
527 5283 673 5351 suis,
697 5287 798 5338 aut
848 5281 1102 5338 ecclesia
1155 5282 1324 5339 rebus
1369 5283 1481 5339 sibi
1535 5283 1864 5340 commissis
1921 5283 2097 5342 fuerit

452 5372 827 5444 exspoliatus,
857 5377 958 5428 aut
990 5371 1046 5426 in
1091 5371 1419 5428 dctentione
1447 5373 1644 5444 aliqua
1669 5386 1700 5427 a
1726 5374 1852 5430 suis
1892 5375 2098 5431 ovibus

453 5459 1058 5532 fueritsequestratus,
1077 5467 1379 5532 antequam
1402 5461 1460 5516 in
1485 5461 1794 5531 pristinum
1826 5463 2096 5520 honorem

455 5563 582 5605 cum
600 5549 754 5606 omni
773 5549 1078 5621 privilegio
1091 5549 1522 5619 restituatur,et
1536 5564 1638 5606 sua
1657 5551 1849 5607 omnia
1873 5551 2098 5625 legibus

2205 4489 2426 4549 rantur,
2468 4486 2686 4538 catera
2712 4493 2844 4537 vero
2875 4480 3095 4550 species
3124 4481 3194 4536 ad
3225 4479 3458 4535 domum
3491 4477 3854 4534 sacerdotum

2201 4571 2568 4641 deferantur;
2601 4576 2658 4627 et
2694 4570 2948 4641 simplici
2997 4569 3395 4625 benedictione
3451 4567 3792 4634 benedicta,
3828 4579 3857 4620 a

2206 4661 2434 4732 pOpulis
2465 4661 2544 4716 ita
2574 4661 2801 4716 demum
2831 4663 3135 4716 sumantur
3154 4657 3480 4728 (Canonum,
3508 4671 3558 4712 c.
3597 4653 3680 4728 4).

2275 4750 2377 4805 llic
2401 4749 2549 4806 idem
2573 4747 2829 4820 pontifex
2852 4748 2911 4804 in
2927 4747 3044 4804 alia
3061 4745 3306 4819 epistola
3326 4758 3499 4816 quam
3519 4745 3854 4811 destinavit,

2207 4839 2496 4896 universis
2510 4839 2800 4909 episcopis
2815 4851 2912 4908 per
2927 4836 3186 4894 Siciliam
3209 4821 3580 4905 constitutis(
3591 4837 3752 4905 epist.
3773 4832 3806 4889 Ξ
3821 4834 3855 4904 ),

2207 4928 2465 4985 ordinem
2497 4926 2886 4984 accusationis
2910 4925 3167 4997 exponit,
3193 4938 3361 4996 quem
3383 4923 3506 4996 ipse
3525 4938 3660 4980 cum
3684 4924 3859 4980 omni-

2208 5019 2316 5076 bus
2336 5019 2642 5089 episcopis,
2665 5022 2723 5074 et
2741 5022 2950 5074 sancta
2973 5017 3238 5073 Romana
3261 5013 3528 5070 Ecclesia
3551 5013 3671 5069 utri
3682 5025 3858 5084 usque

2207 5107 2434 5168 ordinis
2464 5105 2732 5163 ﬁdelibus
2761 5106 3067 5163 constituit
3095 5119 3160 5161 ac
3185 5104 3480 5172 discrevit,
3519 5103 3602 5158 ita
3623 5103 3854 5158 dicens:

2205 5197 2326 5251 Non
2354 5197 2433 5249 ita
2470 5196 2529 5248 in
2571 5195 2944 5250 ecclesiasticis
2981 5193 3252 5262 agendum
3300 5192 3529 5260 negotiis
3554 5191 3584 5258 (
3603 5188 3657 5254 2,
3705 5207 3762 5262 q.
3807 5188 3856 5254 6,

2206 5301 2255 5340 c.
2288 5286 2410 5340 Non
2439 5285 2515 5338 ita
2527 5284 2574 5354 ),
2601 5285 2740 5339 sicut
2780 5285 2840 5338 in
2879 5282 3228 5338 sacularibus
3255 5299 3273 5334 :
3303 5283 3436 5351 quia
3478 5284 3537 5335 in
3568 5281 3861 5334 δείξαις]νὶ-

2209 5375 2328 5432 bus.
2349 5377 2640 5443 postquam
2661 5373 2865 5441 legibus
2890 5377 3109 5426 vocatus
3147 5372 3272 5440 quis
3300 5371 3528 5431 venerit,
3557 5375 3612 5423 et
3643 5371 3702 5424 in
3742 5373 3858 5438 foro

2209 5463 2480 5518 decertare
2501 5463 2737 5531 caperit,
2777 5477 2887 5515 non
2929 5461 3052 5515 licet
3088 5465 3138 5514 et
3159 5465 3287 5514 ante
3315 5464 3599 5529 peractam
3642 5474 3860 5512 causam

2208 5551 2486 5618 recedere;
2516 5553 2575 5604 in
2615 5551 2987 5605 ecclesiasticis
3016 5564 3139 5605 vero
3178 5546 3325 5602 dicta
3370 5562 3559 5615 causa,
3615 5548 3860 5601 recedere
