4082 6168
337 192 475 252 4477
1187 206 1451 265 PSEUDO
1487 207 1904 267 LUITPRANDI
1942 205 2066 266 LIB.
2113 208 2204 266 DE
2250 207 2426 266 VITIS
2466 206 2634 264 ROM.
2689 209 2886 266 PONT.
3608 205 3748 267 M78

331 320 474 385 licet,
513 323 565 378 si
600 340 811 382 necesse
846 329 1036 395 tuerit,
1076 336 1176 386 aut
1224 334 1274 386 si
1309 348 1367 388 se
1393 335 1740 404 praegravari
1764 333 1988 388 viderit.
2022 328 2391 406 Aexorcista,
2428 335 2560 393 inde
2590 341 2852 394 sacretur
2885 337 3170 408 acolytus,
3203 337 3411 395 deinde
3431 333 3746 393 subdiaco—

330 409 716 468 Accusationis
747 422 928 472 autem
955 420 1202 476 ordinem
1225 423 1388 478 talem
1426 425 1678 495 dicimus,
1705 428 1756 478 et
1779 421 1991 477 seruari
2102 435 2230 493 nus,
2262 424 2471 482 deinde
2495 427 2775 483 diaconus
2799 432 2856 483 et
2881 433 3070 496 postea
3094 427 3402 498 presbyter.
3431 425 3668 495 Exinde,
3693 424 3743 481 si

319 500 584 568 jubemus
605 523 622 558 :
647 506 708 560 id
728 511 826 570 est,
857 510 908 564 si
949 512 1074 580 quis
1113 513 1432 568 clericornm
1474 516 1534 569 in
1560 515 1786 569 crimine
1813 513 1992 582 impe-
2100 519 2366 583 meretur,
2395 517 2700 588 episcopus
2727 517 3048 581 ordinetur,
3071 523 3129 573 et
3149 518 3410 589 regiones
3436 516 3495 572 in
3525 514 3748 586 magnis

331 592 488 658 titur,
530 609 640 648 non
664 599 850 652 statim
891 614 1017 655 reus
1055 603 1415 667 existimetur,
1458 605 1591 674 quia
1621 604 1844 658 causari
1873 599 1991 671 [qui
2097 602 2434 662 civitatibus
2469 607 2620 664 inter
2658 607 2932 664 diaconos
2959 606 3144 662 dividi
3187 606 3490 676 praecepit:
3532 609 3589 660 et
3615 616 3746 659 om-

330 680 601 758 accusari]
639 688 842 755 potuit,
897 704 964 743 ne
1009 691 1308 760 subjectum
1340 689 1682 768 [suspectam]
1723 695 1988 746 innocen-

330 772 466 826 tiam
483 775 784 840 faciamus.
813 776 922 832 Sed
947 782 1198 851 quisquis
1214 783 1306 838 ille
1329 788 1427 847 est,
1461 786 1558 853 qui
1577 785 1779 839 crimen
1798 783 1986 836 inten-

330 860 416 915 dit
448 863 509 916 in
538 863 818 931 judicium
837 870 1039 933 veniat,
1071 887 1264 926 nomen
1283 875 1366 927 rei
1393 874 1614 936 indicet,
1654 872 1875 926 vincula
1902 871 1986 924 inp

328 953 643 1021 scriptionis
685 957 945 1026 arripiat,
994 961 1250 1015 custodiae
1296 959 1605 1036 [custodiat]
1651 958 1986 1015 similitudi-

329 1055 470 1102 nem,
524 1042 714 1098 habita
745 1049 924 1100 tamen
960 1048 1247 1116 dignitatis
1298 1052 1699 1106 existimatione
1731 1049 1984 1119 patiatur

334 1123 646 1206 [potiatur],
669 1148 736 1187 ne
764 1137 904 1202 forte
926 1140 1152 1192 moverit
1180 1140 1399 1194 licentia
1421 1135 1650 1212 [noverit
1689 1131 1979 1210 licentiam]

339 1222 659 1285 mentiendi,
691 1239 813 1278 cum
850 1227 1245 1284 calumniantes
1283 1229 1358 1284 ad
1389 1230 1690 1284 vindictam
1707 1232 1898 1300 poscat
1925 1225 1997 1280 si-

328 1312 584 1366 militudo
620 1315 896 1384 supplicii.
940 1317 1268 1388 Haereticos,
1320 1326 1377 1375 et
1424 1324 1741 1390 suspectos,
1783 1324 1840 1374 et
1885 1331 1994 1373 ex—

329 1407 719 1459 commucatos
777 1403 1098 1462 homicidas
1154 1422 1383 1478 quoque
1433 1414 1490 1464 et
1539 1408 1844 1477 maleﬁcos,
1889 1405 1992 1462 fu—

333 1504 444 1561 res,
473 1491 806 1564 sacrilegos,
826 1499 1101 1568 raptores,
1132 1498 1428 1568 veneﬁcos,
1460 1497 1776 1566 adulteros,
1800 1500 1858 1552 et
1885 1495 1985 1567 qui

333 1586 560 1651 raptum
593 1581 851 1654 fecerint,
894 1585 976 1641 vel
1018 1584 1228 1643 falsum
1259 1587 1655 1645 testimonium
1703 1586 1982 1652 dixerint,

2098 703 2198 748 nes
2222 692 2490 752 difﬁciles
2505 696 2867 768 quaestiones,
2892 711 3016 767 quae
3036 700 3246 752 exortis
3263 694 3500 764 fuerint,
3524 705 3746 762 semper

2094 779 2164 836 ad
2185 783 2554 852 apostolicam
2583 786 2770 842 sedem
2798 785 2998 842 referri
3028 784 3317 855 praecepit.

2451 874 2634 929 XXX.
2680 905 2748 914 —
2794 876 2850 931 S.
2885 872 3382 930 MARCELLINUS.

2591 963 2776 1036 (Anno
2832 966 3035 1022 Christi
3101 963 3250 1036 296.)

2164 1051 2555 1126 Marcellinus,
2590 1055 2821 1113 natione
2841 1057 3152 1126 Romanus,
3183 1069 3252 1111 ex
3285 1059 3443 1124 patre
3468 1052 3745 1121 Projecto,

2105 1140 2332 1196 seditan
2342 1157 2446 1200 nos
2467 1158 2686 1217 novem,
2701 1160 2921 1202 menses
2935 1152 3203 1216 quatuor,
3222 1145 3348 1201 dies
3358 1143 3566 1216 viginti
3583 1143 3752 1215 quin'

2107 1246 2232 1303 que.
2257 1235 2392 1291 Fuit
2415 1242 2602 1292 autem
2626 1237 2981 1308 temporibus
3009 1235 3352 1292 Diocletiani
3379 1239 3432 1290 et
3458 1233 3751 1289 Maximia-

2105 1323 2184 1378 ni.
2205 1325 2328 1393 Quo
2358 1331 2609 1395 tempore
2622 1332 2776 1382 tanta
2792 1325 2906 1382 fuit
2924 1325 3243 1395 persecutio
3259 1324 3745 1391 Christianorum,

2102 1418 2165 1468 ut
2191 1413 2342 1469 intra
2368 1415 2608 1486 triginta
2632 1416 2774 1483 dies,
2805 1414 3206 1485 septemdecim
3235 1413 3423 1468 millia
3449 1413 3746 1468 hominum

2101 1503 2415 1572 promiscui
2435 1519 2604 1560 sexus
2632 1519 2730 1574 per
2748 1505 3005 1560 diversas
3028 1504 3354 1574 provincias
3375 1502 3650 1572 martyrio
3662 1515 3750 1557 co-

2101 1597 2463 1649 ronarentur.
2492 1595 2648 1649 Tunc
2674 1599 2728 1649 et
2753 1594 2874 1663 ipse
2895 1593 3267 1648 Marcellinus
3287 1591 3621 1661 compulsus
3643 1590 3751 1646 da:-

329 1676 388 1727 et
413 1685 626 1741 omnes,
661 1673 762 1742 qui
802 1672 1146 1731 Christiana:
1180 1675 1481 1748 religionis
1511 1680 1568 1732 et
1599 1675 1855 1732 nominis
1885 1675 1988 1730 di-
2018 1667 2070 1728 Β
2103 1681 2371 1738 monibus
2421 1683 2784 1739 sacriﬁcavit.
2836 1683 2941 1737 Sed
2971 1687 3098 1751 post
3139 1693 3348 1751 paucos
3377 1679 3503 1736 dies
3531 1680 3749 1749 synodo

332 1759 628 1830 gnitatem,
683 1767 740 1816 et
773 1775 892 1817 suae
936 1762 1081 1834 legis
1109 1763 1193 1819 vel
1249 1765 1529 1835 propositi
1575 1778 1852 1826 normam.
1885 1768 1987 1820 aut

333 1849 678 1920 regulariter
709 1850 1002 1920 prohibita
1031 1851 1406 1925 neglexerint,
1439 1868 1472 1910 a
1493 1853 1729 1910 licentia
1752 1859 1865 1909 tam
1900 1866 1985 1908 ac-

332 1939 600 2005 cusandi,
643 1953 811 2010 quam
862 1941 1209 1998 testiﬁcandi
1240 1943 1477 2000 omnino
1509 1943 1768 2000 removit.
1801 1941 1987 1998 Simi-

334 2029 470 2086 liter
493 2029 814 2101 prohibuit,
846 2035 908 2086 ut
935 2031 1110 2088 nulla:
1135 2046 1322 2088 causae
1341 2046 1380 2089 a.
1397 2033 1698 2104 judicibus
1723 2031 1987 2089 ecclesia-

331 2119 502 2175 sticis
529 2119 864 2188 audiantur,
899 2135 1026 2191 qua:
1074 2121 1301 2194 legibus
1332 2136 1444 2178 non
1476 2122 1866 2191 continentur,
1900 2121 1986 2178 vel

332 2223 461 2280 qua:
493 2207 784 2278 prohibita
814 2222 937 2266 esse
980 2217 1338 2267 noscuntur:
1375 2211 1513 2283 quia
1536 2225 1645 2267 non
1679 2210 1866 2267 solum
1888 2223 1989 2265 ec-

333 2297 696 2370 clesiasticae,
739 2297 836 2354 sed
864 2298 1036 2354 etiam
1082 2300 1280 2356 seculi
1331 2301 1482 2374 leges
1521 2301 1638 2357 haec
1691 2299 1989 2356 observare

336 2387 702 2458 praecipiunt.
786 2389 922 2444 Item
993 2387 1255 2460 afﬁrmat,
1317 2389 1532 2462 quibus
1598 2403 1833 2462 regnum
1885 2387 1989 2444 Dei

331 2476 686 2550 excluditur,
717 2477 916 2549 procul
955 2478 1136 2536 dubio
1179 2484 1236 2535 et
1263 2479 1516 2537 Ecclesia
1545 2479 1878 2552 denegatur.

833 2569 1043 2624 XXIX.
1065 2598 1139 2609 —
1159 2569 1213 2625 S.
1268 2568 1486 2626 CAIUS.

863 2655 1046 2728 (Anno
1087 2658 1292 2714 Christi
1313 2657 1463 2731 283.)

405 2744 598 2813 Caius,
636 2745 869 2803 natione
895 2747 1271 2821 Dalmaticus,
1303 2762 1371 2804 ex
1410 2761 1614 2820 genere
1641 2748 1988 2808 Diocletiani

332 2832 724 2905 imperatoris,
777 2849 846 2892 ex
896 2841 1055 2906 patre
1095 2836 1252 2908 Caio,
1295 2837 1445 2894 sedit
1470 2851 1654 2894 annos
1696 2841 1984 2911 undecim,

337 2937 562 2980 menses
582 2930 850 2996 quatuor,
881 2925 1008 2981 dies
1033 2925 1357 2982 duodecim.
1385 2926 1520 2982 Fuit
1543 2931 1732 2982 autem
1767 2935 1993 2999 tempo-

2097 1776 2434 1845 congregata
2485 1773 2545 1828 in
2576 1772 2810 1828 civitate
2853 1771 3175 1841 Campaniae
3213 1784 3404 1826 coram
3435 1774 3662 1825 centum
3694 1773 3752 1823 et

2095 1862 2387 1934 octoginta
2407 1860 2714 1931 episcopis,
2737 1859 3224 1932 digne'poenituit.
3248 1859 3408 1915 Unde
3430 1857 3750 1914 Diocletia-

2097 1964 2206 2007 nus
2239 1951 2443 2020 iratus,
2469 1949 2608 2021 quia
2653 1950 2723 2006 ad
2765 1948 3206 2005 sacriﬁcandum
3236 1961 3365 2004 eum
3405 1961 3604 2018 cogere
3636 1959 3749 2002 non

2095 2039 2299 2106 valuit,
2318 2053 2448 2095 cum
2469 2039 2607 2095 aliis
2627 2039 2818 2095 tribus
2847 2038 3036 2108 capite
3057 2037 3313 2093 truncari
3340 2036 3521 2105 jussit
3548 2049 3604 2090 v1
3632 2035 3752 2090 Ka-

2098 2129 2249 2185 lend.
2279 2129 2415 2185 Maii
2441 2148 2456 2200 ;
2483 2135 2538 2185 et
2564 2133 2690 2200 post
2710 2128 2951 2200 triginta
2972 2127 3098 2183 dies
3126 2126 3390 2198 sepultus
3413 2129 3501 2181 est
3529 2138 3562 2180 a
3592 2127 3749 2179 Mar-

2098 2219 2244 2275 cello
2277 2218 2624 2290 presbytero.
2655 2219 2726 2274 Et
2754 2217 3001 2274 cessavit
3027 2216 3395 2287 episcOpatus
3417 2215 3544 2284 ejus
3567 2227 3750 2270 annos

2099 2315 2336 2379 septem,
2369 2322 2590 2364 menses
2621 2321 2740 2378 sex,
2785 2307 2910 2363 dies
2954 2305 3162 2378 viginti
3209 2304 3488 2376 quinque,
3519 2307 3751 2373 propter

2100 2397 2338 2453 nimiam
2372 2397 2823 2468 persecutionem
2870 2394 3353 2450 Christianorum.
3386 2393 3490 2448 Hic
3506 2391 3750 2448 ordina-

2099 2486 2182 2541 vit
2200 2486 2500 2556 episcopos
2520 2485 2796 2556 quinque,
2817 2483 3176 2554 presbyteros
3192 2487 3457 2553 quatuor,
3476 2480 3751 2536 diaconos

2097 2574 2264 2630 duos.
2299 2574 2404 2629 Hic
2434 2573 2496 2629 in
2521 2573 2788 2643 epistola,
2829 2585 2998 2642 quam
3029 2571 3318 2627 Salomoni
3350 2569 3620 2639 episcOpo
3649 2567 3751 2622 mi-

2099 2663 2179 2720 sit
2201 2660 2378 2734 (epist.
2410 2660 2479 2734 l),
2523 2662 2724 2718 multis
2756 2660 3084 2717 rationibus
3115 2658 3395 2730 probavit,
3446 2661 3503 2713 et
3531 2657 3752 2713 multo-

2100 2767 2226 2809 rum
2283 2750 2670 2824 irrefragabili
2700 2750 3044 2807 auctoritate
3075 2747 3344 2819 ﬁrmavit,
3374 2749 3595 2802 Patrem
3637 2758 3750 2801 non

2097 2855 2222 2898 esse
2247 2842 2516 2911 majorem
2548 2840 2719 2910 Filio,
2753 2839 2868 2895 nisi
2901 2838 3216 2896 secundum
3244 2842 3505 2892 naturam
3539 2834 3750 2891 buma—

2101 2929 2321 2985 nitatis.
2377 2931 2442 2982 Et
2489 2929 2594 2983 hoc
2641 2927 2777 2984 fecit
2826 2934 3057 2998 pr0pter
3109 2926 3384 2997 quosdam
3430 2923 3749 2992 haereticos,

335 3012 508 3068 ribus
522 3014 892 3071 Diocletiani:
914 3016 1084 3085 cujus
1098 3015 1550 3085 persecutionem
1573 3014 1800 3088 fugiens
1821 3019 1994 3076 annis
2021 3015 2068 3076 C
2101 3017 2202 3088 qui
2234 3029 2299 3072 eo
2353 3022 2605 3086 tempore
2650 3015 2835 3071 exorti
2884 3014 3206 3086 econtrario
3246 3012 3579 3069 nitebantur
3610 3025 3750 3082 pro-

334 3114 539 3157 novem
571 3103 852 3160 habitavit
883 3104 941 3160 in
969 3119 1061 3174 cry
1074 3104 1225 3173 ptis;
1266 3104 1366 3174 qui
1391 3105 1617 3160 tandem
1642 3111 1856 3176 martyr
1885 3121 1994 3163 me-

333 3191 462 3247 ruit
482 3191 625 3250 eﬁici
657 3208 694 3249 x
724 3193 958 3248 Kalend.
989 3192 1145 3248 Maii.
1179 3192 1282 3248 Hic
1310 3193 1371 3248 in
1402 3193 1668 3266 epistola,
1692 3208 1862 3264 quam
1886 3197 1993 3252 Fe-

335 3279 438 3336 lici
469 3281 740 3351 episcopo
779 3281 1034 3350 scripsit,
1066 3282 1214 3352 quod
1246 3280 1575 3350 apostolicis
1603 3282 1759 3338 sedis
1787 3289 1996 3340 aucto—

334 3369 481 3426 ritas
505 3370 673 3439 juxta
721 3369 1059 3426 catholicam
1087 3369 1462 3440 disciplinam
1490 3374 1742 3442 tempore
1771 3387 1877 3429 suo
1905 3377 1996 3428 te-

335 3457 528 3528 nebat,
573 3459 644 3514 de
679 3458 878 3514 multis
921 3472 1048 3514 eum
1083 3459 1371 3516 instruere
1414 3465 1702 3530 exoratus,
1748 3462 1990 3533 curavit,

335 3548 420 3603 ita
449 3547 686 3604 dicens:
729 3549 974 3602 Primum
1003 3549 1223 3618 quidem
1252 3551 1414 3612 scias,
1445 3564 1698 3618 paganos
1737 3555 1788 3605 et
1815 3551 1995 3605 haere-

333 3638 471 3691 ticos
498 3652 610 3692 non
625 3653 784 3706 posse
823 3637 1168 3694 Christianos
1207 3655 1464 3694 accusare
1492 3636 1571 3708 (2,
1611 3654 1664 3710 q.
1698 3636 1752 3709 7,
1794 3654 1842 3696 c.
1876 3641 1996 3695 Pa-

332 3725 516 3796 gani),
561 3730 659 3780 aut
685 3741 862 3780 vocem
899 3729 1280 3795 infamationis
1309 3729 1556 3796 inferre;
1606 3729 1804 3784 deinde
1841 3744 1993 3784 nemo

334 3830 588 3884 unquam
609 3817 917 3886 episcopum
941 3817 1017 3870 ad
1047 3817 1267 3886 judices
1299 3818 1586 3872 sweulares
1630 3822 1729 3872 aut
1754 3819 1993 3888 reliquos

336 3905 561 3959 clericos
625 3921 882 3960 accusare
926 3910 1257 3976 praesumat:
1318 3910 1369 3960 et
1423 3908 1472 3960 si
1519 3908 1643 3976 quis
1689 3909 1989 3978 episcOpus,

331 3995 623 4064 presbyter
641 3999 740 4048 aut
775 3995 1060 4062 diaconus,
1092 3996 1178 4049 vel
1207 3995 1437 4064 quilibet
1459 3995 1686 4050 clericus
1706 3997 1859 4066 apud
1888 3998 1995 4066 epi-

339 4099 526 4154 scopos
549 4081 701 4152 (quia
728 4084 866 4138 alibi
902 4099 1010 4138 non
1039 4088 1247 4154 oportet
1273 4100 1308 4137 a
1329 4083 1572 4152 qualibet
1589 4099 1849 4154 persona,
1871 4101 1993 4154 quae

337 4173 446 4226 rite
471 4172 786 4240 recipienda
815 4171 910 4242 est)
934 4173 1143 4240 fuerint
1175 4173 1437 4234 accusati,
1464 4172 1776 4241 quicunque
1798 4174 1990 4240 fuerit,

339 4263 455 4316 sive
491 4261 586 4315 ille
615 4261 862 4316 sublimis
891 4262 978 4315 vir
1004 4261 1245 4318 honoris.
1273 4261 1384 4314 sive
1413 4261 1640 4316 alterius
1679 4262 1992 4329 dignitatis,

2099 3105 2254 3161 bare.

2174 3196 2234 3250 In
2269 3193 2385 3250 alia
2415 3197 2602 3250 autem
2629 3193 2892 3263 epistola,
2921 3204 3090 3263 quam
3117 3190 3406 3248 universis
3439 3190 3752 3247 destinavit

2101 3283 2390 3353 episcopis
2412 3296 2510 3352 per
2525 3281 2846 3338 Orientales
2868 3281 3193 3352 provincias
3216 3280 3552 3336 constitutis
3573 3277 3746 3350 (epist.

2099 3370 2173 3445 2),
2205 3376 2393 3428 monet
2416 3378 2470 3428 et
2504 3371 2765 3442 praecipit
2809 3383 3005 3426 omnes
3032 3384 3064 3426 a
3112 3369 3352 3425 fratrum
3393 3368 3754 3438 persecutio—

2103 3477 2172 3519 ne
2195 3468 2251 3519 et
2277 3461 2470 3534 litigio
2499 3473 2754 3530 cessare;
2785 3465 2842 3516 et
2869 3467 2930 3517 ut
2954 3458 3367 3528 contentiones,
3393 3471 3750 3529 quarcunque

2106 3551 2257 3606 inter
2280 3550 2642 3606 Christianos
2669 3548 2888 3604 fuerint
2905 3553 3064 3617 ortae,
3083 3548 3152 3604 ad
3178 3545 3475 3602 ecclesiam
3500 3543 3756 3601 deferan-

2105 3646 2222 3705 tur,
2243 3639 2390 3696 etab
2415 3638 2827 3696 ecclesiasticis
2850 3637 2997 3692 viris
3014 3636 3414 3692 terminentur.
3437 3633 3756 3690 Constituit

2103 3729 2298 3792 etiam.
2331 3733 2396 3784 ut
2427 3728 2608 3797 major
2637 3741 2749 3783 non
2781 3726 2964 3797 possit
2993 3740 3025 3782 a
3055 3725 3276 3780 minore
3296 3723 3574 3793 judicari,
3605 3727 3662 3778 et
3688 3727 3753 3777 ut

2102 3817 2407 3886 episcopus
2418 3814 2668 3886 quilibet
2685 3814 2907 3870 nullum
2925 3813 3106 3884 possit
3128 3810 3339 3868 inferre
3353 3809 3750 3880 praejudicium

2104 3905 2194 3963 illi
2223 3905 2504 3976 pontiﬁci,
2528 3919 2561 3960 a
2600 3919 2714 3976 quo
2733 3908 3101 3961 consecratus
3129 3915 3253 3958 esse
3276 3900 3577 3970 probatur:
3603 3905 3678 3970 et,
3701 3898 3752 3954 si

2101 3999 2509 4065 praesumptum
2537 3992 2735 4064 fuerit,
2783 3994 3017 4049 irritum
3047 4005 3190 4058 esse,
3217 3996 3275 4046 et
3300 3991 3453 4047 inter
3476 3989 3757 4045 ecclesia-

2101 4085 2245 4140 stica
2295 4086 2509 4138 statuta
2553 4096 2666 4138 non
2709 4096 2834 4139 esse
2884 4082 3251 4139 censendum.
3287 4082 3422 4136 Item
3468 4080 3530 4135 in
3559 4078 3754 4134 eadem
3796 4114 3801 4118 -

2101 4173 2309 4228 statuit
2334 4169 2441 4244 (H,
2471 4187 2525 4242 q.
2571 4169 2620 4241 4,
2653 4186 2702 4226 c.
2733 4171 2945 4242 Cleric.)
2985 4185 3053 4227 ne
3090 4171 3250 4227 ullus
3277 4169 3543 4239 clericus,
3567 4168 3757 4237 cujus-

2103 4275 2329 4333 cunque
2345 4261 2572 4317 ordinis
2590 4260 2692 4329 sit,
2714 4259 2930 4329 absque
2948 4260 3238 4328 pontiﬁcis
3257 4259 3348 4315 sui
3374 4257 3754 4328 permissione

343 4353 444 4420 qui
467 4351 563 4405 hoc
589 4366 760 4418 genus
789 4350 1133 4404 illaudabilis
1157 4351 1477 4404 intentionis
1497 4351 1818 4419 arripuerit,
1841 4366 1997 4406 nove-
2020 4352 2076 4414 D
2106 4351 2288 4408 ullum
2337 4351 2408 4407 ad
2456 4349 2730 4406 smculare
2767 4348 3057 4418 judicium
3105 4351 3411 4418 praesumat
3442 4345 3750 4413 attrahere,

343 4441 423 4493 rit
470 4440 713 4494 docenda
761 4440 1105 4509 probationis
1159 4439 1523 4493 monstranda
1579 4439 1912 4494 documentis
1941 4455 1996 4494 se

346 4523 596 4601 [noverit
624 4528 783 4598 prob.
816 4529 1158 4585 documenta
1195 4525 1274 4603 se]
1309 4529 1499 4583 debere
1525 4530 1750 4596 inferre.
1782 4529 1844 4583 Si
1873 4531 1998 4598 quis

350 4633 476 4686 ergo
504 4619 648 4672 circa
678 4618 995 4686 hujusmodi
1029 4633 1299 4687 personas
1330 4634 1439 4672 non
1463 4618 1754 4688 probanda
1782 4618 2000 4672 detule—

341 4709 441 4769 rit,
473 4709 795 4762 auctoritate
818 4707 984 4775 hujus
1013 4708 1310 4762 sanationis
1351 4708 1623 4774 intelligat
1651 4722 1706 4760 se
1717 4707 2000 4776 jacturam

345 4797 589 4864 infamiae
616 4797 905 4850 sustinere.
937 4795 1198 4864 Qualiter
1227 4800 1415 4853 autem
1449 4795 1518 4850 ad
1551 4795 1866 4852 concilium
1897 4809 2000 4852 ve-

348 4885 545 4941 niatur
581 4882 654 4956 (3,
689 4900 742 4956 q.
781 4883 831 4955 4,
864 4898 913 4940 c.
941 4883 1263 4956 Episcopis),
1297 4889 1353 4939 et
1394 4889 1616 4952 caetera,
1643 4887 1700 4939 et
1726 4884 1796 4940 de
1822 4884 2002 4941 indu—

346 4973 459 5030 ciis
507 4973 943 5044 anniversariis,
992 4973 1141 5030 dicit
1166 4986 1226 5029 se
1281 4972 1410 5029 ideo
1438 4972 1497 5028 in
1535 4971 1728 5029 eadem
1757 4973 1999 5044 epistola

350 5075 461 5118 non
493 5076 738 5132 ponere:
774 5062 910 5134 quia
941 5060 1288 5119 sufﬁcienter
1313 5062 1382 5118 de
1410 5061 1741 5132 hujusmodi
1768 5061 1840 5117 ab
1869 5076 1997 5133 apo-

347 5151 536 5223 stolis,
581 5158 856 5209 eteorum
888 5151 1342 5221 successoribus,
1368 5155 1424 5206 et
1453 5164 1486 5207 a
1510 5151 1636 5207 suis
1663 5156 1995 5208 antecesso-

347 5240 511 5298 ribus
560 5246 863 5299 tractatum
888 5255 1012 5298 esse
1039 5241 1350 5296 existimat.
1393 5241 1472 5296 De
1514 5240 1821 5297 ordinibus
1861 5251 1994 5297 vero

347 5329 760 5387 ecclesiasticis
781 5331 840 5386 in
863 5330 1056 5386 eadem
1083 5329 1324 5400 epistola
1346 5328 1606 5400 scripsit,
1638 5334 1695 5385 et
1724 5330 1994 5386 omnibus

349 5420 563 5476 servari
595 5418 992 5476 demandavit:
1028 5424 1111 5489 ut,
1143 5418 1194 5474 si
1223 5417 1359 5489 quis
1385 5418 1694 5490 episcopus
1722 5432 1845 5474 esse
1871 5433 1996 5476 me-

351 5514 528 5580 retur,
590 5507 776 5579 primo
825 5506 906 5564 sit
948 5506 1246 5578 ostiarius,
1298 5505 1506 5564 deinde
1546 5506 1747 5579 lector,
1801 5513 1994 5580 postea

2106 4453 2207 4495 nec
2228 4440 2280 4495 ei
2308 4439 2517 4495 laicum
2551 4439 2720 4494 liceat
2749 4449 3020 4493 accusare
3041 4432 3168 4510 {nec
3198 4434 3347 4491 laico
3367 4433 3642 4490 clericum
3674 4432 3760 4489 li—

2106 4524 2482 4601 ceataccus.].
2516 4527 2638 4598 llic,
2659 4527 2815 4583 sicut
2833 4531 2891 4582 et
2913 4525 3174 4582 Calixtus
3200 4537 3363 4594 papa,
3388 4524 3614 4581 decreto
3651 4535 3757 4579 suo

2108 4616 2357 4673 ﬁrmavit
2385 4613 2456 4683 (2.
2490 4631 2542 4685 q.
2575 4611 2632 4678 7,
2665 4630 2714 4671 c.
2755 4613 2956 4686 Laico),
3001 4628 3070 4670 ne
3105 4613 3458 4685 imperatori,
3509 4612 3596 4669 vel
3623 4612 3758 4669 cui-

2109 4719 2278 4778 quam
2323 4704 2593 4775 pietatem
2654 4704 3025 4770 custodienti,
3082 4703 3253 4760 liceat
3288 4701 3513 4774 aliquid
3558 4707 3758 4758 contra

2111 4792 2716 4850 mandatadivinitatis
2736 4806 3098 4863 praesumere,
3123 4805 3226 4849 nec
3248 4792 3585 4864 quidquam,
3603 4790 3754 4862 quod

2108 4881 2455 4954 evangelicis
2481 4880 2948 4951 propheticisque
2970 4895 3036 4937 ac
3056 4881 3396 4951 apostolicis
3419 4880 3636 4953 regulis
3664 4879 3759 4936 ob-

2106 4971 2248 5040 viat,
2288 4984 2470 5043 agere.
2507 4970 2703 5040 Itaque
2747 4970 2832 5026 sic
2865 4969 3102 5026 intulit:
3137 4970 3413 5040 lnjustum
3441 4986 3564 5040 ergo
3584 4969 3758 5040 judi-

2105 5063 2269 5130 cium,
2309 5065 2359 5114 et
2383 5059 2626 5129 deﬁnitio
2668 5059 2880 5128 injusta
2911 5061 3076 5128 regis,
3110 5061 3167 5114 vi
3183 5060 3268 5116 vel
3277 5061 3444 5130 jussu
3472 5077 3506 5115 a
3534 5059 3758 5129 judici—

2105 5150 2202 5206 bus
2230 5149 2510 5212 ordinata,
2551 5163 2660 5202 non
2698 5148 2863 5210 ualet,
2904 5164 3000 5203 nec
3038 5149 3364 5220 quidquam,
3389 5149 3537 5219 quod
3565 5151 3754 5200 contra

2101 5241 2442 5308 evangelicae,
2490 5239 2575 5293 vel
2625 5238 2971 5308 prophetica,
3018 5244 3116 5294 aut
3143 5241 3454 5311 apostolicae
3493 5237 3754 5294 doctrinae

2104 5329 2555 5399 constitutionem,
2583 5329 2700 5383 sine
2745 5332 3058 5383 sanctorum
3095 5331 3323 5384 Patrum
3363 5327 3536 5393 fuerit
3573 5327 3754 5378 actum

2102 5418 2306 5473 stabit:
2351 5423 2402 5472 et
2439 5417 2586 5487 quod
2625 5416 2696 5472 ab
2741 5418 3055 5488 infidelibus
3100 5422 3198 5472 aut
3234 5414 3498 5470 hereticis
3546 5414 3755 5479 factum

2103 5508 2294 5575 fuerit,
2338 5507 2556 5562 omnino
2597 5505 2922 5562 cessabitur.
