4082 6168
343 197 484 260 4479

772 332 964 388 XXXI
1022 333 1078 390 S.
1136 332 1559 390 MARCELLUS.

835 421 1017 492 (Anno
1073 424 1292 480 Christi.
1343 421 1491 494 304.)

411 513 730 585 Marcellus,
769 515 999 571 natione
1026 517 1332 584 Romanus,
1365 529 1432 570 ex
1468 517 1624 584 patre
1664 512 1984 579 Benedicto,

342 603 412 658 de
437 602 668 674 regione
709 605 812 660 Via
846 605 979 675 lata,
1021 606 1171 660 sedit
1209 617 1389 660 annos
1442 603 1718 674 quinque,
1769 617 1988 659 menses

345 697 579 762 septem.
611 694 736 750 dies
775 694 981 766 viginti
1009 700 1066 750 et
1093 708 1288 751 unum.
1338 694 1467 750 Fuit
1492 699 1679 750 autem
1710 693 1990 762 tempori—

342 780 452 837 bus
482 783 752 839 Maxentii
795 789 852 839 et
881 783 1238 839 Maximiani.
1268 784 1722 853 Comprehensus
1743 788 1930 839 autem
1957 795 1990 837 a

342 872 647 942 Maxentio,
671 875 726 928 et
747 873 998 930 traditus
1021 875 1081 929 in
1107 874 1373 929 catabulo
1401 873 1754 930 animalibus
1783 875 1850 929 ad
1879 887 1993 930 ser-

341 960 634 1032 viendum,
686 963 823 1032 quia
868 963 1230 1019 damonibus
1269 963 1592 1019 sacrificare
1636 963 1844 1034 noluit,
1885 963 1988 1019 diu

343 1048 557 1106 ibidem
605 1050 802 1107 cilicio
837 1052 1079 1109 indutus
1101 1058 1158 1108 et
1207 1053 1398 1108 inedia
1445 1057 1782 1121 maceratus,
1815 1052 1989 1107 vitam

344 1139 533 1194 finivit
565 1141 622 1195 in
647 1141 876 1197 Christo
907 1155 1026 1196 xvn
1061 1142 1295 1198 Kalend.
1325 1142 1590 1198 Februar.
1622 1141 1726 1196 Hic
1749 1140 1994 1196 ordina—

345 1227 429 1283 vit
465 1229 764 1298 episcopos
809 1231 1017 1301 viginti
1048 1235 1102 1286 et
1141 1245 1341 1302 unum,
1388 1231 1744 1302 presbyteros
1780 1229 1989 1301 viginti

344 1317 619 1388 quinque,
652 1319 925 1376 diaconos
954 1321 1119 1376 duos.
1150 1321 1252 1376 Hic
1281 1322 1338 1375 in
1365 1321 1606 1390 epistola
1629 1333 1798 1390 quam
1820 1318 1992 1374 desti-

343 1404 501 1461 navit
525 1407 814 1464 universis
843 1410 1152 1480 episcopis,
1177 1410 1546 1466 Antiochena
1571 1409 1824 1464 ecclesia
1844 1405 1992 1463 sub-

339 1494 504 1564 ditis,
533 1496 740 1552 scribit
766 1495 940 1566 (epist.
974 1495 1020 1568 4)
1050 1512 1082 1554 a
1109 1498 1324 1554 sanctis
1353 1497 1640 1568 Patribus,
1671 1497 1990 1567 inspirante

340 1583 602 1653 Domino,
647 1585 1025 1641 constitutum
1054 1599 1196 1654 esse,
1246 1599 1315 1641 ne
1345 1587 1464 1641 ulla
1494 1587 1745 1657 synodus
1788 1590 1990 1655 prater

1123 203 1414 260 APPEND.
1455 201 1551 260 AD
1583 202 1744 260 SEC.
1789 203 1886 260 IX.
1925 229 1998 246 --
2033 197 2392 258 AUCTORE
2424 197 2594 257 ᾹΝΝῘ
2632 196 2924 255 ῙΝΕΕἮἸἿ.

2011 330 2071 392 Α
2098 343 2206 386 nus
2251 333 2538 398 accusent,
2573 329 2688 386 nisi
2738 343 2770 386 a
2801 333 2951 386 recta
2996 327 3106 384 nde
3146 321 3557 382 exorbitaverit
3583 317 3655 390 (2,
3685 334 3743 390 q.

3607 172 3745 250 "eo

2097 419 2150 477 2.
2209 436 2258 477 c.
2312 425 2378 476 In
2432 420 2750 492 Seripturis)
2795 419 2932 490 quia
2999 422 3288 489 pastorum
3329 413 3500 481 facta,
3559 423 3751 481 quan-

2099 525 2266 584 quam
2312 515 2462 568 recte
2508 508 2967 580 reprehendenda
3015 507 3336 576 videantur,
3381 502 3751 560 subditorum

2100 609 2283 658 tamen
2317 601 2508 673 gladio
2541 599 2798 656 ferienda
2830 612 2938 654 non
2983 602 3138 655 sunt.
3169 597 3236 652 Et
3262 595 3332 651 de
3360 591 3622 662 expulsis
3651 594 3752 645 aut

2097 691 2435 762 exspoliatis
2479 691 2540 746 in
2586 691 2777 746 eadem
2824 687 3157 753 subintulit,
3205 686 3283 742 ita
3320 685 3557 740 dicens:
3607 681 3754 747 Quos

2098 783 2304 848 sciatis,
2329 796 2424 834 nec
2461 781 2536 834 ad
2577 779 2843 848 synodum
2887 777 3295 848 provincialem,
3339 790 3436 828 nec
3477 773 3554 826 ad
3582 787 3755 840 gene-

2098 871 2268 924 ralem
2291 884 2450 939 posse
2479 871 2782 929 convocari,
2824 883 2920 922 nec
2966 869 3025 920 in
3065 866 3253 935 aliqua
3282 863 3608 933 diiudicari,
3640 879 3755 916 an—

2101 963 2318 1027 tequam
2356 963 2570 1020 cuncta,
2606 973 2727 1027 qua
2753 959 2827 1011 eis
2858 957 3046 1010 ablata
3073 960 3221 1016 sunt,
3271 953 3476 1020 legibus
3495 953 3755 1023 potestati

2101 1062 2284 1101 eorum
2313 1047 2772 1114 redintegrentur,
2806 1050 2857 1100 et
2880 1044 3223 1116 postmodum
3259 1059 3369 1097 non
3397 1042 3498 1098 sub
3529 1042 3754 1109 angusti

2101 1138 2353 1206 temporis
2403 1139 2626 1207 spatio;
2681 1136 2776 1191 sed
2822 1139 3035 1190 tantum
3083 1135 3336 1204 temporis
3383 1133 3624 1202 spatium
3678 1132 3755 1185 eis

2101 1226 2476 1294 indulgeatur,
2528 1230 2797 1295 quantum
2841 1225 3133 1295 easpoliati
3172 1224 3258 1278 vel
3285 1223 3500 1293 expulsi
3524 1236 3642 1276 esse
3664 1222 3755 1274 vi—

2102 1315 2318 1378 dentur,
2372 1320 2667 1384 antequam
2695 1315 2772 1370 ad
2811 1315 3079 1383 synodum
3116 1317 3471 1368 convocentur
3493 1309 3577 1379 (3,
3610 1326 3664 1380 q.
3698 1307 3755 1372 2,

2100 1415 2148 1456 c.
2195 1404 2399 1474 Prius).
2456 1407 2526 1460 Et
2573 1406 2642 1459 ab
2685 1405 2935 1459 omnibus
2993 1419 3105 1458 sua
3149 1402 3444 1472 provincia
3489 1399 3758 1470 episcopis

2101 1494 2332 1562 quisque
2387 1494 2691 1548 audiatur:
2741 1509 2870 1548 nam
2919 1508 3016 1547 nec
3056 1493 3340 1546 convocari
3385 1490 3464 1544 ad
3507 1504 3756 1550 causam,

2099 1597 2195 1636 nec
2205 1583 2460 1652 judicari
2480 1588 2656 1653 potest
2683 1583 3018 1654 easpoliatus
3045 1583 3130 1636 vel
3157 1581 3419 1652 expulsus
3443 1599 3460 1644 ;
3488 1582 3758 1649 quoniam

341 1673 606 1728 Romana
625 1673 779 1730 sedis
798 1675 1196 1732 auctoritatem
1227 1677 1408 1746 possit
1434 1655 1689 1748 legitime
1704 1687 1990 1732 convoca—
2024 1655 2072 1714 Β
2098 1689 2207 1728 non
2231 1679 2310 1728 est
2340 1674 2710 1743 privilegium,
2757 1689 2864 1742 quo
2893 1673 3192 1743 exspoliari
3229 1672 3404 1741 possit
3413 1671 3540 1740 jam
3565 1669 3761 1723 nuda-

342 1762 416 1832 ri,
446 1763 504 1818 in
550 1777 662 1834 qua
710 1765 1012 1835 episcopus
1062 1780 1235 1836 super
1259 1765 1619 1836 quibuslibet
1642 1766 1991 1822 criminibus

343 1851 605 1921 pulsatus
632 1852 838 1909 debeat
857 1854 1048 1910 audiri
1071 1854 1156 1910 vel
1180 1855 1431 1924 judicari
1457 1872 1472 1920 ς
1505 1861 1562 1910 et
1590 1854 1784 1910 omnia
1813 1868 1994 1926 nego-

340 1942 423 1997 tia
485 1941 902 2012 episcoporum,
972 1949 1029 1999 et
1080 1958 1431 2001 summarum
1495 1958 1817 2013 causarum,
1872 1945 1994 2000 sive

342 2036 548 2086 cuncta
562 2030 762 2101 dubia,
786 2033 1116 2101 apostolica
1138 2033 1294 2090 sedis
1309 2035 1652 2090 auctoritate
1674 2039 1811 2090 sunt
1830 2047 1996 2106 agen-

340 2118 413 2174 da
441 2123 497 2174 et
545 2118 813 2190 ﬁnienda,
863 2127 918 2177 et
965 2122 1158 2177 omnia
1206 2123 1714 2193 comprovincialia
1766 2123 1994 2195 negotia

340 2207 594 2277 ejusdem
626 2209 780 2265 sedis
803 2211 1148 2267 auctoritate
1171 2219 1310 2267 sunt
1341 2214 1720 2269 retractanda.
1754 2215 1881 2269 Hac
1909 2226 1996 2268 ea-

339 2295 466 2352 dem
503 2297 560 2352 in
591 2297 708 2354 alia
727 2298 990 2369 cpistola,
1016 2313 1186 2370 quam
1233 2301 1517 2358 Maxentio
1541 2302 1809 2372 episc0po
1841 2303 1995 2358 scri-

344 2385 458 2454 psit
486 2384 662 2457 (epist.
698 2386 771 2459 2),
806 2403 1162 2458 summOpere
1191 2391 1406 2446 servari
1455 2392 1724 2461 pracepit
1750 2410 1766 2460 ;
1791 2399 1848 2448 et
1877 2391 1991 2447 alia

342 2475 521 2530 multa
541 2475 611 2530 de
631 2477 878 2546 negotiis
900 2478 1300 2548 episcoporum
1317 2479 1375 2535 in
1398 2481 1589 2536 eadem
1611 2481 1824 2552 posuit,
1849 2495 1996 2551 qua-

343 2561 438 2618 hic
487 2563 614 2619 ideo
662 2579 773 2622 non
833 2568 1259 2637 adnotavimus,
1314 2569 1451 2639 quia
1506 2569 1699 2625 eadem
1741 2583 1889 2640 sape
1934 2569 1992 2624 in

341 2657 765 2711 antecessorum
823 2669 1059 2712 suorum
1125 2658 1372 2714 decretis
1416 2658 1677 2715 iterando
1725 2659 1996 2730 prascri-

345 2741 589 2812 psimus.

769 2833 1004 2889 XXXII.
1035 2864 1108 2876 —
1127 2837 1180 2891 S.
1219 2836 1563 2892 EUSEBIUS.

875 2921 1058 2992 (Anno
1087 2924 1290 2980 Christi
1315 2923 1466 2997 309.)

414 3009 721 3081 Eusebius,
763 3013 994 3069 natione
1035 3012 1286 3081 Gracus,
1329 3029 1397 3071 ex
1440 3016 1680 3086 medico,
1713 3016 1863 3072 sedit
1886 3029 1997 3071 an-

347 3113 448 3156 nos
481 3113 599 3170 sex,
636 3114 882 3158 mensem
917 3117 1115 3173 unum,
1145 3105 1270 3160 dies
1304 3110 1435 3159 tres.
1471 3104 1602 3160 Fuit
1626 3110 1813 3160 autem
1846 3107 1998 3160 tem—

345 3189 583 3260 poribus
610 3191 940 3247 Constantis
972 3188 1407 3267 [Constantini].
1431 3195 1536 3263 Qui
1573 3208 1627 3250 v1
1661 3196 1852 3251 Nonas
1879 3194 1996 3250 Oc-

343 3279 489 3336 tobr.
523 3280 787 3352 migravit
813 3282 881 3336 ad
904 3282 1230 3338 Dominum.
1257 3283 1360 3338 Hic
1385 3283 1675 3340 ordinavit
1694 3285 1995 3354 episcopos

344 3375 612 3440 quatuor,
667 3370 1026 3440 presbyteros
1075 3372 1367 3430 tredecim.
1399 3373 1675 3430 diaconos
1727 3379 1860 3430 tres.
1893 3374 1995 3429 llic

345 3463 458 3514 tres
483 3460 758 3530 epistolas
791 3460 1104 3516 decretales
1129 3461 1284 3528 fecit,
1317 3468 1373 3518 et
1419 3462 1476 3517 in
1510 3463 1631 3533 illa,
1655 3477 1823 3534 quam
1855 3462 1997 3519 uni-

346 3547 525 3604 versis
548 3549 837 3619 episcOpis
869 3563 966 3618 per
992 3550 1357 3619 Campaniam
1388 3558 1444 3606 et
1471 3551 1736 3607 Tusciam
1769 3551 1995 3606 consti—

347 3637 490 3693 tutis
509 3637 748 3707 scripsit
766 3636 942 3708 (epist.
971 3639 1043 3709 3),
1064 3639 1400 3694 solemniter
1423 3639 1701 3695 celebrari
1727 3640 1994 3710 pracepit

344 3725 553 3782 festum
579 3725 933 3783 Inventionis
954 3731 1162 3782 sancta
1188 3727 1401 3796 crucis,
1429 3742 1554 3798 qua
1576 3728 1702 3784 suis
1728 3728 1994 3798 tempori-

345 3813 454 3869 bus
483 3828 516 3866 v
564 3817 754 3869 Nonas
783 3815 925 3887 Maii
965 3815 1192 3870 inventa
1240 3820 1328 3870 est
1369 3815 1454 3884 (de
1478 3816 1635 3870 Cons.
1669 3817 1806 3872 dist.
1840 3815 1893 3886 3,
1939 3831 1988 3873 c.

345 3902 569 3973 Crueis).
602 3902 885 3958 Similiter
911 3903 969 3958 in
1014 3903 1207 3958 eadem
1262 3905 1530 3975 pracepit
1569 3904 1654 3975 (de
1680 3906 1834 3962 Cons.
1859 3907 1990 3961 dist.

343 3988 397 4054 5,
426 4005 478 4044 c.
507 3991 742 4062 Manus),
771 4005 966 4048 omnes
999 3992 1297 4049 hareticos
1326 3993 1394 4049 ad
1439 3996 1866 4052 conversionem
1894 4011 1998 4053 ve-

345 4078 589 4149 nientes,
617 4079 667 4135 si
698 4081 756 4135 in
783 4079 890 4135 fide
915 4082 969 4136 S.
997 4081 1301 4138 Trinitatis
1333 4082 1606 4154 baptizati
1655 4091 1862 4158 essent,
1900 4100 1997 4156 per

347 4180 551 4224 manus
609 4167 1034 4240 impositionem
1081 4183 1204 4228 esse
1249 4173 1742 4230 reconciliandos:
1786 4179 1842 4229 et
1890 4175 1994 4231 hoc

345 4264 783 4326 sacramentum,
813 4259 1081 4316 videlicet
1114 4273 1316 4318 manus
1343 4262 1755 4332 impositionis,
1785 4277 1886 4319 nec
1905 4263 1997 4319 de-

2100 1768 2206 1818 tus.
2247 1765 2397 1818 Unde
2425 1768 2476 1818 et
2493 1764 2800 1834 antiquitus
2829 1763 3099 1818 decretum
3117 1767 3215 1824 est,
3245 1775 3424 1816 omnes
3450 1761 3762 1830 possessio—

2103 1868 2218 1915 nes,
2248 1858 2298 1908 et
2325 1855 2508 1908 omnia
2536 1853 2644 1908 sibi
2671 1853 2910 1915 sublata,
2944 1855 3110 1922 atque
3137 1854 3354 1919 fruetus
3378 1854 3602 1904 cunctos
3630 1853 3761 1902 ante

2108 1943 2220 1998 litis
2277 1945 2715 1998 contestationem
2754 1946 3030 2013 perceptas
3073 1946 3135 1996 ut
3184 1944 3397 2011 primas
3453 1941 3762 2010 possessori

2104 2035 2376 2089 restituat.
2406 2034 2476 2086 Et
2522 2032 2660 2086 alibi
2687 2033 2948 2102 scriptum
2987 2032 3220 2086 habetur
3242 2029 3318 2099 (2,
3348 2046 3402 2101 q.
3431 2027 3487 2098 Ξ,
3520 2044 3571 2085 c.
3607 2029 3761 2086 Nul-

2106 2124 2213 2194 lus)
2234 2142 2251 2177 :
2306 2123 2403 2177 Ille
2433 2125 2531 2192 qui
2563 2122 2874 2176 violentiam
2918 2122 3168 2190 pertulit,
3202 2122 3454 2175 universa
3485 2121 3543 2173 in
3586 2122 3758 2180 statu,

2104 2227 2211 2282 quo
2240 2215 2485 2280 fuerant,
2524 2213 2775 2281 recipiat,
2807 2216 2859 2266 et
2883 2227 3005 2280 qua
3021 2211 3264 2281 possidet
3292 2225 3514 2265 securus
3553 2213 3758 2262 teneat.

2101 2302 2172 2355 Et
2215 2302 2351 2355 alibi
2399 2303 2459 2354 in
2501 2300 2861 2368 synodalibus
2898 2301 3124 2354 Patrum
3175 2299 3423 2360 decretis,
3470 2303 3521 2352 et
3568 2313 3759 2364 regum

2103 2390 2294 2444 edictis
2341 2390 2541 2458 legitur
2581 2393 2848 2444 statutum
2877 2387 2930 2451 3,
2961 2404 3015 2459 q.
3060 2385 3108 2458 4,
3142 2402 3192 2443 c.
3221 2388 3466 2454 Redint.)
3492 2405 3510 2440 :
3541 2387 3762 2440 Redin-

2105 2480 2372 2548 tegranda
2404 2484 2534 2534 sunt
2575 2481 2758 2533 omnia
2793 2480 3129 2548 easpoliatis,
3160 2479 3247 2534 vel
3269 2478 3448 2547 ejectis
3489 2478 3762 2546 episcopis

2098 2571 2524 2640 praesentialiter
2587 2569 2933 2624 ordinatione
2981 2570 3322 2639 pontiﬁcum,
3371 2572 3422 2622 et
3467 2569 3526 2620 in
3569 2581 3761 2621 eorum

2098 2662 2441 2730 potestatem,
2492 2658 2638 2714 unde
2676 2659 3073 2720 abscesserunt,
3117 2657 3378 2725 funditus
3422 2655 3757 2722 revocanda,

2106 2762 2442 2819 quacunque
2519 2744 2890 2822 [quacunque]
2954 2748 3262 2801 conditione
3331 2746 3608 2814 temporis,
3658 2748 3762 2797 aut

2106 2837 2249 2900 dolo,
2276 2842 2375 2892 aut
2403 2839 2738 2908 captivitate,
2785 2840 2885 2890 aut
2927 2837 3187 2891 violentia
3220 2835 3488 2889 malorum
3535 2829 3762 2907 [virtute

2105 2926 2418 2997 majorum],
2463 2932 2562 2982 aut
2593 2942 2696 2998 per
2745 2941 3102 2996 quascunque
3147 2926 3385 2994 injustas
3432 2939 3630 2979 causas
3669 2937 3762 2977 res

2106 3017 2341 3072 ecclesia
2366 3017 2450 3072 vel
2471 3018 2750 3087 proprias,
2782 3020 2881 3070 aut
2907 3016 3247 3070 substantias
3283 3028 3413 3068 suas
3443 3012 3763 3084 perdidisse

2105 3112 2424 3169 noscuntur,
2457 3111 2583 3160 ante
2623 3107 3037 3167 recusationem,
3081 3110 3179 3159 aut
3216 3103 3520 3172 regularem
3550 3102 3628 3155 ad
3656 3117 3760 3170 sy—

2104 3195 2308 3249 nodum
2352 3197 2703 3256 vocationem,
2751 3209 2954 3259 eorum,
3001 3199 3057 3248 et
3087 3192 3329 3264 reliqua.
3359 3191 3536 3248 Multa
3565 3190 3762 3246 adhuc

2106 3284 2165 3340 in
2209 3285 2402 3342 eadem
2431 3285 2499 3341 ad
2535 3284 2682 3340 idem
2725 3283 3079 3354 probandum
3111 3281 3430 3352 subjungit.

2460 3374 2718 3430 XXXIII.
2751 3403 2824 3414 —
2854 3373 2907 3428 S.
2948 3370 3394 3428 MELCHIADES.

2617 3462 2804 3532 (Anno
2843 3461 3044 3518 Christi
3087 3457 3236 3531 344.)

2174 3553 2541 3623 Melchiades,
2578 3552 2810 3608 natione
2857 3550 3009 3614 Afer,
3053 3550 3203 3606 sedit
3249 3563 3430 3606 annos
3481 3554 3755 3621 quatuor,

2106 3655 2325 3699 menses
2367 3649 2600 3714 septem,
2631 3642 2758 3698 dies
2805 3645 2950 3698 octo.
2995 3640 3128 3696 Fuit
3155 3645 3344 3695 autem
3398 3637 3761 3708 temporibus

2103 3731 2374 3787 Maxentii
2405 3737 2462 3787 et
2489 3730 2786 3787 Volusiani
2807 3734 2865 3786 et
2896 3729 3084 3786 Rufini
3109 3729 3432 3785 consulum.
3460 3727 3562 3782 ilic
3589 3726 3761 3782 ordi-

2104 3820 2262 3877 navit
2297 3820 2596 3890 episcopos
2622 3819 2909 3889 undecim,
2963 3819 3319 3890 presbyteros
3359 3821 3593 3886 septem,
3619 3815 3760 3870 dia—

2103 3922 2276 3966 conos
2325 3909 2602 3980 quinque,
2632 3914 2688 3965 et
2719 3923 2774 3964 IV
2825 3910 2957 3966 ldus
2993 3907 3322 3966 Decembris
3370 3905 3639 3975 migravit
3686 3905 3754 3959 ad

2102 3998 2426 4054 Dominum.
2462 4000 2572 4054 Iste
2618 4003 2827 4064 autem,
2885 3999 2944 4054 in
2989 3998 3231 4069 epistola
3261 4009 3430 4067 quam
3485 3994 3760 4064 Hispanis

2103 4087 2394 4157 episcopis
2429 4087 2664 4157 direxit,
2717 4101 2816 4144 eos
2876 4088 3124 4159 rogando
3161 4092 3218 4144 et
3263 4085 3614 4142 obsecrando
3661 4083 3761 4138 in—

2105 4177 2339 4238 struxit.
2365 4181 2430 4232 ut
2448 4177 2633 4246 primo
2657 4190 2880 4247 semper
2894 4177 3086 4232 omnia
3105 4175 3414 4247 diligenter
3431 4173 3755 4244 inquirant,

2104 4270 2160 4319 et
2205 4277 2334 4321 cum
2390 4264 2622 4334 justitia
2671 4270 2729 4320 et
2787 4265 3068 4321 charitate
3113 4263 3409 4329 deliniant,
3471 4261 3756 4317 neminem

346 4347 496 4416 bere,
531 4361 633 4404 nec
682 4348 804 4404 fieri
858 4363 1020 4418 posse
1063 4350 1135 4406 ab
1186 4351 1344 4421 aliis,
1380 4364 1548 4422 quam
1597 4351 1667 4406 ab
1706 4351 1994 4423 episcOpis
2021 4349 2075 4410 D
2103 4358 2235 4409 ante
2265 4367 2457 4408 verum
2501 4359 2556 4409 et
2595 4354 2813 4423 justum
2858 4353 3144 4424 judicium
3185 4353 3582 4417 condemnent,
3620 4348 3761 4404 nul—

343 4435 516 4507 dixit,
540 4442 596 4493 et
619 4437 792 4494 aliter
825 4453 1088 4508 prasumi
1113 4444 1234 4495 tum
1269 4439 1501 4494 irritum
1525 4445 1581 4495 et
1611 4454 1849 4496 vacuum
1885 4442 1993 4498 ha.-

344 4522 614 4596 bendum,
649 4540 752 4583 nec
785 4527 935 4582 inter
953 4527 1339 4583 ecclesiastica
1363 4527 1494 4596 jura
1520 4529 1918 4597 reputandum.

417 4615 476 4667 In
510 4613 609 4669 illa
663 4629 795 4670 vero
819 4615 1082 4684 epistola,
1141 4629 1310 4684 quam
1354 4615 1672 4673 Gallicanis
1705 4618 1994 4689 episcopis

345 4701 656 4757 destinavit
683 4701 858 4773 (epist.
902 4701 974 4772 2i,
1026 4710 1081 4758 et
1109 4704 1180 4757 de
1212 4703 1604 4762 haereticorum
1632 4709 1994 4778 susceptione

349 4789 494 4844 idem
537 4791 748 4846 servari
793 4791 1100 4856 mandavit,
1145 4798 1200 4847 et
1228 4791 1298 4847 ab
1322 4796 1789 4854 accusationibus
1815 4797 1995 4854 cleri—

346 4892 544 4934 corum
565 4884 623 4934 et
649 4879 1047 4951 episcoporum
1082 4881 1341 4953 infames,
1373 4890 1429 4940 et
1449 4891 1682 4942 cateros
1707 4901 1852 4957 quos
1880 4901 1993 4943 an—

347 4973 656 5024 tecessores
691 4969 783 5025 sui
836 4971 1203 5027 removendos
1229 4986 1377 5042 sape
1423 4975 1909 5047 prascripserant,
1935 4983 1993 5032 et

349 5057 471 5126 ipse
537 5058 798 5129 removit,
877 5058 1117 5115 dicens:
1187 5060 1291 5126 Qui
1345 5077 1526 5117 eorum
1591 5067 1892 5120 castitatem
1949 5074 2001 5125 et

343 5149 667 5214 gravitatem
720 5150 931 5202 imitari
994 5151 1206 5220 nolunt,
1273 5167 1366 5206 nec
1414 5169 1500 5208 eos
1566 5156 1819 5225 impetere
1863 5171 2008 5224 pos.

346 5241 492 5290 sunt.

417 5325 519 5382 Illa
550 5331 762 5397 autem,
817 5339 986 5397 quam
1018 5327 1237 5385 direxit
1285 5329 1574 5400 episcopis
1617 5343 1718 5400 per
1743 5328 1997 5388 Alexan-

345 5415 530 5470 driam
560 5421 616 5473 et
661 5415 962 5488 Egyptum
1008 5417 1344 5474 constitutis
1381 5416 1556 5488 (epist.
1591 5417 1657 5490 i),
1693 5418 1992 5489 prohibuit

351 5516 418 5559 ne
449 5517 578 5560 oves
615 5511 894 5576 pastorem
952 5520 1120 5562 suum
1173 5506 1605 5576 reprehendant,
1641 5520 1741 5564 nec
1773 5508 1987 5566 ullate-

2105 4441 2222 4497 lum
2251 4442 2605 4512 suspicionis
2633 4442 2878 4498 arbitrio
2903 4442 3185 4512 judicent,
3217 4441 3312 4497 sed
3347 4440 3598 4511 primum
3634 4451 3761 4508 pro-

2104 4530 2238 4588 bent
2267 4537 2323 4587 et
2354 4537 2546 4601 postea
2577 4532 2918 4587 charitative
2974 4531 3313 4587 sententiam
3361 4527 3678 4600 proferant,
3705 4534 3762 4582 et

2103 4621 2253 4691 quod
2281 4619 2395 4676 sibi
2447 4620 2567 4675 fieri
2597 4621 2821 4692 nolunt,
2853 4620 3019 4676 alteri
3048 4633 3158 4676 non
3195 4618 3442 4674 inferant
3468 4617 3627 4686 (Tob.
3661 4617 3758 4686 iv),

2103 4713 2158 4764 et
2194 4708 2492 4778 episcopos
2525 4721 2634 4764 non
2674 4709 2934 4778 judicent
2979 4713 3081 4763 aut
3130 4707 3506 4763 condemnent
3541 4704 3762 4774 absque

2103 4799 2367 4855 Romana
2391 4797 2546 4854 sedis
2574 4798 2960 4866 auctoritate;
3005 4797 3157 4866 quod
3214 4795 3263 4851 si
3315 4793 3578 4860 fecerint,
3614 4794 3763 4849 irri-

2102 4892 2223 4944 tum
2261 4888 2394 4956 erit,
2426 4893 2482 4943 et
2530 4885 2804 4943 facientes
2849 4884 3420 4943 condemnabuntur:
3468 4883 3607 4953 quia
3655 4881 3760 4936 hoc

2112 4975 2477 5049 privilegium
2513 4975 2624 5046 ipsi
2651 4976 2915 5031 Romana
2943 4975 3066 5031 sedi
3094 4989 3127 5030 a
3154 4971 3511 5044 temporibus
3534 4977 3764 5041 apost0'

2113 5063 2300 5121 lorum
2327 5064 2542 5120 servari
2573 5069 2852 5120 statutum
2881 5068 3005 5132 est;
3036 5063 3191 5134 quia,
3227 5060 3490 5133 quamvis
3512 5063 3766 5116 cuncto-

2113 5168 2242 5212 rum
2285 5153 2672 5224 apostolorum
2731 5166 2834 5223 par
2888 5152 3093 5208 electio
3140 5149 3304 5221 foret,
3356 5149 3522 5206 beato
3569 5155 3762 5205 tamen

2116 5245 2278 5300 Petro
2307 5256 2637 5299 concessum
2668 5247 2754 5298 est
2786 5246 2850 5297 ut
2874 5240 3012 5297 aliis
3035 5240 3446 5312 praemineret,
3473 5243 3532 5294 et
3555 5251 3765 5294 causas

2107 5339 2164 5390 et
2195 5333 2689 5405 interrogationes,
2725 5345 2850 5403 qua
2877 5331 2946 5387 ad
2979 5330 3267 5403 querelam
3299 5329 3581 5397 venirent,
3616 5341 3770 5397 pru—

2102 5423 2303 5479 denter
2327 5421 2674 5491 disponeret.
2711 5419 2861 5476 Idem
2905 5419 3214 5490 pradictus
3244 5415 3521 5490 pontifex,
3571 5415 3633 5470 in
3660 5427 3770 5471 ea—

2103 5511 2230 5566 dem
2279 5509 2541 5580 epistola,
2583 5509 2808 5565 eosdem
2854 5514 3172 5579 quaerentes
3226 5505 3525 5575 instruxit,
3560 5519 3770 5560 sacra-
