4082 6168
330 261 353 320 4
368 260 464 320 484

1188 263 1454 323 PSEUDO
1490 263 1905 322 LUlTPRANDI
1941 265 2066 322 LIB.
2108 265 2200 321 DE
2237 263 2424 324 V-lTIS‘
2458 265 2625 329 110M.
2682 264 2882 322 PONT'.

3603 255 3748 328 "82

328 394 581 448 mentum
628 389 1020 460 impositionis
1050 404 1320 448 manuum
1364 391 1762 462 episcoporum
1795 390 1980 460 majus
2011 386 2536 461 Aaccusationem,
2589 397 2645 448 et
2697 405 2812 450 non
2859 391 3164 449 damnetur
3225 389 3434 461 praesul
3493 388 3744 462 quilibet

327 493 470 546 esse,
519 493 690 551 quam
739 480 1032 550 baptismi,
1081 481 1218 552 quia
1261 495 1293 538 a
1344 481 1680 552 majoribus,
1726 481 1781 538 id
1823 486 1911 537 est
1948 495 1980 537 a

329 569 576 625 summis
608 569 998 639 pontiﬁcibus,
1034 570 1115 641 ﬁt,
1141 577 1197 626 et
1220 584 1252 626 a
1284 571 1608 627 minoribus
1639 571 1832 641 perﬁci
1866 584 1980 626 non

331 663 535 729 potest,
588 663 646 713 et
688 658 816 714 ideo
859 659 1062 728 majori
1102 660 1464 731 veneratione
1515 661 1894 717 venerandum
1926 665 1982 714 et

332 747 636 804 tenendum
682 753 805 816 est;
833 749 926 803 sed
968 749 1046 804 ita
1091 753 1278 804 tamen
1319 749 1437 806 haec
1476 750 1592 806 duo
1629 755 1982 806 sacramenta

329 838 636 907 conjuncta
671 843 826 908 sunt,
865 843 930 894 ut
965 839 1036 894 ab
1078 839 1341 908 invicem,
1391 839 1505 894 nisi
1549 845 1728 896 morte
1767 853 1984 909 praeve-

331 927 546 996 niente,
593 927 926 984 nullatenus
968 929 1189 998 possint
1217 929 1526 1001 segregari,
1558 933 1614 984 et
1644 943 1822 984 unum
1857 929 1983 984 sine

327 1017 510 1073 altero
534 1017 642 1072 rite
671 1017 863 1087 perﬁci
897 1032 1006 1074 non
1043 1019 1242 1088 possit.
1275 1019 1413 1074 Nam
1439 1033 1618 1076 unum
1648 1018 1774 1074 sine
1801 1019 1982 1075 altero

330 1107 710 1177 praeveniente
755 1113 937 1163 morte
968 1112 1170 1179 potest,
1202 1108 1362 1164 aliud
1394 1114 1583 1164 autem
1609 1099 1738 1164 'non
1776 1113 1977 1179 potest.

328 1198 452 1252 Non
492 1201 678 1252 tamen
724 1196 992 1253 dubitare
1029 1196 1322 1267 debemus,
1365 1203 1429 1253 ut
1467 1198 1884 1268 plenitudinem
1913 1199 1983 1255 de

330 1283 487 1340 fonte
511 1285 919 1354 suscipiamus,
945 1286 1086 1357 quin
1117 1286 1374 1355 Spiritus
1400 1293 1651 1356 sanctus,
1683 1287 1782 1358 qui
1811 1301 1984 1358 super

330 1387 511 1444 aquas
539 1373 828 1430 salutiferi
860 1374 1133 1445 baptismi
1159 1375 1457 1432 descendit
1488 1375 1719 1446 illapsu,
1747 1377 1805 1432 in
1830 1375 1983 1433 fonte

333 1461 749 1531 plenitudinem
783 1461 1000 1519 tribuat
1029 1463 1098 1518 ad
1135 1463 1544 1534 innocentiam,
1582 1463 1640 1518 in
1672 1464 1984 1520 conﬁrma—

334 1551 492 1608 tione
529 1556 897 1626 augmentum
948 1556 1175 1622 prtestet
1203 1552 1272 1608 ad
1313 1553 1576 1624 gratiam.
1608 1555 1666 1608 In
1700 1553 1982 1624 baptismo

331 1641 486 1698 enim
533 1654 933 1712 regeneramur
967 1641 1034 1696 ad
1079 1641 1290 1710 vitam;
1317 1649 1444 1712 post
1475 1642 1822 1711 baptismum
1855 1656 1985 1698 vero

2094 482 2208 538 nisi
2265 483 2625 556 septuaginta
2679 483 2910 538 duobus
2965 483 3232 551 testibus,
3284 495 3467 551 neque
3529 480 3738 551 praesul

2091 587 2352 630 summus
2376 587 2408 628 a
2439 587 2725 644 quoquam
2753 572 3084 643 judicetur;
3112 571 3402 642 presbyter
3426 570 3742 626 cardinalis

2093 661 2207 718 nisi
2240 663 2297 718 in
2326 667 2573 733 quatnor
2596 668 2652 718 et
2677 661 3057 733 quadraginta
3085 660 3330 716 testibus
3355 674 3464 716 non
3498 660 3742 715 damna-

2093 749 2254 806 bitur
2280 769 2293 821 ;
2326 751 2606 808 diaconus
2636 751 2952 808 cardinalis
2996 764 3106 806 non
3137 748 3506 805 damnabitur
3536 748 3649 804 nisi
3679 747 3740 802 in

2091 839 2301 911 viginti
2342 853 2439 896 sex
2481 840 2770 910 testibus;
2799 839 3207 906 subdiaconus,
3250 837 3527 908 acolytus,
3569 850 3744 894 exor-

2092 930 2256 999 cista,
2309 929 2503 1000 lector,
2555 931 2856 1000 ostiarius,
2904 930 3043 1001 nisi,
3097 929 3254 986 sicut
3299 928 3580 997 scriptum
3635 929 3741 994 est,

2095 1018 2153 1075 in
2191 1033 2289 1076 sex
2334 1019 2598 1076 testibus.
2651 1022 2843 1076 Testes
2884 1026 3073 1076 autem
3121 1026 3177 1075 et
3217 1021 3578 1074 accusatores
3619 1015 3754 1070 sine-

2091 1107 2286 1179 aliqua
2309 1109 2428 1165 sint
2451 1107 2718 1164 infamia:
2747 1109 3140 1165 testimonium
3163 1113 3351 1165 autem
3376 1106 3510 1163 laici
3536 1105 3745 1162 adver-

2093 1212 2193 1253 sus
2221 1198 2496 1254 clericum
2539 1213 2702 1254 nemo
2746 1198 3027 1267 suscipiat
3056 1195 3163 1269 (44,
3198 1213 3250 1268 q.
3302 1195 3352 1266 4,
3399 1211 3445 1251 c.
3494 1196 3744 1250 Testimo-

2092 1288 2286 1351 nium).
2335 1289 2507 1344 Nemo
2549 1288 2824 1345 clericum
2873 1287 3185 1360 quemlibet
3226 1287 3283 1342 in
3329 1285 3558 1356 publico
3603 1296 3746 1338 exa-

2097 1376 2318 1432 minare
2365 1382 2689 1448 praesumat,
2745 1377 2860 1433 nisi
2912 1377 2970 1432 in
3012 1376 3270 1432 ecclesia.
3312 1373 3522 1430 Nullus
3565 1372 3744 1428 cleri—

2094 1479 2216 1533 cus,
2275 1465 2362 1521 vel
2411 1466 2711 1537 diaconus,
2767 1470 2869 1522 aut
2923 1465 3213 1536 presbyter
3266 1469 3496 1534 propter
3535 1475 3759 1533 quam-.

2097 1553 2238 1610 libet
2275 1567 2504 1611 causam
2550 1556 2724 1611 intret
2772 1556 2832 1611 in
2877 1555 3120 1619 curiam,
3156 1568 3257 1609 nec
3299 1553 3379 1608 ibi
3409 1558 3540 1608 ante
3573 1551 3743 1620 judi-

2095 1656 2215 1699 cem
2268 1658 2430 1700 suam
2485 1658 2714 1701 causam
2769 1645 2961 1701 dicere
3009 1647 3333 1714 prtesumat.
3389 1644 3458 1696 Et
3508 1641 3558 1697 si
3610 1639 3746 1710 quis

332 1730 740 1786 conﬁrmamur
767 1730 836 1785 ad
868 1744 1133 1800 pugnam.
1167 1732 1234 1786 Et
1264 1731 1313 1787 si
1346 1731 1622 1788 continuo
1645 1731 1984 1788 transituris
2014 1720 2064 1781 B
2096 1731 2344 1790 clericus
2390 1747 2667 1791 accusans
2708 1734 3006 1805 clericum,
3057 1733 3117 1789 in
3163 1733 3384 1788 curiam
3429 1729 3760 1799 introierit,

333 1818 622 1876 suﬁiciant
660 1819 1110 1891 regenerationis
1152 1819 1446 1889 beneﬁcia,
1499 1820 1744 1876 victuris
1797 1827 1983 1876 tamen

335 1908 654 1964 necessaria
685 1913 824 1964 sunt
850 1908 1308 1965 conﬁrmationis
1336 1909 1578 1966 auxilia.
1613 1909 1984 1982 Regeneratio

337 2011 435 2068 per
461 2011 522 2054 se
545 1997 725 2053 salvat
749 2010 877 2053 mox
909 1997 969 2053 in
997 2011 1131 2068 pace
1162 1997 1314 2054 beati
1346 1998 1541 2055 saeculi
1584 1998 1981 2068 recipiendos;

334 2086 695 2143 conﬁrmatio
723 2092 909 2143 armat
936 2093 992 2143 et
1023 2087 1266 2144 instruit
1294 2089 1362 2145 ad
1395 2102 1606 2160 agones
1638 2088 1838 2144 mundi
1868 2087 1985 2144 hu—

330 2177 430 2246 jus
454 2180 508 2232 et
540 2177 735 2247 praelia
768 2177 1154 2234 reservandos.
1189 2178 1340 2234 Idem
1374 2192 1516 2248 papa
1540 2179 1599 2234 in
1629 2178 1822 2234 eadem
1853 2177 1984 2248 epi—

337 2266 483 2322 stola
516 2266 832 2333 interdicit,
869 2280 937 2322 ne
962 2267 1098 2338 quis
1123 2267 1410 2337 jejunium
1443 2267 1757 2324 Dominicis
1785 2265 1902 2322 diei
1930 2271 1984 2322 et

335 2355 552 2427 quinta:
574 2354 729 2412 ferias
754 2355 1018 2425 celebret,
1050 2361 1112 2412 ut
1135 2357 1285 2412 inter
1304 2357 1592 2426 jejunium
1618 2355 1986 2411 Christiano-

338 2459 463 2501 rum
504 2449 561 2500 et
596 2445 922 2517 gentilium,
969 2444 1225 2501 ﬁdelium
1272 2451 1328 2501 et
1367 2444 1711 2514 inﬁdelium,
1749 2457 1899 2514 vera,
1932 2448 1987 2500 et

339 2548 449 2600 non
481 2533 642 2607 falsa,
674 2535 950 2592 discretio
980 2535 1274 2592 habeatur.

727 2624 982 2680 XXXIV.
1013 2654 1088 2665 —
1114 2626 1166 2680 S.
1201 2624 1590 2682 SILVESTER.

858 2715 1045 2783 (Anno
1075 2713 1281 2770 Christi
1308 2713 1368 2772 34
1381 2711 1458 2784 4.)

406 2801 696 2874 Silvester,
740 2803 970 2860 natione
1003 2804 1312 2875 Romanus,
1345 2819 1412 2860 ex
1446 2809 1603 2875 patre
1630 2803 1855 2874 Ruﬁno,
1889 2815 1988 2859 se—

335 2892 427 2948 dit
453 2905 634 2948 annos
659 2892 866 2965 viginti
897 2898 1030 2961 tres,
1059 2907 1281 2949 menses
1309 2893 1522 2961 decem,
1549 2893 1676 2950 dies
1697 2893 1982 2949 undecim.

339 2981 473 3038 Fuit
519 2987 706 3038 autem
767 2981 1124 3053 temporibus
1172 2981 1538 3038 Constantini
1583 2987 1639 3038 et
1686 2982 1985 3038 Volusiani

2093 1824 2394 1880 anathema
2433 1824 2732 1895 suscipiat.

2165 1913 2266 1968 Hic
2307 1912 2366 1967 in
2405 1913 2674 1982 praedicta
2707 1913 2924 1984 synodo
2961 1911 3267 1968 constituit
3295 1910 3385 1980 (de
3415 1909 3570 1965 Cons.
3610 1907 3741 1962 dist.

2097 1999 2146 2071 4,
2170 2016 2219 2058 c.
2246 2001 2521 2072 Consulto)
2559 2007 2623 2058 ut
2654 2001 2852 2058 nullus
2889 2002 2948 2058 in
2976 2001 3161 2058 serico
3193 2013 3380 2070 panno
3423 2004 3524 2055 aut
3561 1997 3744 2052 tincto

2094 2091 2441 2150 sacriﬁcium
2474 2091 2678 2147 altaris
2698 2091 2984 2147 celebrare
3010 2093 3354 2160 praesumat;
3383 2087 3478 2144 sed
3509 2087 3568 2141 in
3599 2097 3745 2156 puro

2095 2179 2248 2236 lineo
2284 2180 2354 2236 ab
2397 2181 2664 2251 episcopo
2707 2185 3056 2249 consecrato,
3102 2184 3268 2235 terra:
3312 2173 3580 2251 [terreno]
3623 2173 3748 2230 sci-

2095 2269 2230 2325 licet
2273 2269 2410 2342 lino_
2436 2275 2729 2340 procreato
2774 2275 2946 2342 atque
2988 2273 3268 2325 contexto.
3313 2268 3380 2322 Et
3418 2265 3470 2322 si
3512 2264 3644 2336 quis
3684 2263 3745 2319 in

2094 2358 2335 2416 ecclesia
2399 2359 2652 2415 militare
2714 2364 2818 2415 aut
2877 2358 3147 2430 proﬁcere
3207 2356 3514 2423 desiderat,
3581 2352 3749 2409 debet

2095 2461 2219 2504 esse
2250 2449 2414 2518 prius
2447 2449 2745 2520 ostiarius,
2787 2448 2994 2506 deinde
3034 2448 3230 2517 lector,
3263 2451 3320 2502 et
3351 2448 3544 2515 postea
3573 2456 3749 2499 exor-

2097 2537 2241 2593 cista
2307 2551 2404 2607 per
2467 2543 2718 2608 tempora
2779 2552 2904 2609 quae
2962 2537 3267 2607 episcopus
3326 2533 3741 2590 constituerit:

2096 2625 2304 2682 deinde
2345 2627 2604 2698 acolytus
2645 2627 2818 2683 annis
2861 2626 3139 2698 quinque,
3185 2624 3576 2681 subdiaconus
3618 2621 3750 2678 toti-

2096 2715 2245 2786 dem,
2297 2722 2354 2772 et
2399 2721 2595 2772 custos
2637 2722 3002 2786 martyrum;
3048 2720 3105 2771 et
3144 2714 3426 2770 diaconus
3475 2710 3748 2768 similiter

2097 2805 2270 2860 annis
2322 2805 2596 2876 quinque,
2661 2803 2952 2875 presbyter
3005 2803 3176 2859 annis
3225 2801 3453 2858 duobus
3514 2791 3743 2871 [tribus]

2100 2892 2375 2962 probatus
2424 2908 2492 2949 ex
2541 2893 2697 2950 omni
2765 2899 2926 2962 parte
2976 2893 3283 2959 intantum,
3345 2895 3410 2946 ut
3459 2888 3628 2944 etiam
3677 2886 3748 2942 ab

2101 2982 2194 3037 his
2241 2982 2342 3052 qui
2390 2981 2531 3038 foris
2587 2986 2722 3038 sunt
2782 2981 3178 3036 testimonium
3245 2979 3457 3035 bonum
3522 2976 3745 3040 habeat.

337 3071 658 3128 consulum.
704 3072 806 3128 Hic
843 3071 1092 3128 diversis
1137 3071 1493 3141 temporibus
1536 3070 1827 3126 ordinavit
1856 3071 1989 3140 epi-
2019 3062 2068 3126 C
2102 3070 2278 3126 unius
2312 3069 2580 3125 videlicet
2619 3069 2820 3125 uxoris
2857 3069 2946 3124 vir
2985 3069 3036 3136 (Ι
3076 3071 3213 3123 Tim.
3249 3070 3359 3137 lli),
3407 3081 3533 3138 quae
3563 3070 3749 3122 tamen

339 3174 542 3231 scopas
571 3163 868 3234 sexaginta
901 3162 1178 3232 quinque,
1215 3160 1573 3230 presbyteros
1607 3161 1987 3231 quadraginta

335 3249 504 3321 duos,
541 3251 817 3307 diaconos
851 3249 1058 3319 viginti
1100 3263 1214 3305 sex.
1254 3249 1358 3304 llic
1399 3249 1847 3318 persecutionem
1889 3248 1988 3304 fu-

338 3339 521 3411 giens,
555 3339 660 3394 diu
695 3339 752 3392 in
786 3343 974 3393 monte
1004 3338 1231 3393 Soracte
1262 3337 1436 3394 latuit
1460 3355 1475 3407 ;
1499 3338 1592 3392 sed
1629 3339 1987 3407 postmodum

339 3443 466 3485 cum
501 3426 686 3498 gloria
720 3426 945 3482 rediens
974 3425 1417 3482 Constantinum
1459 3425 1789 3496 baptizavit,
1820 3441 1986 3497 quem

337 3516 606 3572 Christus
640 3514 698 3570 in
734 3515 858 3585 ipso
887 3513 1174 3584 baptismo
1197 3529 1229 3570 a
1261 3515 1526 3586 squalore
1557 3514 1725 3585 lepra:
1758 3515 1990 3570 munda-

339 3605 440 3660 vit.
507 3603 608 3660 Hic
666 3607 941 3674 potestate
996 3605 1110 3660 Deo
1159 3603 1338 3658 libere
1390 3603 1675 3659 serviendi
1737 3610 1987 3676 accepta,

335 3692 716 3749 constitutum
769 3689 904 3746 fecit
949 3691 1020 3746 de
1065 3691 1223 3748 omni
1270 3691 1540 3748 Ecclesia.
1589 3693 1773 3761 Hujus
1815 3693 1986 3749 etiam

341 3781 715 3852 temporibus,
743 3781 869 3850 ejus
903 3785 1200 3850 prmcepto,
1246 3778 1391 3836 facta
1419 3781 1671 3852 synodus
1711 3781 1772 3836 in
1802 3782 1987 3838 Nicaea

339 3869 638 3940 Bithyniae,
683 3875 739 3924 et
779 3869 1105 3940 congregati
1155 3875 1291 3924 sunt
1331 3871 1566 3925 trecenti
1610 3875 1667 3925 et
1706 3870 1896 3926 decem
1935 3876 1992 3926 et

337 3967 465 4017 octo
497 3958 767 4015 catholici
799 3957 1080 4028 episcopi,
1115 3957 1215 4029 qui
1251 3957 1416 4013 ﬁdem
1451 3958 1753 4031 integram,
1784 3959 1992 4017 catho-

341 4048 508 4104 licam
553 4051 610 4102 et
655 4045 1078 4102 immaculatam
1120 4053 1528 4115 exposuerunt,
1575 4052 1632 4102 et
1671 4046 1896 4115 Arium,
1935 4052 1993 4104 et

344 4135 670 4205 Photinum,
701 4140 759 4190 et
785 4133 1122 4206 Sabellium,
1166 4148 1480 4205 eorumque
1524 4149 1795 4205 sequaces
1823 4137 1994 4192 dam—

346 4227 575 4280 narunt.

414 4314 621 4370 Eodem
671 4325 901 4382 quoque
957 4315 1209 4382 tempore
1251 4310 1423 4366 etiam
1476 4311 1598 4380 ipse
1636 4311 1753 4380 jam
1799 4311 1994 4368 dictus

2099 3171 2130 3212 a
2161 3158 2452 3214 sacerdote
2478 3158 2555 3213 sit
2585 3156 2901 3214 benedicta.
2940 3158 3010 3212 Et
3037 3157 3124 3213 sic
3157 3155 3448 3227 probatus,
3493 3154 3544 3210 si
3573 3153 3750 3210 fuerit

2097 3247 2330 3318 dignus,
2375 3253 2427 3302 et
2464 3253 2592 3303 vota
2631 3247 2770 3304 cleri
2815 3260 2880 3302 ac
2926 3246 3120 3316 populi
3167 3245 3546 3312 occurrerint,
3588 3256 3754 3299 cano-

2099 3336 2226 3391 nice
2285 3335 2588 3405 episc0pus
2639 3344 3056 3393 consecretur:
3105 3348 3274 3406 quem
3328 3333 3560 3404 quidem
3618 3331 3752 3389 talis

2098 3425 2228 3480 vita:
2263 3430 2336 3495 et,
2377 3429 2440 3481 ut
2482 3426 2816 3496 praedictum
2863 3432 2968 3494 est,
3014 3423 3368 3480 accedentem
3414 3435 3514 3476 nec
3561 3421 3751 3478 clerus

2099 3527 2201 3569 nec
2219 3513 2466 3585 populus
2485 3519 2675 3585 postea
2693 3512 3026 3583 perturbare
3041 3511 3224 3568 debet.
3245 3511 3360 3566 Hoc
3375 3510 3548 3566 etiam
3569 3509 3627 3564 in
3643 3523 3752 3566 me-

2101 3609 2314 3659 morata
2337 3603 2643 3659 constituit
2667 3602 2880 3673 synodo
2902 3602 2991 3670 (de
3011 3600 3167 3655 Cons.
3190 3599 3328 3656 dist.
3353 3597 3402 3668 4,
3427 3613 3475 3654 c.
3500 3600 3745 3669 Nullus),

2102 3697 2166 3748 ut
2212 3691 2409 3748 nullus
2458 3691 2749 3762 presbyter
2807 3690 3038 3746 missam
3088 3688 3372 3745 celebrare
3422 3693 3748 3757 prtesumat.

2101 3781 2215 3837 nisi
2263 3780 2322 3837 in
2371 3781 2612 3837 sacratis
2657 3779 2727 3835 ab
2779 3778 3047 3849 episcopo
3106 3777 3272 3848 locis,
3320 3777 3418 3847 qui
3475 3776 3566 3834 sui
3612 3790 3752 3848 par—

2101 3870 2283 3940 ticeps
2345 3870 2416 3925 de
2479 3875 2681 3925 caetero
2746 3866 2994 3924 voluerit
3059 3879 3182 3922 esse
3248 3865 3576 3922 sacerdotii.
3647 3866 3752 3922 llic

2099 3959 2271 4014 etiam
2325 3959 2651 4023 constituit,
2704 3962 2768 4014 ut
2817 3955 3109 4027 presbyter
3161 3954 3534 4025 baptizatum,
3584 3960 3641 4011 et
3681 3955 3752 4012 de

2101 4061 2249 4118 aqua
2282 4047 2528 4102 lavatum
2559 4047 2869 4103 chrismate
2900 4045 3100 4101 liniret
3132 4047 3364 4115 propter
3383 4043 3750 4100 subitaneum

2102 4134 2406 4191 transitum
2459 4135 2680 4190 mortis.
2723 4135 2829 4190 Hic
2867 4133 3196 4203 constituit,
3238 4138 3302 4188 ut
3345 4133 3576 4189 diaconi
3618 4131 3752 4190 dal-r

2103 4223 2330 4280 maticis
2372 4222 2431 4278 in
2478 4222 2719 4278 ecclesia
2773 4229 3092 4292 uterentur,
3140 4227 3196 4278 et
3248 4221 3446 4292 palliis
3487 4221 3547 4278 in
3591 4221 3746 4277 laeva.

2102 4314 2205 4370 llic
2247 4312 2435 4384 pridie
2478 4311 2714 4368 Kalend.
2757 4312 3018 4368 Januarii
3059 4310 3354 4369 confessor
3391 4311 3609 4367 Christi
3650 4323 3756 4366 ca-

345 4415 485 4473 papa
526 4400 745 4472 praefati
775 4400 1137 4458 Constantini
1162 4400 1408 4472 Augusti
1451 4400 1696 4456 consilio
1720 4401 1994 4456 canonica
2022 4387 2077 4448 D
2107 4403 2362 4460 tholicus
2395 4400 2664 4474 migravit
2694 4400 2762 4454 ad
2796 4399 3123 4455 Dominum.

341 4491 635 4546 vocatione
676 4491 735 4546 in
784 4490 979 4547 urbem
1020 4490 1254 4546 Romam
1302 4489 1584 4546 ducentos
1627 4490 1994 4562 septuaginta

341 4584 554 4649 septem
621 4580 921 4650 episcopos
993 4579 1418 4651 congregavit;
1465 4585 1520 4634 et
1584 4579 1814 4649 iterum,
1883 4585 1992 4634 tam

341 4667 672 4739 Callixtum,
725 4681 895 4740 quam
938 4668 1162 4735 Arium,
1213 4673 1270 4723 et
1316 4668 1646 4739 Photinum,
1695 4673 1752 4725 et
1793 4667 1996 4724 Sabel—

346 4758 488 4815 lium
536 4758 829 4814 damnavit
862 4776 874 4811 :
903 4763 960 4813 et
1001 4757 1310 4813 constituit
1354 4764 1416 4814 ut
1457 4758 1655 4814 nullus
1704 4757 1998 4828 presbyter

342 4847 619 4904 Arianum
666 4847 1093 4918 resipiscentem
1138 4847 1476 4917 susciperet,
1527 4847 1639 4902 nisi
1690 4847 1996 4917 episcopus

309 4937 595 5007 ejusdem
659 4936 768 4992 loci
835 4949 963 4991 eum
1033 4934 1452 5004 reconciliaret,
1517 4940 1574 4990 et
1635 4942 1996 4993 sacrosancto

343 5025 653 5082 chrismate
694 5023 1074 5081 conﬁrmaret.
1115 5024 1178 5079 In
1225 5037 1336 5095 qua
1376 5023 1546 5080 etiam
1593 5025 1809 5095 synodo
1851 5039 1997 5081 con-

343 5128 515 5172 sensu
563 5121 619 5170 et
660 5113 1090 5182 subscriptione
1144 5112 1402 5169 omnium
1452 5115 1832 5171 constitutum
1886 5120 1993 5184 est,

345 5210 410 5262 ut
431 5203 629 5260 nullus
665 5202 850 5259 laicus
875 5202 1084 5260 clerico
1105 5202 1319 5258 crimen
1355 5201 1566 5258 inferre
1597 5203 1804 5260 audeat
1831 5201 1902 5275 (2,
1934 5219 1988 5275 q.

340 5291 396 5364 7,
428 5307 478 5348 c.
509 5293 708 5350 Nullus
736 5311 754 5359 ;
780 5290 834 5363 2,
881 5308 935 5364 q.
975 5289 1031 5363 '7,
1061 5306 1108 5348 c.
1160 5292 1444 5363 Clericus),
1476 5297 1532 5348 et
1577 5297 1638 5348 ut
1678 5292 1990 5366 presbyteri

344 5397 457 5440 non
524 5383 801 5440 adversus
851 5383 1204 5454 episcopum,
1264 5395 1368 5438 nec
1426 5381 1655 5438 diaconi
1721 5384 1995 5441 adversus

347 5472 761 5544 presbyterum,
805 5485 907 5527 nec
947 5470 1133 5542 aliqui
1173 5471 1426 5527 minores
1465 5471 1676 5544 gradus
1721 5472 1997 5531 adversus

350 5561 669 5634 quemlibet
700 5560 968 5631 majorem
1011 5559 1246 5632 gradum
1290 5559 1588 5617 habentem
1618 5560 1712 5618 det
1741 5562 1994 5635 aliquam

2556 4489 2784 4546 XXXV.
2820 4519 2887 4528 —
2915 4487 2968 4544 S.
3005 4487 3296 4544 MARCUS.

2614 4579 2803 4648 (Anno
2843 4577 3063 4633 Christi.
3099 4573 3251 4645 336.)

2178 4672 2422 4738 Marcus,
2487 4668 2717 4724 natione
2786 4667 3096 4732 Romanus,
3166 4681 3235 4723 ex
3302 4670 3463 4736 patre
3531 4665 3751 4735 Prisco,

2107 4759 2258 4815 sedit
2298 4770 2518 4813 menses
2561 4765 2709 4826 octo,
2748 4755 2875 4812 dies
2915 4755 3145 4829 viginti.
3199 4755 3332 4811 Fuit
3373 4761 3560 4812 autem
3605 4760 3756 4811 tem-

2108 4848 2346 4921 poribus
2373 4845 2756 4914 Constantini,
2797 4852 2853 4901 et
2881 4845 3207 4917 Nepotiani,
3241 4859 3306 4901 ac
3345 4845 3614 4901 Secundi.
3650 4846 3754 4901 Hic

2104 4937 2432 5007 constituit,
2477 4942 2540 4992 ut
2577 4935 2884 5004 episcopus
2921 4935 3117 5004 Ostiae,
3164 4935 3265 5004 qui
3298 4940 3594 4991 consecrat
3621 4936 3755 5004 epi—

2105 5041 2338 5098 scopum
2382 5025 2548 5082 urbis
2593 5025 2803 5093 Romaa,
2852 5023 3028 5094 pallio
3076 5028 3352 5080 uteretur.
3396 5025 3500 5080 llic
3528 5024 3752 5095 episto—

2107 5117 2216 5174 lam
2269 5116 2486 5173 direxit
2541 5112 2858 5170 Athanasio
2905 5119 2961 5168 et
3013 5112 3302 5170 universis
3352 5114 3747 5187 Egyptiorum

2105 5205 2414 5278 episcopis,
2454 5204 2514 5261 in
2553 5217 2668 5275 qua
2703 5202 2905 5259 multis
2946 5201 3129 5258 modis
3174 5209 3404 5275 patet-ne
3442 5217 3540 5259 eos
3581 5214 3753 5270 super

2105 5293 2466 5368 querimonia
2527 5291 2860 5349 amictionis
2914 5306 3111 5348 eorum
3168 5292 3519 5359 consolatur,
3574 5295 3632 5344 et
3680 5287 3747 5343 ad

2104 5383 2376 5442 solatium
2402 5381 2759 5439 defensionis
2797 5381 3052 5454 capitula
3091 5381 3306 5438 Nicaeni
3337 5377 3595 5445 concilii,
3625 5390 3751 5447 quze

2104 5473 2254 5544 apud
2287 5486 2384 5529 eos
2424 5472 2703 5530 malorum
2743 5472 3018 5530 violentia
3051 5471 3170 5541 jam
3211 5481 3323 5524 non
3359 5471 3522 5522 erant
3553 5471 3750 5522 trans—

2108 5562 2335 5619 mittere
2393 5559 2454 5616 in
2505 5562 2696 5618 eadem
2752 5575 2812 5617 se
2865 5559 3030 5617 dicit.
3092 5557 3195 5613 Hic
3263 5553 3554 5612 ordinavit
3618 5555 3751 5626 epi—
