4046 6182
307 196 447 269 1183

1073 207 1363 266 APPEND.
1405 207 1497 264 AD
1533 205 1693 264 SEC.
1737 202 1816 263 IX
1850 233 1922 246 —
1966 201 2326 263 AUCTORES
2378 205 2549 264 ΑΝΝΙ
2587 197 2881 262 INCERTI.

3570 201 3713 259 Ηὸι

303 347 507 404 scopos
557 333 767 406 viginti
817 336 1052 404 septem,
1100 332 1456 405 presbyteros
1507 330 1716 404 viginti
1765 327 1949 400 quln—
1976 327 2118 389 Ain
2147 332 2472 388 caemeterio
2515 331 2569 386 S.
2619 330 2875 404 Agnetis.
2917 329 3134 387 Deinde
3175 328 3325 386 facto
3364 327 3436 384 ab
3475 326 3719 383 Arianis

307 437 434 494 que,
480 424 755 481 diaconos
791 437 890 480 sex
927 440 940 477 :
972 423 1072 495 qui
1120 423 1300 480 Nonis
1340 421 1608 479 Octobris
1652 418 1948 477 confessor

305 512 470 570 obiit.

768 605 1022 662 XXXVI.
1047 635 1122 646 —
1145 605 1199 661 S.
1231 603 1480 660 JULIUS.

839 697 1025 766 (Anno
1047 696 1249 752 Christi
1266 692 1418 764 336.)

377 786 588 860 Julius,
664 787 895 845 natione
965 790 1275 858 Romanus,
1338 800 1407 843 ex
1469 789 1628 857 patre
1685 783 1946 852 Rustico,

307 877 458 934 sedit
511 891 693 934 annos
749 877 1102 949 quindecim,
1160 890 1381 933 menses
1435 875 1601 945 duos,
1653 874 1780 929 dies
1827 885 1946 927 sex.

305 968 439 1024 Fuit
485 973 673 1025 autem
736 968 1092 1039 temporibus
1149 967 1469 1024 Constantii
1534 964 1786 1021 haeretici
1837 963 1947 1019 illii

305 1056 686 1128 Constantini,
741 1072 776 1114 a
826 1057 1130 1114 consulatu
1190 1057 1468 1113 Feliciani
1523 1061 1578 1112 et
1624 1053 1974 1110 Maximini.-

307 1147 411 1202 Hic
454 1147 646 1202 decem
695 1160 915 1202 menses
964 1147 1024 1202 in
1065 1146 1276 1203 exsilio
1322 1147 1532 1215 degens
1581 1143 1792 1200 multas
1836 1142 1952 1198 tri—

308 1235 636 1291 bulationes
678 1241 766 1291 est
814 1250 1018 1308 passus
1056 1256 1068 1292 :
1105 1243 1233 1307 post
1275 1241 1513 1292 mortem
1560 1240 1750 1291 autem
1800 1245 1952 1303 prm—

306 1324 449 1380 dicti
481 1325 800 1382 Constantii
834 1328 902 1383 ad
942 1327 1131 1383 sedem
1173 1339 1334 1384 suam
1374 1333 1461 1382 est
1503 1337 1781 1381 reversus.
1815 1322 1948 1393 Qui,

309 1413 726 1485 imperantibus
784 1418 1117 1474 Constantio
1173 1423 1229 1473 et
1286 1416 1592 1472 Constante
1652 1413 1950 1486 Augustis,

307 1508 496 1563 Romae
547 1521 676 1562 cum
733 1512 958 1563 centum
1013 1512 1069 1563 et
1132 1507 1375 1563 sedecim
1441 1505 1730 1576 episcopis
1775 1517 1952 1574 syno—

305 1597 442 1653 dum
496 1596 717 1667 habuit,
762 1596 821 1651 in
871 1610 984 1666 qua
1029 1596 1192 1652 tidem
1249 1597 1307 1651 in
1351 1597 1580 1652 Nicasno
1621 1593 1872 1650 concilio
1919 1606 1951 1647 a

308 1686 579 1741 trecentis
608 1692 664 1742 et
701 1686 1016 1742 octodecim
1047 1687 1384 1743 orthodoxis
1421 1685 1711 1756 episcopis
1749 1696 1954 1740 corro-

308 1775 563 1832 boratam
630 1777 1018 1833 confirmando
1077 1777 1363 1847 exposuit,
1425 1779 1483 1831 et
1537 1781 1734 1831 contra
1793 1773 1951 1829 illam

307 1879 503 1922 omnes
551 1866 863 1921 sentientes
913 1865 1170 1921 omnium
1219 1865 1448 1921 decreto
1498 1862 1954 1920 anathematiza—

308 1955 408 2010 vit.
442 1955 546 2010 Hic
583 1954 641 2010 in
675 1954 857 2025 prima
888 1954 1153 2025 epistola,
1201 1967 1367 2026 quam
1411 1953 1701 2010 universis
1741 1952 1956 2008 Orien-

307 2043 524 2100 talibus
566 2043 854 2115 episcopis
887 2045 1124 2108 direxit,
1167 2043 1574 2114 multipliciter
1595 2057 1661 2098 ac
1692 2043 1954 2098 rationa—

308 2133 509 2190 biliter
556 2147 653 2190 eos
696 2148 728 2189 a
781 2133 1094 2190 calumniis
1153 2133 1396 2190 fratrum
1443 2133 1805 2189 documentis
1857 2141 1954 2188 re-

308 2225 535 2280 trahere
590 2223 822 2294 nititur,
890 2238 1211 2295 proponens
1257 2224 1344 2279 eis
1393 2223 1573 2280 multa
1619 2237 1687 2278 ex
1732 2222 1950 2278 Nicaeni

307 2313 544 2369 concilii
605 2312 901 2383 capitulis,
952 2319 1008 2369 et
1057 2327 1125 2370 ex
1174 2326 1411 2370 suorum
1473 2313 1950 2382 prazdecessorum

305 2402 554 2458 decretis
595 2402 940 2459 conﬁrmans
992 2408 1046 2459 et
1087 2403 1211 2473 ipse
1257 2403 1450 2459 eadem
1498 2416 1628 2458 cum
1682 2401 1952 2458 omnibus

306 2491 638 2560 apostolica:
686 2492 897 2563 regulae
947 2491 1241 2561 subjectis.
1285 2493 1346 2546 In
1395 2503 1458 2546 ea
1507 2503 1638 2546 vero
1686 2489 1948 2559 epistola,

307 2594 476 2650 quam
503 2580 717 2635 eisdem
743 2579 1138 2637 Orientalibus
1167 2580 1457 2650 episcopis
1483 2579 1772 2635 haereticis
1800 2578 1954 2634 scri-

307 2667 442 2739 psit,
483 2668 700 2724 diserto
733 2681 797 2724 ac
829 2667 1013 2724 libero
1047 2682 1144 2724 ore
1180 2683 1277 2725 eos
1305 2669 1376 2724 de
1421 2668 1748 2730 insolentia,
1782 2681 1950 2738 quam

305 2762 504 2812 contra
550 2757 859 2812 Romanam
900 2756 1211 2812 Ecclesiam
1257 2757 1595 2828 habuerant,
1632 2755 1846 2826 arguit,
1897 2761 1953 2811 et

305 2845 507 2900 multis
558 2845 854 2916 capitulis,
912 2845 1222 2902 multorum
1270 2847 1614 2903 auctoritate
1661 2846 1949 2916 subnixis,

303 2941 357 2990 et
391 2934 447 2989 in
479 2949 544 2992 ea
576 2935 802 3007 positis,
840 2949 937 2992 eos
972 2936 1187 3006 injuste
1217 2935 1595 2993 Athanasium
1629 2941 1686 2992 et
1719 2941 1955 2992 caeteros

2056 421 2326 492 concilio,
2354 422 2510 478 Felix
2537 423 2625 478 vir
2653 422 2977 479 catholicus
3005 426 3094 477 est
3119 420 3438 490 depositus,
3469 422 3528 474 et
3546 421 3720 473 extra

2057 510 2347 568 civitatem
2389 515 2624 584 ejectus,
2669 517 2726 568 et
2766 511 3051 568 habitavit
3080 510 3137 566 in
3171 508 3445 580 praediolo
3482 521 3591 564 suo
3621 505 3720 562 via

2060 603 2360 659 Portuensi
2391 621 2403 658 :
2429 603 2693 659 Liberius
2739 608 2928 659 autem
2972 600 3336 658 consentiens
3371 595 3723 654 Constantio

2062 692 2349 760 haeretico,
2393 693 2461 749 ad
2503 693 2690 749 sedem
2732 693 3005 749 reductus
3036 696 3164 761 est;
3199 702 3312 746 non
3354 693 3544 745 tamen
3591 687 3724 756 ipse

2061 784 2448 856 rebaptizatus
2476 789 2581 855 est,
2615 785 2712 841 sed
2745 782 3137 853 rebaptizandi
3179 791 3522 836 consensum
3560 791 3724 847 prae—

2060 873 2208 946 buit,
2233 880 2287 930 et
2309 874 2496 931 tenuit
2521 875 2828 930 Romanam
2851 873 3040 928 sedem
3069 875 3261 942 postea
3282 869 3452 925 annis
3472 873 3722 938 septem,

2059 969 2115 1020 et
2145 962 2470 1021 fuitRoma:
2503 971 2616 1021 tam
2657 964 2719 1019 in
2749 963 2902 1020 clero
2945 974 3116 1034 quam
3161 961 3220 1016 in
3257 957 3466 1029 p0pulo
3505 968 3721 1026 magna

2061 1056 2401 1122 persecutio.
2432 1053 2736 1112 Ordinavit
2759 1056 2948 1109 autem
2974 1051 3274 1122 episcOpos
3298 1044 3719 1110 novemdecim,

2063 1145 2418 1218 presbyteros
2445 1144 2781 1214 octodecim,
2814 1143 3090 1199 diaconos
3119 1139 3396 1211 quinque.
3429 1135 3596 1193 Obiit
3618 1147 3726 1190 au-

2061 1242 2171 1293 tem
2202 1251 2304 1292 vm
2337 1236 2569 1292 Kalend.
2606 1234 2762 1291 Maii.

2132 1326 2264 1397 Qui,
2297 1330 2601 1396 antequam
2637 1323 2984 1379 Arianorum
3014 1319 3416 1377 communione
3449 1314 3728 1388 praevari-

2061 1423 2222 1475 cator
2240 1419 2389 1473 esset
2415 1414 2620 1483 factus,
2647 1412 2963 1468 Athanasio
2987 1413 3045 1465 et
3067 1409 3291 1465 cmteris
3313 1405 3724 1464 Orientalibus

2061 1506 2400 1564 orthodoxis
2441 1503 2730 1575 episcopis
2771 1499 3108 1558 decretalem
3153 1497 3456 1569 epistolam
3495 1494 3724 1552 direxit

2061 1598 2256 1668 (Epist.
2282 1594 2354 1667 4),
2378 1597 2437 1652 in
2457 1609 2566 1666 qua
2583 1591 3032 1665 diligentissime
3050 1588 3287 1645 concilii
3305 1585 3520 1642 Νίκιωηί
3542 1585 3721 1641 ﬁdem

2061 1687 2438 1755 commendat,
2487 1690 2542 1741 et
2582 1697 2683 1754 pro
2725 1684 2850 1752 ipsa
2897 1679 3170 1737 servanda
3215 1677 3520 1734 ostendens
3559 1687 3720 1746 prae-

2064 1778 2243 1833 mium
2275 1781 2332 1832 et
2363 1788 2604 1845 poenam,
2638 1770 3069 1829 studiosissime
3104 1779 3576 1838 unumquemque
3605 1764 3723 1820 de—

2063 1867 2194 1923 bere
2235 1871 2452 1922 certare
2492 1864 2774 1920 hortatur.
2817 1861 2920 1916 Hic
2959 1860 3114 1928 item,
3159 1863 3463 1928 antequam
3506 1855 3719 1910 haeresi

2062 1956 2289 2012 Arianze
2317 1953 2641 2023 assentiret,
2673 1949 2974 2021 epistolam
3007 1945 3414 2004 universaliter
3437 1943 3725 2000 omnibus

2064 2046 2302 2116 scripsit
2346 2043 2635 2114 episcopis
2677 2042 2875 2112 (Epist.
2925 2035 3001 2109 2),
3050 2038 3110 2093 in
3152 2049 3266 2108 qua
3309 2049 3406 2092 eos
3445 2033 3726 2090 hortatur

2063 2138 2120 2192 et
2149 2139 2357 2202 monet,
2394 2139 2457 2189 ut
2487 2131 2687 2188 nullus
2714 2130 3020 2200 episcOpus
3051 2141 3152 2196 pro
3183 2123 3542 2197 quibuslibet
3576 2137 3725 2193 per—

2064 2223 2517 2293 turbationibus,
2550 2222 2688 2278 dum
2718 2222 2930 2276 durare
2957 2217 3189 2288 poterit,
3221 2227 3382 2270 suam
3417 2212 3723 2284 relinquat

2061 2315 2358 2371 ecclesiam
2400 2331 2414 2384 ;
2451 2326 2552 2368 nec
2600 2311 2850 2382 quietem
2911 2305 3244 2364 monasterii
3296 2303 3480 2376 magis
3534 2302 3728 2374 eligat

2063 2417 2231 2476 quam
2269 2418 2369 2474 pro
2393 2401 2602 2474 populo
2628 2400 2741 2456 sibi
2769 2397 3076 2455 commisso
3102 2395 3360 2452 laborare
3378 2391 3716 2459 contendat,

2065 2490 2390 2568 [intendat],
2435 2493 2514 2548 ita
2556 2493 2706 2547 inter
2751 2494 2952 2545 caetera
2994 2487 3192 2544 dicens
3231 2502 3244 2539 :
3288 2487 3491 2541 Fatuas
3528 2483 3724 2536 homi-

2061 2599 2194 2638 num
2238 2583 2474 2637 insidias
2521 2596 2792 2651 respuere,
2843 2583 2894 2634 et
2939 2579 3128 2632 Patres
3171 2577 3344 2645 sequi,
3390 2579 3439 2628 et
3483 2574 3721 2628 Patrum

2062 2674 2319 2726 terminos
2393 2687 2500 2726 non
2575 2668 2907 2737 transgredi,
2982 2671 3146 2737 prout
3209 2665 3470 2719 Dominus
3539 2662 3718 2723 dedit,

2062 2762 2398 2830 satagamus,
2455 2761 2518 2815 id
2563 2764 2661 2822 est,
2716 2765 2779 2814 ut
2825 2763 3042 2812 nostras
3100 2755 3347 2810 ecclesias
3404 2752 3723 2821 relinquere

2062 2868 2170 2907 non
2219 2865 2592 2922 preperemus,
2654 2848 2786 2903 dum
2849 2848 3010 2902 malis
3073 2847 3322 2900 resistere
3385 2841 3716 2901 valebimus,

2062 2946 2160 2996 aut
2199 2941 2427 3011 populos
2468 2939 2624 2994 nobis
2664 2939 2968 2992 commissos
3011 2935 3300 3003 negligere,
3340 2936 3441 2986 aut
3479 2933 3720 3001 quietem

308 3023 624 3080 catholicos
664 3024 965 3096 episcopos
1006 3040 1038 3081 a
1081 3025 1316 3082 sedibus
1353 3025 1644 3096 expulisse
1681 3026 1952 3096 convicit,
1983 3019 2028 3078 C
2063 3031 2300 3102 amplius
2351 3029 2563 3097 eligere,
2615 3043 2780 3098 quam
2819 3042 2923 3097 pro
2972 3027 3048 3081 eis
3111 3024 3379 3092 laborare,
3423 3036 3530 3092 pro
3580 3021 3725 3089 qui-—

308 3118 364 3168 et
392 3114 616 3170 eosdem
658 3113 762 3170 hac
803 3115 874 3171 de
911 3130 1082 3172 causa
1129 3121 1356 3172 vocatos
1393 3116 1713 3186 culpabiles
1755 3121 1957 3173 osten—

307 3202 415 3272 dit,
445 3203 582 3273 quia
607 3204 777 3260 toties
798 3205 980 3261 vocati
1003 3205 1198 3261 venire
1221 3205 1578 3270 distulerint,
1609 3207 1690 3262 ita
1711 3205 1948 3262 dicens:

307 3291 451 3346 Sane
518 3295 870 3361 manifestum
933 3299 1012 3350 est
1071 3311 1156 3350 eos
1207 3312 1366 3350 suum
1431 3299 1677 3366 conﬁteri
1729 3297 1950 3359 crimen,

308 3384 404 3452 qui
460 3383 613 3438 toties
674 3385 878 3438 evocati
932 3385 1136 3454 absque
1190 3386 1498 3440 inevitabili
1549 3401 1717 3440 causa
1769 3387 1954 3441 venire

307 3473 643 3535 distulerint,
685 3478 737 3528 et
770 3475 1058 3544 purgandi
1111 3491 1166 3530 se
1211 3476 1489 3530 voluntate
1534 3491 1643 3530 non
1696 3480 1945 3530 utuntur.

307 3561 410 3616 Hic
459 3561 630 3618 etiam
679 3562 1006 3633 constituit,
1060 3568 1124 3620 ut
1170 3563 1368 3619 nullus
1421 3563 1669 3619 clericus
1721 3575 1951 3618 causam

309 3649 627 3719 quamlibet
669 3650 727 3706 in
773 3650 1005 3720 publico
1042 3651 1278 3720 diceret,
1313 3651 1426 3706 nisi
1458 3651 1516 3706 in
1545 3651 1803 3707 ecclesia.
1849 3651 1956 3706 Hic

309 3738 600 3794 ordinavit
632 3739 931 3809 episcopos
965 3753 1183 3808 novem,
1229 3739 1587 3810 presbyteros
1615 3740 1952 3811 octodecim,

307 3825 582 3882 diaconos
624 3832 891 3897 quatuor.
923 3828 1032 3896 Qui
1063 3827 1214 3884 obiit
1255 3825 1548 3883 confessor
1591 3827 1779 3898 pridie
1821 3829 1956 3885 ldus

308 3912 545 3984 Aprilis.

713 4003 994 4060 XXXVII.
1026 4035 1100 4046 -—-
1125 4005 1182 4060 S.
1217 4005 1542 4062 LIBERIUS.

829 4094 1015 4165 (Anno
1050 4096 1253 4152 Christi
1285 4093 1437 4168 352.)

383 4181 667 4254 Liberius,
697 4183 929 4240 natione
950 4186 1258 4256 Romanus,
1294 4201 1360 4243 ex
1389 4192 1547 4257 patre
1571 4186 1850 4258 Augusto,
1876 4202 1957 4245 se-

309 4271 399 4328 dit
421 4285 603 4328 annos
629 4273 980 4344 quindecim,
1006 4288 1225 4331 menses
1249 4280 1483 4346 septem,
1512 4276 1638 4331 dies
1659 4281 1793 4331 tres.
1824 4275 1958 4332 Fuit

2068 3121 2164 3174 bus
2229 3120 2391 3174 etiam
2453 3119 2669 3171 animas
2732 3131 2934 3186 ponere
2999 3114 3268 3169 debemus.
3338 3113 3409 3167 Et
3463 3107 3722 3166 inferius

2066 3211 2125 3266 in
2175 3209 2368 3266 eadem
2411 3207 2560 3264 dicit
2594 3203 2685 3278 (7,
2727 3223 2779 3278 q.
2835 3202 2885 3274 4,
2935 3218 2984 3261 c.
3035 3201 3397 3272 Suggestum)
3435 3218 3453 3254 :
3499 3199 3722 3266 Sugge-

2063 3304 2205 3354 stum
2255 3313 2488 3368 namque
2532 3296 2682 3352 vobis
2731 3299 2829 3359 est,
2884 3293 3030 3365 quod
3070 3309 3172 3364 pro
3208 3291 3506 3362 praeteritis
3555 3289 3720 3342 labo-

2061 3390 2215 3444 ribus
2253 3392 2304 3442 et
2344 3385 2788 3455 infestationibus
2825 3384 3081 3439 nonnulli
3120 3386 3356 3438 vestrum
3398 3381 3719 3447 assignatas

2062 3479 2188 3542 sibi,
2252 3481 2302 3532 et
2357 3493 2392 3530 a
2455 3479 2558 3530 Deo
2620 3476 2929 3530 commissas
2995 3474 3324 3542 relinquunt
3387 3468 3598 3540 plebes,
3667 3471 3718 3520 et

2061 3571 2264 3636 fratres
2320 3567 2504 3637 plures
2555 3560 2634 3638 [in
2685 3567 2878 3632 futuro
2921 3563 3132 3634 plures]
3183 3561 3492 3630 relinquere
3542 3558 3718 3612 velint

2063 3673 2175 3719 eas,
2226 3671 2364 3725 quas
2412 3656 2555 3709 tueri
2599 3653 2791 3708 debent
2832 3653 3103 3715 ecclesias,
3149 3655 3199 3705 et
3232 3665 3335 3720 pro
3374 3648 3566 3703 ovibus
3611 3647 3720 3702 sibi

2063 3745 2358 3800 commissis
2414 3743 2664 3798 laborare
2714 3743 3018 3812 negligant,
3065 3745 3115 3795 et
3163 3739 3623 3793 monasteriorum
3662 3751 3717 3789 se

2063 3834 2234 3904 quieti
2274 3832 2397 3902 jam
2448 3831 2765 3887 contrudere
2818 3831 3099 3899 festinent,
3149 3833 3199 3883 et
3253 3828 3594 3882 vacationem
3646 3823 3716 3877 ab

2063 3925 2402 3994 episcopatus
2452 3921 2729 3975 laboribus
2776 3921 2990 3992 eligere,
3033 3924 3083 3974 et
3124 3919 3337 3973 silentio
3389 3921 3556 3986 atque
3609 3916 3719 3969 otio

2062 4015 2234 4067 vitam
2301 4011 2490 4079 degere
2555 4011 2731 4078 magis
2793 4014 2983 4079 optant
3049 4004 3375 4082 [appetant],
3431 4021 3602 4074 quam
3658 4006 3718 4056 in

2064 4103 2168 4167 his,
2228 4116 2348 4171 quae
2404 4100 2510 4154 sibi
2559 4100 2840 4154 commissa
2899 4103 3047 4162 sunt,
3100 4111 3442 4168 permanere.
3502 4095 3719 4148 dicente

2063 4192 2336 4244 Domino:
2368 4208 2394 4241 α
2437 4190 2656 4259 Beatus,
2706 4189 2803 4258 qui
2845 4188 3268 4258 perseveraverit
3316 4199 3486 4254 usque
3535 4184 3717 4251 ἑτι-β·-

2065 4295 2186 4332 nem
2227 4278 2442 4346 (Matth.
2482 4291 2540 4338 Χ,
2586 4277 2769 4348 XXIV),
2816 4293 2842 4326 ››
2878 4282 2985 4332 etc.
3033 4276 3284 4345 Ideoque,
3330 4275 3536 4340 fratres
3575 4271 3718 4325 cha—

309 4367 497 4417 autem
520 4363 875 4432 temporibus
889 4363 1249 4420 Constantini
1272 4378 1453 4435 usque
1467 4365 1536 4421 ad
1555 4365 1952 4422 Constantium
1982 4360 2035 4421 D
2064 4370 2290 4431 rissimi,
2323 4383 2433 4422 non
2469 4383 2561 4421 vos
2590 4368 2951 4435 afﬂictionum
2990 4364 3301 4420 amaritudo
3329 4380 3362 4416 a
3391 4364 3486 4432 pio
3517 4361 3715 4413 mentis

310 4449 630 4522 Augustum
664 4451 1018 4523 haereticum,
1053 4454 1153 4523 qui
1188 4453 1521 4523 praedictum
1557 4467 1753 4523 papam
1786 4456 1956 4512 annis

311 4538 500 4594 tribus
526 4540 585 4594 in
615 4542 832 4597 exsilio
857 4543 1180 4610 maceravit,
1214 4555 1279 4596 eo
1306 4543 1455 4612 quod
1494 4540 1720 4599 Arianae
1754 4544 1954 4601 haeresi

312 4628 636 4684 consentire
671 4630 879 4686 noluit.
919 4631 1136 4685 Deinde
1165 4631 1488 4687 sacerdotes
1512 4635 1865 4705 congregati,
1896 4635 1953 4691 in

313 4713 500 4768 locum
568 4715 802 4784 Liberii,
869 4717 1109 4772 Felicem
1174 4717 1560 4789 presbyterum
1622 4722 1954 4792 episcopum

313 4802 741 4858 ordinaverunt.
779 4805 888 4874 Qui
922 4805 1118 4861 habito
1146 4807 1525 4879 quadraginta
1562 4817 1771 4880 septem
1799 4807 1958 4886 [qua-

311 4891 578 4962 draginta
619 4891 767 4969 octo]
805 4895 1204 4966 episcOporum
1246 4897 1514 4966 concilio,
1564 4899 1861 4956 Ursacium
1900 4908 1958 4957 et

313 4979 598 5036 Valentem
628 4983 983 5054 presbyteros
1006 4985 1232 5041 Arianae
1254 4985 1454 5042 haeresi
1483 4988 1904 5045 consentientes
1923 5003 1956 5046 a

311 5069 713 5126 communione
754 5085 876 5141 sua,
928 5078 984 5129 et
1032 5080 1180 5130 recte
1226 5075 1600 5147 credentium,
1648 5077 1950 5149 separavit.

310 5159 470 5216 Unde
501 5160 612 5230 ipsi
645 5157 861 5216 furoris
894 5162 1011 5218 zelo
1045 5163 1293 5234 accensi,
1324 5164 1572 5220 consilio
1604 5166 1771 5236 inito,
1801 5167 1958 5222 Con—

313 5249 512 5307 stantii
549 5249 892 5307 auctoritate
925 5249 1099 5305 missa
1135 5250 1424 5307 Liberium
1458 5252 1528 5308 ab
1554 5254 1760 5310 exsilio
1787 5267 1957 5310 revo-

313 5344 599 5409 caverunt,
631 5338 736 5395 hoc
756 5337 1025 5395 videlicet
1046 5345 1227 5409 pacto,
1259 5346 1324 5395 ut
1346 5340 1734 5412 rebaptizandi
1767 5344 1953 5401 solum

313 5429 714 5485 communione
736 5442 867 5485 cum
893 5428 980 5485 eis
1006 5427 1394 5500 participaret.
1423 5430 1532 5498 Qui
1565 5431 1834 5501 praedicto
1866 5447 1957 5505 pa-

312 5521 404 5572 cto
422 5519 806 5591 consentiens,
838 5523 1116 5577 retractus
1141 5521 1228 5576 est
1250 5517 1322 5574 ab
1341 5519 1570 5591 exsilio,
1593 5527 1651 5577 et
1675 5520 1958 5581 habitavit

2063 4463 2255 4513 vestrm
2294 4458 2575 4527 proposito
2613 4460 2846 4511 coarctet
2887 4455 3149 4510 recedere.
3194 4452 3477 4508 Attendite
3524 4452 3716 4519 itaque

2063 4547 2213 4602 vobis
2261 4551 2312 4602 et
2349 4548 2496 4601 omni
2549 4548 2720 4614 gregi,
2781 4548 2841 4599 in
2887 4561 2991 4615 quo
3047 4544 3288 4616 Spiritus
3340 4545 3561 4597 sanctus
3620 4552 3715 4594 vos

2064 4637 2344 4690 constituit
2383 4636 2652 4704 episcopos
2685 4649 2866 4702 regere
2904 4633 3201 4687 Ecclesiam
3242 4633 3360 4694 Dei,
3404 4646 3570 4700 quam
3613 4645 3718 4684 ac—

2065 4726 2292 4795 quisivit
2320 4725 2546 4794 proprio
2593 4724 2861 4791 sanguine
2906 4736 3002 4776 suo
3037 4721 3181 4791 (Act.
3236 4721 3357 4791 xx),
3403 4725 3464 4773 ut
3503 4735 3614 4773 non
3645 4721 3717 4774 sit

2065 4815 2162 4883 qui
2178 4827 2270 4867 vos
2298 4812 2535 4882 decipiat
2557 4827 2621 4865 ac
2645 4811 2868 4865 seducat
2901 4812 2961 4864 in
2991 4811 3325 4864 sublimitate
3363 4803 3713 4883 [subtilitate]

2062 4903 2343 4964 sermonis,
2397 4905 2458 4954 ut
2510 4899 2688 4968 plebes
2757 4899 2908 4954 vobis
2971 4900 3283 4953 commissas
3355 4897 3714 4967 relinquatis,

2064 4994 2116 5045 et
2151 4990 2356 5044 alicubi
2396 4984 2605 5062 [alicui]
2650 4993 2871 5057 propter
2907 4987 3256 5058 opprobrium
3297 4987 3570 5041 malorum
3611 4985 3719 5039 ho—

2062 5081 2271 5134 minum
2327 5079 2499 5147 quieti
2541 5092 2634 5132 vos
2676 5077 2935 5140 tradatis,
2980 5081 3041 5131 ut
3086 5092 3180 5130 vos
3217 5075 3551 5131 solummodo
3591 5074 3717 5129 sal-

2063 5169 2217 5238 vetis,
2259 5171 2311 5221 et
2345 5168 2486 5237 filios
2533 5167 2804 5238 orphanos
2849 5167 3196 5237 relinquatis.
3241 5167 3377 5222 Item
3418 5165 3480 5221 in
3517 5164 3713 5221 eadem

2063 5257 2134 5312 de
2171 5255 2564 5312 observatione
2603 5269 2889 5312 canonum
2943 5256 3169 5312 esodem
3217 5255 3296 5311 ita
3347 5259 3558 5324 monet,
3611 5253 3716 5310 di-

2063 5358 2198 5401 cens
2232 5362 2245 5399 :
2279 5345 2347 5399 In
2392 5345 2546 5400 nullo
2595 5347 2900 5416 patiamini
2947 5345 3441 5415 providentissima
3496 5343 3716 5398 decreta

2063 5449 2330 5488 canonum
2375 5435 2595 5502 violari,
2648 5438 2917 5504 quatenus
2960 5438 3011 5488 et
3055 5434 3397 5491 Nicmorum
3442 5447 3720 5486 canonum

2062 5526 2340 5595 instituta,
2373 5529 2424 5578 et
2467 5540 2590 5595 qua
2623 5540 2657 5578 a
2691 5524 2867 5588 nobis,
2898 5523 2984 5579 vel
3011 5539 3046 5577 a
3077 5522 3572 5594 predecessoribus
3608 5538 3721 5577 no—
