4046 6182
276 291 416 353 4485
462 357 467 363 ,

1128 295 1380 356 PSEUDO
1416 272 1851 357 LUII‘PRANDI
1889 297 2014 357 LIB.
2056 303 2148 359 DE
2193 303 2366 362 vms
2411 304 2576 362 nou.
2620 305 2818 364 rom.

3536 309 3675 372 4486

245 423 403 500 'stris
457 422 688 492 provide
735 426 786 478 et
824 424 1119 480 salubriter
1157 428 1284 479 sunt
1327 423 1560 482 decreta,
1590 413 1922 480 intemerata
1947 426 2003 488 A
2029 428 2267 483 siasticis
2291 430 2618 495 audiantur,
2657 447 2778 502 quae
2813 435 3021 504 legibus
3059 454 3167 493 non
3196 441 3560 506 continentur,
3588 439 3676 496 vel

262 517 648 582 permaneant.

701 601 987 658 XXXVIII
1016 632 1084 642 —
1107 602 1164 659 S.
1192 603 1400 660 FELIX
1425 603 1490 659 II.

799 691 986 760 (Anno
1015 692 1216 748 Christi
1248 691 1400 764 355.)

344 779 524 847 Felix,
551 779 782 836 natione
810 780 1118 853 Romanus,
1141 795 1210 838 ex
1237 787 1395 852 patre
1418 781 1742 852 Anastasio,
1775 781 1924 838 sedit

266 881 487 925 annum
523 882 725 940 unum,
752 880 971 926 menses
991 875 1126 941 tres,
1143 871 1270 927 dies
1293 871 1458 928 duos.
1484 871 1586 927 Hic
1610 870 1924 928 declaravit

263 957 671 1015 Constantium
701 959 885 1015 ﬁlium
927 959 1287 1015 Constantini
1327 973 1450 1016 esse
1483 960 1833 1030 haereticnm,
1866 964 1922 1015 et

265 1047 525 1104 secundo
556 1047 970 1118 rebaptizatum
1005 1047 1076 1103 ab
1101 1047 1349 1104 Eusebio
1374 1047 1821 1104 Nicomediensi.
1852 1049 1922 1104 Et

267 1137 412 1208 quia
442 1136 544 1193 hoc
563 1135 894 1206 declaravit,
931 1136 1058 1193 ideo
1088 1142 1281 1207 postea
1312 1137 1570 1207 praedicti
1598 1136 1918 1194 Constantii

268 1231 554 1296 praecepto
573 1226 760 1295 capite
777 1232 1078 1282 truncatur
1096 1226 1155 1281 in
1175 1227 1675 1282 civitateCoranna
1697 1241 1759 1282 Ill
1790 1227 1923 1282 ldus

264 1315 625 1372 Novembris.
666 1317 768 1372 Hic
801 1317 1152 1373 consecravit
1178 1318 1478 1388 episcOpos
1513 1317 1918 1387 novemdecim,

267 1403 633 1475 presbyteros
657 1405 865 1477 viginti
897 1410 953 1460 et
983 1420 1182 1477 unum,
1217 1406 1492 1463 diaconos
1517 1405 1792 1477 quinque.
1817 1405 1921 1460 Hic

268 1497 333 1553 in
356 1495 599 1566 epistola
628 1509 797 1567 quam
829 1495 1139 1552 destinavit
1190 1495 1524 1564 Athanasio,
1555 1503 1612 1552 et
1637 1495 1924 1552 universis

263 1585 686 1658 Egyptiorum,
727 1584 1144 1641 Thebaidorum
1185 1599 1249 1641 ac
1296 1585 1603 1656 Libyorum
1639 1585 1927 1655 episcopis

265 1675 454 1746 (epist.
487 1671 565 1745 2),
607 1673 864 1744 quaedam
891 1673 1145 1744 capitula
1179 1688 1212 1730 a
1241 1674 1456 1730 sanctis
1486 1673 1772 1745 Patribus,
1809 1679 1924 1730 tam

2033 532 2155 585 quae
2172 519 2461 588 prohibita:
2502 536 2615 576 esse
2660 529 2978 579 noscuntur.
3019 524 3074 581 8.
3123 528 3184 583 Si
3213 530 3339 598 quis
3368 532 3531 586 aliter
3565 548 3674 587 non

2031 609 2383 675 acquieverit,
2427 612 2540 665 nisi
2567 613 2873 682 episcopum
2897 621 3128 678 accuset,
3154 633 3324 687 supra
3367 623 3553 674 tamato
3577 621 3675 676 hoc

2032 699 2212 750 tenore
2239 713 2398 765 agere
2432 699 2683 776 debebit;
2716 704 2846 771 quia
2871 706 3144 758 accusatio
3172 707 3334 762 aliter
3363 725 3473 764 non
3500 716 3675 780 potest

2029 790 2154 839 rata
2196 789 2443 843 existere.
2500 792 2649 845 Tunc
2676 793 2857 860 primo
2895 795 3138 848 accusati
3173 810 3394 852 causam
3441 799 3516 853 ad
3557 802 3676 870 pri-

2029 879 2198 929 mates
2227 881 2509 932 accusator
2536 881 2790 935 canonice
2832 880 3079 948 deferat:
3123 898 3218 938 nec
3247 900 3282 938 a
3308 889 3674 944 communione

2021 962 2383 1031 prohibeatur
2427 972 2738 1034 accusatus,
2799 971 2912 1023 nisi
2961 971 3023 1024 in
3071 972 3356 1027 electorum
3397 975 3674 1044 judicium

2030 1054 2284 1107 canonice
2313 1061 2582 1128 evocatus,
2612 1059 2768 1127 infra
2803 1063 2910 1114 tres
2939 1066 3038 1115 aut
3063 1077 3160 1117 sea:
3195 1068 3293 1118 aut
3308 1064 3500 1132 plures
3529 1081 3676 1121 men-

2027 1156 2110 1196 ses
2137 1157 2238 1212 pro
2275 1143 2360 1198 his
2401 1141 2555 1219 [suis]
2593 1151 2859 1204 rationem
2890 1150 3211 1208 redditurus
3253 1157 3440 1210 venire
3465 1155 3676 1230 [distu-

2031 1231 2189 1297 lerit;
2211 1232 2306 1286 sed
2331 1235 2382 1288 si
2415 1238 2600 1290 venire
2637 1254 2746 1292 non
2767 1243 3028 1309 potuerit,
3067 1243 3212 1297 nihil
3239 1247 3288 1298 ei
3317 1247 3543 1302 nocebit.
3577 1249 3675 1302 Ille

2029 1336 2172 1383 vero,
2205 1324 2302 1390 qui
2339 1329 2437 1378 aut
2481 1321 2557 1398 [vi
2589 1325 2706 1402 aut]
2757 1331 2944 1384 timore
2970 1348 3006 1385 a
3033 1333 3157 1387 sede
3176 1335 3398 1404 pulsus,
3435 1342 3533 1392 aut
3559 1341 3674 1394 suis

2031 1410 2192 1464 rebus
2232 1413 2406 1478 fuerit
2434 1418 2789 1484 emspoliatus,
2838 1435 2947 1473 non
2967 1423 3130 1490 prius
3160 1428 3376 1478 vocetur
3400 1426 3477 1479 ad
3503 1441 3676 1494 syno-

2033 1498 2184 1568 dum,
2216 1515 2380 1568 quam
2404 1506 2587 1557 omnia
2608 1506 2816 1573 legibus
2836 1509 2886 1562 ei
2904 1509 3362 1578 redintegrentur,
3389 1518 3439 1567 et
3477 1516 3674 1570 tandiu

2034 1589 2095 1641 in
2115 1587 2238 1642 sede
2262 1593 2492 1659 propria
2506 1596 2732 1663 paciﬁce
2753 1599 2804 1649 et
2823 1601 3144 1666 potestative
3168 1605 3362 1655 cuncta
3383 1603 3674 1672 disponens

2033 1676 2270 1732 resideat
2311 1675 2384 1748 (3,
2425 1696 2480 1751 q.
2521 1679 2576 1745 2,
2623 1696 2674 1738 c.
2707 1685 2968 1757 Tandiu),
3001 1689 3253 1757 quandiu
3294 1692 3554 1760 expulsus
3593 1693 3679 1747 vel

268 1765 337 1822 in
381 1764 610 1819 Nicaana
658 1763 895 1833 synodo,
952 1777 1122 1835 quam
1171 1764 1230 1820 in
1262 1769 1458 1820 sancta
1503 1764 1750 1820 Romana
1794 1763 1924 1819 sede
1954 1765 2000 1825 Β
2032 1767 2366 1835 despoliatus
2395 1786 2578 1824 carere
2605 1773 2757 1827 visus
2778 1779 2857 1828 est
2891 1777 3008 1830 suis
3035 1777 3215 1832 rebus.
3241 1777 3374 1832 Cum
3392 1785 3575 1836 autem
3601 1782 3678 1836 ad

264 1853 586 1911 constituta
614 1852 968 1918 interseruit,
993 1852 1208 1923 quibus
1231 1853 1489 1924 praedicti
1513 1853 1767 1924 episcopi
1789 1851 1921 1908 fulti

266 1943 643 2000 inimicorum
677 1941 924 1999 insidias
946 1943 1153 1998 melius
1179 1948 1409 2012 possent
1436 1944 1692 2014 evadere,
1715 1957 1840 2014 qua:
1869 1947 1926 1997 et

267 2047 377 2089 nos
409 2033 547 2088 huic
572 2031 850 2102 Opusculo
883 2032 1152 2104 inserere,
1179 2046 1290 2089 non
1322 2032 1531 2090 inutile
1555 2032 1801 2088 videtur.
1829 2031 1924 2087 Sic

265 2127 462 2178 autem
497 2120 730 2191 incipit:

346 2209 395 2265 4.
419 2214 517 2267 Est
559 2215 740 2264 autem
767 2211 1044 2280 synodicis
1074 2211 1344 2266 decretum
1369 2211 1657 2272 institutis,
1684 2214 1746 2264 ut
1769 2224 1922 2264 nemo

267 2303 585 2370 episcopum
607 2315 775 2370 penes
805 2302 1092 2356 seculares
1116 2301 1352 2356 arbitros
1391 2305 1623 2363 accuset,
1651 2299 1746 2354 sed
1769 2299 1922 2369 apud

265 2405 507 2446 summos
530 2392 822 2460 primates.
854 2389 906 2445 2.
949 2391 1011 2446 Si
1035 2392 1161 2460 quis
1185 2391 1446 2444 adversus
1476 2391 1781 2460 episcOpum
1797 2404 1922 2445 cau-

262 2496 388 2534 sam
417 2479 689 2542 habuerit,
712 2495 821 2534 non
839 2481 1002 2550 prius
1030 2481 1168 2534 alios
1198 2481 1470 2550 episcopos
1493 2480 1676 2543 adeat,
1707 2484 1769 2534 ut
1798 2493 1920 2534 eum

263 2575 504 2632 accuset,
542 2585 708 2638 quam
735 2569 1092 2636 familiariter
1118 2570 1169 2623 ei
1202 2569 1405 2624 indicet
1439 2582 1597 2624 suam
1624 2569 1918 2639 querelam,

264 2666 323 2714 et
349 2660 420 2713 ab
449 2675 507 2715 eo
545 2664 643 2712 aut
666 2659 880 2727 justam
922 2659 1366 2722 emendationem,
1408 2664 1505 2714 aut
1537 2659 1922 2714 rationabilem

262 2751 542 2820 percipiat
577 2751 1000 2812 excusationem,
1028 2750 1148 2818 ipsa
1169 2764 1265 2804 nos
1304 2749 1607 2804 instruente
1641 2750 1918 2805 Veritate:

271 2861 302 2889 α
326 2839 387 2894 Si
407 2840 711 2910 peccaverit
737 2840 797 2893 in
832 2843 882 2893 te
916 2841 1095 2906 frater
1136 2843 1284 2902 tuus,
1314 2839 1453 2893 vade
1481 2843 1531 2893 et
1558 2841 1766 2910 corripe
1803 2855 1922 2894 eum

265 2931 420 2983 inter
462 2934 511 2983 te
548 2934 600 2983 et
639 2931 818 3000 ipsum
855 2928 1066 2982 solum:
1113 2931 1163 2982 si
1205 2933 1254 2983 te
1293 2943 1402 2982 non
1432 2928 1693 2991 audierit,
1725 2929 1922 2984 adhibe

266 3019 410 3072 duos
433 3018 519 3072 vel
542 3022 648 3072 tres
669 3021 860 3072 testes:
891 3022 941 3072 et
979 3019 1028 3072 si
1062 3033 1155 3072 vos
1194 3033 1301 3072 non
1336 3017 1597 3080 audierit,
1631 3017 1719 3072 dic
1736 3018 1920 3072 Eccle-

267 3110 370 3162 siae
396 3108 608 3175 (Matth.
649 3106 832 3179 xvm),
863 3125 889 3157 ιο
917 3108 980 3161 id
1016 3112 1113 3179 est,
1149 3112 1278 3162 tunc
1299 3122 1498 3163 accusa
1527 3124 1649 3164 eum
1677 3108 1917 3178 publice,

264 3201 323 3250 et
364 3211 473 3250 non
494 3199 675 3266 prius,
718 3202 769 3252 et
814 3197 1050 3266 reliqua.
1091 3195 1143 3253 3.
1183 3198 1245 3252 Si
1280 3200 1403 3268 quis
1445 3200 1752 3268 episcopum
1794 3200 1920 3268 post

263 3286 382 3339 haec
405 3285 620 3353 elegerit
649 3301 922 3353 accusare,
951 3287 1174 3340 summis
1196 3287 1530 3356 primatibus
1554 3289 1922 3356 episcoporum

262 3391 425 3430 suam
453 3376 654 3430 indicet
692 3391 935 3438 causam,
975 3379 1026 3429 et
1062 3391 1170 3431 non
1199 3376 1575 3440 saeularibus,
1622 3377 1721 3445 qui
1745 3376 1922 3443 magis

263 3465 343 3519 ad
363 3480 574 3535 pacem,
617 3481 782 3535 quam
801 3465 877 3519 ad
899 3465 1179 3534 judicium
1216 3480 1302 3520 eos
1334 3470 1598 3529 revocent,
1648 3470 1710 3520 ut
1731 3465 1923 3519 chari-

264 3559 353 3610 tas
392 3557 451 3608 in
481 3555 750 3617 omnibus,
779 3559 830 3610 et
868 3555 939 3609 ab
975 3555 1224 3610 omnibus
1277 3555 1634 3610 custodiatur.
1695 3555 1758 3610 Si
1793 3557 1918 3625 pri-

261 3650 438 3700 mates
485 3643 556 3715 (5.
616 3662 671 3714 q.
720 3641 776 3708 2,
825 3661 872 3699 c.
924 3645 986 3699 Si
1043 3645 1347 3716 primates),
1402 3650 1500 3700 aut
1551 3647 1921 3716 episcoporum

263 3737 608 3788 accusatores
649 3749 770 3788 cum
821 3735 897 3787 eis
941 3735 1237 3804 paciﬁcare
1295 3735 1654 3802 familiariter
1701 3736 1921 3790 minime

257 3827 558 3893 poterunt:
583 3827 710 3876 tunc
735 3826 968 3891 tempore
993 3823 1228 3890 legitimo
1248 3838 1334 3878 eos
1363 3824 1438 3877 ad
1459 3822 1728 3892 synodum
1748 3839 1923 3878 cano-

263 3915 391 3966 nice
431 3916 778 3966 eonvocatam
810 3926 919 3966 non
943 3913 1099 3979 infra
1140 3917 1376 3980 augusta
1400 3917 1642 3983 tempora
1665 3915 1921 3967 canonice

263 3999 649 4070 convocent,’et
659 4002 821 4070 prius
841 4001 918 4054 eis
951 3995 1137 4073 [quam
1152 3997 1250 4075 est]
1267 4015 1368 4070 per
1391 4003 1596 4071 scripta
1619 4003 1922 4071 signiﬁcent

263 4090 410 4161 quid
428 4092 506 4143 eis
534 4094 832 4162 Opponant,
862 4093 923 4144 ut
952 4089 1027 4144 ad
1045 4092 1444 4159 responsionem
1462 4092 1657 4160 parati
1674 4092 1917 4145 veniant.

272 4176 329 4234 Δ.
360 4179 503 4234 Nam
533 4181 583 4232 si
624 4183 722 4233 aut
756 4181 813 4232 vi
841 4183 941 4233 aut
986 4180 1176 4233 timare
1219 4179 1374 4247 ejecti
1409 4181 1639 4247 fuerint,
1671 4184 1768 4233 aut
1805 4181 1921 4234 suis

263 4268 434 4323 rebus
489 4269 799 4338 exspoliati,
852 4283 949 4322 nec
991 4269 1245 4323 canonice
1303 4268 1379 4323 ad
1425 4269 1694 4337 synodum
1737 4271 1922 4323 vocari

260 4363 500 4428 possunt
521 4376 536 4422 ;
555 4357 877 4428 respondere
888 4358 1096 4412 mulis
1118 4357 1332 4422 debent,
1353 4362 1648 4428 antequam
1664 4359 1922 4413 canonice

2023 1856 2301 1925 judicium
2329 1861 2554 1922 venerit,
2583 1862 2632 1914 si
2649 1862 2882 1916 voluerit
2913 1868 2964 1918 et
2992 1879 3201 1920 necesse
3219 1869 3410 1934 fuerit,
3441 1870 3678 1927 induciae

2033 1947 2085 2000 ei
2132 1949 2338 2015 petenti
2387 1964 2422 2000 a
2462 1950 2737 2015 fratribus
2799 1950 3093 2023 [patribus]
3126 1957 3432 2012 constitutae
3470 1961 3675 2030 absque

2031 2036 2412 2104 impedimento
2475 2039 2860 2103 concedantur,
2932 2046 2982 2095 et
3030 2043 3252 2110 judices
3317 2061 3353 2100 a
3417 2062 3472 2101 se
3522 2049 3676 2104 electi

2033 2124 2351 2180 tribuantur
2389 2128 2450 2179 in
2498 2127 2628 2190 loco,
2673 2129 2818 2183 unde
2850 2134 2928 2184 est
2976 2133 3074 2200 qui
3115 2139 3446 2202 accusatur;
3485 2142 3584 2191 aut
3624 2141 3676 2193 si

2029 2213 2276 2282 aliquam
2304 2209 2480 2289 [alibi]
2514 2220 2812 2273 temerariae
2851 2221 3226 2278 multitudinis
3253 2226 3362 2278 vim
3401 2227 3670 2294 metuerit,

2032 2301 2204 2357 locum
2249 2303 2357 2357 sibi
2384 2319 2682 2371 congruum
2719 2308 2905 2378 eligat,
2939 2324 3044 2378 quo
3069 2310 3274 2381 absque
3305 2314 3493 2368 timore
3525 2329 3671 2378 suos,

2028 2392 2079 2444 si
2120 2394 2410 2447 necessitas
2461 2398 2846 2464 eapoposcerit,
2897 2401 3053 2452 testes
3105 2399 3320 2468 habere,
3371 2406 3422 2457 et
3470 2403 3674 2473 absque

2028 2481 2409 2550 impedimento
2447 2499 2604 2538 suam
2644 2488 2901 2541 canonice
2920 2491 3242 2544 sententiam
3269 2493 3427 2560 ﬁnire
3467 2493 3670 2558 valeat,

2029 2572 2162 2640 quia
2208 2571 2382 2625 multa
2430 2588 2533 2642 per
2582 2574 2982 2644 subreptionem
3030 2579 3243 2633 evenire
3289 2580 3479 2634 solent.
3524 2577 3577 2635 9.
3609 2583 3674 2636 Ut

2030 2660 2358 2728 testificandi
2400 2660 2620 2715 licentia
2697 2663 2988 2732 denegetur
3042 2666 3147 2729 his,
3206 2668 3304 2736 qui
3355 2667 3676 2725 Christiana

2028 2748 2311 2816 religionis
2340 2754 2391 2804 et
2417 2753 2654 2805 nominis
2697 2752 2984 2820 dignitate,
3034 2759 3084 2808 et
3127 2755 3282 2823 legis,
3320 2757 3404 2811 vel
3431 2760 3522 2812 sui
3531 2775 3676 2829 pro-

2023 2839 2195 2908 positi
2239 2853 2505 2902 normam,
2536 2841 2622 2894 vel
2653 2842 2983 2910 regulariter
3005 2845 3288 2914 prohibita
3313 2847 3672 2915 neglexerint.

2034 2923 2119 2982 40.
2172 2928 2408 2982 Multum
2459 2929 2736 2997 derogatio
2774 2933 3040 3001 pravalet
3099 2935 3321 3003 quando
3368 2937 3678 3005 derogatori

2030 3015 2306 3070 creditur:
2346 3017 2467 3071 ideo
2490 3019 2662 3072 variis
2697 3019 3124 3076 detractionibus
3153 3019 3674 3098 [detrectationibus]

2028 3109 2194 3174 atque
2221 3107 2659 3160 accusationibus
2680 3122 2788 3161 non
2813 3108 2968 3163 debet
3000 3110 3332 3178 labefactare
3361 3117 3674 3187 primatem,

2029 3194 2125 3248 sed
2138 3195 2312 3262 magis
2340 3195 2567 3248 Patrum
2585 3195 2792 3264 regulis
2808 3197 3074 3260 roborari,
3100 3215 3167 3253 ne
3179 3201 3346 3267 facile
3375 3208 3474 3257 aut
3497 3204 3676 3271 indif-

2027 3285 2266 3352 ferenter
2283 3286 2552 3355 suscipere
2565 3287 2934 3341 accusationes
2937 3295 3258 3356 praesumat,
3275 3291 3482 3347 dicente
3500 3295 3677 3370 Domi-

2029 3390 2134 3428 no:
2173 3393 2198 3426 α
2238 3375 2360 3430 Νοη
2386 3375 2675 3444 suscipias
2707 3389 2885 3429 vocem
2912 3376 3185 3430 mendacii
3213 3379 3411 3448 (Exod,
3439 3381 3618 3455 xxnv).
3644 3399 3671 3432 ιο

2030 3465 2190 3518 Prius
2206 3463 2446 3534 probare
2475 3463 2630 3518 debet
2657 3465 3034 3533 suscipionem,
3063 3470 3113 3520 et
3154 3482 3392 3538 causam,
3418 3469 3528 3523 'aut
3569 3486 3675 3539 quo

2029 3554 2210 3606 animo
2241 3552 2336 3606 hoc
2362 3554 2573 3620 faciat;
2618 3558 2668 3607 et
2704 3557 2893 3622 postea
2928 3556 3220 3625 suscipere,
3267 3559 3400 3625 quia
3427 3559 3676 3614 veritatis

2024 3643 2417 3710 professivum
2424 3643 2814 3712 propinquitas
2835 3639 3330 3720 [propinquitatis],
3352 3648 3672 3716 inimicitiae,

2030 3732 2258 3802 timoris,
2291 3733 2514 3794 amoris,
2558 3731 2692 3797 odii,
2729 3737 2778 3787 et
2801 3733 3124 3803 cupiditatis
3151 3736 3378 3790 intentio
3411 3737 3676 3807 impedire

2031 3826 2081 3876 et
2107 3821 2339 3876 adversa
2357 3822 2629 3889 fratribus
2657 3823 2902 3890 irrogare
2926 3824 3078 3878 solet.

2104 3908 2188 3966 44.
2216 3912 2464 3966 Personae
2492 3915 2864 3968 accusantium
2899 3915 3034 3970 tales
3064 3929 3174 3970 esse
3201 3915 3414 3980 debent,
3446 3932 3677 3987 quorum

2028 4000 2182 4070 ﬁdes,
2222 4003 2575 4064 conversatio,
2608 4007 2658 4056 et
2685 4004 2800 4057 vita
2822 4003 3148 4073 probabilis,
3181 4011 3231 4059 et
3254 4006 3460 4076 absque
3486 4021 3681 4076 repre—

2031 4090 2285 4144 hensione
2313 4091 2405 4152 sit,
2436 4095 2486 4144 et
2516 4092 2614 4159 qui
2640 4093 2881 4146 omnium
2917 4098 3139 4148 careant
3176 4096 3517 4163 suspicione:
3547 4097 3680 4165 quia

2033 4183 2085 4233 et
2133 4179 2229 4232 hoc
2289 4184 2524 4248 tempore
2588 4182 2852 4248 praesenti
2908 4177 2990 4254 [te
3037 4181 3360 4258 prasente],
3424 4189 3484 4239 ut
3550 4185 3678 4240 bene

2033 4269 2225 4331 nostis,
2254 4268 2314 4321 in
2359 4268 2582 4324 Nicena
2610 4268 2816 4336 synodo
2846 4275 3073 4340 prOpter
3103 4273 3372 4327 malorum
3403 4274 3679 4328 hominum

2032 4357 2268 4412 insidias
2296 4361 2424 4412 sunt
2455 4357 2566 4411 haec
2588 4361 2638 4411 et
2679 4357 2794 4411 alia
2837 4373 3002 4427 quam
3026 4360 3197 4428 plura
3223 4361 3406 4415 delata
3433 4357 3674 4434 [deleta].

263 4449 654 4519 restituantur,
704 4451 754 4502 et
791 4462 893 4502 sua
939 4449 1120 4502 omnia
1172 4448 1248 4502 eis
1299 4448 1545 4516 legaliter
1579 4448 1916 4503 reddantur:
1950 4428 2006 4492 D
2032 4447 2298 4501 Primates
2333 4446 2440 4510 illi,
2471 4451 2522 4501 et
2558 4461 2666 4500 non
2695 4445 2818 4517 alii,
2861 4447 2972 4500 sint
3000 4462 3165 4516 quam
3206 4450 3303 4517 qui
3329 4450 3388 4502 in
3404 4428 3677 4519 praedicta

267 4542 328 4592 et
389 4535 596 4606 praesul
645 4535 810 4606 prius
841 4537 1201 4608 restituatur,
1259 4540 1310 4591 et
1353 4541 1544 4607 postea
1580 4553 1691 4592 non
1738 4538 1924 4594 statim

264 4626 370 4681 sed
407 4626 526 4690 diu,
551 4642 655 4696 per
683 4628 929 4696 spatiosa
957 4630 1200 4696 tempora
1242 4627 1360 4681 suis
1385 4629 1708 4697 potestative
1738 4628 1925 4698 dispo-

267 4716 420 4778 sitis,
442 4720 492 4770 et
537 4715 613 4770 ad
640 4731 797 4771 suam
826 4719 1196 4772 necessitatem
1220 4719 1578 4788 praeparatis,
1611 4717 1686 4771 ad
1716 4722 1926 4788 tempus

265 4806 461 4859 veniat
498 4805 574 4858 ad
597 4820 858 4872 causam;
889 4809 940 4860 et
972 4807 1022 4860 si
1033 4805 1187 4874 juste
1230 4808 1407 4860 visum
1428 4807 1620 4874 fuerit,
1652 4811 1929 4861 accusato-

266 4893 431 4947 ribus
467 4895 792 4964 respondeat
814 4896 951 4950 suis.
985 4891 1039 4951 5.
1068 4895 1227 4951 Nulli
1251 4897 1456 4964 infami
1479 4900 1644 4965 atque
1663 4897 1926 4964 sacrilego

267 4984 342 5039 de
398 4999 719 5054 quocunque
788 4988 998 5054 negotio
1053 4987 1210 5041 liceat
1281 4986 1544 5042 adversus
1612 4987 1927 5055 religiosum

267 5074 672 5139 Christianum,
698 5078 948 5146 quamvis
975 5076 1199 5130 humilis
1227 5077 1548 5146 servilisque
1569 5091 1808 5147 persona
1831 5079 1924 5142 sit,

266 5166 643 5221 testimonium
671 5165 869 5229 dicere,
910 5181 1006 5220 nec
1044 5165 1110 5220 de
1153 5167 1398 5236 qualibet
1442 5182 1522 5230 re,
1571 5169 1780 5222 actione
1829 5173 1929 5224 aut

269 5255 633 5324 inscriptione
644 5251 1015 5308 Christianum
1041 5256 1315 5325 impetere.
1339 5253 1392 5310 6.
1416 5254 1477 5309 Si
1497 5257 1620 5324 quis
1647 5257 1925 5326 episcopus

269 5344 516 5413 legitime
545 5348 852 5408 accusatus,
885 5348 935 5398 et
963 5344 1277 5416 supradicto
1307 5344 1498 5399 ordine
1527 5345 1601 5399 ad
1638 5346 1926 5401 concilium

268 5435 537 5491 canonice
558 5437 778 5488 vocatus
810 5435 1004 5502 fuerit,
1045 5435 1250 5504 absque
1288 5434 1406 5490 ulla
1453 5434 1816 5504 trepidatione
1845 5438 1926 5493 ire

270 5524 468 5579 debet:
520 5528 591 5586 et,
639 5525 690 5578 si
717 5525 831 5594 ipse
883 5539 992 5579 non
1013 5525 1275 5594 potuerit,
1315 5539 1420 5595 pro
1462 5539 1517 5579 se
1570 5523 1808 5592 legatum
1851 5525 1927 5582 ad

270 5613 550 5683 synodum
597 5615 799 5669 mittat.
848 5607 904 5668 7.
951 5612 1133 5670 Nulla
1182 5627 1360 5670 eausa
1387 5611 1728 5682 ajudicibus
1770 5616 1928 5672 eccle-

2033 4535 2240 4604 synodo
2258 4539 2388 4591 sunt
2411 4537 2708 4591 constituti.
2737 4532 2822 4591 42.
2843 4535 3062 4604 Reliqui
3087 4551 3210 4591 vero
3230 4538 3326 4607 qui
3344 4539 3680 4608 metropolim

2035 4624 2212 4680 sedem
2237 4629 2436 4688 tenent,
2463 4625 2856 4696 archiepiscopi
2880 4629 3154 4696 vocentur,
3186 4631 3236 4680 et
3264 4641 3373 4681 non
3390 4629 3677 4697 primates,

2035 4715 2190 4768 salva
2231 4715 2292 4767 in
2332 4713 2580 4768 omnibus
2617 4715 2925 4784 apostolicae
2956 4715 3099 4769 sedis
3138 4715 3426 4788 dignitate,
3460 4732 3583 4787 quae
3629 4721 3681 4772 et

2039 4799 2129 4877 [ei]
2161 4803 2231 4857 ab
2278 4804 2395 4872 ipso
2437 4805 2654 4856 Domini
2682 4819 2929 4859 concessa
2972 4803 3184 4872 (Matth.
3219 4807 3362 4877 xvx),
3405 4812 3456 4862 et
3492 4812 3681 4879 postea

2037 4910 2071 4947 a
2115 4895 2320 4948 sanctis
2366 4892 2624 4946 Patribus
2678 4893 2933 4948 roborata
2976 4900 3072 4948 est.
3122 4891 3206 4954 43.
3253 4897 3435 4953 Primo
3471 4913 3682 4969 semper

2036 4987 2095 5038 in
2129 4983 2369 5036 omnium
2419 4983 2787 5052 episcoporum
2827 4986 3170 5040 accusatione
3197 5001 3458 5056 persona,
3489 4991 3604 5044 vita
3631 4995 3682 5046 et

2036 5073 2367 5127 conversatio
2425 5072 2800 5125 accusantium
2859 5071 3180 5128 enucleatim
3244 5075 3582 5146 inquiratur,
3630 5079 3682 5130 et

2026 5161 2372 5234 postmodum
2409 5176 2493 5223 ea,
2518 5176 2640 5230 quae
2675 5160 3033 5228 objiciuntur,
3072 5163 3308 5234 ﬁdeliter
3331 5170 3680 5237 pertracten-

2036 5258 2164 5320 tur;
2195 5252 2453 5323 quoniam
2471 5251 2614 5306 nihil
2640 5252 2804 5306 aliter
2829 5254 2948 5322 ﬁeri
2971 5252 3146 5319 debet,
3173 5258 3284 5311 nisi
3296 5255 3680 5326 praedictomm

2037 5337 2440 5417 [impetitorum]
2472 5340 2625 5412 ﬁdes,
2656 5357 2913 5411 persona,
2943 5345 3058 5398 vita
3099 5349 3151 5400 et
3186 5350 3339 5400 actus
3367 5343 3680 5397 discutian-

2035 5439 2163 5490 tur:
2217 5435 2352 5503 quia
2399 5447 2508 5486 non
2565 5431 2719 5488 debet
2772 5449 3096 5504 pravorum,
3149 5437 3248 5488 aut
3294 5431 3677 5488 insidiantium

2035 5525 2309 5579 hominum
2330 5524 2602 5594 pernicies
2641 5525 2812 5579 vitam
2846 5525 3083 5578 lacerare
3106 5522 3492 5576 innocentium.
3533 5519 3678 5578 Sane

2034 5613 2326 5686 saepissime
2353 5629 2388 5670 a
2415 5614 2577 5669 malis
2613 5613 2740 5668 boni
2755 5615 3175 5684 persequuntur,
3206 5609 3303 5682 qui
3330 5623 3441 5667 non
3465 5616 3677 5670 cessant
