4082 6168
398 317 537 378 4487

1172 304 1462 366 APPEND.
1505 304 1598 363 AD
1635 301 1799 362 SEC.
1838 302 1938 360 IX.
1978 330 2052 343 —
2085 295 2441 357 AUCTORES
2477 295 2647 355 ANNI
2699 292 2995 353 INCBRTI.

3676 289 3703 347 4
3712 287 3817 349 488

394 453 510 510 suis
567 440 972 502 calamitatibus
1025 436 1153 492 aliis
1202 435 1503 503 derogare:
1551 431 1671 487 ideo
1718 443 2049 499 summopere
2078 427 2137 488 A
2168 421 2315 501 erit],
2338 423 2434 480 sed
2454 423 2664 479 viribus
2683 436 2866 477 carere
2884 435 2993 476 non
3031 422 3111 475 est
3134 416 3379 510 dubium.
3420 402 3512 474 20.
3660 416 3820 474 indu.

396 545 476 599 est
517 530 955 610 praecidendum,
998 541 1066 581 ne
1113 525 1223 579 haec
1258 527 1414 594 fiant.
1451 518 1538 576 14.
1586 520 1789 578 Nullus
1839 532 2049 579 servus,

395 607 584 687 nullus
619 623 773 684 liber,
817 617 1005 673 minus
1041 613 1301 684 inﬁdelis,
1326 611 1516 666 nullus
1552 607 1871 664 criminibus
1907 607 2058 660 irre—

397 722 554 780 titus,
580 713 769 769 nullus
792 706 1174 769 calumniator,
1198 701 1387 756 nullus
1404 701 1502 770 qui
1517 697 1826 752 inimicitiis
1850 693 2052 757 studet,

396 807 586 863 nullus
608 802 707 873 qui
732 799 961 854 libenter
992 786 1347 867 [frequenter]
1383 790 1583 855 litigat,
1609 789 1659 841 et
1687 785 1762 840 ad
1790 797 2054 838 accusan-

399 897 531 952 dum
553 893 638 947 vel
667 885 1062 945 detrahendum
1089 885 1168 936 est
1194 880 1400 949 facilis,
1423 877 1582 931 nulla
1609 875 1838 943 infamis
1856 885 2045 943 perso-

397 1001 495 1048 na,
533 982 620 1038 vel
671 993 804 1050 quos
852 975 927 1031 ad
972 969 1344 1028 accusandum
1383 967 1609 1037 publica
1647 965 1881 1019 erimina
1919 961 2055 1029 leges

392 1073 634 1145 publica
692 1082 803 1123 non
841 1064 1177 1127 admittunt;
1219 1059 1492 1128 episcopos
1537 1068 1795 1109 accusare
1835 1064 2059 1121 presu-

397 1143 586 1218 mant:
652 1157 911 1229 quoniam
959 1153 1321 1211 accusatores,
1365 1150 1417 1200 et
1471 1143 1862 1205 accusationes,
1917 1153 2057 1209 quas

399 1251 585 1306 seculi
614 1249 751 1316 leges
794 1259 903 1299 non
952 1241 1244 1311 recipiunt,
1295 1252 1406 1307 qua
1441 1236 1654 1289 ratione
1701 1230 2057 1287 sacerdotalis

399 1352 491 1395 eas
519 1336 651 1393 ordo
692 1336 929 1404 recipere
980 1329 1190 1391 debeat,
1236 1326 1481 1381 invenire
1523 1336 1747 1393 nequeo,
1785 1336 1906 1376 cum
1947 1319 2057 1373 haec

400 1432 468 1485 et'
495 1429 557 1483 in
604 1426 827 1483 Nicena
888 1419 1092 1489 synodo
1132 1415 1411 1487 prohibita
1458 1416 1589 1476 sint,
1645 1416 1695 1467 et
1743 1411 1833 1465 illi
1881 1410 2056 1478 magis

398 1517 470 1572 ab
532 1517 678 1577 istis,
744 1526 854 1566 non
923 1509 1022 1563 isti
1078 1507 1150 1560 ab
1207 1505 1320 1559 illis
1368 1503 1622 1572 judicari
1678 1500 1926 1555 debeant.
1989 1499 2060 1552 Et

402 1604 698 1675 Apostolus
750 1600 920 1655 dicit:
984 1618 1009 1649 α
1063 1592 1387 1665 Spiritualis
1432 1590 1658 1661 judicat
1704 1590 1907 1675 omnia,
1942 1588 2059 1657 ipse

400 1673 527 1749 vero
574 1707 611 1746 a
668 1691 880 1746 nemine
924 1685 1219 1756 judicatur
1278 1681 1329 1752 (Ι
1383 1680 1503 1743 Cor,
1566 1678 1653 1751 ιι).
1687 1695 1715 1728 n
1785 1673 1870 1735 45.
1908 1676 2061 1736 .Haa-

400 1783 577 1845 retici,
671 1796 706 1834 a
779 1778 979 1848 quibus
1052 1774 1283 1828 nimium
1373 1770 1750 1840 opprimimur,

398 1871 793 1939 inunicatique,
860 1863 1157 1926 homicidae,
1215 1860 1469 1931 maleﬁci,
1536 1860 1712 1926 fures,
1780 1856 2055 1922 sacrilegi,

400 1964 669 2032 raptores,
693 1957 936 2027 veneﬁci,
966 1953 1227 2014 adulteri,
1255 1954 1305 2005 et
1334 1949 1432 2019 qui
1451 1951 1675 2018 raptum
1694 1946 1947 2015 fecerint,
1974 1946 2061 2000 vel

400 2046 609 2120 falsum
636 2048 999 2104 testimonium
1022 2042 1287 2103 dixerint,
1321 2053 1416 2094 seu
1441 2038 1539 2108 qui
1552 2036 1627 2091 ad
1647 2035 1925 2103 sortilegos
1948 2049 2060 2090 ma-

401 2154 602 2211 gosque
642 2137 1035 2198 concurrerint,
1076 2132 1392 2189 nullatenus
1437 2128 1514 2183 ad
1553 2127 1951 2183 accusationem
1974 2127 2062 2180 vel

401 2230 479 2286 ad
502 2213 868 2285 testimonium
897 2227 1059 2281 erunt
1101 2220 1451 2278 admittendi.

476 2318 562 2376 46.
575 2319 699 2376 Νοη
722 2320 803 2373 ita
813 2318 873 2372 in
893 2314 1270 2371 ecclesiasticis
1282 2308 1554 2379 agendum
1582 2307 1831 2376 negotiis,
1846 2307 1987 2361 sicut
1997 2305 2058 2359 in

403 2409 777 2467 saecularibus.
826 2407 894 2461 In
936 2401 1289 2460 saecularibus
1333 2402 1496 2462 enim,
1521 2401 1818 2467 postquam
1850 2394 2057 2463 legibus

401 2503 623 2555 vocatus
642 2498 870 2559 venerit,
895 2498 946 2550 et
964 2495 1023 2548 in
1039 2495 1160 2562 foro
1178 2491 1451 2546 decertare
1471 2488 1689 2557 cmperit
1700 2485 1925 2554 aliquis,
1946 2496 2057 2537 non

405 2588 528 2642 licet
549 2591 675 2641 ante
698 2589 975 2656 peractam
1013 2597 1236 2638 causam
1278 2579 1563 2635 recedere:
1593 2579 1654 2630 in
1683 2574 2057 2630 ecclesiasticis

404 2690 545 2745 vero,
578 2681 745 2730 causa
772 2674 940 2743 dicta,
970 2673 1093 2727 licet
1122 2670 1404 2738 recedere;
1434 2669 1484 2723 si
1506 2679 1717 2721 necesse
1743 2664 1934 2731 fuerit,
1961 2665 2060 2716 aut

398 2764 746 2838 przgravaﬁ
783 2779 837 2817 se
879 2761 1101 2816 viderit.
1159 2756 1243 2814 47.
1292 2758 1509 2824 Quoties
1562 2756 1842 2825 episcopus
1895 2766 2059 2822 super

405 2855 565 2909 certis
602 2854 894 2907 accusatur
941 2848 1285 2917 criminibus,
1325 2848 1377 2900 si
1412 2845 1548 2899 tales
1582 2845 1796 2912 fuerint
1823 2855 2059 2896 accusa-

405 2946 567 3005 tores,
616 2942 714 3011 qui
739 2941 893 3010 juste
940 2942 991 2993 et
1037 2938 1292 2992 canonice
1328 2935 1501 3005 recipi
1551 2933 1800 2995 debeant,
1850 2930 2056 3001 synodo

406 3032 646 3101 legitima
687 3033 748 3086 in
795 3044 892 3085 suo
935 3032 1168 3098 tempore
1210 3029 1553 3095 congregata,
1580 3024 1650 3078 ab
1678 3021 1928 3079 omnibus
1956 3038 2060 3077 ca-

2318 529 2443 569 vero
2494 515 2883 584 episcoporum,
2931 524 3095 580 super
3169 506 3367 578 quibus
3441 505 3815 571 consuluistis,

2166 602 2409 657 diversas
2447 619 2481 656 a
2535 601 2795 656 Patribus
2856 598 3077 668 regulas
3134 598 3442 652 invenimus
3504 596 3816 651 institutas.

2165 691 2398 759 Quidam
2455 693 2598 746 enim
2656 688 2729 763 (3,
2771 705 2826 762 q.
2867 703 2916 745 c.
2954 691 3032 745 De
3066 685 3328 758 induciis)
3385 686 3462 740 ad
3500 685 3817 756 repellenda

2163 781 2529 853 impetitorum
2594 780 3053 843 machinamenta,
3110 781 3164 833 et
3232 790 3362 860 suas
3410 776 3818 847 preparandas

2164 874 2559 944 responsiones,
2583 875 2634 926 et
2664 874 2824 925 testes
2853 866 3273 939 conﬁrmandos,
3310 866 3360 921 ei
3379 865 3612 920 concilia
3632 880 3816 921 eorum

2169 956 2578 1036 [episcoporum]
2647 964 2698 1014 et
2770 959 3066 1014 amicorum
3116 954 3430 1027 quaerenda,
3496 968 3709 1009 annm
3768 960 3819 1010 et

2166 1047 2306 1127 [aut]
2386 1067 2484 1106 sea:
2545 1064 2753 1105 menses
2815 1048 3220 1103 mandaverunt
3272 1043 3528 1111 concedi;
3588 1043 3818 1115 quidam

2165 1145 2345 1196 autem
2381 1155 2608 1202 annum,
2656 1140 2718 1193 in
2773 1152 2879 1209 quo
2931 1137 3166 1208 plurimi
3222 1134 3595 1201 concordant;
3635 1134 3819 1188 minus

2165 1246 2289 1286 vero
2324 1245 2488 1300 quam
2511 1243 2607 1284 sea:
2645 1242 2851 1283 menses
2879 1241 2990 1281 non
3026 1226 3236 1297 reperi;
3264 1226 3395 1295 quia
3426 1227 3480 1278 et
3501 1223 3615 1278 hac
3660 1223 3819 1276 laici:

2164 1319 2387 1374 indulta
2441 1322 2589 1383 sunt,
2657 1322 2863 1388 quanto
2923 1316 3099 1385 magis
3163 1318 3216 1370 et
3259 1314 3478 1369 Domini
3522 1311 3820 1368 sacerdoti-

2170 1410 2318 1465 bus?

2233 1499 2337 1555 Hic
2359 1499 2669 1571 praedictus
2703 1510 2844 1568 papa
2864 1496 3037 1553 aliam
3073 1493 3375 1567 epistolam
3405 1491 3645 1563 scripsit
3685 1492 3825 1549 uni-

2164 1590 2346 1646 versis
2378 1587 2791 1661 spiritualibus
2828 1584 3129 1656 fratribus,
3170 1591 3227 1642 et
3252 1583 3498 1655 reliquis
3524 1582 3586 1639 in
3613 1595 3815 1638 sacer—

2164 1677 2344 1735 dotali
2366 1676 2610 1750 collegio
2629 1675 2874 1733 Domino
2893 1674 3245 1731 consecratis
3277 1672 3453 1743 (epist.
3478 1669 3558 1743 2),
3606 1671 3667 1727 in
3704 1684 3816 1742 qua

1847 1780 2060 1821 emcom-
2090 1774 2140 1839 Β
2165 1780 2264 1824 eos
2300 1766 2731 1824 studiosissime
2765 1765 3030 1821 hortatur
3058 1761 3483 1835 persecutiones
3516 1764 3575 1817 et
3616 1760 3820 1817 tribu-

2168 1856 2413 1921 lationes
2432 1856 2717 1927 patienter
2735 1855 3041 1918 sustinere,
3066 1858 3130 1910 ut
3149 1853 3274 1923 ejus
3292 1851 3400 1907 ﬁlii
3423 1850 3820 1914 inveniantur,

2169 1960 2336 2019 quem
2359 1946 2623 2019 quotidie
2643 1946 2862 2002 Patrem
2885 1944 3153 2001 invocant
3174 1943 3347 1999 Deum
3372 1940 3431 1997 in
3461 1940 3651 2010 caelis,
3672 1945 3732 1995 et
3760 1943 3824 1995 ut

2169 2035 2609 2093 detrahentibus
2631 2049 2743 2093 non
2767 2033 3092 2106 detrahant,
3115 2032 3212 2090 sed
3254 2035 3459 2088 cuncta
3492 2031 3555 2087 in
3599 2030 3821 2101 spiritu

2170 2125 2524 2183 humilitatis
2553 2130 2842 2198 peragant,
2865 2123 3004 2182 etin
3027 2121 3304 2196 patientia
3333 2119 3819 2194 longanimitatis,

2169 2229 2296 2287 quae
2316 2220 2455 2272 sunt
2477 2215 2749 2285 docenda,
2772 2213 3065 2270 edoceant.

2592 2303 2858 2360 XXXIX.
2879 2332 2954 2343 —
2969 2302 3025 2358 S.
3047 2298 3387 2359 DAMASUS.

2698 2392 2882 2464 (Anno
2915 2391 3117 2448 Christi
3134 2386 3283 2464 367.)

2237 2484 2533 2555 Damasus,
2574 2482 2806 2539 natione
2845 2482 3150 2553 Hispanus,
3193 2494 3262 2536 ex
3301 2484 3460 2551 patre
3498 2476 3821 2550 Antonino,

2167 2572 2317 2629 sedit
2337 2585 2517 2629 annos
2553 2572 2891 2644 octodecim,
2930 2583 3148 2627 menses
3190 2575 3325 2639 tres,
3357 2568 3485 2625 dies
3525 2566 3820 2624 undecim.

2164 2662 2307 2719 Cum
2357 2662 2469 2719 isto
2515 2661 2821 2719 ordinatur
2859 2661 2919 2717 in
2967 2660 3333 2717 contentione
3379 2658 3667 2727 Ursinus;
3724 2654 3820 2712 sed

2167 2750 2316 2808 facto
2337 2751 2588 2808 concilio
2610 2750 2967 2807 sacerdotum
3008 2748 3362 2806 constitutus
3396 2751 3483 2803 est
3513 2748 3820 2816 Damasus,

2167 2841 2304 2913 quia
2352 2839 2579 2912 fortior,
2616 2845 2674 2897 et
2716 2839 2966 2912 plurima
3004 2839 3318 2897 multitudo
3360 2842 3528 2894 erat:
3569 2835 3828 2892 Ursinus

2165 2939 2354 2989 autem
2392 2932 2607 3002 ejectus
2643 2934 2729 2987 eSt
2764 2930 2837 2986 ab
2875 2929 3042 3001 Urbe,
3069 2934 3128 2985 et
3163 2926 3431 2999 Neapolis
3459 2927 3825 2984 constitutus

2165 3022 2488 3093 episcopus.
2520 3021 2797 3077 Damasus
2817 3023 3007 3076 autem
3031 3023 3223 3090 postea
3241 3015 3529 3073 invidiose
3558 3014 3820 3071 adulteri

402 3124 595 3176 nonice
642 3120 928 3181 audiatur,
976 3119 1073 3188 qui
1107 3120 1238 3172 sunt
1282 3117 1342 3169 in
1387 3115 1696 3185 provincia,
1757 3114 2046 3183 episcopis.
2092 3109 2141 3173 C
2166 3113 2463 3186 arguitur;
2492 3118 2550 3169 et
2588 3110 2736 3168 facta
2774 3109 2908 3167 inde
2946 3110 3181 3181 synodo,
3208 3122 3242 3164 a
3281 3107 3668 3179 quadraginta
3692 3109 3828 3162 octo

404 3208 560 3278 Quod
577 3212 629 3265 si
641 3225 749 3265 non
772 3209 1000 3277 legitimi
1030 3207 1242 3275 fuerint
1261 3207 1621 3267 accusatores,
1661 3218 1771 3257 non
1790 3204 2059 3271 fatigetur

403 3301 703 3372 episcopus,
745 3300 877 3369 quia
931 3296 1234 3352 sacerdotes
1284 3294 1361 3350 ad
1401 3292 1823 3364 sacriﬁcandum
1873 3294 2059 3348 vocari

404 3385 640 3464 [vacare]
698 3388 913 3455 debent,
967 3400 1077 3441 non
1121 3385 1198 3440 ad
1255 3382 1621 3453 litigandum;
1677 3397 1774 3437 nec
1816 3382 1904 3436 illi
1960 3384 2058 3452 qui

401 3478 590 3534 throni
605 3479 705 3533 Dei
740 3481 1024 3540 vocantur,
1056 3489 1357 3547 pravorum
1395 3472 1673 3527 hominum
1702 3471 1927 3527 insidiis
1953 3472 2059 3527 de—

404 3566 529 3622 bent
576 3566 815 3637 turbari,
855 3565 953 3621 sed
1012 3565 1177 3620 libere
1228 3562 1438 3619 Christo
1486 3562 1713 3617 Domino
1763 3560 2053 3629 famulari.

404 3652 490 3712 48.
515 3656 771 3723 Quamvis
798 3653 1235 3727 provincialibus
1275 3650 1539 3722 episcopis
1568 3665 1681 3705 una
1718 3644 1837 3705 cum
1859 3654 2054 3705 metro-

394 3747 645 3818 politano
693 3761 876 3802 eorum
910 3758 1107 3799 causas
1161 3757 1274 3797 suae
1332 3741 1631 3812 provinciae
1685 3740 2056 3809 episcoporum

402 3836 564 3891 liceat
596 3836 918 3890 charitative
954 3837 1007 3888 et
1042 3830 1378 3886 concorditer
1417 3829 1669 3895 agitare;
1707 3842 1817 3882 non
1853 3828 2051 3897 tamen,

401 3925 543 3978 sicttt
565 3925 625 3977 in
641 3922 909 3992 praedicta
933 3920 1139 3989 synodo
1175 3919 1527 3973 constitutum
1566 3920 1668 3986 est,
1709 3917 1831 3973 licet
1868 3918 2057 3990 deﬁni-

399 4026 461 4067 re
478 4011 683 4082 absque
701 4012 932 4067 Romani
944 4009 1224 4080 pontiﬁcis
1259 4009 1601 4064 auctoritate.
1647 4007 1802 4074 Quod
1834 4011 1884 4063 si
1902 4023 2055 4064 secus

400 4114 437 4155 a
466 4101 798 4171 quibusdam
814 4102 1203 4170 praesumptum
1220 4098 1413 4166 fuerit,
1436 4098 1563 4168 ipsi,
1592 4099 1689 4168 qui
1708 4098 1805 4153 hoc
1824 4098 2050 4168 egerint,

400 4200 514 4247 suae
532 4190 975 4261 praesumptionis
1001 4189 1308 4260 suscipiant
1338 4187 1620 4252 damnum,
1652 4187 1837 4250 etilli,
1862 4189 1960 4257 qui
1983 4187 2052 4241 ab

399 4283 478 4337 eis
532 4295 825 4352 perperam
875 4279 1326 4335 excommunicati
1370 4281 1469 4333 aut
1519 4276 1770 4332 damnati
1817 4278 2051 4344 fuerint,

399 4373 724 4429 auctoritate
769 4371 936 4441 hujus
973 4373 1175 4425 sancte
1217 4367 1382 4431 sedis,
1437 4371 1489 4423 et
1527 4367 1669 4422 beati
1703 4368 2053 4439 praeceptoris

2171 3199 2575 3276 [quadraginta
2603 3195 2872 3274 quatuor]
2896 3197 3184 3270 episcopis
3215 3201 3601 3268 expurgatur:
3637 3207 3826 3250 accu-

2167 3295 2384 3348 satores
2405 3296 2593 3348 autem
2610 3291 2735 3362 ejus
2762 3287 3118 3347 Concordius
3136 3291 3192 3344 et
3226 3285 3503 3342 Callistus
3542 3284 3825 3341 diacones

2165 3394 2198 3437 a
2228 3380 2477 3439 concilio
2509 3386 2647 3438 sunt
2664 3379 2940 3451 damnati,
2986 3384 3044 3435 et
3079 3379 3152 3435 de
3186 3375 3442 3434 Ecclesia
3478 3374 3672 3446 eiecti.
3714 3374 3823 3430 Hic

2168 3470 2458 3528 ordinavit
2503 3470 2804 3542 episcopos
2842 3469 3203 3541 septuaginta
3249 3468 3418 3539 duos,
3455 3464 3826 3538 presbyteros

2166 3562 2408 3636 triginta
2427 3564 2485 3619 et
2504 3572 2708 3633 unum,
2729 3560 3006 3618 diaconos
3034 3558 3321 3616 undecim.
3346 3557 3449 3613 Hic
3470 3569 3511 3613 ιι
3550 3555 3688 3612 Idus
3702 3556 3824 3611 De-

2166 3650 2345 3708 cemb.
2368 3650 2534 3708 obiit.

2235 3742 2340 3799 Hic
2379 3743 2438 3797 in
2493 3736 2756 3813 eplStola',
2809 3753 2977 3812 quam
3040 3738 3326 3810 Stephano
3380 3735 3823 3806 archiepiscopo

2165 3831 2544 3904 Mauritaniae,
2571 3835 2629 3887 et
2651 3830 2939 3888 universis
2965 3827 3248 3886 Africanae
3269 3826 3582 3899 provincia:
3601 3826 3825 3895 episco-

2166 3923 2257 3994 pis
2311 3921 2626 3980 destinavit
2692 3920 2866 3994 (epist.
2936 3919 3014 3993 3),
3064 3932 3161 3976 eos
3229 3916 3492 3990 instruit,
3563 3914 3824 3987 qualiter

2165 4012 2635 4084 metrOpolitanos
2685 4012 2984 4082 episc0pos
3034 4013 3091 4065 et
3137 4020 3359 4065 summa
3419 4004 3816 4061 ecclesiastica

2164 4103 2392 4175 negotia
2420 4101 2710 4158 discutere
2758 4100 2961 4156 liceat:
3012 4098 3093 4154 ita
3117 4096 3405 4166 videlicet,
3442 4100 3507 4151 ut
3547 4107 3717 4150 nemo
3748 4106 3820 4149 ex

2163 4191 2249 4248 eis
2267 4191 2438 4262 desit,
2462 4195 2518 4247 et
2541 4203 2737 4247 omnes
2780 4190 2840 4246 in
2885 4187 3246 4261 singulorum
3280 4185 3529 4258 negotiis
3568 4195 3821 4240 concor-

2161 4280 2316 4353 dent,
2344 4286 2399 4337 et
2435 4283 2636 4336 catera
2667 4279 2727 4334 in
2757 4278 2952 4335 eadem
2978 4277 3159 4348 ponit,
3202 4288 3329 4347 qua:
3348 4277 3821 4330 etantecessores

2162 4369 2256 4426 sui
2283 4368 2730 4437 constituerunt,
2774 4367 2831 4424 id
2858 4373 2962 4438 est,
3010 4365 3081 4422 de
3124 4364 3270 4436 Ipsis
3319 4363 3613 4434 episc0pis
3669 4374 3822 4433 quos

399 4464 574 4519 nostri
611 4461 873 4531 clavigeri
895 4462 1165 4531 potestate
1192 4457 1343 4513 Petri
1377 4456 1663 4512 solvantur
1700 4460 1865 4526 atque
1900 4457 2057 4511 resti-
2081 4467 2135 4531 D
2165 4458 2425 4516 damnari
2460 4472 2570 4516 non
2611 4458 2802 4523 liceat,
2836 4471 2936 4514 nec
2964 4456 3242 4528 synodum
3289 4465 3603 4511 convocare
3633 4467 3821 4510 cano—

397 4557 645 4608 tuantur.
669 4553 791 4623 Ipse
820 4552 965 4606 enim
990 4550 1254 4605 Dominus
1278 4547 1394 4602 ait:
1426 4542 1792 4616 Quaecunque
1811 4545 2054 4605 solveris

398 4653 573 4712 super
599 4644 830 4713 terram,
860 4642 1032 4697 erunt
1054 4636 1245 4695 soluta
1279 4639 1336 4692 et
1374 4635 1434 4690 in
1465 4635 1626 4693 caelis
1652 4635 1868 4706 (Matth.
1907 4637 2046 4709 1m).

400 4726 485 4785 49.
515 4729 730 4795 Quoties
764 4728 1001 4798 episcopi
1037 4743 1093 4782 se
1121 4742 1157 4781 a
1188 4726 1732 4796 comprovincialibus
1768 4726 1854 4782 vel
1886 4743 1921 4782 a
1948 4743 2053 4782 me-

397 4818 727 4888 tropolitano
762 4818 1082 4887 putaverint
1116 4816 1481 4886 przgravari,
1521 4820 1620 4881 aut
1655 4831 1742 4871 eos
1779 4820 2050 4887 suspectos

397 4906 710 4970 habuerint,
762 4920 890 4961 mox
942 4906 1239 4962 Romanam
1298 4904 1575 4976 appellent
1627 4906 1825 4970 sedem,
1886 4910 2050 4976 atque

397 4996 605 5067 absque
641 4996 759 5050 ulla
804 4996 1127 5057 detentione,
1173 4999 1225 5051 et
1264 5010 1487 5051 suarum
1535 5009 1716 5049 rerum
1753 4993 2044 5061 oblatione,

400 5084 566 5140 libere
581 5087 662 5141 ire
684 5087 859 5141 liceat.
901 5088 971 5142 Et
1002 5086 1132 5141 dum
1152 5084 1475 5156 praedictam
1509 5084 1809 5140 Romanam
1846 5084 2044 5155 appel-

398 5175 635 5231 laverint
653 5175 967 5239 Ecclesiam,
989 5178 1088 5231 aut
1105 5173 1173 5229 ab
1213 5189 1277 5230 ea
1298 5190 1355 5230 se
1391 5174 1581 5231 audiri
1618 5176 2043 5245 expoposcerint,

394 5267 585 5322 nullus
612 5280 699 5322 eos
713 5269 812 5321 aut
834 5266 1316 5329 excommunicare,
1357 5269 1456 5320 aut
1485 5279 1661 5320 eorum
1695 5264 1847 5319 sedes
1871 5264 2049 5319 subri-

387 5368 539 5430 pere,
580 5361 679 5413 aut
701 5372 885 5413 eorum
928 5371 1015 5413 res
1060 5358 1300 5425 auferre,
1332 5359 1430 5410 aut
1466 5353 1684 5424 aliquid
1718 5355 1795 5409 eis
1838 5356 2045 5424 inferre

2165 4549 2350 4605 nicam
2385 4548 2600 4620 absque
2633 4548 2895 4605 Romanae
2922 4545 3078 4603 sedis
3115 4542 3501 4613 auctoritate;
3531 4542 3607 4598 de
3633 4555 3822 4600 cauo—

2162 4637 2291 4694 nica
2309 4638 2602 4695 vocatione
2621 4637 2690 4693 ad
2715 4636 3015 4708 synodum,
3039 4633 3108 4690 de
3127 4632 3404 4704 induciis,
3431 4645 3576 4703 quas
3594 4631 3821 4689 dandas

2160 4741 2259 4784 sex
2286 4725 2568 4783 mensium
2594 4726 2783 4798 spatio
2823 4725 2881 4781 in
2903 4721 3311 4781 criminalibus
3330 4721 3625 4792 episc0pis
3648 4734 3820 4776 man-

2156 4815 2275 4888 dat,
2315 4817 2386 4873 de
2409 4814 2842 4873 accusatoribus
2879 4817 2936 4872 et
2981 4814 3247 4879 testibus,
3297 4811 3495 4884 quales
3541 4824 3671 4867 esse
3709 4811 3819 4866 de-

2158 4906 2359 4976 beant;
2409 4905 2544 4962 item
2597 4906 2669 4962 de
2725 4903 3104 4974 inscriptione
3160 4900 3625 4972 calumniatoris,
3681 4914 3809 4971 qua

2156 5007 2378 5068 semper
2402 4996 2591 5065 primo
2611 4994 2734 5051 ﬁeri
2752 4993 2936 5065 debet,
2960 4997 3017 5048 et
3037 5004 3163 5062 quae
3182 4990 3496 5047 criminum
3517 4989 3815 5047 discussio

2158 5085 2242 5142 ibi
2264 5085 2532 5159 agitanda
2569 5085 2667 5157 sit,
2702 5083 2801 5140 ubi
2825 5088 2882 5139 et
2909 5082 3033 5153 ipsa
3062 5080 3308 5137 crimina
3338 5085 3476 5136 sunt
3519 5079 3807 5136 admissa:

2158 5181 2215 5232 et
2232 5180 2453 5246 caetera,
2479 5188 2605 5245 quae
2626 5174 2790 5245 plane
2814 5174 2931 5242 jam
2966 5172 3026 5228 in
3061 5171 3542 5242 praedecessorum
3564 5181 3808 5226 suorum

2158 5264 2407 5324 decretis
2430 5278 2605 5336 supra
2638 5264 2983 5321 notavimus.

2225 5358 2366 5414 Item
2409 5356 2720 5428 praedictus
2777 5367 2921 5425 papa
2967 5352 3141 5409 aliam
3184 5350 3425 5423 scripsit
3465 5349 3808 5407 decretalem

386 5453 709 5524 prwsumat,
732 5452 1027 5517 antequam
1055 5445 1334 5501 amborum
1375 5439 1602 5519 [eorum]
1644 5458 1811 5499 causa
1837 5444 2045 5501 Roma-
2161 5448 2461 5519 epistolam
2491 5447 2764 5517 Prospero
2798 5442 3085 5500 Numidia:
3106 5440 3304 5513 prima:
3334 5439 3491 5497 sedis
3516 5440 3810 5511 episcopo,

392 5541 457 5595 ni
481 5539 756 5610 pontificis
793 5538 1118 5593 auctoritate
1160 5537 1426 5607 ﬁrmetur.
1496 5531 1651 5599 Quod
1687 5535 1739 5589 si
1796 5530 1961 5591 aliter
2005 5549 2041 5590 a
2153 5544 2210 5596 et
2227 5538 2451 5596 cazteris
2487 5534 2827 5595 orthodoxis
2857 5532 3147 5605 episcopis
3178 5531 3393 5603 ubique
3422 5529 3811 5587 consistenti-

394 5634 669 5699 quoquam
698 5629 1089 5699 praismptum
1127 5625 1319 5693 fuerit,
1358 5622 1503 5679 nihil
1550 5624 1628 5680 eis
1659 5623 1832 5682 oberit
1879 5621 2043 5701 [nihil

2170 5632 2251 5687 ius
2312 5624 2474 5702 (epist
2549 5623 2654 5698 4):
2718 5624 2788 5683 de
2843 5622 3202 5695 coepiscopis
3265 5613 3806 5695 [chroreplscopis}.
