4046 6182
223 280 364 341 4489

1076 273 1330 334 essum
1365 248 1798 331 LUITPRANDI
1835 271 1960 329 LIB.
2003 271 2094 328 ne
2145 272 2322 330 vms
2361 279 2528 337 nou.
2564 279 2769 338 rom.

3489 278 3628 341 H90

221 405 321 476 qui
356 402 506 459 nihil
529 401 782 472 amplius
803 402 958 470 sunt,
984 399 1070 455 vel
1095 403 1352 471 possunt,
1379 402 1548 469 quam
1581 394 1871 466 presbyte-
1885 369 1970 457 AI
1985 396 2343 469 presbyteros
2364 402 2604 474 triginta
2629 409 2686 458 et
2711 417 2910 474 unum,
2942 405 3217 463 diaconos
3235 405 3502 463 sedecim.
3527 404 3631 460 Hic

224 495 294 563 ri,
327 493 406 548 ita
441 493 595 547 inter
622 496 825 546 caetera
853 490 1052 546 dicens
1077 507 1090 542 :
1114 490 1289 545 Nimis
1321 489 1444 557 jam
1481 496 1667 540 eorum
1697 486 1868 538 insti-

222 584 361 637 tutio
387 581 656 651 improba,
687 581 850 633 nimis
877 584 958 633 est
974 594 1153 648 prava
1174 597 1192 633 :
1220 580 1374 648 quia,
1400 581 1461 631 ut
1491 575 1548 630 hi
1575 574 1641 628 de
1666 589 1871 628 summo

220 670 516 725 sacerdotii
555 670 853 723 ministerio
895 668 1114 737 aliquid
1141 669 1498 738 prasumant,
1543 665 1690 718 omni
1729 665 1875 717 caret

223 761 570 820 auctoritate,
612 763 662 811 et
693 759 865 811 sacris
902 757 1200 810 canonibus
1239 756 1459 810 videtur
1498 769 1610 808 esse
1651 756 1876 806 contra—

221 851 392 911 rium,
426 852 479 902 et
505 862 737 902 vacuum
771 851 935 915 atque
959 848 1123 899 inane
1152 850 1250 907 est,
1277 844 1555 914 quidquid
1576 845 1635 896 in
1659 841 1875 912 praedi-

224 943 306 993 cto
353 939 553 992 summi
601 936 894 991 sacerdotii
947 937 1154 1003 egerint
1205 935 1523 988 ministerio.
1580 932 1721 988 Nam
1767 945 1877 984 non

222 1028 486 1097 amplius,
528 1041 695 1095 quam
724 1025 859 1080 duos
897 1025 1117 1079 ordines
1159 1026 1303 1078 inter
1336 1022 1631 1091 discipulos
1661 1019 1880 1075 Domini

223 1132 341 1172 esse
386 1117 730 1184 cognovimus
775 1114 933 1184 (dist.
982 1111 1070 1183 68,
1121 1126 1170 1168 c.
1219 1111 1668 1182 Chrorepiscopi).
1727 1107 1879 1163 Unde

225 1210 329 1262 iste
369 1208 559 1261 tertius
593 1206 936 1275 processerit,
975 1203 1232 1272 funditus
1272 1205 1627 1270 ignoramus:
1655 1205 1706 1255 et
1735 1198 1881 1269 quod

222 1298 442 1351 ratione
469 1299 635 1358 caret,
664 1295 962 1364 emstirpari
990 1309 1200 1348 necesse
1223 1297 1319 1347 est.
1351 1295 1490 1346 Dum
1518 1292 1659 1345 enim
1685 1292 1884 1359 episco-

223 1389 287 1456 pi
313 1402 423 1440 non
447 1388 577 1448 sint,
609 1387 708 1454 qui
727 1387 906 1439 minus
939 1400 1104 1452 quam
1127 1400 1162 1437 a
1192 1383 1389 1445 tribus,
1421 1386 1519 1436 aut
1548 1382 1646 1450 qui
1675 1381 1744 1434 ab
1773 1394 1882 1433 uno

225 1477 316 1531 vel
348 1475 558 1530 duobus
601 1479 732 1529 sunt
768 1474 1012 1528 ordinati
1057 1475 1340 1543 episcopis,
1394 1487 1492 1526 nec
1535 1472 1883 1526 nominentur

228 1567 490 1636 episcopi,
554 1566 605 1618 si
658 1579 849 1619 nomen
907 1579 1016 1617 non
1071 1563 1290 1624 habent,
1350 1561 1592 1630 qualibet
1643 1559 1884 1628 ofﬁcium

229 1655 510 1710 habebunt
535 1656 561 1708 ?
583 1654 792 1709 Idcirco
833 1653 1274 1718 benedictionem,
1319 1665 1484 1720 quam
1511 1648 1761 1719 prmdicti
1788 1662 1886 1701 co—

229 1746 490 1816 episcopi,
521 1749 646 1798 ante
673 1758 832 1798 suam
852 1742 1276 1813 prohibitionem
1296 1756 1400 1810 per
1427 1754 1623 1794 manus
1649 1738 1884 1808 imposi-

231 1836 435 1888 tionem
478 1833 705 1895 dabant,
746 1834 922 1900 magis
967 1831 1185 1885 videtur
1227 1830 1380 1884 nobis
1412 1831 1613 1884 uulnus
1654 1830 1882 1896 inferre,

232 1939 405 1993 quam
435 1923 668 1977 salutem
697 1941 712 1976 :
745 1923 876 1991 quia
903 1922 1001 1991 qui
1021 1921 1374 1990 pontiﬁcatus
1399 1921 1608 1988 apicem
1638 1933 1746 1971 non
1777 1918 1887 1972 ha—

234 2013 438 2066 bebant
475 2011 739 2082 quomodo
774 2027 860 2075 ea,
911 2025 1032 2080 quae
1070 2025 1180 2064 non
1217 2008 1510 2070 habebant,
1555 2008 1688 2061 dare
1723 2010 1889 2076 pote-

232 2105 425 2156 rant?
451 2103 708 2170 quoniam
756 2100 899 2154 nihil
925 2101 986 2153 in
1028 2099 1194 2154 dante
1233 2101 1370 2159 erat,
1411 2095 1558 2166 quod
1584 2096 1678 2150 ille
1705 2098 1887 2164 posset

231 2194 522 2261 accipere;
552 2195 603 2245 et
623 2195 914 2261 propterea
945 2191 1120 2257 magis
1143 2187 1509 2243 uulnerabant
1539 2187 1742 2255 capita,
1769 2198 1889 2252 quae

229 2297 338 2352 per
364 2297 559 2336 manus
593 2282 984 2350 impositionem
1012 2278 1328 2347 tangebant,
1357 2292 1521 2346 quam
1553 2291 1636 2338 ea,
1668 2290 1790 2344 quae
1812 2275 1888 2328 eis

235 2373 440 2428 collata
468 2386 579 2425 non
615 2375 790 2433 erant,
812 2385 913 2440 per
939 2369 1188 2438 aliquam
1232 2366 1646 2422 benedictionem
1671 2364 1884 2419 darent.

235 2463 314 2516 Et
333 2462 428 2516 ubi
459 2462 660 2515 vulnus
687 2463 920 2529 inﬁmum
949 2462 1048 2521 est,
1079 2473 1288 2513 necesse
1318 2461 1397 2512 est
1429 2455 1686 2510 adhibere
1709 2454 1892 2509 medi-

236 2555 424 2607 cinam
454 2570 470 2617 ;
502 2566 614 2619 qua
649 2551 826 2619 inﬁma
857 2551 1082 2602 sanetur
1122 2547 1361 2609 macula,
1401 2545 1462 2598 id
1495 2551 1593 2608 est,
1636 2545 1892 2600 reitera-ri

238 2656 453 2696 necesse
494 2644 592 2706 est,
637 2639 784 2708 quod
817 2639 1051 2706 legitime
1091 2642 1272 2692 actum
1303 2641 1402 2690 aut
1436 2635 1692 2690 collatum
1717 2638 1926 2690 mini-'

239 2746 329 2786 me
350 2730 707 2800 approbatur,
745 2730 794 2783 si
827 2731 1130 2798 perfectum
1167 2741 1279 2781 esse
1317 2725 1546 2780 debebit.
1579 2726 1722 2782 Nam
1750 2741 1895 2795 quo-

237 2820 401 2876 modo
427 2819 679 2873 honorem
699 2822 886 2887 posset
918 2818 1174 2879 retinere,
1211 2817 1308 2885 qui
1333 2815 1404 2869 ab
1433 2815 1543 2868 alio
1571 2811 1709 2889 [illo]
1736 2831 1897 2870 acce-

233 2913 409 2982 perit,
437 2911 535 2978 qui
541 2912 860 2978 potestatem
881 2907 1014 2962 dare
1027 2922 1137 2960 non
1160 2906 1352 2960 habuit
1371 2906 1627 2974 legitime,
1649 2907 1894 2960 inuenire

241 3015 357 3055 non
379 3014 643 3069 possum:
671 3013 791 3052 cum
832 2997 926 3051 ille
963 2998 1062 3066 qui
1088 2996 1455 3066 pontiﬁcalem
1500 2996 1752 3049 honorem
1787 3011 1896 3049 non

1983 486 2054 541 de
2094 487 2198 543 hoc
2229 491 2438 546 saeculo
2473 492 2738 563 migravit
2769 506 2869 547 vm
2904 494 3137 550 Kalend.
3172 495 3384 551 Martii.
3422 494 3526 550 Hic
3570 494 3629 549 in

1985 576 2228 645 epistola
2286 593 2453 650 quam
2527 579 2839 638 I-limmerio
2894 583 3304 639 Tarraconensi
3366 583 3632 653 episcopo

1985 665 2223 735 scripsit
2260 666 2434 737 (cp-ist.
2473 665 2540 742 4),
2584 669 2901 740 baptizatos
2945 671 3014 727 ab
3052 673 3286 730 Arianis
3329 673 3380 730 si
3420 676 3489 731 ad
3532 687 3633 731 ca-

1983 754 2256 811 tholicam
2307 756 2472 813 fidem
2530 757 2820 823 festinent,
2863 761 3050 817 denuo
3095 761 3466 832 baptizandos
3513 781 3636 825 esse

1986 844 2288 912 prohibuit
2321 863 2334 916 ;
2378 848 2516 917 quia
2554 855 2610 904 et
2640 849 2948 918 Apostolus
2987 851 3252 920 prohibet
3279 851 3495 924 (Ephes.
3535 856 3634 929 ιν),

1986 938 2041 988 et
2077 947 2321 992 canones
2365 939 2788 1011 contradicunt,
2845 945 2901 995 et
2944 941 3158 996 Liberii
3212 956 3370 1014 papa:
3412 946 3638 1002 decreta

1990 1029 2115 1091 post
2144 1029 2428 1081 cassatum
2469 1027 2832 1084 Ariminense
2865 1029 3178 1087 concilium
3209 1033 3277 1088 ad
3312 1034 3640 1104 provincias

1989 1111 2164 1168 missa
2192 1114 2516 1187 prohibent,
2549 1121 2604 1171 et
2634 1116 2753 1172 sola
2784 1118 3130 1187 episcopalis
3158 1134 3361 1178 manus
3392 1123 3642 1194 imposi—

1990 1201 2146 1256 tione
2201 1203 2616 1261 catholicorum
2671 1207 2975 1263 conventui
3027 1221 3123 1264 eos
3174 1211 3479 1268 sociandos
3519 1227 3642 1270 esse

1991 1291 2216 1346 asserit.
2246 1293 2382 1346 item
2417 1292 2474 1347 in
2501 1294 2692 1349 eadem
2715 1292 2978 1366 alﬁrmat,
3007 1296 3168 1353 nullo
3198 1303 3450 1370 tempore
3479 1303 3640 1373 anni,

1993 1379 2109 1435 nisi
2143 1381 2202 1434 in
2236 1380 2538 1438 Dominico
2579 1383 2806 1438 Pascha:
2835 1388 2892 1439 et
2921 1386 3295 1458 Pentecostes,
3330 1389 3645 1459 quemlibet

1993 1469 2423 1545 baptizandum,
2453 1473 2567 1528 nisi
2594 1486 2722 1529 eum
2757 1474 2958 1530 mortis
2987 1476 3301 1545 cujuslibet
3322 1480 3643 1548 periculum

1996 1565 2214 1630 urgeat.
2252 1562 2460 1616 [terum
2497 1561 2648 1632 illos,
2689 1563 2788 1633 qui
2821 1563 2888 1618 ad
2938 1566 3286 1634 apostasiam
3321 1573 3644 1641 transeunt,

1993 1652 2050 1703 et
2088 1649 2374 1706 idolorum
2415 1651 2577 1708 cultu
2606 1665 2671 1708 ac
2708 1653 3128 1710 sacriﬁciorum
3159 1659 3649 1715 contaminatione

1911 1754 1962 1815 Β
1995 1739 2359 1811 polluuntur,
2385 1754 2418 1796 a
2445 1755 2681 1813 corpore
2709 1742 2927 1800 Christi
2959 1751 3014 1801 et
3045 1746 3326 1818 sanguine
3345 1747 3509 1816 jubet
3538 1747 3650 1805 ab-

1995 1829 2182 1884 scindi
2214 1849 2226 1884 :
2274 1831 2751 1902 resipiscentibus
2785 1838 2997 1905 autem,
3031 1841 3087 1890 et
3117 1837 3184 1892 ad
3224 1836 3471 1893 lamenta
3501 1852 3650 1894 con-

1994 1918 2197 1988 versis,
2228 1920 2622 1989 paenitentiam
2657 1922 2716 1976 in
2743 1922 2860 1978 vita
2889 1924 3163 1994 agendam
3195 1938 3338 1995 esse,
3367 1930 3425 1982 et
3447 1927 3505 1982 in
3540 1927 3650 1984 fine

1997 2007 2203 2065 ultimo
2222 2009 2716 2066 reconciliationis
2729 2012 2971 2082 gratiam
2995 2013 3357 2070 tribuendam
3377 2029 3499 2071 esse
3513 2030 3652 2085 prae-

1996 2097 2157 2168 cipit.
2205 2101 2338 2153 Item
2386 2099 2632 2168 puellam
2677 2099 2779 2155 alii
2819 2101 3240 2173 desponsatam,
3290 2117 3358 2160 ne
3396 2104 3542 2161 alter
3587 2106 3646 2162 in

1999 2187 2428 2244 matrimonium
2455 2189 2724 2258 accipiat,
2755 2190 2980 2246 inhibet
3008 2187 3114 2262 (27,
3148 2192 3204 2246 d.
3247 2189 3302 2263 2,
3329 2207 3379 2248 c.
3409 2196 3484 2248 De
3513 2210 3650 2249 con—

1987 2276 2225 2350 jugali):
2251 2277 2388 2348 quia
2413 2277 2513 2334 illa
2537 2277 2879 2349 benedictio,
2907 2293 3074 2351 quam
3097 2281 3362 2338 sacerdos
3383 2289 3649 2353 nuptura:

2003 2367 2266 2437 imponit,
2325 2366 2376 2422 si
2430 2369 2886 2439 transgressione
2929 2370 3193 2440 violetur,
3255 2374 3403 2442 apud
3455 2372 3650 2430 ﬁdeles

1999 2458 2297 2527 cujusdam
2326 2458 2617 2529 sacrilegii
2649 2459 2831 2515 instar
2855 2466 2957 2516 est.
2991 2462 3070 2516 De
3101 2462 3192 2518 his
3221 2478 3372 2534 vero,
3404 2465 3502 2534 qui
3526 2469 3650 2519 acta

2003 2547 2338 2618 paenitentia
2377 2553 2655 2619 tanquam.
2681 2563 2849 2606 canes
2878 2556 2934 2606 et
2962 2566 3093 2608 sues
3124 2553 3191 2608 ad
3235 2555 3514 2624 pristinos
3547 2571 3655 2614 vo-

2003 2637 2182 2692 mitus
2210 2641 2266 2692 et
2297 2637 2590 2694 volutabra
2617 2640 2873 2709 redeunt,
2903 2644 2958 2695 et
2989 2640 3215 2697 militia:
3245 2644 3543 2715 cingulum
3577 2660 3658 2703 re-

2006 2731 2225 2798 petunt,
2248 2732 2304 2782 et
2334 2727 2756 2784 incontinentes
2771 2729 3027 2786 existunt
3047 2728 3154 2802 (33,
3187 2732 3251 2787 d.
3284 2730 3338 2804 2,
3370 2749 3420 2789 c.
3469 2737 3546 2790 De
3570 2736 3654 2792 his

2002 2816 2188 2889 vero):
2227 2817 2365 2887 quia
2399 2818 2513 2887 jam
2557 2819 2871 2887 paenitendi
2914 2834 3026 2876 non
3069 2820 3278 2879 habent
3315 2821 3602 2896 refugium
3636 2844 3652 2896 ;

2005 2906 2281 2977 decernit,
2325 2912 2388 2962 ut
2419 2907 2538 2963 sola
2581 2908 2732 2964 intra
2766 2909 3062 2966 ecclesiam
3096 2911 3364 2970 fidelibus
3395 2915 3656 2972 oratione

2002 2997 2340 3067 jungantur,
2373 3009 2405 3050 a
2448 2996 2768 3052 Dominicis
2806 3004 2992 3054 autem
3032 3014 3237 3057 mensa:
3268 3004 3530 3060 convivio
3561 3018 3658 3061 se-

241 3089 462 3149 habuit,
485 3086 828 3175 pontiﬁcalia
865 3100 974 3139 non
1004 3087 1183 3154 potest
1202 3083 1341 3151 jura
1372 3083 1608 3138 tribuere
1638 3101 1655 3149 ;
1681 3099 1776 3138 nec
1801 3084 1897 3138 hoc
1925 3079 1973 3143 C
2010 3090 2282 3156 parentur
2317 3101 2329 3137 :
2366 3085 2801 3140 transeuntibus
2828 3092 3016 3143 autem
3047 3089 3117 3144 de
3159 3089 3262 3146 hac
3297 3092 3415 3146 vita
3443 3092 3656 3148 viatico

241 3177 360 3232 sibi
388 3173 643 3246 poterant
671 3175 972 3237 vindicare,
1018 3173 1175 3242 cujus
1205 3187 1428 3243 capaces
1451 3188 1556 3243 per
1582 3173 1698 3236 hoc,
1752 3173 1900 3242 quod

241 3270 365 3324 illis
396 3267 695 3335 obstiterat,
729 3280 840 3320 non
876 3266 1125 3332 fuerunt.

321 3357 511 3414 Aliam
547 3357 755 3411 iterum
795 3353 1032 3424 scripsit
1068 3351 1369 3423 epistolam
1405 3352 1719 3422 praedictus
1750 3366 1895 3424 papa

247 3445 544 3518 episcopis
569 3458 668 3515 per
688 3443 866 3502 Italiae
896 3443 1222 3514 provincias
1246 3442 1583 3498 constitutis
1610 3441 1791 3513 (epist.
1819 3441 1896 3515 6),

252 3537 319 3593 in
341 3549 456 3608 qua
485 3535 911 3592 accusationem
946 3532 1190 3588 fratrum
1229 3545 1327 3600 per
1353 3531 1568 3602 scripta
1601 3531 1724 3589 ﬁeri
1763 3545 1902 3602 pro-

251 3625 439 3694 hibet,
472 3625 554 3680 ita
585 3623 734 3680 inter
770 3627 972 3678 caetera
999 3622 1201 3678 dicens
1227 3639 1240 3676 :
1264 3622 1430 3690 Leges
1459 3622 1643 3676 saeculi
1669 3635 1905 3676 accusa-

249 3722 398 3771 tores
422 3718 715 3785 przsentes
750 3715 996 3780 exigunt,
1023 3716 1073 3766 et
1101 3727 1211 3766 non
1234 3727 1338 3782 per
1373 3713 1580 3782 scripta
1609 3712 1856 3766 absentes
1883 3730 1899 3778 ;

251 3805 407 3858 unde
446 3805 706 3858 canonica
732 3803 960 3856 Patrum
987 3803 1280 3856 constituta
1310 3816 1420 3855 non
1452 3801 1634 3863 semel,
1673 3799 1768 3855 sed
1795 3815 1906 3854 sm—

242 3894 481 3966 pissime
514 3892 772 3954 clamant,
799 3906 895 3945 nec
928 3891 1318 3953 accusationes,
1357 3905 1452 3943 nec
1477 3890 1782 3943 testimonia
1808 3889 1906 3943 ul-

253 3986 373 4040 lum
397 3998 500 4052 per
536 3982 742 4050 scripta
771 3993 932 4050 posse
964 3981 1236 4048 proferre,
1269 3993 1364 4033 nec
1407 3979 1473 4032 de
1509 3977 1639 4032 aliis
1676 3979 1906 4047 negotiis

250 4075 574 4145 quicunque
611 4071 974 4126 testimonium
1017 4068 1222 4139 dicant,
1267 4069 1379 4124 nisi
1416 4067 1482 4122 de
1523 4067 1608 4122 his
1651 4083 1772 4137 quae
1805 4065 1905 4121 sub

240 4163 554 4234 prasentia
593 4175 776 4214 eorum
817 4162 941 4213 acta
983 4172 1094 4213 esse
1130 4161 1430 4212 noscuntur
1459 4155 1536 4227 (ὅ,
1570 4171 1624 4227 q.
1650 4153 1704 4226 2,
1732 4169 1782 4210 c.
1813 4157 1908 4210 Re-

250 4252 478 4316 latum).
523 4248 808 4311 Similiter,
845 4251 895 4302 et
935 4247 1034 4316 qui
1072 4260 1329 4300 accusare
1372 4245 1543 4299 alium
1584 4244 1802 4312 elegerit
1826 4241 1902 4316 (3,

251 4357 317 4412 q.
351 4337 406 4410 9,
446 4353 496 4394 c.
544 4336 649 4404 Qui
683 4337 983 4407 accusare),
1025 4349 1266 4404 praesens
1306 4350 1408 4404 per
1449 4350 1524 4396 se,
1572 4339 1623 4388 et
1660 4349 1768 4388 non
1803 4348 1908 4404 per

2009 3188 2242 3232 munere
2264 3173 2556 3230 subveniri
2581 3174 2762 3242 jubet.

2078 3264 2156 3318 De
2196 3260 2491 3317 monachis
2530 3274 2660 3316 vero
2695 3261 2779 3317 vel
2824 3263 3230 3335 monachabus,
3264 3265 3365 3336 qui
3403 3279 3462 3322 se
3493 3266 3658 3337 prius

2009 3350 2271 3408 clanculo
2295 3350 2504 3406 illicita
2525 3351 2862 3423 contagione
2899 3351 3248 3425 polluerunt,
3273 3360 3330 3410 et
3368 3360 3561 3425 postea
3598 3356 3656 3412 in

2010 3440 2315 3511 abruptum
2344 3440 2711 3496 conscientiae
2731 3441 3128 3511 desperatione
3155 3443 3415 3512 perducti
3437 3444 3506 3500 de
3530 3441 3660 3500 illi-

2010 3531 2147 3588 citis
2180 3529 2573 3599 complexibus
2596 3528 2776 3585 libere
2802 3529 2954 3586 ﬁlios
2986 3531 3361 3603 procrearint,
3385 3546 3417 3588 a
3456 3545 3661 3588 mona-

2013 3621 2319 3677 steriorum
2359 3623 2509 3676 coetu
2549 3624 2604 3675 et
2641 3618 3013 3675 ecclesiarum
3054 3621 3432 3677 conventibus
3461 3621 3662 3677 elimi-

2015 3708 2231 3765 nandos
2257 3721 2377 3764 esse
2412 3707 2720 3777 mandavit,
2755 3712 2817 3764 ut
2845 3707 2903 3762 in
2933 3707 3058 3764 suis
3079 3721 3242 3780 ergas
3272 3707 3415 3766 tulis
3450 3709 3660 3766 retrusi

2015 3798 2348 3870 purgator-io
2379 3793 2819 3870 lpuriilcatorio]
2863 3797 3086 3866 possint
3117 3799 3502 3868 paenitudinis
3534 3800 3664 3871 igne

2013 3886 2277 3957 decoqui.
2300 3891 2364 3941 ut
2383 3886 2468 3941 eis
2480 3885 2679 3941 saltem
2701 3887 2770 3942 ad
2791 3891 3028 3942 mortem
3050 3886 3236 3943 solius
3253 3886 3664 3944 misericordiae

2015 3975 2238 4030 intuitu
2262 3986 2360 4042 per
2379 3973 2806 4031 communionis
2827 3975 3069 4047 gratiam
3099 3975 3281 4046 possit
3303 3975 3665 4048 indulgentia

2015 4062 2332 4119 subveniri.

2089 4156 2164 4209 De
2203 4151 2598 4208 sacerdotibus
2653 4166 2785 4208 vero
2832 4156 3005 4224 atque
3052 4153 3245 4210 levitis
3282 4151 3390 4226 (82,
3431 4153 3566 4212 dist.
3613 4169 3664 4215 c.

2014 4241 2324 4314 Plurimos),
2362 4241 2464 4312 qui
2503 4245 2631 4310 post
2665 4239 2832 4311 longa
2871 4243 3323 4299 consecrationis
3362 4258 3479 4299 suae
3516 4249 3670 4298 tem-

2021 4348 2174 4406 pora,
2200 4336 2312 4388 tam
2333 4331 2404 4387 de
2424 4327 2678 4401 propriis
2697 4329 3006 4401 conjugiis,
3031 4344 3200 4400 quam
3229 4331 3299 4386 de
3322 4331 3476 4400 turpi
3508 4332 3666 4386 coitu

248 4431 437 4485 alium
469 4431 701 4490 accuset,
732 4427 1083 4496 inscriptione
1111 4425 1360 4479 uidelicet
1381 4425 1708 4496 praemissa:
1735 4437 1906 4493 neque
1933 4427 1987 4490 υ
2016 4422 2264 4481 sobolem
2309 4419 2681 4492 procrearint,
2735 4423 2791 4476 et
2830 4417 3046 4474 crimen
3100 4432 3269 4474 suum
3330 4417 3665 4490 defendunt,

249 4521 412 4575 ullus
440 4512 686 4588 unquam
717 4517 1022 4585 judicetur,
1063 4518 1356 4584 antequam
1387 4515 1650 4582 legitimos
1681 4528 1906 4568 accusa-

249 4617 403 4666 tores
431 4611 726 4678 przsentes
754 4606 974 4668 habeat,
1007 4605 1285 4674 locumque
1313 4603 1648 4672 defendendi
1673 4605 1911 4675 accipiat

247 4699 339 4754 ad
374 4697 652 4752 abluenda
689 4697 938 4751 crimina.

331 4788 439 4844 Hic
467 4786 806 4844 sententiam
845 4783 1174 4854 Hieronymi
1216 4781 1528 4854 presbyteri
1562 4783 1633 4838 de
1669 4783 1914 4839 celebra-

246 4877 422 4936 tione
450 4876 640 4932 misse
669 4873 1048 4934 confirmavit.
1081 4871 1366 4943 videlicet,
1402 4875 1466 4926 ut
1489 4871 1586 4928 die
1609 4872 1910 4928 Dominico

245 4965 465 5025 nullus
495 4969 624 5034 post
655 4964 882 5020 tertiam
919 4962 1115 5018 horam
1141 4960 1260 5016 diei
1292 4961 1597 5017 missarum
1628 4960 1909 5018 solemnia

242 5054 550 5113 celebrare
595 5054 920 5122 praesumat.
964 5049 1068 5106 Hic
1117 5049 1404 5120 praeepit,
1457 5054 1520 5106 ut
1564 5050 1767 5120 psalmi
1815 5050 1910 5107 die

245 5149 553 5215 noctuque
593 5143 651 5198 in
690 5141 930 5198 ecclesia
968 5143 1330 5196 canerentur.

777 5233 892 5288 XL.
913 5261 988 5272 —
1005 5231 1060 5286 S.
1093 5229 1395 5286 SLRICIUS.

776 5320 805 5391 (
809 5322 973 5376 Anno
1009 5319 1212 5376 Christi
1239 5317 1365 5375 385.
1372 5319 1398 5388 )

330 5411 605 5476 Siricius,
624 5411 858 5469 natione
875 5411 1182 5480 Romanus,
1201 5423 1269 5465 ex
1288 5413 1444 5479 patre
1458 5407 1743 5478 Tibur-tio,
1763 5409 1914 5466 sedit

246 5516 448 5560 annos
499 5500 853 5572 quindecim,
910 5511 1133 5556 menses
1186 5498 1478 5571 undecim,
1526 5497 1653 5554 dies
1700 5498 1910 5571 viginti

250 5591 548 5664 quinque.
597 5590 704 5647 Hic
749 5589 1043 5648 ordinavit
1091 5588 1394 5661 episcopos
1450 5586 1694 5662 triginta
1740 5588 1910 5662 duos,

2018 4514 2156 4586 quia
2206 4513 2265 4568 in
2315 4509 2502 4568 Veteri
2540 4511 2897 4565 Testamento
2939 4506 3334 4563 sacerdotibus
3382 4507 3670 4564 ministris

2023 4601 2357 4674 procreandi
2409 4599 2653 4655 facultas
2693 4598 2907 4670 legitur
2947 4596 3245 4666 attributa,
3283 4596 3419 4668 quia
3459 4609 3570 4652 non
3602 4609 3669 4652 ex

2020 4693 2135 4751 alia
2170 4691 2392 4761 utique,
2426 4688 2540 4744 nisi
2579 4702 2747 4759 quam
2779 4701 2848 4743 ex
2891 4685 3050 4742 tribu
3085 4685 3213 4741 Levi
3249 4686 3554 4757 quisquam
3599 4685 3669 4743 ad

2021 4783 2119 4838 Dei
2151 4778 2536 4836 ministerium
2570 4775 2756 4832 fuerat
2787 4779 3103 4846 praeceptus
3132 4764 3363 4831 admitti
3390 4794 3404 4844 ;
3444 4775 3673 4831 mandat

2025 4878 2086 4929 ut
2110 4871 2220 4940 his,
2259 4869 2359 4940 qui
2398 4866 2723 4939 ignorantia
2754 4865 2944 4934 lapsos
2969 4879 3030 4921 se
3061 4866 3291 4936 deflent,
3326 4865 3431 4920 hac
3464 4864 3674 4921 condi-

2022 4963 2177 5018 tione
2218 4955 2614 5013 misericordia
2664 4967 2777 5009 non
2819 4959 3076 5025 negetur,
3131 4958 3193 5009 ut
3232 4955 3358 5009 sine
3402 4954 3523 5010 ullo
3565 4955 3676 5011 ho-

2023 5050 2183 5106 noris
2220 5051 2545 5118 augmento,
2590 5044 2648 5098 in
2689 5042 2794 5098 hoc
2834 5055 2949 5112 quo
2979 5043 3186 5098 detecti
3225 5048 3379 5114 sunt,
3414 5042 3672 5115 quandiu

2021 5139 2292 5206 vixerint,
2343 5132 2528 5192 ofﬁcio
2577 5136 2985 5204 perseverent;
3029 5132 3079 5187 si
3133 5136 3321 5188 tamen
3382 5136 3508 5204 post
3557 5131 3672 5185 haec

2022 5231 2382 5289 continentes
2403 5237 2525 5280 sese
2545 5222 2874 5278 studuerint
2904 5221 3194 5278 exhibere.
3235 5222 3368 5279 Illos
3395 5233 3544 5289 vero,
3570 5216 3670 5287 qui

2022 5335 2081 5378 se
2105 5319 2313 5375 illicita
2341 5313 2632 5386 privilegii
2659 5312 3029 5368 excusatione
3057 5311 3356 5368 defendere
3380 5309 3668 5376 nituntur,

2021 5409 2175 5468 omni
2201 5404 2591 5463 ecclesiastico
2617 5402 2830 5459 honore
2849 5401 3162 5472 apostolica
3194 5397 3534 5454 auctoritate
3572 5404 3672 5463 spe

2023 5499 2232 5556 futurae
2260 5493 2588 5565 adeptionis
2619 5492 2913 5564 prohibita
2943 5490 3174 5560 penitus
3200 5485 3402 5556 privat.
3438 5485 3507 5541 Et
3534 5483 3672 5554 quia

2023 5588 2263 5646 licenter
2285 5597 2350 5641 ac
2376 5583 2557 5640 libere
2587 5581 2957 5652 inexplorata:
2977 5577 3110 5632 vitae
3149 5571 3434 5646 homines,
3457 5571 3677 5646 quibus
