4046 6182
396 252 527 313 H91

1182 243 1475 302 APPEND.
1515 240 1610 299 an
1646 237 1810 297 πο.
1877 238 1953 296 1x
1990 267 2060 279 —
2095 201 2452 297 Aucronns
2505 239 2673 297 ANNI
2723 240 3016 299 INCERTI.

3671 245 3817 304 4492

393 368 567 426 etiam
589 365 818 424 fuerant
833 376 1135 422 numerosa
1164 360 1452 433 conjugia,
1477 359 1546 416 ad
1575 352 2048 428 prafatasdigni-
2069 351 2129 413 A
2154 352 2349 410 dianis
2391 355 2834 414 necessitatibus
2875 358 3250 427 occupantur,
3289 359 3346 412 et
3388 356 3490 428 qui
3532 356 3596 412 in
3642 369 3815 413 carne

396 460 562 526 tates,
587 461 755 526 prout
775 454 986 526 cuique
1006 451 1192 510 fuerat
1219 450 1473 517 libitum,
1507 444 1878 518 aspirabant;
1903 441 2041 512 quid

394 548 464 604 de
494 547 825 616 hujusmodi
856 544 928 601 ab
949 542 1237 600 universis
1269 538 1533 597 ecclesiis
1554 537 1632 593 sit
1666 531 2042 606 sequendum,

397 637 537 709 quid
576 635 895 704 vitandum,
945 631 1196 704 generali
1235 626 1706 700 pronuntiatione
1751 622 2040 679 decrevit:

399 728 480 783 ita
509 725 796 795 videlicet,
831 723 1017 794 utqui
1047 735 1078 778 a
1110 719 1360 791 pueritia
1387 730 1569 788 usque
1592 715 1662 771 ad
1687 712 2045 769 tricesimum

396 815 584 872 atatis
612 828 730 870 sua
759 825 972 869 annum
1008 809 1385 882 probabiliter
1416 806 1647 875 vixerit,
1681 815 1794 860 una
1823 806 2047 857 tantum

398 919 576 962 uxore
609 907 934 969 contentus,
979 905 1035 956 et
1067 913 1131 956 ea
1173 897 1416 969 virgine,
1466 900 1523 951 et
1559 907 1688 951 cum
1730 891 1832 947 illa
1871 889 2051 945 bene-

396 995 552 1051 dicta
589 1007 622 1050 a
670 991 982 1061 sacerdote,
1040 987 1356 1060 promoveri
1405 999 1502 1056 per
1540 982 1804 1056 singulos
1837 979 2050 1052 gradus

401 1098 556 1140 mora
587 1081 858 1153 praﬁniti
882 1078 1159 1150 temporis
1191 1076 1422 1148 poterit,
1455 1074 1587 1130 siin
1617 1070 1871 1144 singulis
1898 1070 2052 1125 irre-

402 1171 872 1242 prehensibiliter
897 1167 1046 1223 vixit
1074 1185 1087 1221 :
1123 1165 1288 1221 illum
1311 1177 1443 1220 vero
1473 1162 1746 1218 clericum
1770 1157 1924 1230 (dist.
1954 1154 2045 1227 84,

399 1277 448 1318 c.
492 1257 793 1328 Quisquis),
838 1257 937 1327 qui
989 1261 1090 1311 aut
1125 1253 1355 1309 viduam
1410 1256 1512 1308 aut
1545 1255 1698 1306 certe
1742 1247 2048 1304 secundam

399 1349 698 1420 conjugem
750 1345 1005 1415 duxerit,
1071 1343 1227 1400 omni
1285 1340 1691 1398 ecclesiastica
1742 1335 2052 1409 dignitatis

402 1438 707 1512 privilegio
758 1450 887 1493 mox
927 1434 1260 1491 nudandam
1300 1445 1424 1488 esse
1462 1429 1709 1497 censuit,
1749 1427 1895 1484 laica
1935 1426 2050 1482 sibi

405 1533 624 1586 tantum
669 1523 1073 1581 communione
1126 1533 1391 1577 concessa
1429 1537 1444 1589 ;
1490 1530 1659 1589 quam
1701 1516 1782 1571 ita
1823 1515 2051 1570 demum

402 1616 612 1690 poterit
639 1613 953 1686 possidere,
986 1611 1036 1667 si
1061 1610 1210 1666 nihil
1240 1613 1506 1679 praterea
1535 1601 1799 1680 [postea],
1823 1609 2055 1675 propter

402 1706 552 1778 quod
586 1705 733 1760 hanc
776 1702 992 1772 perdat,
1032 1699 1341 1772 possideat.
1369 1697 1630 1754 Feminas
1659 1708 1791 1750 vero
1823 1693 1896 1749 ab
1925 1706 2054 1748 om—

401 1796 575 1852 nibus
604 1791 835 1849 clericis
864 1789 1113 1846 exclusit
1140 1786 1296 1859 (dist.
1323 1783 1415 1858 84,
1447 1799 1494 1841 c.
1525 1783 1796 1853 Feminas)
1820 1782 1935 1838 nisi
1958 1794 2054 1838 eas

402 1888 650 1953 tantum,
690 1894 834 1952 quas
870 1884 1100 1950 propter
1129 1877 1282 1933 solas
1313 1874 1806 1932 necessitudinum
1850 1883 2055 1927 causas

403 1972 665 2028 habitare
685 1984 815 2026 cum
846 1967 1050 2024 iisdem
1073 1967 1326 2038 synodus
1346 1965 1575 2020 Nicana
1605 1961 1894 2033 permisit.
1931 1962 2058 2016 Mo-

402 2061 615 2118 nachos
650 2065 840 2115 autem
877 2055 984 2128 (46,
1016 2057 1075 2112 d.
1120 2054 1170 2126 l,
1202 2070 1251 2111 c.
1294 2053 1628 2123 Monachus),
1657 2065 1804 2123 quos
1834 2062 2055 2106 morum

402 2151 654 2223 gravitas
683 2153 740 2205 et
768 2149 898 2204 vita
938 2160 1003 2202 ac
1033 2145 1164 2202 ﬁdei
1207 2143 1503 2201 institutio
1538 2147 1732 2198 sancta
1764 2151 2058 2196 commen-

400 2241 517 2311 dat,
560 2238 902 2294 clericorum
939 2235 1145 2292 oﬁlciis
1165 2235 1461 2307 aggregarl
1509 2231 1813 2302 concessit,
1848 2235 2058 2300 tempo-

405 2328 571 2384 ribus
601 2326 872 2398 praﬁxis,
905 2325 990 2380 vel
1023 2323 1276 2395 singulis
1305 2321 1584 2395 gradibus
1613 2319 1874 2377 servatis.

475 2417 623 2474 Illud
682 2429 910 2487 quoque
961 2414 1214 2471 decrevit
1256 2411 1414 2483 (dist.
1472 2408 1560 2481 50,
1617 2425 1666 2466 c.
1725 2408 1918 2480 Illud),
1972 2411 2055 2472 ut,

404 2507 558 2564 sicut
594 2505 989 2576 panitentiam
1037 2515 1203 2574 agere
1239 2501 1511 2572 cuiquam
1560 2498 1902 2556 clericorum
1947 2511 2056 2554 non

405 2595 562 2665 licet,
596 2593 676 2649 ita
707 2600 763 2649 et
805 2597 933 2663 post
971 2591 1387 2662 panitudinem
1424 2603 1490 2645 ac
1531 2586 2057 2644 reconciliationem

405 2683 555 2741 nulli
588 2696 840 2754 unquam
886 2681 1058 2738 liceat
1097 2681 1368 2736 honorem
1412 2677 1720 2734 clericatus
1761 2675 2055 2746 adipisci:

405 2773 564 2845 quia,
599 2771 862 2844 quamvis
891 2770 1011 2826 sint
1039 2769 1297 2825 omnium
1332 2772 1692 2838 peccatorum
1719 2765 2060 2837 contagione

404 2861 688 2931 mundati,
736 2859 897 2916 nulla
947 2864 1132 2914 tamen
1185 2857 1392 2912 debent
1439 2855 1815 2928 gerendorum
1863 2867 2063 2910 sacra-

405 2955 731 3008 mentorum
764 2948 1148 3005 instrumenta
1180 2945 1495 3016 suscipere,
1537 2945 1637 3015 qui
1672 2943 1900 3000 fuerant
1927 2956 2060 2999 vasa

2159 448 2314 515 sunt,
2344 445 2454 500 Deo
2486 445 2706 515 placere
2738 459 2847 502 non
2888 449 3149 516 possunt.

2226 534 2376 589 Idem
2409 541 2616 591 sancta
2647 535 2931 591 memoria
2971 535 3285 606 pradictus
3315 547 3456 606 papa
3486 535 3668 591 aliam
3708 535 3817 591 de-

2155 623 2420 680 cretalem
2473 625 2773 696 epistolam
2833 625 3072 696 scripsit
3118 625 3456 681 orthodoxis
3503 627 3684 695 (epist.
3743 623 3811 697 4),

2158 726 2258 782 per
2297 713 2556 770 diversas
2592 714 2919 785 provincias
2957 713 3300 786 degentibus
3331 732 3343 768 :
3387 715 3446 770 in
3495 728 3630 785 qua,
3675 715 3815 785 quia

2160 802 2339 859 multa
2370 811 2566 860 contra
2589 804 3044 861 ecclesiasticum
3075 817 3346 860 canonem
3380 804 3816 874 praesumeban-

2159 897 2273 961 tur,
2313 894 2581 965 pracepit
2612 900 2667 950 et
2704 893 2947 964 monuit,
2987 898 3051 950 ut
3082 893 3378 964 indignus,
3417 897 3476 948 et
3515 906 3631 949 non
3665 893 3816 949 dili-

2159 987 2356 1053 genter
2395 984 2776 1055 examinatus,
2819 995 2933 1039 non
2978 981 3262 1039 eﬁlciatur
3298 983 3628 1053 episcopus,
3661 989 3719 1038 et
3749 996 3818 1038 ne

2159 1072 2542 1129 sacerdotium
2567 1073 2738 1129 detur
2768 1071 2910 1142 illis,
2941 1085 3184 1143 quorum
3218 1071 3376 1142 ﬁdes,
3406 1071 3736 1142 baptismus
3762 1078 3818 1128 et

2158 1160 2276 1215 vita
2317 1161 2610 1218 nescitur:
2640 1167 2696 1218 et
2731 1175 2800 1218 nc
2847 1161 3141 1232 neophyti,
3182 1161 3302 1217 sive
3341 1160 3502 1230 laici,
3549 1161 3818 1216 inconsi-

2160 1249 2354 1306 derate
2382 1251 2610 1308 diaconi
2643 1257 2744 1308 aut
2772 1250 3084 1322 presbyteri
3107 1251 3470 1313 ordinentur,
3503 1264 3637 1305 cum
3661 1250 3819 1306 dicat

2160 1338 2468 1410 Apostolus
2494 1358 2506 1395 :
2536 1341 2734 1396 Manus
2769 1342 2972 1396 nemini
2998 1343 3101 1395 cito
3137 1342 3455 1410 imposueris
3495 1339 3548 1409 (Ι
3571 1341 3714 1394 Tim.
3739 1341 3814 1409 ν).

2233 1431 2369 1486 Item
2408 1431 2858 1500 pranominatus
2895 1443 3036 1501 papa
3066 1430 3239 1486 aliam
3274 1429 3497 1486 Italicis
3523 1430 3821 1500 episcOpis

2163 1519 2399 1589 scripsit
2438 1520 2740 1590 epistolam
2766 1520 2953 1590 (epist.
2986 1517 3071 1591 2),
3109 1520 3167 1576 in
3203 1533 3317 1590 qua
3341 1532 3402 1575 se
3428 1519 3517 1575 eis
3550 1519 3822 1574 Jovinla—

2165 1620 2300 1664 num
2345 1609 2658 1678 Epicurum
2690 1610 2993 1680 sociosque
3029 1610 3156 1680 ejus
3183 1608 3486 1664 damnasse
3532 1607 3818 1679 notiﬁcat,

2164 1698 2264 1766 qui
2311 1697 2668 1770 virginitatis
2709 1699 3004 1770 pramium
3044 1697 3470 1766 annihilabant,
3507 1703 3566 1754 et
3591 1696 3819 1767 jejuni:

2163 1787 2635 1845 condemnabant.

2591 1878 2732 1934 XLI.
2759 1908 2834 1920 —
2858 1878 2913 1934 S.
2946 1877 3382 1934 ANASTASIUS.

2670 1963 2877 2038 (Anno
2907 1967 3110 2023 Christi
3137 1965 3259 2024 398.
3291 1965 3308 2039 )

2234 2057 2595 2128 Anastasius,
2640 2058 2870 2114 natione
2911 2058 3219 2129 Romanus,
3245 2071 3315 2112 ex
3352 2061 3514 2127 patre
3546 2056 3819 2126 Maximo,

2165 2147 2326 2204 sedit
2345 2161 2525 2204 annos
2550 2152 2685 2218 tres,
2713 2147 2842 2203 dies
2869 2147 3082 2203 decem.
3118 2147 3220 2202 Hic
3258 2145 3556 2203 ordinavit
3584 2145 3825 2215 episco-

2168 2249 2269 2306 pos
2314 2236 2599 2306 undecim,
2645 2234 3005 2308 presbyteros
3050 2249 3268 2304 novem,
3311 2233 3594 2290 diaconos
3638 2233 3825 2304 quin-

2169 2339 2296 2398 que.
2322 2326 2425 2381 Hic
2445 2326 2763 2382 Germania
2787 2331 2844 2382 et
2868 2325 3214 2397 Burgundia
3245 2323 3502 2396 regionis
3530 2323 3823 2394 episcOpis

2167 2415 2469 2486 epistolam
2501 2416 2758 2487 scripsit,
2799 2415 2858 2470 in
2889 2428 3002 2485 qua
3031 2428 3229 2470 eorum
3268 2413 3558 2470 consultis
3602 2413 3826 2468 ratione

2168 2512 2320 2562 certa
2376 2506 2676 2576 respondet
2719 2523 2733 2574 ;
2775 2502 3046 2558 videlicet
3097 2502 3414 2573 apostolica
3472 2501 3827 2558 auctoritate

2169 2594 2402 2650 mandat
2429 2599 2484 2650 et
2514 2593 2779 2664 prohibet
2804 2592 2889 2663 (de
2927 2593 3084 2649 Cons.
3123 2593 3260 2649 dist.
3293 2590 3348 2662 2,
3381 2606 3430 2648 c.
3463 2590 3824 2662 Apostolica),

2171 2695 2259 2752 ne,
2301 2696 2432 2738 cum
2484 2683 2544 2738 in
2592 2682 2832 2738 ecclesia
2881 2686 3076 2738 sancta
3122 2681 3426 2753 Evangelia
3479 2681 3823 2750 recitantur,

2169 2773 2492 2828 sacerdotes
2527 2776 2585 2828 et
2621 2771 2810 2828 cateri
2852 2773 3046 2829 sedere
3091 2777 3437 2842 praesumant
3463 2789 3480 2840 ;
3510 2772 3610 2826 sed
3654 2784 3830 2827 vene-

2171 2860 2435 2917 rabiliter
2463 2861 2625 2918 curvi
2664 2861 2964 2918 Dominica
3005 2859 3174 2917 verba
3214 2859 3434 2916 intente
3473 2859 3746 2931 audiant,
3774 2866 3829 2915 et

2171 2951 2418 3007 ﬁdeliter
2445 2950 2699 3008 adorent.
2735 2951 3018 3008 Similiter
3058 2949 3323 3021 prohibet
3364 2950 3824 3006 transmarinum

405 3040 702 3096 vitiorum.
735 3038 839 3094 Sed
875 3037 1012 3108 quia
1045 3037 1104 3092 in
1139 3034 1472 3105 hujusmodi
1505 3032 1660 3104 (dist.
1703 3031 1792 3105 50,
1836 3047 1886 3089 c.
1921 3033 2056 3098 Qui-

2173 3040 2460 3098 hominem
2492 3041 2560 3098 ad
2607 3042 2877 3098 honorem
2919 3041 3226 3097 clericatus
3257 3040 3491 3096 admitti
3520 3039 3703 3110 (dist.
3737 3037 3824 3111 98,

405 3127 658 3200 cunque),
729 3140 860 3182 cum
931 3124 1448 3196 reprehenduntur,
1531 3123 1653 3179 sola
1722 3121 2062 3194 ignorantia

404 3217 702 3274 excusatio
741 3215 886 3272 solet
923 3213 1176 3283 obtendi,
1227 3213 1331 3269 hac
1370 3212 1701 3268 conditione
1743 3207 2063 3282 panitendi

403 3305 645 3363 cuilibet
673 3305 921 3376 digamo,
955 3308 1012 3358 et
1048 3303 1240 3359 vidua
1280 3301 1486 3358 marito
1534 3299 1784 3357 indebite
1815 3299 1884 3355 ad
1927 3314 2066 3372 gra—

403 3397 540 3454 dum
593 3393 909 3468 quemlibet
955 3398 1213 3464 promoto
1255 3391 1476 3446 veniam
1527 3389 1763 3457 relaxat,
1805 3396 1862 3446 et
1905 3390 2061 3446 omni

403 3501 502 3558 spe
534 3483 916 3556 promotionis
944 3483 1052 3538 ﬁlii
1084 3483 1365 3552 adempta,
1397 3480 1457 3536 in
1489 3493 1604 3552 quo
1636 3479 1932 3537 invenitur
1961 3493 2066 3537 or-

401 3577 560 3645 dine,
589 3579 860 3646 perpetua
886 3571 1204 3628 stabilitate
1235 3574 1578 3641 permaneat.

475 3665 793 3721 Pradictus
820 3676 963 3733 papa
991 3666 1221 3732 propter
1243 3659 1453 3716 multas
1479 3659 1916 3730 prasumptivas
1935 3671 2066 3716 cau-

405 3769 519 3824 sas,
561 3768 688 3824 qua
733 3754 858 3809 suis
901 3749 1258 3821 temporibus
1309 3754 1676 3820 emerserant,
1721 3749 2062 3806 decretalem

404 3843 706 3912 epistolam
753 3839 1046 3895 Africanis
1086 3837 1374 3908 episcOpis
1411 3837 1724 3893 destinavit
1767 3836 1943 3908 (epist.
1989 3836 2060 3910 4),

407 3931 467 3987 in
503 3943 615 4001 qua
647 3927 936 4000 pracepit,
972 3932 1037 3983 ut
1067 3940 1228 3983 nemo
1256 3931 1416 3983 extra
1453 3926 1866 3983 conscientiam
1907 3926 2064 3984 sedis

407 4017 762 4090 apostolica,
790 4016 898 4072 hoc
928 4020 1033 4086 est,
1071 4015 1354 4086 primatis,
1386 4016 1594 4073 audeat
1618 4015 1950 4088 episcopum
1979 4031 2070 4074 or.

405 4108 638 4177 dinare;
661 4107 800 4179 quia
824 4106 1109 4178 integrum
1131 4105 1415 4162 dicitesse
1431 4106 1744 4178 judicium,
1769 4106 1918 4177 quod
1943 4107 2067 4176 plu-

409 4197 688 4254 rimorum
720 4196 1004 4252 sententia
1034 4199 1421 4266 consequatur
1449 4192 1603 4266 (dist.
1638 4192 1727 4267 64,
1761 4209 1808 4251 c.
1839 4197 2062 4267 Extra).

406 4289 545 4343 Item
579 4300 646 4343 ne
679 4300 831 4344 unus
859 4286 1165 4357 episcopus
1195 4284 1526 4356 episcopum
1554 4286 1825 4342 ordinare
1853 4301 2064 4356 prasu-

2171 3145 2220 3187 c.
2255 3133 2631 3186 Trasmarinos
2651 3131 2686 3204 ),
2717 3130 2832 3188 nisi
2873 3131 3132 3203 quinque
3161 3137 3263 3186 aut
3294 3143 3361 3187 eo
3401 3130 3667 3201 amplius
3698 3131 3830 3202 epi-

2173 3234 2473 3291 scoporum
2509 3221 2912 3292 chirographis
2939 3221 3302 3292 designatum
3335 3239 3348 3275 :
3381 3220 3484 3292 qui
3519 3221 3706 3277 multa
3733 3235 3828 3292 per

2173 3312 2601 3382 subreptionem
2639 3312 2866 3368 evenire
2909 3311 3114 3383 solent,
3159 3312 3285 3368 ideo
3319 3316 3376 3368 et
3407 3312 3531 3368 hac
3560 3326 3827 3369 summo-

2175 3414 2305 3471 pere
2327 3402 2575 3458 cavenda
2602 3406 2757 3459 sunt.
2781 3403 2916 3458 Item
2951 3401 3311 3471 Manichaos,
3337 3401 3436 3471 qui
3474 3405 3620 3458 tunc
3645 3404 3823 3471 erant,

2174 3504 2286 3547 non
2313 3491 2696 3563 recipiendos,
2725 3504 2827 3547 nec
2853 3504 2982 3548 cum
3017 3491 3105 3546 eis
3135 3489 3427 3546 ullatenus
3457 3491 3830 3561 participan-

2171 3579 2308 3636 dum
2338 3593 2462 3636 esse
2492 3581 2742 3651 mandat,
2777 3580 3114 3652 priusquam
3144 3579 3214 3635 ad
3248 3585 3458 3635 rectam
3493 3587 3830 3637 convertan-

2174 3674 2269 3726 tur
2307 3669 2491 3727 ﬁdem.
2534 3672 2639 3727 Hic
2681 3669 2830 3726 obiit
2865 3683 2898 3723 v
2939 3669 3177 3726 Kalendi
3218 3670 3375 3725 Maii.

2561 3759 2728 3816 XLII.
2761 3789 2835 3800 —
2860 3759 2916 3814 S.
2952 3758 3424 3815 INNOCENTIUS.

2679 3847 2697 3918 (
2717 3849 2880 3902 Anno
2911 3847 3115 3903 Christi
3142 3845 3262 3903 402.
3289 3847 3308 3920 )

2245 3937 2628 4003 Innocentius,
2676 3937 2907 3992 natione
2949 3936 3224 4007 Albanus,
3256 3950 3324 3992 ex
3357 3941 3520 4007 patre
3558 3938 3830 3993 Innocen-

2174 4027 2275 4098 tio,
2317 4027 2468 4084 sedit
2499 4040 2680 4084 annos
2720 4027 3074 4098 quindecim,
3124 4041 3342 4084 menses
3379 4027 3552 4096 duos,
3591 4029 3724 4084 dies
3756 4029 3831 4084 vi-

2173 4115 2320 4186 ginti
2365 4121 2421 4172 et
2455 4130 2650 4173 unum.
2699 4117 2802 4171 Hic
2839 4115 3180 4172 decretalem
3219 4115 3523 4187 epistolam
3554 4117 3828 4172 Decentio

2172 4205 2477 4277 Eugubino
2500 4207 2768 4277 episcopo
2794 4207 3033 4276 scripsit
3055 4206 3229 4276 (epist.
3264 4203 3329 4278 l),
3362 4206 3421 4260 in
3448 4218 3565 4276 qua
3596 4219 3732 4262 eum
3764 4206 3828 4260 de

2171 4296 2370 4353 multis
2391 4296 2781 4353 consulentem
2805 4295 3088 4352 catholice
3110 4295 3370 4364 instruit,
3393 4294 3472 4350 ita
3499 4295 3824 4366 incipiens:

408 4381 525 4432 mat
556 4381 788 4448 propter
831 4375 1240 4466 arrogantiam,
1288 4388 1357 4466 n9
1400 4373 1677 4466 ξιξΐῑίνυπι
1718 4373 2057 4466 δθηξεῧιξίιιηι
2086 4403 2142 4466 D
2169 4386 2230 4442 Si
2275 4389 2531 4442 instituta
2579 4387 2960 4449 ecclesiastica,
3010 4387 3090 4440 ita
3149 4391 3212 4441 ut
3255 4401 3292 4439 a
3341 4385 3513 4440 beatis
3563 4386 3827 4456 apostolis

409 4466 730 4536 prastitum
754 4465 1038 4534 videatur,
1074 4463 1211 4534 quia
1242 4467 1298 4518 et
1330 4463 1388 4518 in
1419 4463 1648 4518 Nicana
1673 4463 1890 4533 synodo
1915 4461 2057 4535 (can.

405 4550 457 4627 4)
501 4554 607 4611 hoc
640 4555 941 4611 deﬁnitum
987 4566 1110 4609 esse
1167 4555 1409 4607 constat.
1458 4552 1614 4623 Item,
1656 4552 1705 4606 si
1753 4553 1888 4623 quis
1933 4557 2060 4623 post

407 4643 804 4703 remissionem
821 4646 1179 4713 peccatorum
1203 4639 1500 4710 cingulum
1526 4640 2060 4699 militiasacularis

408 4730 695 4801 habuerit,
733 4731 802 4786 ad
843 4731 1059 4785 clerum
1099 4727 1328 4784 admitti
1372 4743 1482 4786 non
1522 4729 1708 4787 debet.
1753 4731 2056 4803 Similiter,

407 4823 473 4876 ut
514 4818 763 4875 clericus
811 4817 1106 4874 mulierem
1151 4817 1381 4874 viduam
1430 4832 1542 4876 non
1583 4820 1758 4877 ducat
1801 4835 2055 4893 uxorem,

407 4908 694 4980 pracepit.
743 4909 974 4977 Iterum,
1025 4915 1086 4965 ut
1132 4908 1337 4978 laicus,
1390 4910 1490 4980 qui
1530 4909 1764 4966 duxerit
1801 4911 2054 4985 viduam,

407 5011 520 5055 non
551 4997 891 5055 admittatur
927 4998 997 5054 ad
1037 4999 1272 5055 clerum.
1316 5001 1473 5070 Item,
1519 5005 1583 5055 ut
1627 5000 1699 5056 de
1741 5000 1930 5057 aliena
1959 5016 2061 5059 ec-

405 5088 582 5146 clesia
608 5087 876 5144 ordinare
906 5088 1180 5145 clericum
1213 5087 1411 5145 nullus
1443 5095 1699 5161 usurpet,
1732 5091 1818 5146 vel
1849 5093 1920 5147 ab
1958 5107 2060 5149 ec-

405 5179 584 5237 clesia
607 5175 892 5246 abjectum
923 5179 1224 5249 suscipiat,
1257 5182 1314 5234 et
1343 5179 1634 5236 venientes
1662 5194 1696 5236 a
1723 5183 2059 5240 Novatianis

407 5274 463 5326 et
494 5264 892 5325 Montensibus
923 5279 1020 5337 per
1049 5280 1252 5322 manus
1284 5268 1708 5338 impositionem
1740 5271 2060 5342 suscipian-

407 5365 521 5431 tur,
564 5372 631 5415 eo
675 5355 826 5428 quod
869 5354 1204 5425 rebaptizati
1250 5355 1388 5412 sint.
1436 5359 1730 5431 Praterea,
1766 5359 1824 5415 in
1863 5361 2057 5419 eadem

410 5447 636 5504 monuit
658 5450 716 5501 et
752 5443 959 5515 suasit,
1008 5456 1076 5499 ne
1105 5443 1428 5500 sacerdotes
1455 5451 1512 5500 et
1537 5444 1722 5502 levita
1747 5461 1876 5505 cum
1907 5441 2060 5508 uxo—

410 5535 575 5594 ribus
603 5535 729 5594 suis
755 5537 975 5606 coeant,
1010 5532 1147 5606 quia
1174 5532 1233 5590 in
1267 5531 1592 5592 ministerio
1618 5537 1874 5596 ministri
1906 5556 2060 5615 quo-

2167 4481 2295 4531 sunt
2324 4477 2553 4539 tradita,
2596 4477 2812 4543 integra
2834 4477 3032 4530 uellent
3059 4490 3276 4530 servare
3315 4477 3538 4530 Domini
3562 4476 3823 4531 sacerdo-

2167 4570 2243 4621 tes
2267 4584 2284 4631 ;
2306 4566 2462 4620 nulla
2491 4565 2801 4629 diversitas,
2833 4565 2990 4619 nulla
3017 4567 3254 4620 varietas
3284 4567 3344 4619 in
3367 4565 3506 4634 ipsis
3535 4565 3825 4619 ordinibus

2168 4660 2217 4710 et
2245 4655 2736 4709 consecrationibus
2772 4654 3078 4710 haberetur.
3112 4654 3222 4710 Sed
3247 4654 3380 4708 dum
3416 4657 3821 4725 unusquisque,

2167 4759 2277 4798 non
2323 4742 2470 4813 quod
2513 4743 2802 4806 traditum,
2847 4743 2942 4798 sed
2986 4744 3134 4812 quod
3173 4743 3283 4798 sibi
3319 4745 3500 4797 visum
3546 4746 3689 4810 fuit,
3734 4743 3823 4796 hoc

2167 4835 2442 4888 existimat
2461 4848 2572 4888 esse
2593 4833 2882 4888 tenendum
2909 4850 2926 4897 ;
2948 4832 3078 4886 inde
3101 4833 3317 4887 diuersa
3342 4834 3402 4886 in
3426 4832 3671 4887 diversis
3702 4833 3820 4886 locis

2165 4923 2249 4978 uel
2279 4923 2533 4986 ecclesiis,
2564 4927 2662 4976 aut
2703 4924 2896 4984 teneri,
2941 4927 3041 4976 aut
3067 4921 3331 4976 celebrari
3355 4921 3644 4984 videntur,
3677 4938 3740 4976 ac
3765 4925 3821 4991 μ

2165 5011 2489 5066 scandalum
2510 5011 2750 5081 populis.
2785 5010 2890 5076 Qui
2919 5011 3050 5064 dum
3079 5013 3329 5065 nesciunt
3356 5010 3693 5066 traditiones
3716 5028 3823 5066 an—

2167 5101 2350 5169 tiquas
2389 5100 2628 5154 humana
2653 5101 3080 5170 prasumptione
3117 5105 3424 5170 corruptas,
3455 5106 3671 5168 putant
3700 5102 3817 5165 sibi,

2165 5195 2262 5244 aut
2304 5190 2538 5244 ecclesiis
2567 5185 2883 5264 [ecclesias]
2915 5204 3025 5243 non
3067 5192 3374 5253 convenire,
3423 5195 3525 5245 aut
3567 5191 3643 5244 ab
3687 5207 3821 5261 apo-

2166 5280 2317 5335 stolis
2366 5280 2450 5334 vel
2490 5280 2800 5350 apostolicis
2849 5281 2986 5334 viris
3034 5284 3471 5334 contrarietatem
3517 5280 3817 5336 inductam.

2165 5370 2392 5439 Propter
2421 5369 2516 5424 hoc
2545 5373 2750 5439 oportet
2783 5384 2963 5424 omnes
2990 5370 3148 5438 sequi
3179 5368 3329 5439 quod
3356 5371 3605 5424 Rmnana
3635 5373 3819 5426 Eccle-

2165 5462 2250 5514 sia
2279 5458 2532 5522 custodit,
2563 5473 2598 5512 a
2625 5474 2738 5528 qua
2781 5473 2868 5514 eos
2903 5461 3245 5530 principium
3289 5462 3561 5529 accepisse
3604 5477 3716 5515 non
3749 5466 3820 5516 est

2167 5548 2503 5618 ambiguum.
2552 5546 2820 5605 Ostendit
2861 5547 3046 5619 igitur
3075 5547 3214 5619 quid
3245 5547 3305 5604 in
3349 5547 3636 5623 singulis,
3680 5551 3818 5607 unde
