4046 6182
241 259 380 320 4493

1092 257 1342 316 PSEUDO
1375 226 1811 316 LUtTPRANm
1858 259 1988 318 LIB.
2028 229 2125 318 ns
2155 261 2332 320 vms
2369 261 2536 321 non.
2579 264 2776 322 rom.

3500 255 3639 329 usi

236 406 366 449 eum
433 388 872 458 consuluerunt,
926 387 1108 445 facere
1165 389 1419 445 debeant.
1487 379 1538 438 4.
1602 373 1969 446 VidelicetA
1998 401 2228 460 ungere,
2259 389 2498 447 licenter
2527 391 2780 461 possunl.
2811 393 3230 452 Panitentibus
3273 399 3459 452 tamen
3493 396 3637 454 illud

240 480 470 537 mandat
496 492 686 550 pacem
730 483 856 548 post
892 477 1147 534 confecta
1179 478 1444 548 mysteria
1485 470 1735 531 dandam
1767 490 1890 532 esse

239 571 327 642 (de
377 570 533 625 Cons.
587 569 726 624 dist.
776 566 830 639 2,
891 581 939 623 c.
996 569 1208 639 Pacem)
1258 574 1322 624 ut
1377 581 1474 639 per
1517 565 1627 621 hoc
1670 570 1892 622 constet

241 657 518 730 populum
549 657 619 712 ad
647 657 861 727 omnia,
890 670 1016 727 qua
1048 657 1108 712 in
1132 657 1422 729 mysteriis
1451 659 1722 728 aguntur,
1758 669 1892 725 pra-

239 749 437 805 buisse
467 760 828 804 consensum.
866 744 920 801 2.
950 748 1084 803 Item
1129 747 1395 818 pracepit
1424 751 1487 803 ut
1535 746 1700 817 prius
1724 745 1893 802 obla—

239 841 428 896 tiones
467 841 527 894 in
573 837 747 893 missa
791 838 1277 908 commendentur,
1314 842 1503 908 postea
1537 851 1666 893 vero
1695 849 1891 892 eorum

241 931 496 1000 nomina,
544 942 789 1000 quorum
838 926 1158 983 oblationes
1225 933 1382 995 sunt,
1439 927 1770 983 recitentur.
1836 922 1888 980 3.

238 1021 376 1076 Item
406 1019 478 1074 de
514 1017 926 1090 consignandis
979 1016 1319 1088 infantibus,
1351 1017 1498 1073 dicit
1527 1015 1893 1073 manifestum

237 1122 384 1177 esse,
433 1120 544 1162 non
593 1107 664 1162 ab
711 1106 828 1162 alio
868 1120 1037 1176 quam
1090 1107 1161 1162 ab
1204 1107 1472 1177 episcopo
1523 1106 1645 1162 fieri
1682 1105 1889 1161 licere:

241 1198 402 1269 quia,
452 1197 587 1252 licet
637 1195 952 1267 presbyteri
983 1196 1102 1251 sint
1141 1196 1479 1267 sacerdotes,
1528 1195 1894 1266 pontiﬁcatus

243 1292 431 1343 tamen
462 1285 681 1356 apicem
718 1299 830 1342 non
863 1283 1073 1341 habent
1105 1283 1190 1356 (de
1229 1287 1383 1342 Cons.
1417 1285 1536 1341 dist
1574 1282 1626 1357 4,
1656 1299 1706 1340 c.
1743 1285 1894 1338 Pres-

243 1377 480 1446 byteros)
492 1417 504 1428 .

317 1464 371 1521 4.
406 1464 651 1521 Sabbato
681 1477 812 1521 vero
841 1478 963 1521 esse
988 1464 1362 1535 jejunandum
1397 1465 1617 1520 ratione
1645 1462 1894 1520 evidenti

242 1557 598 1613 demonstrat
618 1553 708 1624 (de
749 1554 905 1610 Cons.
949 1555 1088 1610 dist.
1145 1552 1198 1625 3,
1241 1570 1290 1611 c.
1323 1555 1622 1625 Sabbata):
1660 1553 1798 1624 quia
1843 1551 1894 1608 si

243 1651 403 1701 sexta
454 1641 596 1698 feria
643 1649 876 1713 prapter
917 1643 1236 1714 passionem
1279 1641 1507 1698 Domini
1545 1641 1893 1711 jejunamus,

242 1733 553 1790 Sabbatum
597 1734 1032 1803 pratermittere
1074 1747 1186 1789 non
1218 1731 1531 1803 debemus;
1561 1731 1700 1802 quia
1750 1729 1900 1786 inter

244 1823 550 1879 tristitiam
585 1822 872 1892 passionis
901 1827 958 1878 et
988 1823 1247 1878 latitiam
1280 1819 1724 1877 resurrectionis
1750 1818 1900 1874 vide-

248 1918 349 1968 tur
396 1912 720 1968 inclusum:
763 1918 818 1968 et
863 1912 1152 1983 apostolos
1202 1915 1424 1967 constat
1466 1910 1644 1966 biduo
1687 1910 1798 1965 isto
1838 1908 1898 1964 in

249 2014 494 2058 mcerore
525 2000 723 2071 fuisse,
757 2002 905 2072 quod
941 2015 1051 2057 non
1073 2006 1160 2056 est
1186 2000 1427 2057 dubium
1461 2000 1520 2054 in
1553 2003 1772 2054 tantum
1805 2011 1902 2053 eos

243 2091 320 2160 jej
335 2103 538 2146 unasse
568 2089 747 2146 biduo
778 2094 1106 2159 memorato,
1132 2094 1196 2145 ut
1236 2088 1473 2145 traditio
1497 2087 1762 2144 Ecclesia
1794 2085 1906 2142 ha—

249 2181 383 2236 beat
427 2181 536 2236 isto
582 2180 760 2236 biduo
803 2185 1155 2236 sacramenta
1183 2180 1413 2250 penitus
1448 2192 1558 2234 non
1601 2175 1903 2233 celebrari.

247 2269 389 2339 Qua
414 2268 595 2324 forma
632 2269 834 2340 utique
861 2282 959 2339 per
991 2268 1254 2340 singulas
1301 2275 1387 2324 est
1413 2267 1651 2322 tenenda
1684 2264 1906 2320 hebdo-

251 2359 469 2429 madas,
503 2363 732 2428 prOpter
781 2358 862 2429 id,
910 2357 1059 2430 quod
1100 2357 1563 2413 commemoratio
1587 2355 1705 2411 diei
1739 2353 1905 2410 illius

257 2461 484 2518 semper
525 2452 611 2503 est
654 2446 1009 2503 celebranda.
1043 2446 1201 2516 Quod
1253 2447 1303 2502 si
1351 2449 1588 2516 putatur
1635 2443 1805 2500 semel
1849 2447 1906 2498 et

254 2552 370 2594 uno
390 2537 633 2593 Sabbato
650 2538 921 2607 jejunand
933 2551 1048 2607 um,
1069 2551 1204 2609 ergo
1228 2541 1284 2592 et
1306 2537 1605 2592 Dominica
1625 2539 1681 2590 et
1702 2533 1905 2605 quinta

255 2625 400 2682 feria
427 2627 598 2684 semel
627 2627 684 2681 in
731 2626 942 2682 Pascha
974 2626 1174 2698 utique
1221 2626 1332 2682 erit
1363 2624 1717 2682 celebranda.
1748 2622 1802 2680 5.
1829 2625 1908 2678 De

257 2716 534 2772 fermento
572 2721 761 2772 autem
793 2716 942 2786 quod
978 2729 1010 2770 a
1047 2728 1187 2785 papa
1212 2713 1531 2771 confectum
1579 2713 1766 2769 Roma
1811 2725 1909 2782 per

256 2806 795 2863 titulos-Dominica
822 2805 918 2861 die
964 2819 1061 2875 per
1089 2804 1342 2876 acolytos
1371 2802 1726 2872 mittebatur,
1770 2800 1908 2872 quia

257 2897 383 2966 ipsa
439 2896 534 2951 die
597 2894 909 2966 presbyteri
964 2901 1195 2965 propter
1259 2893 1475 2964 plebem
1535 2892 1646 2949 sibi
1713 2891 1909 2947 credi—

256 2992 373 3041 tam
393 2999 522 3041 cum
547 2985 670 3055 ipso
690 2985 992 3041 convenire
1024 2997 1133 3040 non
1162 2987 1438 3054 poterant,
1464 2982 1615 3038 diem
1641 2980 1782 3036 alibi
1812 2993 1910 3050 per

2001 477 2230 534 infundi
2259 493 2366 536 non
2400 485 2605 552 potest,
2637 481 2772 552 quia
2800 495 2978 552 genus
3000 488 3087 540 est
3115 487 3472 543 sacramenti.
3503 488 3639 543 Nam

2003 567 2217 639 quibus
2274 569 2495 642 reliqua
2552 576 2901 628 sacramenta
2972 582 3268 648 negantur,
3357 580 3642 649 quomodo

2003 671 2180 713 unum
2213 672 2392 730 genus
2423 665 2659 730 putatur
2684 674 2846 731 posse
2869 663 3148 719 concedi?

2071 749 2206 802 Item
2239 749 2607 820 praescriptus
2631 764 2826 821 papam
2854 751 3027 807 aliam
3051 753 3325 814 Victricio
3343 759 3644 821 Rothoma—

2002 836 2160 908 gensi
2201 837 2468 908 episcopo
2509 840 2744 910 scripsit
2781 841 3080 910 epistolam
3111 842 3290 915 (epist.
3334 846 3386 920 2)
3416 860 3645 924 propter

2005 925 2299 995 quosdam,
2353 927 2452 997 qui
2486 941 2551 984 eo
2585 929 2639 983 in
2674 934 2923 999 tempore
2961 931 3284 1004 ignorantia
3311 938 3394 993 vel
3421 941 3645 1000 desidia

2001 1027 2114 1070 non
2141 1015 2866 1076 tenebantecclesiasticam
2892 1021 3285 1098 disciplinam,
3314 1032 3369 1083 et
3399 1030 3648 1101 plurima

2001 1116 2112 1158 non
2161 1107 2551 1173 prasumenda
2593 1109 3043 1178 prasumebant;
3079 1112 3136 1168 in
3173 1128 3282 1184 qua
3333 1121 3564 1177 mandat
3588 1127 3642 1179 et

2003 1193 2304 1262 pracipit:
2356 1191 2402 1248 4.
2451 1196 2529 1250 Ne
2553 1201 2710 1252 extra
2757 1199 3180 1269 metropolitani
3209 1206 3461 1278 episcopi
3499 1225 3636 1266 con-

2001 1281 2301 1373 scientiam
2325 1282 2482 1338 ullus
2501 1286 2708 1341 audeat
2731 1287 2999 1345 ordinare
3017 1291 3345 1364 episcOpum
3372 1296 3526 1367 (dist.
3557 1299 3644 1373 64,

2003 1383 2060 1424 c.
2090 1370 2304 1442 Extra).
2332 1373 2620 1445 Integrum
2650 1375 2802 1431 enim
2833 1383 2919 1433 est
2946 1379 3256 1454 judicium,
3286 1387 3436 1456 quod
3471 1370 3649 1459 pluri-

2006 1472 2227 1515 morum
2268 1461 2570 1518 sententiis
2603 1465 2990 1522 conﬁrmatur.
3030 1471 3140 1526 Nec
3167 1487 3316 1529 unus
3345 1476 3648 1549 episcopus

2007 1553 2314 1618 praesumat
2333 1550 2600 1607 ordinare
2625 1553 2974 1625 episcOpum,
3015 1571 3082 1614 ne
3121 1558 3398 1619 furtivum
3429 1565 3651 1625 beneﬂ-

2007 1639 2184 1728 ciumr
2217 1640 2532 1708 prastitum
2580 1641 2862 1700 videatur.
2892 1647 3005 1702 Hoc
3043 1653 3098 1704 et
3122 1663 3153 1705 a
3182 1652 3409 1710 Nicana
3435 1659 3649 1728 synodo

1929 1720 1981 1782 B
2007 1727 2385 1818 constitutum
2425 1735 2597 1802 atque
2645 1731 2966 1790 deﬁnitum.
2998 1733 3050 1791 2.
3088 1740 3245 1812 Item,
3278 1743 3325 1798 si
3356 1720 3490 1815 quis
3523 1754 3650 1818 post

2007 1817 2402 1874 remissionem
2429 1825 2785 1888 peccatorum
2805 1823 3100 1895 cingulum
3133 1829 3358 1887 militia
3379 1817 3656 1895 secularis

2009 1907 2294 1978 habuerit,
2337 1908 2405 1963 ad
2447 1908 2779 1965 clericatum
2811 1913 3036 1969 admitti
3082 1919 3398 1986 prohibuit.
3432 1923 3484 1979 3.
3517 1929 3649 1984 Item

2012 1997 2298 2067 praecepit,
2325 2001 2407 2068 ut,
2458 1998 2508 2053 si
2547 1996 2690 2054 forte
2716 2013 2899 2057 causa
2928 2003 3013 2058 vel
3063 2011 3457 2067 contentiones
3505 2015 3657 2072 inter

2012 2085 2272 2156 clericos,
2321 2093 2431 2142 tam
2477 2088 2797 2157 superioris
2845 2106 3014 2162 quam
3066 2094 3361 2154 inferioris
3405 2103 3650 2172 ordinis,

2011 2179 2220 2231 exorta
2263 2174 2480 2232 fuerint
2518 2173 2624 2247 (44,
2680 2193 2733 2248 q.
2787 2177 2836 2249 4,
2881 2195 2929 2236 c.
2983 2182 3044 2236 Si
3099 2201 3220 2252 qua
3248 2190 3459 2261 causa),
3488 2193 3654 2260 juxta

2011 2265 2296 2320 Nicanam
2341 2266 2617 2335 synodum
2667 2270 3026 2340 congregatis
3054 2274 3307 2342 ejusdem
3342 2281 3651 2347 provincia

2011 2354 2298 2424 episcopis
2335 2355 2594 2427 jurgium
2625 2358 2984 2431 terminetur,
3028 2375 3129 2417 nec
3159 2365 3285 2420 sine
3319 2370 3654 2438 prajudicio

2012 2444 2276 2500 Romana
2299 2444 2564 2500 Ecclesia
2594 2445 2771 2502 alicui
2814 2447 2982 2505 liceat
3017 2451 3238 2510 relictis
3269 2455 3360 2512 his
3388 2461 3660 2518 sacerdo-

2014 2533 2191 2603 tibus,
2227 2533 2325 2604 qui
2357 2533 2414 2588 in
2459 2533 2652 2590 eadem
2699 2537 2993 2606 provincia
3027 2541 3332 2599 Ecclesiam
3371 2548 3468 2602 Dei
3513 2555 3657 2608 nutu

2015 2621 2354 2694 gubernant,
2387 2621 2455 2677 ad
2483 2623 2628 2680 alias
2665 2626 2963 2683 convolare
3003 2630 3347 2698 provincias.
3400 2635 3557 2703 Quod
3607 2640 3659 2696 si

2016 2711 2150 2782 quis
2192 2709 2338 2766 forte
2380 2713 2826 2785 prasumpserit,
2866 2729 2995 2771 eum
3024 2717 3095 2772 ab
3139 2717 3324 2777 otﬁcio
3355 2722 3662 2784 clericatus

2016 2800 2364 2871 submoveri,
2391 2805 2447 2856 et
2479 2801 2824 2872 injuriarum
2847 2819 3006 2862 reum
3031 2807 3102 2863 ab
3123 2810 3391 2868 omnibus
3407 2814 3660 2883 iudicari

2011 2890 2208 2960 jussit.
2267 2889 2326 2945 Si
2372 2896 2560 2947 autem
2608 2894 2849 2962 majores
2891 2908 3077 2953 causa
3108 2897 3166 2953 in
3214 2902 3398 2959 medio
3447 2903 3665 2964 fuerint

2015 2979 2296 3036 devoluta
2315 2979 2383 3036 ad
2421 2981 2607 3036 sedem
2634 2984 3025 3056 apostolicam,
3073 2986 3227 3045 sicut
3257 2994 3508 3061 synodus
3541 3002 3667 3054 sta-

259 3054 698 3145 parochiasinon
729 3088 852 3131 esse
882 3072 1228 3144 faciendum,
1253 3073 1389 3144 quia
1421 3075 1772 3128 sacramenta
1798 3082 1909 3125 non
1939 3054 1986 3116 C
2019 3070 2151 3141 tuit,
2200 3074 2325 3140 post
2362 3069 2683 3141 episcopale
2717 3054 3355 3142 judicium'referend'as
3397 3097 3493 3140 eas
3543 3100 3666 3143 esse

258 3163 433 3234 longe
469 3167 602 3220 sunt
644 3163 940 3234 portanda.
973 3162 1023 3218 6.
1060 3164 1138 3219 De
1169 3162 1261 3218 his
1289 3176 1420 3218 vero
1447 3160 1771 3231 baptizatis,
1806 3158 1906 3229 qui

259 3258 457 3322 postea
499 3253 799 3323 damonio,
833 3256 934 3309 aut
979 3252 1122 3308 vitio
1164 3252 1384 3322 aliquo,
1431 3255 1532 3306 aut
1572 3255 1797 3319 peccato
1832 3249 1915 3303 in-

258 3342 611 3398 terveniente
639 3343 1026 3413 arripiuntur,
1049 3342 1216 3413 dicit,
1242 3355 1341 3396 nec
1370 3355 1401 3396 a
1439 3339 1783 3410 presbytero,
1811 3351 1912 3394 nec

257 3445 288 3487 a
314 3432 562 3489 diacono
587 3431 792 3488 debere
823 3445 923 3488 nec
961 3445 1125 3502 posse
1150 3429 1500 3502 consignari,
1534 3428 1649 3484 nisi
1680 3428 1912 3498 episco-

259 3537 374 3594 pus
397 3523 760 3593 praceperit:
806 3522 942 3593 quia
975 3535 1177 3578 manus
1218 3519 1571 3590 imponenda
1606 3533 1717 3574 non
1753 3522 1907 3588 sunt,

259 3613 380 3669 nisi
401 3613 705 3682 episcopus
726 3612 1124 3669 auctoritatem
1145 3611 1368 3667 dederit
1386 3610 1441 3665 id
1461 3608 1764 3679 etilciendi,
1790 3621 1914 3678 pro-

261 3711 455 3773 pterea
493 3704 629 3773 quia
658 3703 822 3774 longe
858 3703 1080 3774 positus
1103 3700 1410 3758 diﬂiculter
1434 3714 1580 3770 sape
1604 3699 1671 3756 ad
1701 3698 1915 3768 episco-

261 3807 400 3862 pum
433 3792 640 3847 deduci
672 3797 874 3862 potest.

329 3878 386 3936 7.
442 3882 521 3936 De
562 3880 976 3950 paenitentibus
1024 3885 1212 3936 autem
1245 3877 1328 3949 (de
1373 3879 1526 3935 Cons.
1567 3879 1702 3934 dist.
1759 3876 1813 3947 3,
1862 3891 1911 3932 c.

258 3974 336 4026 De
349 3971 780 4042 paenitentibus),
815 3971 914 4042 qui
939 3984 1005 4025 ex
1036 3970 1401 4041 gravioribus
1421 3969 1766 4036 commissis,
1798 3968 1918 4023 sive

257 4075 328 4116 ex
380 4060 715 4131 levioribus,
768 4060 1162 4130 panitentiam
1208 4066 1430 4130 gerunt,
1460 4061 1624 4128 juxta
1655 4059 1918 4114 Romana

260 4150 535 4205 Ecclesia
581 4150 1056 4205 consuetudinem
1105 4149 1307 4220 quinta
1359 4147 1502 4204 feria
1547 4153 1678 4202 ante
1709 4147 1918 4202 Pascha

260 4239 674 4296 remittendum
699 4240 784 4295 eis
800 4252 921 4295 esse
936 4239 1307 4310 demonstrat,
1328 4239 1377 4294 si
1402 4237 1559 4294 nulla
1580 4237 1922 4292 interveniat

258 4329 568 4401 agritudo.
603 4329 662 4384 Si
693 4342 823 4384 vero
859 4329 992 4400 quis
1022 4329 1078 4383 in
1115 4328 1514 4400 agritudinem
1547 4326 1837 4394 inciderit,
1865 4329 1922 4380 et

260 4432 454 4489 usque
482 4418 550 4473 ad
578 4418 1028 4488 desperationem
1057 4417 1367 4484 devenerit,
1399 4417 1450 4472 ei
1492 4419 1576 4472 est
1610 4423 1740 4471 ante
1773 4421 1921 4470 tem-

260 4523 379 4579 pus
407 4508 632 4564 Pascha
670 4507 1060 4578 relaxandum,
1103 4521 1171 4563 ne
1201 4508 1270 4563 de
1319 4507 1424 4563 hoc
1462 4505 1670 4562 saculo
1704 4505 1920 4576 absque

257 4597 672 4655 communione
696 4597 972 4653 discedat.
1003 4595 1057 4652 8.
1082 4599 1159 4652 De
1191 4596 1295 4652 hoc
1326 4609 1476 4666 vero,
1508 4595 1657 4666 quod
1691 4595 1750 4650 in
1776 4594 1922 4665 Epi-

255 4688 417 4745 stola
475 4687 665 4743 Jacobi
727 4686 981 4759 legitur:
1042 4688 1362 4757 Infirmatur
1435 4689 1557 4756 quis
1633 4688 1693 4740 in
1770 4685 1921 4739 vobis

258 4779 409 4850 (Jac.
429 4776 524 4850 v)?
547 4783 676 4849 etc.,
701 4776 847 4833 dicit
877 4791 988 4833 non
1009 4790 1132 4833 esse
1154 4776 1397 4834 dubium
1418 4777 1487 4832 de
1508 4775 1921 4849 aegrotantibus

259 4866 544 4924 ﬁdelibus
585 4867 982 4937 accipiendum
1033 4881 1173 4939 esse,
1226 4871 1282 4923 et
1326 4866 1784 4938 intelligendum,
1819 4865 1919 4936 qui

259 4962 472 5014 sancto
492 4957 615 5014 oleo
645 4957 980 5013 chrismatis
1002 4957 1242 5030 perungi
1278 4961 1536 5028 possunt,
1581 4970 1694 5027 quo
1714 4955 1784 5011 ab
1809 4955 1925 5026 epi-

257 5059 448 5118 scopo
467 5051 815 5113 consecrato,
857 5060 968 5102 non
999 5046 1184 5102 solum
1214 5045 1628 5117 sacerdotibus,
1671 5046 1766 5101 sed
1795 5057 1927 5100 om-

261 5136 452 5193 nibus
474 5136 557 5192 uti
583 5135 934 5192 Christianis
952 5135 1088 5192 licet
1105 5136 1161 5192 in
1190 5149 1292 5192 sua
1310 5149 1660 5206 suorumque
1688 5133 1927 5191 necessi-

259 5232 424 5295 tate;
453 5230 510 5281 et
536 5225 686 5297 quod
714 5225 1061 5296 presbyteris
1084 5225 1255 5282 licere
1278 5240 1387 5282 non
1415 5232 1500 5282 est
1523 5226 1788 5297 dubium,
1813 5225 1928 5297 epi-

260 5315 470 5386 sc0pis
497 5329 621 5372 esse
647 5315 894 5385 licitum,
925 5329 1036 5372 non
1075 5321 1158 5372 est
1187 5315 1520 5385 ambiguum
1565 5314 1720 5386 (dist.
1754 5314 1843 5386 95,
1871 5331 1920 5372 c.

255 5404 462 5476 Illud).
505 5404 611 5460 Sed
650 5404 720 5460 de
750 5404 1096 5476 presbyteris
1144 5405 1360 5460 idcirco
1398 5403 1614 5460 dictum
1649 5409 1754 5474 est,
1787 5405 1925 5476 quia

257 5495 532 5566 episc0pi
561 5494 1040 5566 occupationibus
1059 5493 1196 5550 aliis
1223 5493 1485 5565 impediti
1507 5493 1575 5549 ad
1599 5507 1793 5550 omnes
1812 5494 1928 5550 hn-

258 5583 487 5656 guidos
513 5583 598 5641 ire
627 5596 738 5641 non
763 5588 1031 5655 possunt:
1067 5585 1136 5641 ad
1169 5596 1312 5657 quos
1331 5587 1521 5640 autem
1545 5581 1743 5640 volunt
1765 5583 1848 5641 ire
1872 5588 1928 5641 et

665 5694 898 5752 PATROL.
949 5693 1200 5752 CXXIX.

2021 3159 2330 3216 mandavit.

2090 3245 2139 3302 4.
2175 3250 2310 3304 Item
2344 3248 2402 3304 in
2441 3248 2633 3304 eadem
2679 3250 2942 3321 sancivit,
2973 3253 3125 3310 sicut
3155 3261 3210 3312 et
3232 3257 3481 3318 Siricius
3510 3261 3667 3319 fece-

2019 3342 2126 3408 rat,
2149 3337 2475 3394 utclericus
2489 3339 2721 3395 viduam
2750 3341 3045 3398 mulierem
3075 3359 3184 3401 non
3210 3347 3384 3404 ducat
3406 3365 3662 3424 uxorem,

2021 3441 2089 3484 ne
2121 3429 2225 3483 hoc
2257 3427 2592 3498 prajudicio
2619 3429 2930 3500 impeditus
2952 3433 3020 3489 ad
3054 3429 3435 3495 sacerdotium
3465 3455 3668 3510 perve-

2020 3518 2145 3573 nire
2175 3531 2288 3573 non
2315 3517 2516 3588 possit.
2551 3516 2605 3574 5.
2638 3521 2793 3590 Item,
2820 3535 2888 3577 ne
2917 3521 3118 3593 laicus,
3149 3526 3248 3596 qui
3281 3533 3412 3585 ante
3458 3530 3669 3602 baptis-

2023 3622 2199 3676 mum,
2225 3621 2322 3665 seu
2353 3614 2562 3678 postea,
2608 3609 2904 3666 mulierem
2933 3613 3163 3670 viduam
3208 3617 3377 3674 duxit
3411 3636 3664 3697 uxorem,

2025 3703 2217 3768 postea
2255 3699 2596 3754 admittatur
2623 3701 2690 3755 ad
2724 3701 2939 3758 clerum
2974 3707 3258 3776 praecepit,
3303 3711 3440 3780 quia
3470 3715 3664 3771 eodem

2023 3787 2167 3843 vitio
2197 3787 2424 3843 videtur
2461 3789 2730 3845 exclusus
2759 3788 2912 3859 (dist.
2951 3789 3038 3863 34,
3073 3809 3122 3849 c.
3165 3795 3225 3850 Si
3262 3799 3424 3872 quis).
3460 3803 3518 3857 In
3559 3803 3670 3859 ba-

2028 3877 2236 3946 ptismo
2289 3878 2440 3932 enim
2483 3885 2702 3948 peccata
2734 3879 3132 3954 dimittuntur,
3179 3899 3290 3942 non
3338 3893 3522 3946 tamen
3567 3907 3671 3949 ac-

2028 3976 2200 4038 cepta
2245 3968 2444 4022 uxoris
2473 3969 2826 4025 consortium
2875 3971 3180 4030 relaxatur.
3227 3975 3278 4030 6.
3329 3979 3487 4048 Item,
3523 3995 3590 4040 ne
3619 3985 3670 4040 is

2030 4057 2130 4126 qui
2157 4055 2462 4111 secundam
2490 4057 2653 4113 ducit
2681 4073 2933 4131 uxorem,
2960 4061 3206 4120 clericus
3231 4066 3345 4134 llat,
3373 4071 3507 4140 quia
3530 4076 3674 4131 scri-

2031 4150 2189 4214 ptum
2233 4151 2347 4199 est:
2389 4166 2413 4197 α
2448 4145 2630 4202 Unius
2671 4149 2869 4204 uxoris
2915 4151 3104 4206 virum
3133 4152 3179 4223 (Ι
3211 4157 3344 4211 Tim.
3399 4160 3484 4231 III)
3517 4182 3583 4232 2);
3617 4170 3674 4220 et

2031 4234 2270 4289 iterum:
2295 4235 2622 4290 Sacerdotes
2653 4237 2761 4290 mei
2795 4239 2964 4293 semel
2990 4241 3224 4299 nubant.
3249 4241 3302 4298 7.
3333 4249 3488 4318 Item,
3522 4253 3673 4309 utde

2030 4324 2215 4380 aliena
2258 4323 2498 4380 ecclesia
2545 4324 2817 4380 clericum
2870 4327 3138 4385 ordinare
3187 4334 3383 4391 nullus
3415 4348 3671 4412 usurpet,

1951 4414 2148 4491 Dnisi
2195 4415 2320 4484 ejus
2376 4414 2678 4484 episcopus
2752 4414 3014 4484 precibus
3079 4427 3347 4478 exoratus
3403 4431 3675 4487 concedat

2029 4507 2185 4577 (dist.
2227 4501 2315 4569 34,
2358 4519 2406 4559 c.
2458 4504 2518 4558 Si
2561 4504 2719 4577 quis).
2763 4505 2875 4561 Hoc
2926 4505 3095 4562 etiam
3146 4511 3397 4579 synodus
3444 4516 3672 4578 Nicana

2029 4593 2336 4652 constituit
2363 4592 2504 4664 (can.
2563 4591 2646 4649 46.
2684 4590 2786 4666 47),
2830 4599 2894 4651 ut
2921 4595 3201 4665 abjectum
3232 4600 3304 4656 ab
3340 4603 3519 4662 altero
3549 4609 3675 4667 cle-

2030 4685 2214 4740 ricum
2235 4683 2411 4738 altera
2437 4683 2677 4739 ecclesia
2703 4697 2812 4739 non
2845 4685 3103 4755 recipiat.
3127 4685 3180 4742 8.
3206 4690 3342 4746 Item
3368 4699 3430 4749 ut
3451 4697 3675 4757 venien.

2031 4779 2116 4829 tes
2144 4786 2176 4828 a
2203 4771 2555 4841 Novatianis,
2588 4772 2672 4827 vel
2706 4774 3118 4848 Montensibus,
3149 4791 3248 4847 per
3271 4795 3471 4841 manus
3498 4786 3677 4860 impo-

2032 4863 2298 4919 sitionem
2343 4861 2755 4932 suscipiantur,
2807 4864 2944 4934 quia
2990 4865 3124 4922 licet
3148 4867 3219 4924 ab
3263 4869 3570 4948 hareticis,
3616 4881 3674 4938 in

2031 4951 2247 5007 Christi
2280 4955 2464 5006 tamen
2514 4950 2741 5006 nomine
2792 4958 2929 5008 sunt
2984 4953 3279 5027 baptizati,
3330 4969 3532 5031 prater
3581 4983 3678 5027 eos

2035 5042 2135 5113 qui
2167 5054 2198 5096 a
2225 5040 2392 5096 nobis
2421 5041 2490 5096 ad
2523 5040 2656 5097 illos
2686 5045 3047 5100 transeuntes
3086 5044 3358 5117 baptizati
3391 5062 3544 5112 sunt.
3583 5060 3670 5130 Hi,

2035 5132 2084 5187 si
2129 5131 2528 5201 resipiscentes
2564 5131 2632 5187 ad
2675 5145 2777 5188 nos
2807 5133 3104 5207 redierint,
3147 5138 3256 5194 sub
3287 5140 3453 5215 longa
3484 5148 3673 5216 poeni-

2035 5222 2227 5278 tentia
2251 5219 2642 5278 satisfactione
2669 5223 3010 5282 admittendi
3047 5233 3209 5285 sunt.

2104 5311 2156 5368 9.
2191 5314 2346 5384 Item,
2371 5311 2604 5368 omnino
2633 5314 2844 5370 servari
2865 5314 3050 5385 jubet,
3086 5323 3148 5376 ut
3176 5322 3493 5377 sacerdotes
3511 5326 3565 5378 et
3588 5322 3676 5379 le-

2032 5402 2163 5458 vita
2183 5416 2313 5459 cum
2345 5403 2624 5459 uxoribus
2649 5404 2774 5461 suis
2805 5419 2916 5462 non
2947 5413 3144 5463 coeant
3184 5407 3336 5479 (dist.
3369 5406 3458 5478 34,
3490 5425 3538 5466 c.
3569 5413 3676 5468 Te-

2032 5492 2212 5566 nere):
2267 5494 2403 5565 quia
2451 5494 2500 5550 si
2533 5496 2817 5568 sacerdos,
2851 5497 2946 5554 cui
2995 5496 3195 5552 orandi
3226 5502 3280 5551 et
3310 5500 3672 5562 sacriﬁcandi

2032 5584 2168 5656 juge
2187 5581 2436 5642 oﬂlcium
2453 5591 2562 5657 est,
2584 5586 2800 5644 carnali
2819 5584 3280 5654 concupiscentia
3298 5583 3476 5645 fuerit
3490 5598 3678 5651 conta-

3320 5690 3394 5752 38
