  <div class='ocr_page' id='page_1' title='image "/cluster/home/n/w/nwhite01/storage/ocr_20150623/129/hvd.32044054759907/603.png"; bbox 0 0 4082 6168; ppageno 0'>
   <div class='ocr_carea' id='block_1_1' title="bbox 448 222 585 280">
    <p class='ocr_par' dir='ltr' id='par_1_1' title="bbox 448 222 585 280">
     <span class='ocr_line' id='line_1_1' title="bbox 448 222 585 280; baseline 0 0"><span class='ocrx_word' id='word_1_1' title='bbox 448 222 585 280; x_wconf 81' lang='grc'>4495</span> 
     </span>
    </p>
   </div>
   <div class='ocr_carea' id='block_1_2' title="bbox 1234 221 3036 282">
    <p class='ocr_par' dir='ltr' id='par_1_2' title="bbox 1234 221 3036 282">
     <span class='ocr_line' id='line_1_2' title="bbox 1234 221 3036 282; baseline 0.001 -4"><span class='ocrx_word' id='word_1_2' title='bbox 1234 221 1523 280; x_wconf 77' lang='grc' dir='ltr'><strong>ΑΡΡΕΝΙ).</strong></span> <span class='ocrx_word' id='word_1_3' title='bbox 1567 221 1661 279; x_wconf 84' lang='lat' dir='ltr'><strong>AD</strong></span> <span class='ocrx_word' id='word_1_4' title='bbox 1697 221 1856 280; x_wconf 67' lang='lat' dir='ltr'><strong>SIEC.</strong></span> <span class='ocrx_word' id='word_1_5' title='bbox 1899 221 1998 280; x_wconf 84' lang='lat' dir='ltr'><strong>IX.</strong></span> <span class='ocrx_word' id='word_1_6' title='bbox 2036 249 2110 267; x_wconf 84' lang='lat'><strong>--</strong></span> <span class='ocrx_word' id='word_1_7' title='bbox 2145 221 2502 280; x_wconf 83' lang='lat' dir='ltr'><strong>AUCTORBS</strong></span> <span class='ocrx_word' id='word_1_8' title='bbox 2537 223 2708 280; x_wconf 79' lang='lat' dir='ltr'><strong>ANNI</strong></span> <span class='ocrx_word' id='word_1_9' title='bbox 2745 222 3036 282; x_wconf 79' lang='lat' dir='ltr'><strong>INCERTI.</strong></span> 
     </span>
    </p>
   </div>
   <div class='ocr_carea' id='block_1_3' title="bbox 3711 225 3854 285">
    <p class='ocr_par' dir='ltr' id='par_1_3' title="bbox 3711 225 3854 285">
     <span class='ocr_line' id='line_1_3' title="bbox 3711 225 3854 285; baseline 0.028 -4"><span class='ocrx_word' id='word_1_10' title='bbox 3711 225 3854 285; x_wconf 82' lang='grc'><strong>1496</strong></span> 
     </span>
    </p>
   </div>
   <div class='ocr_carea' id='block_1_4' title="bbox 446 343 3852 420">
    <p class='ocr_par' dir='ltr' id='par_1_4' title="bbox 446 343 3852 420">
     <span class='ocr_line' id='line_1_4' title="bbox 446 343 3852 420; baseline 0 -16"><span class='ocrx_word' id='word_1_11' title='bbox 446 350 718 420; x_wconf 81' lang='lat' dir='ltr'><strong>minatus,</strong></span> <span class='ocrx_word' id='word_1_12' title='bbox 750 362 863 420; x_wconf 92' lang='lat' dir='ltr'><strong>quo</strong></span> <span class='ocrx_word' id='word_1_13' title='bbox 893 349 1110 420; x_wconf 92' lang='lat' dir='ltr'><strong>pudore</strong></span> <span class='ocrx_word' id='word_1_14' title='bbox 1139 347 1463 404; x_wconf 90' lang='lat' dir='ltr'><strong>sacrificare</strong></span> <span class='ocrx_word' id='word_1_15' title='bbox 1493 345 1816 417; x_wconf 90' lang='lat' dir='ltr'><strong>usurpabit,</strong></span> <span class='ocrx_word' id='word_1_16' title='bbox 1849 350 1951 401; x_wconf 90' lang='lat' dir='ltr'><strong>aut</strong></span> <span class='ocrx_word' id='word_1_17' title='bbox 1980 357 2090 415; x_wconf 90' lang='lat' dir='ltr'><strong>qua</strong></span> <span class='ocrx_word' id='word_1_18' title='bbox 2117 344 2172 403; x_wconf 93' lang='lat' dir='ltr'><strong>A</strong></span> <span class='ocrx_word' id='word_1_19' title='bbox 2201 343 2580 414; x_wconf 73' lang='lat' dir='ltr'><strong>committant,</strong></span> <span class='ocrx_word' id='word_1_20' title='bbox 2617 358 2726 402; x_wconf 93' lang='lat' dir='ltr'><strong>non</strong></span> <span class='ocrx_word' id='word_1_21' title='bbox 2759 345 2874 402; x_wconf 89' lang='lat' dir='ltr'><strong>alia</strong></span> <span class='ocrx_word' id='word_1_22' title='bbox 2898 347 2969 403; x_wconf 90' lang='lat' dir='ltr'><strong>de</strong></span> <span class='ocrx_word' id='word_1_23' title='bbox 2993 359 3163 403; x_wconf 89' lang='lat' dir='ltr'><strong>causa</strong></span> <span class='ocrx_word' id='word_1_24' title='bbox 3200 346 3322 403; x_wconf 88' lang='lat' dir='ltr'><strong>fieri</strong></span> <span class='ocrx_word' id='word_1_25' title='bbox 3363 348 3531 418; x_wconf 91' lang='lat' dir='ltr'><strong>dicit,</strong></span> <span class='ocrx_word' id='word_1_26' title='bbox 3567 348 3685 404; x_wconf 88' lang='lat' dir='ltr'><strong>nisi</strong></span> <span class='ocrx_word' id='word_1_27' title='bbox 3713 350 3852 419; x_wconf 84' lang='lat' dir='ltr'><strong>quia</strong></span> 
     </span>
    </p>
   </div>
   <div class='ocr_carea' id='block_1_5' title="bbox 443 436 2087 511">
    <p class='ocr_par' dir='ltr' id='par_1_5' title="bbox 443 436 2087 511">
     <span class='ocr_line' id='line_1_5' title="bbox 443 436 2087 511; baseline -0.002 -18"><span class='ocrx_word' id='word_1_28' title='bbox 443 440 816 509; x_wconf 83' lang='lat' dir='ltr'><strong>conscientia,</strong></span> <span class='ocrx_word' id='word_1_29' title='bbox 841 453 955 511; x_wconf 88' lang='lat' dir='ltr'><strong>quo</strong></span> <span class='ocrx_word' id='word_1_30' title='bbox 978 439 1180 495; x_wconf 90' lang='lat' dir='ltr'><strong>merito</strong></span> <span class='ocrx_word' id='word_1_31' title='bbox 1197 437 1459 494; x_wconf 86' lang='lat' dir='ltr'><strong>exaudiri</strong></span> <span class='ocrx_word' id='word_1_32' title='bbox 1482 451 1540 492; x_wconf 91' lang='lat' dir='ltr'><strong>se</strong></span> <span class='ocrx_word' id='word_1_33' title='bbox 1561 436 1934 506; x_wconf 89' lang='lat' dir='ltr'><strong>possecredit,</strong></span> <span class='ocrx_word' id='word_1_34' title='bbox 1959 449 2087 491; x_wconf 91' lang='lat' dir='ltr'><strong>cum</strong></span> 
     </span>
    </p>
   </div>
   <div class='ocr_carea' id='block_1_6' title="bbox 443 525 2090 594">
    <p class='ocr_par' dir='ltr' id='par_1_6' title="bbox 443 525 2090 594">
     <span class='ocr_line' id='line_1_6' title="bbox 443 525 2090 594; baseline -0.004 -12"><span class='ocrx_word' id='word_1_35' title='bbox 443 529 660 586; x_wconf 87' lang='lat' dir='ltr'><strong>dictum</strong></span> <span class='ocrx_word' id='word_1_36' title='bbox 685 529 797 586; x_wconf 92' lang='lat' dir='ltr'><strong>sit:</strong></span> <span class='ocrx_word' id='word_1_37' title='bbox 831 528 1024 583; x_wconf 85' lang='lat' dir='ltr'><strong>Omnia</strong></span> <span class='ocrx_word' id='word_1_38' title='bbox 1045 527 1252 582; x_wconf 82' lang='lat' dir='ltr'><strong>munda</strong></span> <span class='ocrx_word' id='word_1_39' title='bbox 1282 527 1542 591; x_wconf 81' lang='lat' dir='ltr'><strong>mundis;</strong></span> <span class='ocrx_word' id='word_1_40' title='bbox 1574 525 1939 594; x_wconf 77' lang='lat' dir='ltr'><strong>coinquinatis</strong></span> <span class='ocrx_word' id='word_1_41' title='bbox 1979 539 2090 576; x_wconf 86' lang='lat' dir='ltr'><strong>au-</strong></span> 
     </span>
    </p>
   </div>
   <div class='ocr_carea' id='block_1_7' title="bbox 443 611 2090 687">
    <p class='ocr_par' dir='ltr' id='par_1_7' title="bbox 443 611 2090 687">
     <span class='ocr_line' id='line_1_7' title="bbox 443 611 2090 687; baseline -0.003 -16"><span class='ocrx_word' id='word_1_42' title='bbox 443 623 545 672; x_wconf 82' lang='lat' dir='ltr'><strong>tem</strong></span> <span class='ocrx_word' id='word_1_43' title='bbox 571 623 620 672; x_wconf 83' lang='lat' dir='ltr'><strong>et</strong></span> <span class='ocrx_word' id='word_1_44' title='bbox 664 618 976 687; x_wconf 81' lang='lat' dir='ltr'><strong>inﬁdelibus</strong></span> <span class='ocrx_word' id='word_1_45' title='bbox 1014 616 1153 670; x_wconf 74' lang='lat' dir='ltr'><strong>nihil</strong></span> <span class='ocrx_word' id='word_1_46' title='bbox 1178 620 1254 670; x_wconf 87' lang='lat' dir='ltr'><strong>est</strong></span> <span class='ocrx_word' id='word_1_47' title='bbox 1283 615 1592 669; x_wconf 85' lang='lat' dir='ltr'><strong>mundum?</strong></span> <span class='ocrx_word' id='word_1_48' title='bbox 1620 613 1747 684; x_wconf 86' lang='lat' dir='ltr'><strong>(Tit.</strong></span> <span class='ocrx_word' id='word_1_49' title='bbox 1786 612 1844 684; x_wconf 88' lang='lat'><strong>1.)</strong></span> <span class='ocrx_word' id='word_1_50' title='bbox 1884 611 1967 668; x_wconf 85' lang='lat'><strong>40.</strong></span> <span class='ocrx_word' id='word_1_51' title='bbox 2013 613 2090 666; x_wconf 88' lang='lat' dir='ltr'><strong>De</strong></span> 
     </span>
    </p>
   </div>
   <div class='ocr_carea' id='block_1_8' title="bbox 446 702 2085 776">
    <p class='ocr_par' dir='ltr' id='par_1_8' title="bbox 446 702 2085 776">
     <span class='ocr_line' id='line_1_8' title="bbox 446 702 2085 776; baseline -0.004 -13"><span class='ocrx_word' id='word_1_52' title='bbox 446 707 740 763; x_wconf 82' lang='lat' dir='ltr'><strong>monachis</strong></span> <span class='ocrx_word' id='word_1_53' title='bbox 782 713 968 763; x_wconf 90' lang='lat' dir='ltr'><strong>autem</strong></span> <span class='ocrx_word' id='word_1_54' title='bbox 1009 704 1115 776; x_wconf 83' lang='lat'><strong>(46,</strong></span> <span class='ocrx_word' id='word_1_55' title='bbox 1164 721 1218 776; x_wconf 93' lang='lat' dir='ltr'><strong>q.</strong></span> <span class='ocrx_word' id='word_1_56' title='bbox 1255 703 1303 773; x_wconf 95' lang='lat'><strong>4,</strong></span> <span class='ocrx_word' id='word_1_57' title='bbox 1337 707 1480 759; x_wconf 87' lang='lat' dir='ltr'><strong>c.De</strong></span> <span class='ocrx_word' id='word_1_58' title='bbox 1503 703 1822 774; x_wconf 84' lang='lat' dir='ltr'><strong>Monachis),</strong></span> <span class='ocrx_word' id='word_1_59' title='bbox 1865 702 1962 773; x_wconf 85' lang='lat' dir='ltr'><strong>qui</strong></span> <span class='ocrx_word' id='word_1_60' title='bbox 2018 702 2085 756; x_wconf 92' lang='lat' dir='ltr'><strong>ad</strong></span> 
     </span>
    </p>
   </div>
   <div class='ocr_carea' id='block_1_9' title="bbox 444 791 2091 865">
    <p class='ocr_par' dir='ltr' id='par_1_9' title="bbox 444 791 2091 865">
     <span class='ocr_line' id='line_1_9' title="bbox 444 791 2091 865; baseline -0.004 -12"><span class='ocrx_word' id='word_1_61' title='bbox 444 797 752 854; x_wconf 84' lang='lat' dir='ltr'><strong>clericatus</strong></span> <span class='ocrx_word' id='word_1_62' title='bbox 767 797 1024 852; x_wconf 88' lang='lat' dir='ltr'><strong>ordinem</strong></span> <span class='ocrx_word' id='word_1_63' title='bbox 1046 795 1422 865; x_wconf 85' lang='lat' dir='ltr'><strong>pervenerint,</strong></span> <span class='ocrx_word' id='word_1_64' title='bbox 1437 791 1620 863; x_wconf 86' lang='lat' dir='ltr'><strong>jubet,</strong></span> <span class='ocrx_word' id='word_1_65' title='bbox 1645 806 1755 848; x_wconf 92' lang='lat' dir='ltr'><strong>non</strong></span> <span class='ocrx_word' id='word_1_66' title='bbox 1773 791 1975 846; x_wconf 87' lang='lat' dir='ltr'><strong>debere</strong></span> <span class='ocrx_word' id='word_1_67' title='bbox 1995 805 2091 846; x_wconf 89' lang='lat' dir='ltr'><strong>eos</strong></span> 
     </span>
    </p>
   </div>
   <div class='ocr_carea' id='block_1_10' title="bbox 444 879 2090 956">
    <p class='ocr_par' dir='ltr' id='par_1_10' title="bbox 444 879 2090 956">
     <span class='ocr_line' id='line_1_10' title="bbox 444 879 2090 956; baseline -0.004 -15"><span class='ocrx_word' id='word_1_68' title='bbox 444 899 475 941; x_wconf 90' lang='lat' dir='ltr'><strong>a</strong></span> <span class='ocrx_word' id='word_1_69' title='bbox 503 885 684 956; x_wconf 87' lang='lat' dir='ltr'><strong>priori</strong></span> <span class='ocrx_word' id='word_1_70' title='bbox 719 884 1011 955; x_wconf 87' lang='lat' dir='ltr'><strong>proposito</strong></span> <span class='ocrx_word' id='word_1_71' title='bbox 1038 883 1297 939; x_wconf 82' lang='lat' dir='ltr'><strong>deviare:</strong></span> <span class='ocrx_word' id='word_1_72' title='bbox 1325 882 1461 952; x_wconf 89' lang='lat' dir='ltr'><strong>quia</strong></span> <span class='ocrx_word' id='word_1_73' title='bbox 1483 881 1636 936; x_wconf 89' lang='lat' dir='ltr'><strong>sicut</strong></span> <span class='ocrx_word' id='word_1_74' title='bbox 1660 880 1719 935; x_wconf 93' lang='lat' dir='ltr'><strong>in</strong></span> <span class='ocrx_word' id='word_1_75' title='bbox 1745 879 2090 935; x_wconf 89' lang='lat' dir='ltr'><strong>monasterio</strong></span> 
     </span>
    </p>
   </div>
   <div class='ocr_carea' id='block_1_11' title="bbox 446 967 2089 1045">
    <p class='ocr_par' dir='ltr' id='par_1_11' title="bbox 446 967 2089 1045">
     <span class='ocr_line' id='line_1_11' title="bbox 446 967 2089 1045; baseline -0.005 -14"><span class='ocrx_word' id='word_1_76' title='bbox 446 975 578 1045; x_wconf 90' lang='lat' dir='ltr'><strong>fuit,</strong></span> <span class='ocrx_word' id='word_1_77' title='bbox 604 975 730 1031; x_wconf 88' lang='lat' dir='ltr'><strong>ideo</strong></span> <span class='ocrx_word' id='word_1_78' title='bbox 759 975 907 1044; x_wconf 90' lang='lat' dir='ltr'><strong>quod</strong></span> <span class='ocrx_word' id='word_1_79' title='bbox 937 973 1040 1028; x_wconf 91' lang='lat' dir='ltr'><strong>diu</strong></span> <span class='ocrx_word' id='word_1_80' title='bbox 1073 972 1337 1041; x_wconf 84' lang='lat' dir='ltr'><strong>servavit,</strong></span> <span class='ocrx_word' id='word_1_81' title='bbox 1363 971 1528 1026; x_wconf 89' lang='lat' dir='ltr'><strong>modo</strong></span> <span class='ocrx_word' id='word_1_82' title='bbox 1561 969 1618 1024; x_wconf 91' lang='lat' dir='ltr'><strong>in</strong></span> <span class='ocrx_word' id='word_1_83' title='bbox 1652 967 1876 1024; x_wconf 89' lang='lat' dir='ltr'><strong>meliori</strong></span> <span class='ocrx_word' id='word_1_84' title='bbox 1909 967 2089 1040; x_wconf 75' lang='lat' dir='ltr'><strong>gradu</strong></span> 
     </span>
    </p>
   </div>
   <div class='ocr_carea' id='block_1_12' title="bbox 446 1057 2088 1135">
    <p class='ocr_par' dir='ltr' id='par_1_12' title="bbox 446 1057 2088 1135">
     <span class='ocr_line' id='line_1_12' title="bbox 446 1057 2088 1135; baseline -0.004 -15"><span class='ocrx_word' id='word_1_85' title='bbox 446 1065 667 1135; x_wconf 90' lang='lat' dir='ltr'><strong>positus</strong></span> <span class='ocrx_word' id='word_1_86' title='bbox 699 1078 809 1119; x_wconf 92' lang='lat' dir='ltr'><strong>non</strong></span> <span class='ocrx_word' id='word_1_87' title='bbox 840 1061 1005 1118; x_wconf 88' lang='lat' dir='ltr'><strong>debet</strong></span> <span class='ocrx_word' id='word_1_88' title='bbox 1029 1062 1310 1130; x_wconf 89' lang='lat' dir='ltr'><strong>amittere,</strong></span> <span class='ocrx_word' id='word_1_89' title='bbox 1343 1057 1424 1114; x_wconf 89' lang='lat'><strong>44.</strong></span> <span class='ocrx_word' id='word_1_90' title='bbox 1460 1062 1594 1114; x_wconf 91' lang='lat' dir='ltr'><strong>Item</strong></span> <span class='ocrx_word' id='word_1_91' title='bbox 1642 1059 1890 1128; x_wconf 80' lang='lat' dir='ltr'><strong>mandat,</strong></span> <span class='ocrx_word' id='word_1_92' title='bbox 1923 1071 1992 1113; x_wconf 92' lang='lat' dir='ltr'><strong>ne</strong></span> <span class='ocrx_word' id='word_1_93' title='bbox 2021 1072 2088 1114; x_wconf 85' lang='lat' dir='ltr'><strong>ex</strong></span> 
     </span>
    </p>
   </div>
   <div class='ocr_carea' id='block_1_13' title="bbox 442 1145 2089 1223">
    <p class='ocr_par' dir='ltr' id='par_1_13' title="bbox 442 1145 2089 1223">
     <span class='ocr_line' id='line_1_13' title="bbox 442 1145 2089 1223; baseline -0.005 -13"><span class='ocrx_word' id='word_1_94' title='bbox 442 1153 784 1223; x_wconf 87' lang='lat' dir='ltr'><strong>curialibus,</strong></span> <span class='ocrx_word' id='word_1_95' title='bbox 803 1152 859 1207; x_wconf 92' lang='lat' dir='ltr'><strong>id</strong></span> <span class='ocrx_word' id='word_1_96' title='bbox 873 1157 977 1220; x_wconf 90' lang='lat' dir='ltr'><strong>est,</strong></span> <span class='ocrx_word' id='word_1_97' title='bbox 995 1150 1093 1220; x_wconf 89' lang='lat' dir='ltr'><strong>qui</strong></span> <span class='ocrx_word' id='word_1_98' title='bbox 1107 1149 1404 1220; x_wconf 88' lang='lat' dir='ltr'><strong>aliquibus</strong></span> <span class='ocrx_word' id='word_1_99' title='bbox 1418 1147 1670 1218; x_wconf 90' lang='lat' dir='ltr'><strong>publicis</strong></span> <span class='ocrx_word' id='word_1_100' title='bbox 1690 1145 2089 1202; x_wconf 88' lang='lat' dir='ltr'><strong>functionibus</strong></span> 
     </span>
    </p>
   </div>
   <div class='ocr_carea' id='block_1_14' title="bbox 443 1235 2080 1310">
    <p class='ocr_par' dir='ltr' id='par_1_14' title="bbox 443 1235 2080 1310">
     <span class='ocr_line' id='line_1_14' title="bbox 443 1235 2080 1310; baseline -0.005 -12"><span class='ocrx_word' id='word_1_101' title='bbox 443 1241 724 1310; x_wconf 87' lang='lat' dir='ltr'><strong>occupati,</strong></span> <span class='ocrx_word' id='word_1_102' title='bbox 744 1242 875 1310; x_wconf 87' lang='lat' dir='ltr'><strong>jure</strong></span> <span class='ocrx_word' id='word_1_103' title='bbox 895 1239 962 1294; x_wconf 90' lang='lat' dir='ltr'><strong>ad</strong></span> <span class='ocrx_word' id='word_1_104' title='bbox 985 1238 1206 1293; x_wconf 90' lang='lat' dir='ltr'><strong>curiam</strong></span> <span class='ocrx_word' id='word_1_105' title='bbox 1239 1237 1452 1293; x_wconf 83' lang='lat' dir='ltr'><strong>retrahi</strong></span> <span class='ocrx_word' id='word_1_106' title='bbox 1479 1242 1736 1306; x_wconf 91' lang='lat' dir='ltr'><strong>possunt,</strong></span> <span class='ocrx_word' id='word_1_107' title='bbox 1764 1236 1832 1290; x_wconf 89' lang='lat' dir='ltr'><strong>ad</strong></span> <span class='ocrx_word' id='word_1_108' title='bbox 1856 1235 2080 1290; x_wconf 90' lang='lat' dir='ltr'><strong>clerica-</strong></span> 
     </span>
    </p>
   </div>
   <div class='ocr_carea' id='block_1_15' title="bbox 441 1323 2086 1399">
    <p class='ocr_par' dir='ltr' id='par_1_15' title="bbox 441 1323 2086 1399">
     <span class='ocr_line' id='line_1_15' title="bbox 441 1323 2086 1399; baseline -0.006 -11"><span class='ocrx_word' id='word_1_109' title='bbox 441 1341 560 1388; x_wconf 90' lang='lat' dir='ltr'><strong>tum</strong></span> <span class='ocrx_word' id='word_1_110' title='bbox 589 1330 970 1386; x_wconf 87' lang='lat' dir='ltr'><strong>admittantur</strong></span> <span class='ocrx_word' id='word_1_111' title='bbox 1010 1325 1166 1399; x_wconf 90' lang='lat' dir='ltr'><strong>(dist.</strong></span> <span class='ocrx_word' id='word_1_112' title='bbox 1209 1325 1297 1397; x_wconf 80' lang='grc'>54,</span> <span class='ocrx_word' id='word_1_113' title='bbox 1343 1341 1392 1381; x_wconf 92' lang='lat' dir='ltr'><strong>c.</strong></span> <span class='ocrx_word' id='word_1_114' title='bbox 1453 1325 1817 1397; x_wconf 82' lang='lat' dir='ltr'><strong>Frequenter).</strong></span> <span class='ocrx_word' id='word_1_115' title='bbox 1875 1323 1958 1379; x_wconf 91' lang='lat'><strong>42.</strong></span> <span class='ocrx_word' id='word_1_116' title='bbox 2009 1325 2086 1379; x_wconf 88' lang='lat' dir='ltr'><strong>De</strong></span> 
     </span>
    </p>
   </div>
   <div class='ocr_carea' id='block_1_16' title="bbox 442 1413 2084 1492">
    <p class='ocr_par' dir='ltr' id='par_1_16' title="bbox 442 1413 2084 1492">
     <span class='ocr_line' id='line_1_16' title="bbox 442 1413 2084 1492; baseline -0.004 -17"><span class='ocrx_word' id='word_1_117' title='bbox 442 1419 767 1492; x_wconf 84' lang='lat' dir='ltr'><strong>virginibus</strong></span> <span class='ocrx_word' id='word_1_118' title='bbox 810 1417 1032 1488; x_wconf 88' lang='lat' dir='ltr'><strong>velatis,</strong></span> <span class='ocrx_word' id='word_1_119' title='bbox 1065 1417 1115 1472; x_wconf 89' lang='lat' dir='ltr'><strong>si</strong></span> <span class='ocrx_word' id='word_1_120' title='bbox 1149 1423 1341 1486; x_wconf 91' lang='lat' dir='ltr'><strong>postea</strong></span> <span class='ocrx_word' id='word_1_121' title='bbox 1379 1415 1607 1486; x_wconf 88' lang='lat' dir='ltr'><strong>publice</strong></span> <span class='ocrx_word' id='word_1_122' title='bbox 1649 1413 1974 1484; x_wconf 90' lang='lat' dir='ltr'><strong>nupserint,</strong></span> <span class='ocrx_word' id='word_1_123' title='bbox 2000 1413 2084 1468; x_wconf 89' lang='lat' dir='ltr'><strong>vel</strong></span> 
     </span>
    </p>
   </div>
   <div class='ocr_carea' id='block_1_17' title="bbox 440 1502 2090 1576">
    <p class='ocr_par' dir='ltr' id='par_1_17' title="bbox 440 1502 2090 1576">
     <span class='ocr_line' id='line_1_17' title="bbox 440 1502 2090 1576; baseline -0.005 -11"><span class='ocrx_word' id='word_1_124' title='bbox 440 1508 701 1566; x_wconf 87' lang='lat' dir='ltr'><strong>clanculo</strong></span> <span class='ocrx_word' id='word_1_125' title='bbox 723 1512 1005 1576; x_wconf 75' lang='lat' dir='ltr'><strong>corrupta:</strong></span> <span class='ocrx_word' id='word_1_126' title='bbox 1031 1504 1266 1576; x_wconf 88' lang='lat' dir='ltr'><strong>fuerint,</strong></span> <span class='ocrx_word' id='word_1_127' title='bbox 1301 1505 1613 1574; x_wconf 89' lang='lat' dir='ltr'><strong>mandavit,</strong></span> <span class='ocrx_word' id='word_1_128' title='bbox 1648 1517 1760 1559; x_wconf 94' lang='lat' dir='ltr'><strong>non</strong></span> <span class='ocrx_word' id='word_1_129' title='bbox 1788 1502 2090 1558; x_wconf 89' lang='lat' dir='ltr'><strong>admitten-</strong></span> 
     </span>
    </p>
   </div>
   <div class='ocr_carea' id='block_1_18' title="bbox 441 1590 2088 1668">
    <p class='ocr_par' dir='ltr' id='par_1_18' title="bbox 441 1590 2088 1668">
     <span class='ocr_line' id='line_1_18' title="bbox 441 1590 2088 1668; baseline -0.005 -14"><span class='ocrx_word' id='word_1_130' title='bbox 441 1601 545 1655; x_wconf 88' lang='lat' dir='ltr'><strong>das</strong></span> <span class='ocrx_word' id='word_1_131' title='bbox 563 1611 686 1653; x_wconf 90' lang='lat' dir='ltr'><strong>esse</strong></span> <span class='ocrx_word' id='word_1_132' title='bbox 706 1596 774 1652; x_wconf 89' lang='lat' dir='ltr'><strong>ad</strong></span> <span class='ocrx_word' id='word_1_133' title='bbox 803 1595 1074 1668; x_wconf 83' lang='lat' dir='ltr'><strong>agendam</strong></span> <span class='ocrx_word' id='word_1_134' title='bbox 1104 1593 1521 1664; x_wconf 71' lang='lat' dir='ltr'><strong>paenitentiam,</strong></span> <span class='ocrx_word' id='word_1_135' title='bbox 1546 1592 1660 1647; x_wconf 90' lang='lat' dir='ltr'><strong>nisi</strong></span> <span class='ocrx_word' id='word_1_136' title='bbox 1682 1592 1763 1662; x_wconf 89' lang='lat' dir='ltr'><strong>hi,</strong></span> <span class='ocrx_word' id='word_1_137' title='bbox 1792 1590 2007 1662; x_wconf 88' lang='lat' dir='ltr'><strong>quibus</strong></span> <span class='ocrx_word' id='word_1_138' title='bbox 2028 1603 2088 1645; x_wconf 91' lang='lat' dir='ltr'><strong>se</strong></span> 
     </span>
    </p>
   </div>
   <div class='ocr_carea' id='block_1_19' title="bbox 2202 430 3848 502">
    <p class='ocr_par' dir='ltr' id='par_1_19' title="bbox 2202 430 3848 502">
     <span class='ocr_line' id='line_1_19' title="bbox 2202 430 3848 502; baseline 0.004 -17"><span class='ocrx_word' id='word_1_139' title='bbox 2202 430 2439 487; x_wconf 87' lang='lat' dir='ltr'><strong>latentia</strong></span> <span class='ocrx_word' id='word_1_140' title='bbox 2472 439 2696 502; x_wconf 91' lang='lat' dir='ltr'><strong>peccata</strong></span> <span class='ocrx_word' id='word_1_141' title='bbox 2746 448 2854 491; x_wconf 93' lang='lat' dir='ltr'><strong>non</strong></span> <span class='ocrx_word' id='word_1_142' title='bbox 2890 435 3099 491; x_wconf 89' lang='lat' dir='ltr'><strong>habent</strong></span> <span class='ocrx_word' id='word_1_143' title='bbox 3145 436 3478 492; x_wconf 86' lang='lat' dir='ltr'><strong>vindictam.</strong></span> <span class='ocrx_word' id='word_1_144' title='bbox 3532 439 3656 492; x_wconf 79' lang='lat' dir='ltr'><strong>Non</strong></span> <span class='ocrx_word' id='word_1_145' title='bbox 3698 438 3848 492; x_wconf 90' lang='lat' dir='ltr'><strong>enim</strong></span> 
     </span>
    </p>
   </div>
   <div class='ocr_carea' id='block_1_20' title="bbox 2203 521 3853 594">
    <p class='ocr_par' dir='ltr' id='par_1_20' title="bbox 2203 521 3853 594">
     <span class='ocr_line' id='line_1_20' title="bbox 2203 521 3853 594; baseline 0.004 -20"><span class='ocrx_word' id='word_1_146' title='bbox 2203 521 2474 577; x_wconf 90' lang='lat' dir='ltr'><strong>mulieres</strong></span> <span class='ocrx_word' id='word_1_147' title='bbox 2490 523 2645 579; x_wconf 91' lang='lat' dir='ltr'><strong>viros</strong></span> <span class='ocrx_word' id='word_1_148' title='bbox 2661 537 2796 579; x_wconf 86' lang='lat' dir='ltr'><strong>suos</strong></span> <span class='ocrx_word' id='word_1_149' title='bbox 2813 522 2980 580; x_wconf 82' lang='lat' dir='ltr'><strong>facile</strong></span> <span class='ocrx_word' id='word_1_150' title='bbox 3002 526 3071 580; x_wconf 89' lang='lat' dir='ltr'><strong>de</strong></span> <span class='ocrx_word' id='word_1_151' title='bbox 3092 525 3396 594; x_wconf 90' lang='lat' dir='ltr'><strong>adulterio,</strong></span> <span class='ocrx_word' id='word_1_152' title='bbox 3422 527 3578 581; x_wconf 87' lang='lat' dir='ltr'><strong>sicut</strong></span> <span class='ocrx_word' id='word_1_153' title='bbox 3598 527 3712 582; x_wconf 91' lang='lat' dir='ltr'><strong>viri</strong></span> <span class='ocrx_word' id='word_1_154' title='bbox 3739 541 3853 581; x_wconf 90' lang='lat' dir='ltr'><strong>mu-</strong></span> 
     </span>
    </p>
   </div>
   <div class='ocr_carea' id='block_1_21' title="bbox 2202 611 3847 686">
    <p class='ocr_par' dir='ltr' id='par_1_21' title="bbox 2202 611 3847 686">
     <span class='ocr_line' id='line_1_21' title="bbox 2202 611 3847 686; baseline 0.004 -20"><span class='ocrx_word' id='word_1_155' title='bbox 2202 611 2372 666; x_wconf 88' lang='lat' dir='ltr'><strong>lieres</strong></span> <span class='ocrx_word' id='word_1_156' title='bbox 2405 619 2707 669; x_wconf 87' lang='lat' dir='ltr'><strong>accusant:</strong></span> <span class='ocrx_word' id='word_1_157' title='bbox 2745 614 2960 669; x_wconf 90' lang='lat' dir='ltr'><strong>idcirco</strong></span> <span class='ocrx_word' id='word_1_158' title='bbox 2991 615 3246 670; x_wconf 85' lang='lat' dir='ltr'><strong>virorum</strong></span> <span class='ocrx_word' id='word_1_159' title='bbox 3279 615 3488 671; x_wconf 87' lang='lat' dir='ltr'><strong>latente</strong></span> <span class='ocrx_word' id='word_1_160' title='bbox 3518 617 3847 686; x_wconf 88' lang='lat' dir='ltr'><strong>commisso,</strong></span> 
     </span>
    </p>
   </div>
   <div class='ocr_carea' id='block_1_22' title="bbox 2202 699 3854 774">
    <p class='ocr_par' dir='ltr' id='par_1_22' title="bbox 2202 699 3854 774">
     <span class='ocr_line' id='line_1_22' title="bbox 2202 699 3854 774; baseline 0.004 -20"><span class='ocrx_word' id='word_1_161' title='bbox 2202 714 2313 755; x_wconf 93' lang='lat' dir='ltr'><strong>non</strong></span> <span class='ocrx_word' id='word_1_162' title='bbox 2333 699 2499 756; x_wconf 88' lang='lat' dir='ltr'><strong>facile</strong></span> <span class='ocrx_word' id='word_1_163' title='bbox 2521 703 2826 772; x_wconf 89' lang='lat' dir='ltr'><strong>quisquam</strong></span> <span class='ocrx_word' id='word_1_164' title='bbox 2847 716 3042 759; x_wconf 91' lang='lat' dir='ltr'><strong>eorum</strong></span> <span class='ocrx_word' id='word_1_165' title='bbox 3069 717 3135 759; x_wconf 89' lang='lat' dir='ltr'><strong>ex</strong></span> <span class='ocrx_word' id='word_1_166' title='bbox 3164 704 3602 774; x_wconf 88' lang='lat' dir='ltr'><strong>suspicionibus</strong></span> <span class='ocrx_word' id='word_1_167' title='bbox 3627 705 3854 761; x_wconf 91' lang='lat' dir='ltr'><strong>submo-</strong></span> 
     </span>
    </p>
   </div>
   <div class='ocr_carea' id='block_1_23' title="bbox 2204 790 3854 866">
    <p class='ocr_par' dir='ltr' id='par_1_23' title="bbox 2204 790 3854 866">
     <span class='ocr_line' id='line_1_23' title="bbox 2204 790 3854 866; baseline 0.004 -22"><span class='ocrx_word' id='word_1_168' title='bbox 2204 795 2402 861; x_wconf 78' lang='lat' dir='ltr'><strong>vetur;</strong></span> <span class='ocrx_word' id='word_1_169' title='bbox 2435 790 2866 847; x_wconf 89' lang='lat' dir='ltr'><strong>submovebitur</strong></span> <span class='ocrx_word' id='word_1_170' title='bbox 2889 806 3096 862; x_wconf 87' lang='lat' dir='ltr'><strong>auIem,</strong></span> <span class='ocrx_word' id='word_1_171' title='bbox 3129 793 3180 849; x_wconf 90' lang='lat' dir='ltr'><strong>si</strong></span> <span class='ocrx_word' id='word_1_172' title='bbox 3211 795 3336 862; x_wconf 85' lang='lat' dir='ltr'><strong>ejus</strong></span> <span class='ocrx_word' id='word_1_173' title='bbox 3361 795 3649 866; x_wconf 84' lang='lat' dir='ltr'><strong>flagitium</strong></span> <span class='ocrx_word' id='word_1_174' title='bbox 3678 793 3854 850; x_wconf 88' lang='lat' dir='ltr'><strong>fuerit</strong></span> 
     </span>
    </p>
   </div>
   <div class='ocr_carea' id='block_1_24' title="bbox 2200 878 3855 953">
    <p class='ocr_par' dir='ltr' id='par_1_24' title="bbox 2200 878 3855 953">
     <span class='ocr_line' id='line_1_24' title="bbox 2200 878 3855 953; baseline 0.004 -20"><span class='ocrx_word' id='word_1_175' title='bbox 2200 878 2504 935; x_wconf 91' lang='lat' dir='ltr'><strong>detectum.</strong></span> <span class='ocrx_word' id='word_1_176' title='bbox 2537 881 2640 936; x_wconf 91' lang='lat' dir='ltr'><strong>Sed</strong></span> <span class='ocrx_word' id='word_1_177' title='bbox 2674 881 2936 951; x_wconf 90' lang='lat' dir='ltr'><strong>quamvis</strong></span> <span class='ocrx_word' id='word_1_178' title='bbox 2970 895 3072 952; x_wconf 91' lang='lat' dir='ltr'><strong>par</strong></span> <span class='ocrx_word' id='word_1_179' title='bbox 3105 882 3184 937; x_wconf 88' lang='lat' dir='ltr'><strong>sit</strong></span> <span class='ocrx_word' id='word_1_180' title='bbox 3206 896 3397 953; x_wconf 89' lang='lat' dir='ltr'><strong>causa,</strong></span> <span class='ocrx_word' id='word_1_181' title='bbox 3432 884 3727 940; x_wconf 87' lang='lat' dir='ltr'><strong>interdum</strong></span> <span class='ocrx_word' id='word_1_182' title='bbox 3758 891 3855 939; x_wconf 82' lang='lat' dir='ltr'><strong>ta-</strong></span> 
     </span>
    </p>
   </div>
   <div class='ocr_carea' id='block_1_25' title="bbox 2202 967 3848 1042">
    <p class='ocr_par' dir='ltr' id='par_1_25' title="bbox 2202 967 3848 1042">
     <span class='ocr_line' id='line_1_25' title="bbox 2202 967 3848 1042; baseline 0.003 -21"><span class='ocrx_word' id='word_1_183' title='bbox 2202 979 2326 1022; x_wconf 90' lang='lat' dir='ltr'><strong>men</strong></span> <span class='ocrx_word' id='word_1_184' title='bbox 2353 967 2688 1037; x_wconf 88' lang='lat' dir='ltr'><strong>probatione</strong></span> <span class='ocrx_word' id='word_1_185' title='bbox 2711 975 2968 1026; x_wconf 83' lang='lat' dir='ltr'><strong>cessante</strong></span> <span class='ocrx_word' id='word_1_186' title='bbox 2997 970 3267 1026; x_wconf 73' lang='lat' dir='ltr'><strong>vindicta:</strong></span> <span class='ocrx_word' id='word_1_187' title='bbox 3291 971 3438 1028; x_wconf 90' lang='lat' dir='ltr'><strong>ratio</strong></span> <span class='ocrx_word' id='word_1_188' title='bbox 3463 973 3848 1042; x_wconf 85' lang='lat' dir='ltr'><strong>conquiescit.</strong></span> 
     </span>
    </p>
   </div>
   <div class='ocr_carea' id='block_1_26' title="bbox 2269 1053 3852 1131">
    <p class='ocr_par' dir='ltr' id='par_1_26' title="bbox 2269 1053 3852 1131">
     <span class='ocr_line' id='line_1_26' title="bbox 2269 1053 3852 1131; baseline 0.004 -20"><span class='ocrx_word' id='word_1_189' title='bbox 2269 1053 2319 1111; x_wconf 77' lang='grc'>4.</span> <span class='ocrx_word' id='word_1_190' title='bbox 2359 1055 2522 1113; x_wconf 88' lang='lat' dir='ltr'><strong>illum</strong></span> <span class='ocrx_word' id='word_1_191' title='bbox 2566 1072 2696 1114; x_wconf 91' lang='lat' dir='ltr'><strong>vero</strong></span> <span class='ocrx_word' id='word_1_192' title='bbox 2724 1056 2832 1129; x_wconf 84' lang='lat'><strong>(23,</strong></span> <span class='ocrx_word' id='word_1_193' title='bbox 2880 1075 2932 1129; x_wconf 92' lang='lat' dir='ltr'><strong>q.</strong></span> <span class='ocrx_word' id='word_1_194' title='bbox 2963 1057 3015 1129; x_wconf 80' lang='grc'><strong>4,</strong></span> <span class='ocrx_word' id='word_1_195' title='bbox 3059 1075 3109 1116; x_wconf 93' lang='lat' dir='ltr'><strong>c.</strong></span> <span class='ocrx_word' id='word_1_196' title='bbox 3136 1061 3326 1130; x_wconf 85' lang='lat' dir='ltr'><strong>Illud),</strong></span> <span class='ocrx_word' id='word_1_197' title='bbox 3371 1061 3472 1131; x_wconf 92' lang='lat' dir='ltr'><strong>qui</strong></span> <span class='ocrx_word' id='word_1_198' title='bbox 3525 1075 3725 1131; x_wconf 81' lang='lat' dir='ltr'><strong>preces</strong></span> <span class='ocrx_word' id='word_1_199' title='bbox 3752 1062 3852 1117; x_wconf 89' lang='lat' dir='ltr'><strong>di—</strong></span> 
     </span>
    </p>
   </div>
   <div class='ocr_carea' id='block_1_27' title="bbox 2198 1145 3849 1221">
    <p class='ocr_par' dir='ltr' id='par_1_27' title="bbox 2198 1145 3849 1221">
     <span class='ocr_line' id='line_1_27' title="bbox 2198 1145 3849 1221; baseline 0.004 -22"><span class='ocrx_word' id='word_1_200' title='bbox 2198 1149 2332 1215; x_wconf 90' lang='lat' dir='ltr'><strong>ctat,</strong></span> <span class='ocrx_word' id='word_1_201' title='bbox 2364 1151 2419 1200; x_wconf 91' lang='lat' dir='ltr'><strong>et</strong></span> <span class='ocrx_word' id='word_1_202' title='bbox 2456 1145 2707 1216; x_wconf 88' lang='lat' dir='ltr'><strong>alicujus</strong></span> <span class='ocrx_word' id='word_1_203' title='bbox 2747 1153 2981 1204; x_wconf 87' lang='lat' dir='ltr'><strong>mortem</strong></span> <span class='ocrx_word' id='word_1_204' title='bbox 3023 1149 3105 1204; x_wconf 90' lang='lat' dir='ltr'><strong>vel</strong></span> <span class='ocrx_word' id='word_1_205' title='bbox 3150 1150 3487 1221; x_wconf 90' lang='lat' dir='ltr'><strong>sanguinem</strong></span> <span class='ocrx_word' id='word_1_206' title='bbox 3531 1151 3604 1205; x_wconf 92' lang='lat' dir='ltr'><strong>de</strong></span> <span class='ocrx_word' id='word_1_207' title='bbox 3631 1157 3792 1206; x_wconf 88' lang='lat' dir='ltr'><strong>reatu</strong></span> <span class='ocrx_word' id='word_1_208' title='bbox 3818 1165 3849 1205; x_wconf 86' lang='lat' dir='ltr'><strong>a</strong></span> 
     </span>
    </p>
   </div>
   <div class='ocr_carea' id='block_1_28' title="bbox 2199 1233 3846 1311">
    <p class='ocr_par' dir='ltr' id='par_1_28' title="bbox 2199 1233 3846 1311">
     <span class='ocr_line' id='line_1_28' title="bbox 2199 1233 3846 1311; baseline 0.005 -23"><span class='ocrx_word' id='word_1_209' title='bbox 2199 1233 2562 1304; x_wconf 89' lang='lat' dir='ltr'><strong>principibus</strong></span> <span class='ocrx_word' id='word_1_210' title='bbox 2602 1237 2806 1307; x_wconf 89' lang='lat' dir='ltr'><strong>poscit,</strong></span> <span class='ocrx_word' id='word_1_211' title='bbox 2841 1237 3145 1294; x_wconf 91' lang='lat' dir='ltr'><strong>immunem</strong></span> <span class='ocrx_word' id='word_1_212' title='bbox 3189 1253 3312 1294; x_wconf 90' lang='lat' dir='ltr'><strong>esse</strong></span> <span class='ocrx_word' id='word_1_213' title='bbox 3339 1239 3506 1309; x_wconf 85' lang='lat' dir='ltr'><strong>dicit,</strong></span> <span class='ocrx_word' id='word_1_214' title='bbox 3553 1240 3685 1295; x_wconf 87' lang='lat' dir='ltr'><strong>ideo</strong></span> <span class='ocrx_word' id='word_1_215' title='bbox 3715 1242 3846 1311; x_wconf 86' lang='lat' dir='ltr'><strong>quia</strong></span> 
     </span>
    </p>
   </div>
   <div class='ocr_carea' id='block_1_29' title="bbox 2199 1323 3845 1397">
    <p class='ocr_par' dir='ltr' id='par_1_29' title="bbox 2199 1323 3845 1397">
     <span class='ocr_line' id='line_1_29' title="bbox 2199 1323 3845 1397; baseline 0.004 -20"><span class='ocrx_word' id='word_1_216' title='bbox 2199 1323 2489 1392; x_wconf 87' lang='lat' dir='ltr'><strong>principes</strong></span> <span class='ocrx_word' id='word_1_217' title='bbox 2512 1338 2802 1395; x_wconf 91' lang='lat' dir='ltr'><strong>nunquam</strong></span> <span class='ocrx_word' id='word_1_218' title='bbox 2838 1326 2964 1381; x_wconf 88' lang='lat' dir='ltr'><strong>sine</strong></span> <span class='ocrx_word' id='word_1_219' title='bbox 2988 1327 3317 1397; x_wconf 87' lang='lat' dir='ltr'><strong>cognitione</strong></span> <span class='ocrx_word' id='word_1_220' title='bbox 3359 1329 3725 1397; x_wconf 85' lang='lat' dir='ltr'><strong>concedunt;</strong></span> <span class='ocrx_word' id='word_1_221' title='bbox 3754 1330 3845 1384; x_wconf 88' lang='lat' dir='ltr'><strong>sed</strong></span> 
     </span>
    </p>
   </div>
   <div class='ocr_carea' id='block_1_30' title="bbox 2197 1413 3853 1488">
    <p class='ocr_par' dir='ltr' id='par_1_30' title="bbox 2197 1413 3853 1488">
     <span class='ocr_line' id='line_1_30' title="bbox 2197 1413 3853 1488; baseline 0.004 -21"><span class='ocrx_word' id='word_1_222' title='bbox 2197 1413 2264 1468; x_wconf 92' lang='lat' dir='ltr'><strong>ad</strong></span> <span class='ocrx_word' id='word_1_223' title='bbox 2287 1413 2514 1482; x_wconf 90' lang='lat' dir='ltr'><strong>judices</strong></span> <span class='ocrx_word' id='word_1_224' title='bbox 2537 1416 2842 1472; x_wconf 90' lang='lat' dir='ltr'><strong>commissa</strong></span> <span class='ocrx_word' id='word_1_225' title='bbox 2870 1417 2993 1486; x_wconf 90' lang='lat' dir='ltr'><strong>ipsa</strong></span> <span class='ocrx_word' id='word_1_226' title='bbox 3014 1416 3096 1472; x_wconf 90' lang='lat' dir='ltr'><strong>vel</strong></span> <span class='ocrx_word' id='word_1_227' title='bbox 3127 1417 3374 1473; x_wconf 90' lang='lat' dir='ltr'><strong>crimina</strong></span> <span class='ocrx_word' id='word_1_228' title='bbox 3397 1431 3624 1488; x_wconf 83' lang='lat' dir='ltr'><strong>semper</strong></span> <span class='ocrx_word' id='word_1_229' title='bbox 3646 1419 3853 1474; x_wconf 89' lang='lat' dir='ltr'><strong>remit-</strong></span> 
     </span>
    </p>
   </div>
   <div class='ocr_carea' id='block_1_31' title="bbox 2200 1503 3846 1578">
    <p class='ocr_par' dir='ltr' id='par_1_31' title="bbox 2200 1503 3846 1578">
     <span class='ocr_line' id='line_1_31' title="bbox 2200 1503 3846 1578; baseline 0.004 -21"><span class='ocrx_word' id='word_1_230' title='bbox 2200 1507 2346 1572; x_wconf 77' lang='lat' dir='ltr'><strong>tunt,</strong></span> <span class='ocrx_word' id='word_1_231' title='bbox 2373 1508 2436 1558; x_wconf 93' lang='lat' dir='ltr'><strong>ut</strong></span> <span class='ocrx_word' id='word_1_232' title='bbox 2453 1503 2680 1575; x_wconf 89' lang='lat' dir='ltr'><strong>cognita</strong></span> <span class='ocrx_word' id='word_1_233' title='bbox 2702 1518 2872 1561; x_wconf 90' lang='lat' dir='ltr'><strong>causa</strong></span> <span class='ocrx_word' id='word_1_234' title='bbox 2893 1504 3203 1561; x_wconf 88' lang='lat' dir='ltr'><strong>vindicent.</strong></span> <span class='ocrx_word' id='word_1_235' title='bbox 3232 1506 3367 1576; x_wconf 65' lang='lat' dir='ltr'><strong>Quae</strong></span> <span class='ocrx_word' id='word_1_236' title='bbox 3391 1521 3521 1563; x_wconf 90' lang='lat' dir='ltr'><strong>cum</strong></span> <span class='ocrx_word' id='word_1_237' title='bbox 3547 1509 3846 1578; x_wconf 69' lang='lat' dir='ltr'><strong>qumsitori</strong></span> 
     </span>
    </p>
   </div>
   <div class='ocr_carea' id='block_1_32' title="bbox 2197 1588 3852 1667">
    <p class='ocr_par' dir='ltr' id='par_1_32' title="bbox 2197 1588 3852 1667">
     <span class='ocr_line' id='line_1_32' title="bbox 2197 1588 3852 1667; baseline 0.005 -21"><span class='ocrx_word' id='word_1_238' title='bbox 2197 1588 2417 1647; x_wconf 87' lang='lat' dir='ltr'><strong>fuerint</strong></span> <span class='ocrx_word' id='word_1_239' title='bbox 2434 1593 2709 1665; x_wconf 86' lang='lat' dir='ltr'><strong>delegata,</strong></span> <span class='ocrx_word' id='word_1_240' title='bbox 2741 1600 2843 1650; x_wconf 91' lang='lat' dir='ltr'><strong>aut</strong></span> <span class='ocrx_word' id='word_1_241' title='bbox 2861 1595 3168 1664; x_wconf 91' lang='lat' dir='ltr'><strong>absolutio,</strong></span> <span class='ocrx_word' id='word_1_242' title='bbox 3191 1600 3292 1650; x_wconf 90' lang='lat' dir='ltr'><strong>aut</strong></span> <span class='ocrx_word' id='word_1_243' title='bbox 3309 1596 3608 1652; x_wconf 88' lang='lat' dir='ltr'><strong>damnatio</strong></span> <span class='ocrx_word' id='word_1_244' title='bbox 3639 1611 3744 1667; x_wconf 86' lang='lat' dir='ltr'><strong>pro</strong></span> <span class='ocrx_word' id='word_1_245' title='bbox 3766 1612 3852 1654; x_wconf 86' lang='lat' dir='ltr'><strong>ne-</strong></span> 
     </span>
    </p>
   </div>
   <div class='ocr_carea' id='block_1_33' title="bbox 435 1679 3850 1761">
    <p class='ocr_par' dir='ltr' id='par_1_33' title="bbox 435 1679 3850 1761">
     <span class='ocr_line' id='line_1_33' title="bbox 435 1679 3850 1761; baseline -0.001 -15"><span class='ocrx_word' id='word_1_246' title='bbox 435 1692 766 1761; x_wconf 89' lang='lat' dir='ltr'><strong>junxerant,</strong></span> <span class='ocrx_word' id='word_1_247' title='bbox 795 1687 864 1742; x_wconf 92' lang='lat' dir='ltr'><strong>de</strong></span> <span class='ocrx_word' id='word_1_248' title='bbox 909 1684 1119 1740; x_wconf 90' lang='lat' dir='ltr'><strong>mundo</strong></span> <span class='ocrx_word' id='word_1_249' title='bbox 1162 1683 1500 1740; x_wconf 87' lang='lat' dir='ltr'><strong>recesserint</strong></span> <span class='ocrx_word' id='word_1_250' title='bbox 1531 1679 1637 1753; x_wconf 83' lang='lat'><strong>(27,</strong></span> <span class='ocrx_word' id='word_1_251' title='bbox 1685 1698 1736 1753; x_wconf 92' lang='lat' dir='ltr'><strong>q.</strong></span> <span class='ocrx_word' id='word_1_252' title='bbox 1784 1679 1833 1750; x_wconf 92' lang='lat'><strong>4,</strong></span> <span class='ocrx_word' id='word_1_253' title='bbox 1867 1696 1918 1737; x_wconf 91' lang='lat' dir='ltr'><strong>c.</strong></span> <span class='ocrx_word' id='word_1_254' title='bbox 1961 1681 2088 1747; x_wconf 73' lang='lat' dir='ltr'><strong>Quae</strong></span> <span class='ocrx_word' id='word_1_255' title='bbox 2118 1683 2171 1744; x_wconf 94' lang='lat' dir='ltr'>B</span> <span class='ocrx_word' id='word_1_256' title='bbox 2195 1681 2340 1752; x_wconf 79' lang='lat' dir='ltr'><strong>gotii</strong></span> <span class='ocrx_word' id='word_1_257' title='bbox 2369 1682 2649 1752; x_wconf 89' lang='lat' dir='ltr'><strong>qualitate</strong></span> <span class='ocrx_word' id='word_1_258' title='bbox 2671 1683 3232 1755; x_wconf 79' lang='lat' dir='ltr'><strong>profertur;ctdum</strong></span> <span class='ocrx_word' id='word_1_259' title='bbox 3260 1685 3444 1756; x_wconf 89' lang='lat' dir='ltr'><strong>legum</strong></span> <span class='ocrx_word' id='word_1_260' title='bbox 3473 1686 3850 1758; x_wconf 85' lang='lat' dir='ltr'><strong>inimprobos</strong></span> 
     </span>
    </p>
   </div>
   <div class='ocr_carea' id='block_1_34' title="bbox 441 1770 2088 1849">
    <p class='ocr_par' dir='ltr' id='par_1_34' title="bbox 441 1770 2088 1849">
     <span class='ocr_line' id='line_1_34' title="bbox 441 1770 2088 1849; baseline -0.005 -15"><span class='ocrx_word' id='word_1_261' title='bbox 441 1777 687 1849; x_wconf 78' lang='lat' dir='ltr'><strong>Christo),</strong></span> <span class='ocrx_word' id='word_1_262' title='bbox 724 1777 857 1846; x_wconf 90' lang='lat' dir='ltr'><strong>quia</strong></span> <span class='ocrx_word' id='word_1_263' title='bbox 874 1776 990 1844; x_wconf 91' lang='lat' dir='ltr'><strong>jam</strong></span> <span class='ocrx_word' id='word_1_264' title='bbox 1012 1774 1082 1829; x_wconf 92' lang='lat' dir='ltr'><strong>de</strong></span> <span class='ocrx_word' id='word_1_265' title='bbox 1115 1773 1282 1828; x_wconf 91' lang='lat' dir='ltr'><strong>laieis</strong></span> <span class='ocrx_word' id='word_1_266' title='bbox 1307 1772 1589 1828; x_wconf 90' lang='lat' dir='ltr'><strong>adulteris</strong></span> <span class='ocrx_word' id='word_1_267' title='bbox 1619 1771 1736 1826; x_wconf 65' lang='lat' dir='ltr'><strong>haec</strong></span> <span class='ocrx_word' id='word_1_268' title='bbox 1766 1770 1946 1826; x_wconf 91' lang='lat' dir='ltr'><strong>forma</strong></span> <span class='ocrx_word' id='word_1_269' title='bbox 1976 1784 2088 1826; x_wconf 84' lang='lat' dir='ltr'><strong>ser-</strong></span> 
     </span>
    </p>
   </div>
   <div class='ocr_carea' id='block_1_35' title="bbox 441 1860 2085 1923">
    <p class='ocr_par' dir='ltr' id='par_1_35' title="bbox 441 1860 2085 1923">
     <span class='ocr_line' id='line_1_35' title="bbox 441 1860 2085 1923; baseline -0.005 0"><span class='ocrx_word' id='word_1_270' title='bbox 441 1874 624 1923; x_wconf 88' lang='lat' dir='ltr'><strong>vatur.</strong></span> <span class='ocrx_word' id='word_1_271' title='bbox 657 1865 946 1920; x_wconf 89' lang='lat' dir='ltr'><strong>Sententia</strong></span> <span class='ocrx_word' id='word_1_272' title='bbox 966 1869 1154 1918; x_wconf 90' lang='lat' dir='ltr'><strong>autem</strong></span> <span class='ocrx_word' id='word_1_273' title='bbox 1186 1863 1294 1918; x_wconf 91' lang='lat' dir='ltr'><strong>ista</strong></span> <span class='ocrx_word' id='word_1_274' title='bbox 1324 1862 1485 1917; x_wconf 89' lang='lat' dir='ltr'><strong>valde</strong></span> <span class='ocrx_word' id='word_1_275' title='bbox 1515 1874 1704 1917; x_wconf 90' lang='lat' dir='ltr'><strong>severa</strong></span> <span class='ocrx_word' id='word_1_276' title='bbox 1748 1864 1804 1915; x_wconf 91' lang='lat' dir='ltr'><strong>et</strong></span> <span class='ocrx_word' id='word_1_277' title='bbox 1835 1860 2085 1916; x_wconf 90' lang='lat' dir='ltr'><strong>timenda</strong></span> 
     </span>
    </p>
   </div>
   <div class='ocr_carea' id='block_1_36' title="bbox 443 1949 2086 2026">
    <p class='ocr_par' dir='ltr' id='par_1_36' title="bbox 443 1949 2086 2026">
     <span class='ocr_line' id='line_1_36' title="bbox 443 1949 2086 2026; baseline -0.005 -13"><span class='ocrx_word' id='word_1_278' title='bbox 443 1957 639 2026; x_wconf 91' lang='lat' dir='ltr'><strong>nimis,</strong></span> <span class='ocrx_word' id='word_1_279' title='bbox 667 1968 836 2026; x_wconf 89' lang='lat' dir='ltr'><strong>quam</strong></span> <span class='ocrx_word' id='word_1_280' title='bbox 870 1953 1180 2009; x_wconf 91' lang='lat' dir='ltr'><strong>multorum</strong></span> <span class='ocrx_word' id='word_1_281' title='bbox 1205 1966 1344 2008; x_wconf 91' lang='lat' dir='ltr'><strong>casu</strong></span> <span class='ocrx_word' id='word_1_282' title='bbox 1367 1952 1580 2008; x_wconf 90' lang='lat' dir='ltr'><strong>nostris</strong></span> <span class='ocrx_word' id='word_1_283' title='bbox 1603 1949 1956 2021; x_wconf 90' lang='lat' dir='ltr'><strong>temporibus</strong></span> <span class='ocrx_word' id='word_1_284' title='bbox 1979 1963 2086 2005; x_wconf 87' lang='lat' dir='ltr'><strong>ne—</strong></span> 
     </span>
    </p>
   </div>
   <div class='ocr_carea' id='block_1_37' title="bbox 438 2038 2084 2114">
    <p class='ocr_par' dir='ltr' id='par_1_37' title="bbox 438 2038 2084 2114">
     <span class='ocr_line' id='line_1_37' title="bbox 438 2038 2084 2114; baseline -0.005 -13"><span class='ocrx_word' id='word_1_285' title='bbox 438 2045 687 2102; x_wconf 89' lang='lat' dir='ltr'><strong>cessario</strong></span> <span class='ocrx_word' id='word_1_286' title='bbox 721 2043 975 2114; x_wconf 85' lang='lat' dir='ltr'><strong>mitigari</strong></span> <span class='ocrx_word' id='word_1_287' title='bbox 1009 2040 1302 2112; x_wconf 86' lang='lat' dir='ltr'><strong>oportuit;</strong></span> <span class='ocrx_word' id='word_1_288' title='bbox 1341 2039 1601 2110; x_wconf 90' lang='lat' dir='ltr'><strong>alioquin</strong></span> <span class='ocrx_word' id='word_1_289' title='bbox 1637 2038 1804 2095; x_wconf 91' lang='lat' dir='ltr'><strong>multi</strong></span> <span class='ocrx_word' id='word_1_290' title='bbox 1831 2039 2084 2094; x_wconf 89' lang='lat' dir='ltr'><strong>salubris</strong></span> 
     </span>
    </p>
   </div>
   <div class='ocr_carea' id='block_1_38' title="bbox 438 2126 2084 2206">
    <p class='ocr_par' dir='ltr' id='par_1_38' title="bbox 438 2126 2084 2206">
     <span class='ocr_line' id='line_1_38' title="bbox 438 2126 2084 2206; baseline -0.005 -15"><span class='ocrx_word' id='word_1_291' title='bbox 438 2134 784 2206; x_wconf 73' lang='lat' dir='ltr'><strong>pmnitentiae</strong></span> <span class='ocrx_word' id='word_1_292' title='bbox 803 2131 1008 2188; x_wconf 90' lang='lat' dir='ltr'><strong>solatio</strong></span> <span class='ocrx_word' id='word_1_293' title='bbox 1024 2131 1288 2186; x_wconf 89' lang='lat' dir='ltr'><strong>destituti</strong></span> <span class='ocrx_word' id='word_1_294' title='bbox 1307 2126 1490 2203; x_wconf 89' lang='lat' dir='ltr'><strong>[forte]</strong></span> <span class='ocrx_word' id='word_1_295' title='bbox 1513 2129 1891 2198; x_wconf 75' lang='lat' dir='ltr'><strong>imptnnitenti</strong></span> <span class='ocrx_word' id='word_1_296' title='bbox 1914 2127 2084 2185; x_wconf 92' lang='lat' dir='ltr'><strong>corde</strong></span> 
     </span>
    </p>
   </div>
   <div class='ocr_carea' id='block_1_39' title="bbox 437 2219 2086 2290">
    <p class='ocr_par' dir='ltr' id='par_1_39' title="bbox 437 2219 2086 2290">
     <span class='ocr_line' id='line_1_39' title="bbox 437 2219 2086 2290; baseline -0.004 -10"><span class='ocrx_word' id='word_1_297' title='bbox 437 2225 608 2280; x_wconf 85' lang='lat' dir='ltr'><strong>vitam</strong></span> <span class='ocrx_word' id='word_1_298' title='bbox 640 2224 888 2278; x_wconf 78' lang='lat' dir='ltr'><strong>finirent.</strong></span> <span class='ocrx_word' id='word_1_299' title='bbox 927 2219 1009 2276; x_wconf 90' lang='lat'><strong>43.</strong></span> <span class='ocrx_word' id='word_1_300' title='bbox 1051 2221 1152 2276; x_wconf 88' lang='lat' dir='ltr'><strong>Ilis</strong></span> <span class='ocrx_word' id='word_1_301' title='bbox 1180 2226 1370 2275; x_wconf 90' lang='lat' dir='ltr'><strong>autem</strong></span> <span class='ocrx_word' id='word_1_302' title='bbox 1402 2219 1749 2290; x_wconf 89' lang='lat' dir='ltr'><strong>virginibus,</strong></span> <span class='ocrx_word' id='word_1_303' title='bbox 1785 2233 1910 2290; x_wconf 72' lang='lat' dir='ltr'><strong>qua:</strong></span> <span class='ocrx_word' id='word_1_304' title='bbox 1933 2233 2086 2274; x_wconf 90' lang='lat' dir='ltr'><strong>non-</strong></span> 
     </span>
    </p>
   </div>
   <div class='ocr_carea' id='block_1_40' title="bbox 433 2307 2084 2382">
    <p class='ocr_par' dir='ltr' id='par_1_40' title="bbox 433 2307 2084 2382">
     <span class='ocr_line' id='line_1_40' title="bbox 433 2307 2084 2382; baseline -0.004 -11"><span class='ocrx_word' id='word_1_305' title='bbox 433 2317 569 2372; x_wconf 89' lang='lat' dir='ltr'><strong>dum</strong></span> <span class='ocrx_word' id='word_1_306' title='bbox 600 2313 796 2369; x_wconf 70' lang='lat' dir='ltr'><strong>velatae</strong></span> <span class='ocrx_word' id='word_1_307' title='bbox 824 2319 961 2368; x_wconf 89' lang='lat' dir='ltr'><strong>sunt</strong></span> <span class='ocrx_word' id='word_1_308' title='bbox 984 2308 1091 2382; x_wconf 83' lang='lat'><strong>(27,</strong></span> <span class='ocrx_word' id='word_1_309' title='bbox 1125 2327 1184 2382; x_wconf 91' lang='lat' dir='ltr'><strong>q.</strong></span> <span class='ocrx_word' id='word_1_310' title='bbox 1217 2307 1267 2381; x_wconf 89' lang='lat'><strong>4,</strong></span> <span class='ocrx_word' id='word_1_311' title='bbox 1295 2325 1345 2374; x_wconf 86' lang='lat' dir='ltr'><strong>c,</strong></span> <span class='ocrx_word' id='word_1_312' title='bbox 1386 2311 1465 2366; x_wconf 90' lang='lat' dir='ltr'><strong>Ne</strong></span> <span class='ocrx_word' id='word_1_313' title='bbox 1493 2314 1656 2382; x_wconf 78' lang='lat' dir='ltr'><strong>vero),</strong></span> <span class='ocrx_word' id='word_1_314' title='bbox 1693 2309 1789 2365; x_wconf 90' lang='lat' dir='ltr'><strong>sed</strong></span> <span class='ocrx_word' id='word_1_315' title='bbox 1826 2309 1884 2365; x_wconf 91' lang='lat' dir='ltr'><strong>in</strong></span> <span class='ocrx_word' id='word_1_316' title='bbox 1911 2310 2084 2382; x_wconf 89' lang='lat' dir='ltr'><strong>virgi-</strong></span> 
     </span>
    </p>
   </div>
   <div class='ocr_carea' id='block_1_41' title="bbox 433 2399 2077 2472">
    <p class='ocr_par' dir='ltr' id='par_1_41' title="bbox 433 2399 2077 2472">
     <span class='ocr_line' id='line_1_41' title="bbox 433 2399 2077 2472; baseline -0.004 -11"><span class='ocrx_word' id='word_1_317' title='bbox 433 2405 635 2461; x_wconf 86' lang='lat' dir='ltr'><strong>nitatis</strong></span> <span class='ocrx_word' id='word_1_318' title='bbox 667 2410 850 2459; x_wconf 89' lang='lat' dir='ltr'><strong>tamen</strong></span> <span class='ocrx_word' id='word_1_319' title='bbox 885 2402 1177 2472; x_wconf 89' lang='lat' dir='ltr'><strong>proposito</strong></span> <span class='ocrx_word' id='word_1_320' title='bbox 1207 2415 1265 2456; x_wconf 91' lang='lat' dir='ltr'><strong>se</strong></span> <span class='ocrx_word' id='word_1_321' title='bbox 1288 2413 1618 2471; x_wconf 87' lang='lat' dir='ltr'><strong>permanere</strong></span> <span class='ocrx_word' id='word_1_322' title='bbox 1643 2399 2077 2470; x_wconf 90' lang='lat' dir='ltr'><strong>simulaverunt,</strong></span> 
     </span>
    </p>
   </div>
   <div class='ocr_carea' id='block_1_42' title="bbox 432 2489 2078 2562">
    <p class='ocr_par' dir='ltr' id='par_1_42' title="bbox 432 2489 2078 2562">
     <span class='ocr_line' id='line_1_42' title="bbox 432 2489 2078 2562; baseline -0.003 -13"><span class='ocrx_word' id='word_1_323' title='bbox 432 2495 479 2549; x_wconf 89' lang='lat' dir='ltr'><strong>si</strong></span> <span class='ocrx_word' id='word_1_324' title='bbox 511 2493 657 2549; x_wconf 90' lang='lat' dir='ltr'><strong>forte</strong></span> <span class='ocrx_word' id='word_1_325' title='bbox 696 2491 1017 2562; x_wconf 91' lang='lat' dir='ltr'><strong>nupserint,</strong></span> <span class='ocrx_word' id='word_1_326' title='bbox 1050 2489 1350 2561; x_wconf 91' lang='lat' dir='ltr'><strong>aliquanto</strong></span> <span class='ocrx_word' id='word_1_327' title='bbox 1403 2494 1653 2559; x_wconf 91' lang='lat' dir='ltr'><strong>tempore</strong></span> <span class='ocrx_word' id='word_1_328' title='bbox 1684 2489 2078 2558; x_wconf 72' lang='lat' dir='ltr'><strong>pmnitentiam</strong></span> 
     </span>
    </p>
   </div>
   <div class='ocr_carea' id='block_1_43' title="bbox 430 2577 2078 2652">
    <p class='ocr_par' dir='ltr' id='par_1_43' title="bbox 430 2577 2078 2652">
     <span class='ocr_line' id='line_1_43' title="bbox 430 2577 2078 2652; baseline -0.001 -15"><span class='ocrx_word' id='word_1_329' title='bbox 430 2581 704 2652; x_wconf 84' lang='lat' dir='ltr'><strong>agendam</strong></span> <span class='ocrx_word' id='word_1_330' title='bbox 743 2594 866 2637; x_wconf 90' lang='lat' dir='ltr'><strong>esse</strong></span> <span class='ocrx_word' id='word_1_331' title='bbox 895 2580 1070 2636; x_wconf 89' lang='lat' dir='ltr'><strong>dicit:</strong></span> <span class='ocrx_word' id='word_1_332' title='bbox 1101 2579 1238 2650; x_wconf 90' lang='lat' dir='ltr'><strong>quia</strong></span> <span class='ocrx_word' id='word_1_333' title='bbox 1279 2577 1514 2649; x_wconf 89' lang='lat' dir='ltr'><strong>sponsio</strong></span> <span class='ocrx_word' id='word_1_334' title='bbox 1543 2591 1739 2634; x_wconf 90' lang='lat' dir='ltr'><strong>earum</strong></span> <span class='ocrx_word' id='word_1_335' title='bbox 1777 2591 1811 2632; x_wconf 91' lang='lat' dir='ltr'><strong>a</strong></span> <span class='ocrx_word' id='word_1_336' title='bbox 1835 2577 2078 2635; x_wconf 92' lang='lat' dir='ltr'><strong>Domino</strong></span> 
     </span>
    </p>
   </div>
   <div class='ocr_carea' id='block_1_44' title="bbox 431 2666 2076 2740">
    <p class='ocr_par' dir='ltr' id='par_1_44' title="bbox 431 2666 2076 2740">
     <span class='ocr_line' id='line_1_44' title="bbox 431 2666 2076 2740; baseline -0.002 -14"><span class='ocrx_word' id='word_1_337' title='bbox 431 2669 761 2726; x_wconf 82' lang='lat' dir='ltr'><strong>tenebatur:</strong></span> <span class='ocrx_word' id='word_1_338' title='bbox 788 2669 925 2740; x_wconf 90' lang='lat' dir='ltr'><strong>quia</strong></span> <span class='ocrx_word' id='word_1_339' title='bbox 945 2668 996 2724; x_wconf 88' lang='lat' dir='ltr'><strong>si</strong></span> <span class='ocrx_word' id='word_1_340' title='bbox 1020 2669 1110 2724; x_wconf 90' lang='lat' dir='ltr'><strong>vid</strong></span> <span class='ocrx_word' id='word_1_341' title='bbox 1121 2683 1225 2738; x_wconf 66' lang='lat' dir='ltr'><strong>uae,</strong></span> <span class='ocrx_word' id='word_1_342' title='bbox 1251 2683 1376 2738; x_wconf 80' lang='lat' dir='ltr'><strong>quae</strong></span> <span class='ocrx_word' id='word_1_343' title='bbox 1391 2681 1422 2722; x_wconf 93' lang='lat' dir='ltr'><strong>a</strong></span> <span class='ocrx_word' id='word_1_344' title='bbox 1443 2666 1763 2724; x_wconf 91' lang='lat' dir='ltr'><strong>vididuatis</strong></span> <span class='ocrx_word' id='word_1_345' title='bbox 1783 2667 2076 2736; x_wconf 89' lang='lat' dir='ltr'><strong>proposito</strong></span> 
     </span>
    </p>
   </div>
   <div class='ocr_carea' id='block_1_45' title="bbox 426 2755 2078 2828">
    <p class='ocr_par' dir='ltr' id='par_1_45' title="bbox 426 2755 2078 2828">
     <span class='ocr_line' id='line_1_45' title="bbox 426 2755 2078 2828; baseline -0.002 -13"><span class='ocrx_word' id='word_1_346' title='bbox 426 2759 838 2828; x_wconf 88' lang='lat' dir='ltr'><strong>discesserunt,</strong></span> <span class='ocrx_word' id='word_1_347' title='bbox 869 2758 1034 2826; x_wconf 80' lang='lat' dir='ltr'><strong>juxta</strong></span> <span class='ocrx_word' id='word_1_348' title='bbox 1053 2755 1388 2826; x_wconf 81' lang='lat' dir='ltr'><strong>Apostolum</strong></span> <span class='ocrx_word' id='word_1_349' title='bbox 1419 2755 1840 2810; x_wconf 89' lang='lat' dir='ltr'><strong>damnationem</strong></span> <span class='ocrx_word' id='word_1_350' title='bbox 1869 2755 2078 2811; x_wconf 91' lang='lat' dir='ltr'><strong>habent</strong></span> 
     </span>
    </p>
   </div>
   <div class='ocr_carea' id='block_1_46' title="bbox 423 2842 2070 2920">
    <p class='ocr_par' dir='ltr' id='par_1_46' title="bbox 423 2842 2070 2920">
     <span class='ocr_line' id='line_1_46' title="bbox 423 2842 2070 2920; baseline -0.001 -18"><span class='ocrx_word' id='word_1_351' title='bbox 423 2847 472 2918; x_wconf 90' lang='grc' dir='ltr'><strong>(Ι</strong></span> <span class='ocrx_word' id='word_1_352' title='bbox 513 2849 650 2901; x_wconf 79' lang='lat' dir='ltr'><strong>Tim.</strong></span> <span class='ocrx_word' id='word_1_353' title='bbox 706 2846 776 2920; x_wconf 94' lang='lat' dir='ltr'><strong>v),</strong></span> <span class='ocrx_word' id='word_1_354' title='bbox 841 2846 977 2916; x_wconf 89' lang='lat' dir='ltr'><strong>quia</strong></span> <span class='ocrx_word' id='word_1_355' title='bbox 1011 2845 1251 2914; x_wconf 91' lang='lat' dir='ltr'><strong>primam</strong></span> <span class='ocrx_word' id='word_1_356' title='bbox 1303 2843 1468 2899; x_wconf 85' lang='lat' dir='ltr'><strong>fidem</strong></span> <span class='ocrx_word' id='word_1_357' title='bbox 1515 2843 1740 2899; x_wconf 90' lang='lat' dir='ltr'><strong>irritam</strong></span> <span class='ocrx_word' id='word_1_358' title='bbox 1793 2842 2070 2915; x_wconf 90' lang='lat' dir='ltr'><strong>fecerunt,</strong></span> 
     </span>
    </p>
   </div>
   <div class='ocr_carea' id='block_1_47' title="bbox 2195 1775 3849 1846">
    <p class='ocr_par' dir='ltr' id='par_1_47' title="bbox 2195 1775 3849 1846">
     <span class='ocr_line' id='line_1_47' title="bbox 2195 1775 3849 1846; baseline 0.002 -18"><span class='ocrx_word' id='word_1_359' title='bbox 2195 1779 2490 1829; x_wconf 88' lang='lat' dir='ltr'><strong>exercetur</strong></span> <span class='ocrx_word' id='word_1_360' title='bbox 2517 1775 2851 1846; x_wconf 90' lang='lat' dir='ltr'><strong>auctoritas,</strong></span> <span class='ocrx_word' id='word_1_361' title='bbox 2881 1776 2992 1830; x_wconf 91' lang='lat' dir='ltr'><strong>erit</strong></span> <span class='ocrx_word' id='word_1_362' title='bbox 3017 1775 3265 1831; x_wconf 89' lang='lat' dir='ltr'><strong>dictator</strong></span> <span class='ocrx_word' id='word_1_363' title='bbox 3304 1775 3606 1830; x_wconf 91' lang='lat' dir='ltr'><strong>immunis.</strong></span> <span class='ocrx_word' id='word_1_364' title='bbox 3631 1775 3683 1830; x_wconf 89' lang='lat'><strong>6.</strong></span> <span class='ocrx_word' id='word_1_365' title='bbox 3718 1777 3849 1832; x_wconf 88' lang='lat' dir='ltr'><strong>Illos</strong></span> 
     </span>
    </p>
   </div>
   <div class='ocr_carea' id='block_1_48' title="bbox 2195 1863 3848 1934">
    <p class='ocr_par' dir='ltr' id='par_1_48' title="bbox 2195 1863 3848 1934">
     <span class='ocr_line' id='line_1_48' title="bbox 2195 1863 3848 1934; baseline 0.004 -18"><span class='ocrx_word' id='word_1_366' title='bbox 2195 1875 2346 1932; x_wconf 90' lang='lat' dir='ltr'><strong>vero,</strong></span> <span class='ocrx_word' id='word_1_367' title='bbox 2379 1863 2478 1932; x_wconf 92' lang='lat' dir='ltr'><strong>qui</strong></span> <span class='ocrx_word' id='word_1_368' title='bbox 2509 1863 2918 1919; x_wconf 89' lang='lat' dir='ltr'><strong>interveniente</strong></span> <span class='ocrx_word' id='word_1_369' title='bbox 2954 1864 3213 1934; x_wconf 89' lang='lat' dir='ltr'><strong>repudio,</strong></span> <span class='ocrx_word' id='word_1_370' title='bbox 3241 1864 3343 1919; x_wconf 91' lang='lat' dir='ltr'><strong>alii</strong></span> <span class='ocrx_word' id='word_1_371' title='bbox 3371 1877 3429 1920; x_wconf 86' lang='lat' dir='ltr'><strong>se</strong></span> <span class='ocrx_word' id='word_1_372' title='bbox 3475 1866 3848 1922; x_wconf 90' lang='lat' dir='ltr'><strong>matrimonio</strong></span> 
     </span>
    </p>
   </div>
   <div class='ocr_carea' id='block_1_49' title="bbox 2193 1949 3851 2024">
    <p class='ocr_par' dir='ltr' id='par_1_49' title="bbox 2193 1949 3851 2024">
     <span class='ocr_line' id='line_1_49' title="bbox 2193 1949 3851 2024; baseline 0.003 -19"><span class='ocrx_word' id='word_1_373' title='bbox 2193 1949 2539 2020; x_wconf 75' lang='lat' dir='ltr'><strong>copularint,</strong></span> <span class='ocrx_word' id='word_1_374' title='bbox 2562 1951 2803 2008; x_wconf 83' lang='lat' dir='ltr'><strong>afﬁrmat</strong></span> <span class='ocrx_word' id='word_1_375' title='bbox 2819 1953 3138 2010; x_wconf 91' lang='lat' dir='ltr'><strong>sinedubio</strong></span> <span class='ocrx_word' id='word_1_376' title='bbox 3162 1953 3220 2009; x_wconf 90' lang='lat' dir='ltr'><strong>in</strong></span> <span class='ocrx_word' id='word_1_377' title='bbox 3244 1959 3486 2024; x_wconf 90' lang='lat' dir='ltr'><strong>utraque</strong></span> <span class='ocrx_word' id='word_1_378' title='bbox 3509 1968 3673 2024; x_wconf 82' lang='lat' dir='ltr'><strong>parte</strong></span> <span class='ocrx_word' id='word_1_379' title='bbox 3692 1955 3851 2010; x_wconf 87' lang='lat' dir='ltr'><strong>adul-</strong></span> 
     </span>
    </p>
   </div>
   <div class='ocr_carea' id='block_1_50' title="bbox 2194 2043 3844 2114">
    <p class='ocr_par' dir='ltr' id='par_1_50' title="bbox 2194 2043 3844 2114">
     <span class='ocr_line' id='line_1_50' title="bbox 2194 2043 3844 2114; baseline 0.002 -19"><span class='ocrx_word' id='word_1_380' title='bbox 2194 2046 2346 2096; x_wconf 91' lang='lat' dir='ltr'><strong>teros</strong></span> <span class='ocrx_word' id='word_1_381' title='bbox 2371 2055 2530 2097; x_wconf 90' lang='lat' dir='ltr'><strong>esse:</strong></span> <span class='ocrx_word' id='word_1_382' title='bbox 2579 2043 2714 2112; x_wconf 87' lang='lat' dir='ltr'><strong>quia</strong></span> <span class='ocrx_word' id='word_1_383' title='bbox 2743 2044 3002 2114; x_wconf 89' lang='lat' dir='ltr'><strong>quamvis</strong></span> <span class='ocrx_word' id='word_1_384' title='bbox 3027 2044 3357 2114; x_wconf 89' lang='lat' dir='ltr'><strong>conjugium</strong></span> <span class='ocrx_word' id='word_1_385' title='bbox 3397 2043 3723 2100; x_wconf 77' lang='lat' dir='ltr'><strong>desolatam</strong></span> <span class='ocrx_word' id='word_1_386' title='bbox 3765 2046 3844 2099; x_wconf 87' lang='lat' dir='ltr'><strong>vel</strong></span> 
     </span>
    </p>
   </div>
   <div class='ocr_carea' id='block_1_51' title="bbox 2191 2128 3850 2203">
    <p class='ocr_par' dir='ltr' id='par_1_51' title="bbox 2191 2128 3850 2203">
     <span class='ocr_line' id='line_1_51' title="bbox 2191 2128 3850 2203; baseline 0.004 -20"><span class='ocrx_word' id='word_1_387' title='bbox 2191 2128 2538 2186; x_wconf 91' lang='lat' dir='ltr'><strong>dissolutum</strong></span> <span class='ocrx_word' id='word_1_388' title='bbox 2565 2145 2688 2187; x_wconf 90' lang='lat' dir='ltr'><strong>esse</strong></span> <span class='ocrx_word' id='word_1_389' title='bbox 2728 2133 3012 2203; x_wconf 90' lang='lat' dir='ltr'><strong>videatur,</strong></span> <span class='ocrx_word' id='word_1_390' title='bbox 3045 2146 3154 2188; x_wconf 92' lang='lat' dir='ltr'><strong>non</strong></span> <span class='ocrx_word' id='word_1_391' title='bbox 3188 2140 3424 2203; x_wconf 91' lang='lat' dir='ltr'><strong>possunt</strong></span> <span class='ocrx_word' id='word_1_392' title='bbox 3457 2138 3649 2188; x_wconf 88' lang='lat' dir='ltr'><strong>tamen</strong></span> <span class='ocrx_word' id='word_1_393' title='bbox 3676 2134 3850 2189; x_wconf 88' lang='lat' dir='ltr'><strong>adul—</strong></span> 
     </span>
    </p>
   </div>
   <div class='ocr_carea' id='block_1_52' title="bbox 2193 2220 3843 2293">
    <p class='ocr_par' dir='ltr' id='par_1_52' title="bbox 2193 2220 3843 2293">
     <span class='ocr_line' id='line_1_52' title="bbox 2193 2220 3843 2293; baseline 0.002 -19"><span class='ocrx_word' id='word_1_394' title='bbox 2193 2220 2300 2275; x_wconf 88' lang='lat' dir='ltr'><strong>teri</strong></span> <span class='ocrx_word' id='word_1_395' title='bbox 2330 2234 2440 2276; x_wconf 92' lang='lat' dir='ltr'><strong>non</strong></span> <span class='ocrx_word' id='word_1_396' title='bbox 2473 2221 2678 2292; x_wconf 91' lang='lat' dir='ltr'><strong>videri,</strong></span> <span class='ocrx_word' id='word_1_397' title='bbox 2712 2222 2810 2293; x_wconf 87' lang='lat' dir='ltr'><strong>qui</strong></span> <span class='ocrx_word' id='word_1_398' title='bbox 2841 2236 3016 2278; x_wconf 84' lang='lat' dir='ltr'><strong>uxore</strong></span> <span class='ocrx_word' id='word_1_399' title='bbox 3040 2223 3260 2278; x_wconf 89' lang='lat' dir='ltr'><strong>vivente</strong></span> <span class='ocrx_word' id='word_1_400' title='bbox 3276 2223 3345 2278; x_wconf 89' lang='lat' dir='ltr'><strong>ad</strong></span> <span class='ocrx_word' id='word_1_401' title='bbox 3377 2223 3554 2278; x_wconf 89' lang='lat' dir='ltr'><strong>aliam</strong></span> <span class='ocrx_word' id='word_1_402' title='bbox 3578 2223 3843 2293; x_wconf 85' lang='lat' dir='ltr'><strong>copulam</strong></span> 
     </span>
    </p>
   </div>
   <div class='ocr_carea' id='block_1_53' title="bbox 2193 2307 3846 2385">
    <p class='ocr_par' dir='ltr' id='par_1_53' title="bbox 2193 2307 3846 2385">
     <span class='ocr_line' id='line_1_53' title="bbox 2193 2307 3846 2385; baseline 0.003 -22"><span class='ocrx_word' id='word_1_403' title='bbox 2193 2307 2539 2366; x_wconf 87' lang='lat' dir='ltr'><strong>festinarunt</strong></span> <span class='ocrx_word' id='word_1_404' title='bbox 2579 2311 2794 2382; x_wconf 81' lang='lat' dir='ltr'><strong>(Matth.</strong></span> <span class='ocrx_word' id='word_1_405' title='bbox 2841 2312 2996 2385; x_wconf 72' lang='lat' dir='ltr'><strong>XIX):</strong></span> <span class='ocrx_word' id='word_1_406' title='bbox 3053 2313 3112 2368; x_wconf 92' lang='lat' dir='ltr'><strong>in</strong></span> <span class='ocrx_word' id='word_1_407' title='bbox 3165 2317 3405 2382; x_wconf 85' lang='lat' dir='ltr'><strong>tantum,</strong></span> <span class='ocrx_word' id='word_1_408' title='bbox 3459 2319 3525 2369; x_wconf 90' lang='lat' dir='ltr'><strong>ut</strong></span> <span class='ocrx_word' id='word_1_409' title='bbox 3553 2313 3735 2368; x_wconf 89' lang='lat' dir='ltr'><strong>etiam</strong></span> <span class='ocrx_word' id='word_1_410' title='bbox 3769 2314 3846 2368; x_wconf 66' lang='lat' dir='ltr'><strong>hae</strong></span> 
     </span>
    </p>
   </div>
   <div class='ocr_carea' id='block_1_54' title="bbox 2193 2401 3847 2472">
    <p class='ocr_par' dir='ltr' id='par_1_54' title="bbox 2193 2401 3847 2472">
     <span class='ocr_line' id='line_1_54' title="bbox 2193 2401 3847 2472; baseline 0.003 -18"><span class='ocrx_word' id='word_1_411' title='bbox 2193 2412 2464 2472; x_wconf 63' lang='lat' dir='ltr'><strong>personas,</strong></span> <span class='ocrx_word' id='word_1_412' title='bbox 2501 2401 2715 2472; x_wconf 90' lang='lat' dir='ltr'><strong>quibus</strong></span> <span class='ocrx_word' id='word_1_413' title='bbox 2747 2401 2891 2459; x_wconf 90' lang='lat' dir='ltr'><strong>tales</strong></span> <span class='ocrx_word' id='word_1_414' title='bbox 2923 2403 3241 2472; x_wconf 62' lang='lat' dir='ltr'><strong>conjuncta</strong></span> <span class='ocrx_word' id='word_1_415' title='bbox 3286 2409 3438 2472; x_wconf 91' lang='lat' dir='ltr'><strong>sunt,</strong></span> <span class='ocrx_word' id='word_1_416' title='bbox 3483 2403 3847 2459; x_wconf 86' lang='lat' dir='ltr'><strong>commisisse</strong></span> 
     </span>
    </p>
   </div>
   <div class='ocr_carea' id='block_1_55' title="bbox 2190 2488 2884 2547">
    <p class='ocr_par' dir='ltr' id='par_1_55' title="bbox 2190 2488 2884 2547">
     <span class='ocr_line' id='line_1_55' title="bbox 2190 2488 2884 2547; baseline 0.001 -4"><span class='ocrx_word' id='word_1_417' title='bbox 2190 2488 2490 2545; x_wconf 90' lang='lat' dir='ltr'><strong>videantur</strong></span> <span class='ocrx_word' id='word_1_418' title='bbox 2514 2490 2884 2547; x_wconf 90' lang='lat' dir='ltr'><strong>adulterium.</strong></span> 
     </span>
    </p>
   </div>
   <div class='ocr_carea' id='block_1_56' title="bbox 2262 2577 3846 2652">
    <p class='ocr_par' dir='ltr' id='par_1_56' title="bbox 2262 2577 3846 2652">
     <span class='ocr_line' id='line_1_56' title="bbox 2262 2577 3846 2652; baseline 0.003 -20"><span class='ocrx_word' id='word_1_419' title='bbox 2262 2577 2392 2633; x_wconf 90' lang='lat' dir='ltr'><strong>Item</strong></span> <span class='ocrx_word' id='word_1_420' title='bbox 2414 2579 2586 2634; x_wconf 85' lang='lat' dir='ltr'><strong>Felici</strong></span> <span class='ocrx_word' id='word_1_421' title='bbox 2611 2580 2930 2637; x_wconf 88' lang='lat' dir='ltr'><strong>Nuceriano</strong></span> <span class='ocrx_word' id='word_1_422' title='bbox 2943 2581 3210 2651; x_wconf 89' lang='lat' dir='ltr'><strong>episcopo</strong></span> <span class='ocrx_word' id='word_1_423' title='bbox 3229 2581 3688 2651; x_wconf 66' lang='lat' dir='ltr'><strong>praenominatus</strong></span> <span class='ocrx_word' id='word_1_424' title='bbox 3707 2596 3846 2652; x_wconf 85' lang='lat' dir='ltr'><strong>papa</strong></span> 
     </span>
    </p>
   </div>
   <div class='ocr_carea' id='block_1_57' title="bbox 2185 2666 3845 2742">
    <p class='ocr_par' dir='ltr' id='par_1_57' title="bbox 2185 2666 3845 2742">
     <span class='ocr_line' id='line_1_57' title="bbox 2185 2666 3845 2742; baseline 0.002 -20"><span class='ocrx_word' id='word_1_425' title='bbox 2185 2666 2359 2722; x_wconf 88' lang='lat' dir='ltr'><strong>aliam</strong></span> <span class='ocrx_word' id='word_1_426' title='bbox 2385 2669 2624 2738; x_wconf 89' lang='lat' dir='ltr'><strong>scripsit</strong></span> <span class='ocrx_word' id='word_1_427' title='bbox 2645 2669 2980 2726; x_wconf 89' lang='lat' dir='ltr'><strong>decretalem</strong></span> <span class='ocrx_word' id='word_1_428' title='bbox 3007 2670 3308 2740; x_wconf 90' lang='lat' dir='ltr'><strong>epistolam</strong></span> <span class='ocrx_word' id='word_1_429' title='bbox 3329 2668 3504 2741; x_wconf 82' lang='lat' dir='ltr'><strong>(epist.</strong></span> <span class='ocrx_word' id='word_1_430' title='bbox 3539 2667 3613 2741; x_wconf 72' lang='grc'>4),</span> <span class='ocrx_word' id='word_1_431' title='bbox 3649 2671 3710 2726; x_wconf 92' lang='lat' dir='ltr'><strong>in</strong></span> <span class='ocrx_word' id='word_1_432' title='bbox 3740 2684 3845 2742; x_wconf 83' lang='lat' dir='ltr'><strong>qua</strong></span> 
     </span>
    </p>
   </div>
   <div class='ocr_carea' id='block_1_58' title="bbox 2185 2757 3842 2829">
    <p class='ocr_par' dir='ltr' id='par_1_58' title="bbox 2185 2757 3842 2829">
     <span class='ocr_line' id='line_1_58' title="bbox 2185 2757 3842 2829; baseline 0.001 -17"><span class='ocrx_word' id='word_1_433' title='bbox 2185 2758 2237 2813; x_wconf 92' lang='lat' dir='ltr'><strong>ei</strong></span> <span class='ocrx_word' id='word_1_434' title='bbox 2264 2757 2584 2829; x_wconf 86' lang='lat' dir='ltr'><strong>indigentia</strong></span> <span class='ocrx_word' id='word_1_435' title='bbox 2604 2758 2944 2814; x_wconf 89' lang='lat' dir='ltr'><strong>clericorum</strong></span> <span class='ocrx_word' id='word_1_436' title='bbox 2969 2759 3404 2829; x_wconf 60' lang='lat' dir='ltr'><strong>querimoniam</strong></span> <span class='ocrx_word' id='word_1_437' title='bbox 3428 2757 3697 2828; x_wconf 89' lang='lat' dir='ltr'><strong>facienti,</strong></span> <span class='ocrx_word' id='word_1_438' title='bbox 3718 2774 3842 2816; x_wconf 90' lang='lat' dir='ltr'><strong>cum</strong></span> 
     </span>
    </p>
   </div>
   <div class='ocr_carea' id='block_1_59' title="bbox 2184 2844 3848 2922">
    <p class='ocr_par' dir='ltr' id='par_1_59' title="bbox 2184 2844 3848 2922">
     <span class='ocr_line' id='line_1_59' title="bbox 2184 2844 3848 2922; baseline 0.002 -22"><span class='ocrx_word' id='word_1_439' title='bbox 2184 2845 2414 2916; x_wconf 89' lang='lat' dir='ltr'><strong>aliquos</strong></span> <span class='ocrx_word' id='word_1_440' title='bbox 2451 2861 2679 2904; x_wconf 85' lang='lat' dir='ltr'><strong>murcos</strong></span> <span class='ocrx_word' id='word_1_441' title='bbox 2723 2844 3030 2922; x_wconf 88' lang='lat' dir='ltr'><strong>[mutilos],</strong></span> <span class='ocrx_word' id='word_1_442' title='bbox 3081 2847 3310 2919; x_wconf 88' lang='lat' dir='ltr'><strong>aliquos</strong></span> <span class='ocrx_word' id='word_1_443' title='bbox 3342 2848 3610 2920; x_wconf 90' lang='lat' dir='ltr'><strong>digamos</strong></span> <span class='ocrx_word' id='word_1_444' title='bbox 3639 2848 3848 2903; x_wconf 66' lang='lat' dir='ltr'><strong>habere</strong></span> 
     </span>
    </p>
   </div>
   <div class='ocr_carea' id='block_1_60' title="bbox 426 2933 3845 3012">
    <p class='ocr_par' dir='ltr' id='par_1_60' title="bbox 426 2933 3845 3012">
     <span class='ocr_line' id='line_1_60' title="bbox 426 2933 3845 3012; baseline 0 -20"><span class='ocrx_word' id='word_1_445' title='bbox 426 2941 640 3008; x_wconf 87' lang='lat' dir='ltr'><strong>quanto</strong></span> <span class='ocrx_word' id='word_1_446' title='bbox 673 2935 855 3007; x_wconf 90' lang='lat' dir='ltr'><strong>magis</strong></span> <span class='ocrx_word' id='word_1_447' title='bbox 884 2933 1157 3012; x_wconf 78' lang='lat' dir='ltr'><strong>virgines,</strong></span> <span class='ocrx_word' id='word_1_448' title='bbox 1187 2948 1312 3004; x_wconf 66' lang='lat' dir='ltr'><strong>quae</strong></span> <span class='ocrx_word' id='word_1_449' title='bbox 1342 2933 1557 3004; x_wconf 91' lang='lat' dir='ltr'><strong>prioris</strong></span> <span class='ocrx_word' id='word_1_450' title='bbox 1582 2933 2074 3004; x_wconf 82' lang='lat' dir='ltr'><strong>promissionisﬁ-</strong></span> <span class='ocrx_word' id='word_1_451' title='bbox 2181 2935 2418 3006; x_wconf 86' lang='lat' dir='ltr'><strong>diceret,</strong></span> <span class='ocrx_word' id='word_1_452' title='bbox 2450 2937 2771 3008; x_wconf 79' lang='lat' dir='ltr'><strong>respondet,</strong></span> <span class='ocrx_word' id='word_1_453' title='bbox 2803 2935 2851 2992; x_wconf 92' lang='lat'><strong>4.</strong></span> <span class='ocrx_word' id='word_1_454' title='bbox 2888 2937 3074 3009; x_wconf 90' lang='lat' dir='ltr'><strong>illum,</strong></span> <span class='ocrx_word' id='word_1_455' title='bbox 3105 2938 3205 3008; x_wconf 91' lang='lat' dir='ltr'><strong>qui</strong></span> <span class='ocrx_word' id='word_1_456' title='bbox 3245 2937 3439 2994; x_wconf 89' lang='lat' dir='ltr'><strong>volens</strong></span> <span class='ocrx_word' id='word_1_457' title='bbox 3475 2945 3699 3007; x_wconf 89' lang='lat' dir='ltr'><strong>partem</strong></span> <span class='ocrx_word' id='word_1_458' title='bbox 3746 2937 3845 2992; x_wconf 90' lang='lat' dir='ltr'><strong>di-</strong></span> 
     </span>
    </p>
   </div>
   <div class='ocr_carea' id='block_1_61' title="bbox 423 3023 1288 3098">
    <p class='ocr_par' dir='ltr' id='par_1_61' title="bbox 423 3023 1288 3098">
     <span class='ocr_line' id='line_1_61' title="bbox 423 3023 1288 3098; baseline -0.006 -15"><span class='ocrx_word' id='word_1_459' title='bbox 423 3030 550 3084; x_wconf 91' lang='lat' dir='ltr'><strong>dem</strong></span> <span class='ocrx_word' id='word_1_460' title='bbox 574 3025 832 3098; x_wconf 88' lang='lat' dir='ltr'><strong>frangere</strong></span> <span class='ocrx_word' id='word_1_461' title='bbox 856 3030 1072 3081; x_wconf 70' lang='lat' dir='ltr'><strong>conata:</strong></span> <span class='ocrx_word' id='word_1_462' title='bbox 1106 3023 1288 3080; x_wconf 83' lang='lat' dir='ltr'><strong>sunt?</strong></span> 
     </span>
    </p>
   </div>
   <div class='ocr_carea' id='block_1_62' title="bbox 498 3113 2074 3185">
    <p class='ocr_par' dir='ltr' id='par_1_62' title="bbox 498 3113 2074 3185">
     <span class='ocr_line' id='line_1_62' title="bbox 498 3113 2074 3185; baseline -0.002 -13"><span class='ocrx_word' id='word_1_463' title='bbox 498 3114 547 3172; x_wconf 91' lang='lat'><strong>4.</strong></span> <span class='ocrx_word' id='word_1_464' title='bbox 580 3119 715 3172; x_wconf 90' lang='lat' dir='ltr'><strong>Item</strong></span> <span class='ocrx_word' id='word_1_465' title='bbox 749 3113 1198 3185; x_wconf 69' lang='lat' dir='ltr'><strong>prmnominatus</strong></span> <span class='ocrx_word' id='word_1_466' title='bbox 1228 3126 1371 3183; x_wconf 90' lang='lat' dir='ltr'><strong>papa</strong></span> <span class='ocrx_word' id='word_1_467' title='bbox 1400 3113 1572 3169; x_wconf 90' lang='lat' dir='ltr'><strong>aliam</strong></span> <span class='ocrx_word' id='word_1_468' title='bbox 1600 3114 1839 3184; x_wconf 90' lang='lat' dir='ltr'><strong>scripsit</strong></span> <span class='ocrx_word' id='word_1_469' title='bbox 1865 3114 2074 3184; x_wconf 91' lang='lat' dir='ltr'><strong>episto.</strong></span> 
     </span>
    </p>
   </div>
   <div class='ocr_carea' id='block_1_63' title="bbox 424 3202 2070 3276">
    <p class='ocr_par' dir='ltr' id='par_1_63' title="bbox 424 3202 2070 3276">
     <span class='ocr_line' id='line_1_63' title="bbox 424 3202 2070 3276; baseline -0.005 -11"><span class='ocrx_word' id='word_1_470' title='bbox 424 3209 534 3265; x_wconf 89' lang='lat' dir='ltr'><strong>lam</strong></span> <span class='ocrx_word' id='word_1_471' title='bbox 570 3205 854 3276; x_wconf 86' lang='lat' dir='ltr'><strong>Exuperio</strong></span> <span class='ocrx_word' id='word_1_472' title='bbox 895 3203 1173 3260; x_wconf 88' lang='lat' dir='ltr'><strong>&#39;I‘olosano</strong></span> <span class='ocrx_word' id='word_1_473' title='bbox 1215 3204 1484 3274; x_wconf 90' lang='lat' dir='ltr'><strong>episcopo</strong></span> <span class='ocrx_word' id='word_1_474' title='bbox 1533 3203 1711 3274; x_wconf 79' lang='lat' dir='ltr'><strong>(epist.</strong></span> <span class='ocrx_word' id='word_1_475' title='bbox 1744 3202 1797 3259; x_wconf 92' lang='lat'><strong>3.</strong></span> <span class='ocrx_word' id='word_1_476' title='bbox 1830 3235 1904 3244; x_wconf 97' lang='lat'><strong><em>—</em></strong></span> <span class='ocrx_word' id='word_1_477' title='bbox 1931 3205 2070 3261; x_wconf 91' lang='lat' dir='ltr'><strong>dist.</strong></span> 
     </span>
    </p>
   </div>
   <div class='ocr_carea' id='block_1_64' title="bbox 419 3294 2074 3368">
    <p class='ocr_par' dir='ltr' id='par_1_64' title="bbox 419 3294 2074 3368">
     <span class='ocr_line' id='line_1_64' title="bbox 419 3294 2074 3368; baseline -0.001 -14"><span class='ocrx_word' id='word_1_478' title='bbox 419 3296 508 3368; x_wconf 84' lang='lat'><strong>82,</strong></span> <span class='ocrx_word' id='word_1_479' title='bbox 549 3313 598 3353; x_wconf 92' lang='lat' dir='ltr'><strong>c.</strong></span> <span class='ocrx_word' id='word_1_480' title='bbox 631 3296 1009 3366; x_wconf 81' lang='lat' dir='ltr'><strong>PrOposuisti),</strong></span> <span class='ocrx_word' id='word_1_481' title='bbox 1045 3295 1106 3350; x_wconf 92' lang='lat' dir='ltr'><strong>in</strong></span> <span class='ocrx_word' id='word_1_482' title='bbox 1146 3307 1258 3365; x_wconf 85' lang='lat' dir='ltr'><strong>qua</strong></span> <span class='ocrx_word' id='word_1_483' title='bbox 1280 3294 1333 3352; x_wconf 90' lang='lat' dir='ltr'><strong>ei</strong></span> <span class='ocrx_word' id='word_1_484' title='bbox 1375 3295 1661 3364; x_wconf 87' lang='lat' dir='ltr'><strong>rescribit,</strong></span> <span class='ocrx_word' id='word_1_485' title='bbox 1703 3295 1836 3351; x_wconf 90' lang='lat' dir='ltr'><strong>illos</strong></span> <span class='ocrx_word' id='word_1_486' title='bbox 1867 3296 2074 3352; x_wconf 82' lang='lat' dir='ltr'><strong>diaco—</strong></span> 
     </span>
    </p>
   </div>
   <div class='ocr_carea' id='block_1_65' title="bbox 419 3385 2069 3460">
    <p class='ocr_par' dir='ltr' id='par_1_65' title="bbox 419 3385 2069 3460">
     <span class='ocr_line' id='line_1_65' title="bbox 419 3385 2069 3460; baseline -0.003 -14"><span class='ocrx_word' id='word_1_487' title='bbox 419 3403 611 3460; x_wconf 91' lang='lat' dir='ltr'><strong>conos,</strong></span> <span class='ocrx_word' id='word_1_488' title='bbox 639 3394 741 3444; x_wconf 89' lang='lat' dir='ltr'><strong>aut</strong></span> <span class='ocrx_word' id='word_1_489' title='bbox 765 3387 1144 3458; x_wconf 85' lang='lat' dir='ltr'><strong>presbyteros,</strong></span> <span class='ocrx_word' id='word_1_490' title='bbox 1185 3400 1330 3456; x_wconf 92' lang='lat' dir='ltr'><strong>quos</strong></span> <span class='ocrx_word' id='word_1_491' title='bbox 1363 3398 1485 3440; x_wconf 90' lang='lat' dir='ltr'><strong>esse</strong></span> <span class='ocrx_word' id='word_1_492' title='bbox 1513 3385 1934 3442; x_wconf 89' lang='lat' dir='ltr'><strong>incontinentes</strong></span> <span class='ocrx_word' id='word_1_493' title='bbox 1962 3385 2069 3441; x_wconf 84' lang='lat' dir='ltr'><strong>ﬁlii</strong></span> 
     </span>
    </p>
   </div>
   <div class='ocr_carea' id='block_1_66' title="bbox 419 3472 2072 3554">
    <p class='ocr_par' dir='ltr' id='par_1_66' title="bbox 419 3472 2072 3554">
     <span class='ocr_line' id='line_1_66' title="bbox 419 3472 2072 3554; baseline -0.004 -18"><span class='ocrx_word' id='word_1_494' title='bbox 419 3472 672 3554; x_wconf 84' lang='lat' dir='ltr'><strong>generati</strong></span> <span class='ocrx_word' id='word_1_495' title='bbox 702 3477 1096 3548; x_wconf 89' lang='lat' dir='ltr'><strong>prodiderunt,</strong></span> <span class='ocrx_word' id='word_1_496' title='bbox 1123 3475 1276 3530; x_wconf 90' lang='lat' dir='ltr'><strong>omni</strong></span> <span class='ocrx_word' id='word_1_497' title='bbox 1307 3475 1520 3530; x_wconf 91' lang='lat' dir='ltr'><strong>honore</strong></span> <span class='ocrx_word' id='word_1_498' title='bbox 1539 3473 2072 3544; x_wconf 83' lang='lat' dir='ltr'><strong>ecclesiasticoesse</strong></span> 
     </span>
    </p>
   </div>
   <div class='ocr_carea' id='block_1_67' title="bbox 423 3562 2074 3640">
    <p class='ocr_par' dir='ltr' id='par_1_67' title="bbox 423 3562 2074 3640">
     <span class='ocr_line' id='line_1_67' title="bbox 423 3562 2074 3640; baseline -0.004 -14"><span class='ocrx_word' id='word_1_499' title='bbox 423 3568 747 3640; x_wconf 89' lang='lat' dir='ltr'><strong>privandos,</strong></span> <span class='ocrx_word' id='word_1_500' title='bbox 772 3567 925 3622; x_wconf 90' lang='lat' dir='ltr'><strong>sicut</strong></span> <span class='ocrx_word' id='word_1_501' title='bbox 946 3571 1001 3621; x_wconf 92' lang='lat' dir='ltr'><strong>et</strong></span> <span class='ocrx_word' id='word_1_502' title='bbox 1029 3564 1279 3620; x_wconf 90' lang='lat' dir='ltr'><strong>Siricius</strong></span> <span class='ocrx_word' id='word_1_503' title='bbox 1305 3577 1447 3633; x_wconf 90' lang='lat' dir='ltr'><strong>papa</strong></span> <span class='ocrx_word' id='word_1_504' title='bbox 1473 3562 1718 3633; x_wconf 83' lang='lat' dir='ltr'><strong>fecerat;</strong></span> <span class='ocrx_word' id='word_1_505' title='bbox 1752 3577 1853 3619; x_wconf 91' lang='lat' dir='ltr'><strong>nec</strong></span> <span class='ocrx_word' id='word_1_506' title='bbox 1874 3564 1941 3620; x_wconf 91' lang='lat' dir='ltr'><strong>ad</strong></span> <span class='ocrx_word' id='word_1_507' title='bbox 1967 3564 2074 3620; x_wconf 90' lang='lat' dir='ltr'><strong>ali-</strong></span> 
     </span>
    </p>
   </div>
   <div class='ocr_carea' id='block_1_68' title="bbox 419 3652 2066 3730">
    <p class='ocr_par' dir='ltr' id='par_1_68' title="bbox 419 3652 2066 3730">
     <span class='ocr_line' id='line_1_68' title="bbox 419 3652 2066 3730; baseline -0.003 -15"><span class='ocrx_word' id='word_1_508' title='bbox 419 3659 566 3730; x_wconf 92' lang='lat' dir='ltr'><strong>quod</strong></span> <span class='ocrx_word' id='word_1_509' title='bbox 603 3657 712 3713; x_wconf 83' lang='lat' dir='ltr'><strong>tale</strong></span> <span class='ocrx_word' id='word_1_510' title='bbox 758 3656 1144 3712; x_wconf 89' lang='lat' dir='ltr'><strong>ministerium</strong></span> <span class='ocrx_word' id='word_1_511' title='bbox 1179 3652 1564 3708; x_wconf 88' lang='lat' dir='ltr'><strong>admittendos</strong></span> <span class='ocrx_word' id='word_1_512' title='bbox 1593 3666 1736 3722; x_wconf 90' lang='lat' dir='ltr'><strong>esse,</strong></span> <span class='ocrx_word' id='word_1_513' title='bbox 1763 3652 1914 3724; x_wconf 90' lang='lat' dir='ltr'><strong>quod</strong></span> <span class='ocrx_word' id='word_1_514' title='bbox 1945 3653 2066 3710; x_wconf 88' lang='lat' dir='ltr'><strong>sola</strong></span> 
     </span>
    </p>
   </div>
   <div class='ocr_carea' id='block_1_69' title="bbox 417 3739 2062 3815">
    <p class='ocr_par' dir='ltr' id='par_1_69' title="bbox 417 3739 2062 3815">
     <span class='ocr_line' id='line_1_69' title="bbox 417 3739 2062 3815; baseline -0.003 -11"><span class='ocrx_word' id='word_1_515' title='bbox 417 3747 772 3804; x_wconf 89' lang='lat' dir='ltr'><strong>continentia</strong></span> <span class='ocrx_word' id='word_1_516' title='bbox 803 3751 1024 3815; x_wconf 86' lang='lat' dir='ltr'><strong>Oportet</strong></span> <span class='ocrx_word' id='word_1_517' title='bbox 1057 3743 1302 3812; x_wconf 92' lang='lat' dir='ltr'><strong>impleri.</strong></span> <span class='ocrx_word' id='word_1_518' title='bbox 1337 3739 1392 3796; x_wconf 88' lang='lat'><strong>2.</strong></span> <span class='ocrx_word' id='word_1_519' title='bbox 1427 3741 1530 3796; x_wconf 82' lang='lat' dir='ltr'><strong>His</strong></span> <span class='ocrx_word' id='word_1_520' title='bbox 1564 3749 1752 3798; x_wconf 86' lang='lat' dir='ltr'><strong>autem</strong></span> <span class='ocrx_word' id='word_1_521' title='bbox 1782 3742 1879 3813; x_wconf 90' lang='lat' dir='ltr'><strong>qui</strong></span> <span class='ocrx_word' id='word_1_522' title='bbox 1909 3744 2062 3799; x_wconf 91' lang='lat' dir='ltr'><strong>omni</strong></span> 
     </span>
    </p>
   </div>
   <div class='ocr_carea' id='block_1_70' title="bbox 423 3830 2066 3905">
    <p class='ocr_par' dir='ltr' id='par_1_70' title="bbox 423 3830 2066 3905">
     <span class='ocr_line' id='line_1_70' title="bbox 423 3830 2066 3905; baseline -0.002 -14"><span class='ocrx_word' id='word_1_523' title='bbox 423 3843 672 3905; x_wconf 90' lang='lat' dir='ltr'><strong>tempore</strong></span> <span class='ocrx_word' id='word_1_524' title='bbox 710 3832 1141 3890; x_wconf 78' lang='lat' dir='ltr'><strong>incontinentize</strong></span> <span class='ocrx_word' id='word_1_525' title='bbox 1179 3830 1572 3899; x_wconf 90' lang='lat' dir='ltr'><strong>voluptatibus</strong></span> <span class='ocrx_word' id='word_1_526' title='bbox 1611 3831 1814 3901; x_wconf 90' lang='lat' dir='ltr'><strong>dediti,</strong></span> <span class='ocrx_word' id='word_1_527' title='bbox 1846 3837 2066 3888; x_wconf 88' lang='lat' dir='ltr'><strong>tantum</strong></span> 
     </span>
    </p>
   </div>
   <div class='ocr_carea' id='block_1_71' title="bbox 427 3917 2070 3990">
    <p class='ocr_par' dir='ltr' id='par_1_71' title="bbox 427 3917 2070 3990">
     <span class='ocr_line' id='line_1_71' title="bbox 427 3917 2070 3990; baseline -0.002 -11"><span class='ocrx_word' id='word_1_528' title='bbox 427 3926 486 3980; x_wconf 91' lang='lat' dir='ltr'><strong>in</strong></span> <span class='ocrx_word' id='word_1_529' title='bbox 515 3929 766 3978; x_wconf 91' lang='lat' dir='ltr'><strong>extremo</strong></span> <span class='ocrx_word' id='word_1_530' title='bbox 790 3923 922 3977; x_wconf 74' lang='lat' dir='ltr'><strong>vita:</strong></span> <span class='ocrx_word' id='word_1_531' title='bbox 943 3934 1059 3976; x_wconf 69' lang='lat' dir='ltr'><strong>suae</strong></span> <span class='ocrx_word' id='word_1_532' title='bbox 1091 3917 1483 3990; x_wconf 74' lang='lat' dir='ltr'><strong>paenitentiam</strong></span> <span class='ocrx_word' id='word_1_533' title='bbox 1514 3919 1687 3976; x_wconf 90' lang='lat' dir='ltr'><strong>simul</strong></span> <span class='ocrx_word' id='word_1_534' title='bbox 1719 3926 1775 3976; x_wconf 89' lang='lat' dir='ltr'><strong>et</strong></span> <span class='ocrx_word' id='word_1_535' title='bbox 1804 3922 2070 3978; x_wconf 76' lang='lat' dir='ltr'><strong>reconci-</strong></span> 
     </span>
    </p>
   </div>
   <div class='ocr_carea' id='block_1_72' title="bbox 425 4009 2068 4082">
    <p class='ocr_par' dir='ltr' id='par_1_72' title="bbox 425 4009 2068 4082">
     <span class='ocr_line' id='line_1_72' title="bbox 425 4009 2068 4082; baseline -0.002 -13"><span class='ocrx_word' id='word_1_536' title='bbox 425 4013 719 4069; x_wconf 91' lang='lat' dir='ltr'><strong>liationem</strong></span> <span class='ocrx_word' id='word_1_537' title='bbox 763 4009 1186 4066; x_wconf 90' lang='lat' dir='ltr'><strong>communionis</strong></span> <span class='ocrx_word' id='word_1_538' title='bbox 1228 4012 1576 4079; x_wconf 85' lang='lat' dir='ltr'><strong>exposcunt;</strong></span> <span class='ocrx_word' id='word_1_539' title='bbox 1605 4011 1866 4082; x_wconf 89' lang='lat' dir='ltr'><strong>quamvis</strong></span> <span class='ocrx_word' id='word_1_540' title='bbox 1902 4012 2068 4081; x_wconf 83' lang='lat' dir='ltr'><strong>juxta</strong></span> 
     </span>
    </p>
   </div>
   <div class='ocr_carea' id='block_1_73' title="bbox 426 4099 2071 4173">
    <p class='ocr_par' dir='ltr' id='par_1_73' title="bbox 426 4099 2071 4173">
     <span class='ocr_line' id='line_1_73' title="bbox 426 4099 2071 4173; baseline 0 -15"><span class='ocrx_word' id='word_1_541' title='bbox 426 4107 672 4173; x_wconf 86' lang='lat' dir='ltr'><strong>priorem</strong></span> <span class='ocrx_word' id='word_1_542' title='bbox 693 4100 1164 4158; x_wconf 88' lang='lat' dir='ltr'><strong>consuetudinem</strong></span> <span class='ocrx_word' id='word_1_543' title='bbox 1196 4099 1525 4168; x_wconf 66' lang='lat' dir='ltr'><strong>paenitentia</strong></span> <span class='ocrx_word' id='word_1_544' title='bbox 1555 4101 1782 4170; x_wconf 88' lang='lat' dir='ltr'><strong>quidem</strong></span> <span class='ocrx_word' id='word_1_545' title='bbox 1807 4101 2071 4158; x_wconf 85' lang='lat' dir='ltr'><strong>concede-</strong></span> 
     </span>
    </p>
   </div>
   <div class='ocr_carea' id='block_1_74' title="bbox 423 4188 2069 4259">
    <p class='ocr_par' dir='ltr' id='par_1_74' title="bbox 423 4188 2069 4259">
     <span class='ocr_line' id='line_1_74' title="bbox 423 4188 2069 4259; baseline -0.001 -11"><span class='ocrx_word' id='word_1_546' title='bbox 423 4197 600 4254; x_wconf 85' lang='lat' dir='ltr'><strong>retur.</strong></span> <span class='ocrx_word' id='word_1_547' title='bbox 646 4191 740 4247; x_wconf 90' lang='lat' dir='ltr'><strong>sed</strong></span> <span class='ocrx_word' id='word_1_548' title='bbox 786 4188 1114 4245; x_wconf 91' lang='lat' dir='ltr'><strong>communio</strong></span> <span class='ocrx_word' id='word_1_549' title='bbox 1163 4193 1509 4259; x_wconf 60' lang='lat' dir='ltr'><strong>negaretur:</strong></span> <span class='ocrx_word' id='word_1_550' title='bbox 1553 4203 1680 4245; x_wconf 91' lang='lat' dir='ltr'><strong>cum</strong></span> <span class='ocrx_word' id='word_1_551' title='bbox 1732 4190 2069 4259; x_wconf 87' lang='lat' dir='ltr'><strong>poenitentia</strong></span> 
     </span>
    </p>
   </div>
   <div class='ocr_carea' id='block_1_75' title="bbox 422 4277 2071 4349">
    <p class='ocr_par' dir='ltr' id='par_1_75' title="bbox 422 4277 2071 4349">
     <span class='ocr_line' id='line_1_75' title="bbox 422 4277 2071 4349; baseline -0.004 -9"><span class='ocrx_word' id='word_1_552' title='bbox 422 4281 879 4340; x_wconf 86' lang='lat' dir='ltr'><strong>communionem</strong></span> <span class='ocrx_word' id='word_1_553' title='bbox 913 4277 1093 4336; x_wconf 90' lang='lat' dir='ltr'><strong>tribui</strong></span> <span class='ocrx_word' id='word_1_554' title='bbox 1114 4279 1312 4349; x_wconf 87' lang='lat' dir='ltr'><strong>jussit,</strong></span> <span class='ocrx_word' id='word_1_555' title='bbox 1339 4277 1502 4334; x_wconf 91' lang='lat' dir='ltr'><strong>utvel</strong></span> <span class='ocrx_word' id='word_1_556' title='bbox 1536 4277 1596 4332; x_wconf 92' lang='lat' dir='ltr'><strong>in</strong></span> <span class='ocrx_word' id='word_1_557' title='bbox 1621 4278 1926 4348; x_wconf 90' lang='lat' dir='ltr'><strong>supremis,</strong></span> <span class='ocrx_word' id='word_1_558' title='bbox 1952 4293 2071 4348; x_wconf 89' lang='lat' dir='ltr'><strong>per-</strong></span> 
     </span>
    </p>
   </div>
   <div class='ocr_carea' id='block_1_76' title="bbox 426 4367 2069 4439">
    <p class='ocr_par' dir='ltr' id='par_1_76' title="bbox 426 4367 2069 4439">
     <span class='ocr_line' id='line_1_76' title="bbox 426 4367 2069 4439; baseline -0.003 -10"><span class='ocrx_word' id='word_1_559' title='bbox 426 4373 683 4430; x_wconf 91' lang='lat' dir='ltr'><strong>mittente</strong></span> <span class='ocrx_word' id='word_1_560' title='bbox 720 4371 1006 4428; x_wconf 88' lang='lat' dir='ltr'><strong>Salvatore</strong></span> <span class='ocrx_word' id='word_1_561' title='bbox 1031 4375 1250 4439; x_wconf 92' lang='lat' dir='ltr'><strong>nostro,</strong></span> <span class='ocrx_word' id='word_1_562' title='bbox 1279 4382 1312 4424; x_wconf 93' lang='lat' dir='ltr'><strong>a</strong></span> <span class='ocrx_word' id='word_1_563' title='bbox 1353 4373 1624 4439; x_wconf 91' lang='lat' dir='ltr'><strong>perpetuo</strong></span> <span class='ocrx_word' id='word_1_564' title='bbox 1657 4367 1837 4424; x_wconf 89' lang='lat' dir='ltr'><strong>exitio</strong></span> <span class='ocrx_word' id='word_1_565' title='bbox 1869 4368 2069 4425; x_wconf 91' lang='lat' dir='ltr'><strong>vindi—</strong></span> 
     </span>
    </p>
   </div>
   <div class='ocr_carea' id='block_1_77' title="bbox 423 4468 640 4520">
    <p class='ocr_par' dir='ltr' id='par_1_77' title="bbox 423 4468 640 4520">
     <span class='ocr_line' id='line_1_77' title="bbox 423 4468 640 4520; baseline -0.018 0"><span class='ocrx_word' id='word_1_566' title='bbox 423 4468 588 4520; x_wconf 90' lang='lat' dir='ltr'><strong>centu</strong></span> <span class='ocrx_word' id='word_1_567' title='bbox 598 4477 640 4516; x_wconf 83' lang='lat' dir='ltr'><strong>l‘.</strong></span> 
     </span>
    </p>
   </div>
   <div class='ocr_carea' id='block_1_78' title="bbox 493 4546 2066 4621">
    <p class='ocr_par' dir='ltr' id='par_1_78' title="bbox 493 4546 2066 4621">
     <span class='ocr_line' id='line_1_78' title="bbox 493 4546 2066 4621; baseline -0.001 -13"><span class='ocrx_word' id='word_1_568' title='bbox 493 4550 546 4608; x_wconf 90' lang='lat'><strong>3.</strong></span> <span class='ocrx_word' id='word_1_569' title='bbox 577 4553 652 4607; x_wconf 90' lang='lat' dir='ltr'><strong>De</strong></span> <span class='ocrx_word' id='word_1_570' title='bbox 701 4549 794 4605; x_wconf 92' lang='lat' dir='ltr'><strong>his</strong></span> <span class='ocrx_word' id='word_1_571' title='bbox 820 4561 968 4617; x_wconf 91' lang='lat' dir='ltr'><strong>vero,</strong></span> <span class='ocrx_word' id='word_1_572' title='bbox 1012 4549 1114 4618; x_wconf 88' lang='lat' dir='ltr'><strong>qui</strong></span> <span class='ocrx_word' id='word_1_573' title='bbox 1157 4549 1259 4601; x_wconf 87' lang='lat' dir='ltr'><strong>aut</strong></span> <span class='ocrx_word' id='word_1_574' title='bbox 1295 4549 1575 4600; x_wconf 88' lang='lat' dir='ltr'><strong>tormenta</strong></span> <span class='ocrx_word' id='word_1_575' title='bbox 1624 4546 1745 4603; x_wconf 88' lang='lat' dir='ltr'><strong>sola</strong></span> <span class='ocrx_word' id='word_1_576' title='bbox 1783 4555 2066 4621; x_wconf 85' lang='lat' dir='ltr'><strong>exercent,</strong></span> 
     </span>
    </p>
   </div>
   <div class='ocr_carea' id='block_1_79' title="bbox 423 4633 2070 4710">
    <p class='ocr_par' dir='ltr' id='par_1_79' title="bbox 423 4633 2070 4710">
     <span class='ocr_line' id='line_1_79' title="bbox 423 4633 2070 4710; baseline -0.001 -12"><span class='ocrx_word' id='word_1_577' title='bbox 423 4648 523 4698; x_wconf 88' lang='lat' dir='ltr'><strong>aut</strong></span> <span class='ocrx_word' id='word_1_578' title='bbox 546 4641 716 4696; x_wconf 84' lang='lat' dir='ltr'><strong>etiam</strong></span> <span class='ocrx_word' id='word_1_579' title='bbox 766 4637 1065 4707; x_wconf 88' lang='lat' dir='ltr'><strong>capitalem</strong></span> <span class='ocrx_word' id='word_1_580' title='bbox 1107 4634 1448 4689; x_wconf 90' lang='lat' dir='ltr'><strong>sententiam</strong></span> <span class='ocrx_word' id='word_1_581' title='bbox 1477 4633 1793 4706; x_wconf 89' lang='lat' dir='ltr'><strong>proferunt,</strong></span> <span class='ocrx_word' id='word_1_582' title='bbox 1827 4652 2070 4710; x_wconf 90' lang='lat' dir='ltr'><strong>respon-</strong></span> 
     </span>
    </p>
   </div>
   <div class='ocr_carea' id='block_1_80' title="bbox 423 4723 2070 4798">
    <p class='ocr_par' dir='ltr' id='par_1_80' title="bbox 423 4723 2070 4798">
     <span class='ocr_line' id='line_1_80' title="bbox 423 4723 2070 4798; baseline 0.001 -14"><span class='ocrx_word' id='word_1_583' title='bbox 423 4732 517 4786; x_wconf 90' lang='lat' dir='ltr'><strong>det</strong></span> <span class='ocrx_word' id='word_1_584' title='bbox 561 4726 668 4798; x_wconf 83' lang='lat'><strong>(23,</strong></span> <span class='ocrx_word' id='word_1_585' title='bbox 717 4743 770 4797; x_wconf 92' lang='lat' dir='ltr'><strong>q.</strong></span> <span class='ocrx_word' id='word_1_586' title='bbox 807 4723 839 4779; x_wconf 76' lang='grc'><strong>4</strong></span> <span class='ocrx_word' id='word_1_587' title='bbox 872 4739 923 4779; x_wconf 91' lang='lat' dir='ltr'><strong>c.</strong></span> <span class='ocrx_word' id='word_1_588' title='bbox 965 4725 1257 4789; x_wconf 60' lang='lat' dir='ltr'><strong>Quasitum</strong></span> <span class='ocrx_word' id='word_1_589' title='bbox 1305 4723 1419 4795; x_wconf 88' lang='lat' dir='ltr'><strong>est),</strong></span> <span class='ocrx_word' id='word_1_590' title='bbox 1481 4723 1629 4780; x_wconf 87' lang='lat' dir='ltr'><strong>nihil</strong></span> <span class='ocrx_word' id='word_1_591' title='bbox 1681 4739 1713 4780; x_wconf 89' lang='lat' dir='ltr'><strong>a</strong></span> <span class='ocrx_word' id='word_1_592' title='bbox 1755 4728 2070 4796; x_wconf 90' lang='lat' dir='ltr'><strong>majoribus</strong></span> 
     </span>
    </p>
   </div>
   <div class='ocr_carea' id='block_1_81' title="bbox 423 4811 2068 4886">
    <p class='ocr_par' dir='ltr' id='par_1_81' title="bbox 423 4811 2068 4886">
     <span class='ocr_line' id='line_1_81' title="bbox 423 4811 2068 4886; baseline 0.001 -14"><span class='ocrx_word' id='word_1_593' title='bbox 423 4817 722 4873; x_wconf 85' lang='lat' dir='ltr'><strong>definitum</strong></span> <span class='ocrx_word' id='word_1_594' title='bbox 759 4826 914 4882; x_wconf 79' lang='lat' dir='ltr'><strong>esse;</strong></span> <span class='ocrx_word' id='word_1_595' title='bbox 946 4813 1072 4868; x_wconf 88' lang='lat' dir='ltr'><strong>ideo</strong></span> <span class='ocrx_word' id='word_1_596' title='bbox 1104 4811 1241 4882; x_wconf 89' lang='lat' dir='ltr'><strong>quia</strong></span> <span class='ocrx_word' id='word_1_597' title='bbox 1277 4813 1652 4870; x_wconf 89' lang='lat' dir='ltr'><strong>meminerant</strong></span> <span class='ocrx_word' id='word_1_598' title='bbox 1677 4813 1779 4870; x_wconf 92' lang='lat' dir='ltr'><strong>has</strong></span> <span class='ocrx_word' id='word_1_599' title='bbox 1814 4821 2068 4886; x_wconf 89' lang='lat' dir='ltr'><strong>potesta-</strong></span> 
     </span>
    </p>
   </div>
   <div class='ocr_carea' id='block_1_82' title="bbox 425 4903 2069 4972">
    <p class='ocr_par' dir='ltr' id='par_1_82' title="bbox 425 4903 2069 4972">
     <span class='ocr_line' id='line_1_82' title="bbox 425 4903 2069 4972; baseline -0.001 -10"><span class='ocrx_word' id='word_1_600' title='bbox 425 4912 507 4962; x_wconf 91' lang='lat' dir='ltr'><strong>tes</strong></span> <span class='ocrx_word' id='word_1_601' title='bbox 533 4904 712 4960; x_wconf 88' lang='lat' dir='ltr'><strong>fuisse</strong></span> <span class='ocrx_word' id='word_1_602' title='bbox 741 4917 772 4958; x_wconf 90' lang='lat' dir='ltr'><strong>a</strong></span> <span class='ocrx_word' id='word_1_603' title='bbox 797 4904 909 4957; x_wconf 90' lang='lat' dir='ltr'><strong>Deo</strong></span> <span class='ocrx_word' id='word_1_604' title='bbox 934 4915 1252 4972; x_wconf 88' lang='lat' dir='ltr'><strong>concessas,</strong></span> <span class='ocrx_word' id='word_1_605' title='bbox 1277 4908 1333 4956; x_wconf 89' lang='lat' dir='ltr'><strong>et</strong></span> <span class='ocrx_word' id='word_1_606' title='bbox 1375 4907 1602 4972; x_wconf 91' lang='lat' dir='ltr'><strong>propter</strong></span> <span class='ocrx_word' id='word_1_607' title='bbox 1632 4903 1941 4960; x_wconf 88' lang='lat' dir='ltr'><strong>vindictam</strong></span> <span class='ocrx_word' id='word_1_608' title='bbox 1974 4920 2069 4962; x_wconf 90' lang='lat' dir='ltr'><strong>no-</strong></span> 
     </span>
    </p>
   </div>
   <div class='ocr_carea' id='block_1_83' title="bbox 424 4989 2065 5064">
    <p class='ocr_par' dir='ltr' id='par_1_83' title="bbox 424 4989 2065 5064">
     <span class='ocr_line' id='line_1_83' title="bbox 424 4989 2065 5064; baseline 0 -14"><span class='ocrx_word' id='word_1_609' title='bbox 424 4995 651 5050; x_wconf 84' lang='lat' dir='ltr'><strong>xiorum</strong></span> <span class='ocrx_word' id='word_1_610' title='bbox 675 4992 929 5064; x_wconf 92' lang='lat' dir='ltr'><strong>gladium</strong></span> <span class='ocrx_word' id='word_1_611' title='bbox 952 4989 1131 5046; x_wconf 82' lang='lat' dir='ltr'><strong>fuisse</strong></span> <span class='ocrx_word' id='word_1_612' title='bbox 1157 4991 1522 5063; x_wconf 89' lang='lat' dir='ltr'><strong>permissum,</strong></span> <span class='ocrx_word' id='word_1_613' title='bbox 1541 4997 1596 5046; x_wconf 92' lang='lat' dir='ltr'><strong>et</strong></span> <span class='ocrx_word' id='word_1_614' title='bbox 1617 4993 1714 5047; x_wconf 89' lang='lat' dir='ltr'><strong>Dei</strong></span> <span class='ocrx_word' id='word_1_615' title='bbox 1737 4993 2065 5050; x_wconf 90' lang='lat' dir='ltr'><strong>ministrum</strong></span> 
     </span>
    </p>
   </div>
   <div class='ocr_carea' id='block_1_84' title="bbox 420 5081 2063 5156">
    <p class='ocr_par' dir='ltr' id='par_1_84' title="bbox 420 5081 2063 5156">
     <span class='ocr_line' id='line_1_84' title="bbox 420 5081 2063 5156; baseline 0 -16"><span class='ocrx_word' id='word_1_616' title='bbox 420 5087 614 5141; x_wconf 90' lang='lat' dir='ltr'><strong>datum</strong></span> <span class='ocrx_word' id='word_1_617' title='bbox 645 5096 767 5138; x_wconf 89' lang='lat' dir='ltr'><strong>esse</strong></span> <span class='ocrx_word' id='word_1_618' title='bbox 791 5082 846 5136; x_wconf 90' lang='lat' dir='ltr'><strong>in</strong></span> <span class='ocrx_word' id='word_1_619' title='bbox 883 5081 1211 5150; x_wconf 91' lang='lat' dir='ltr'><strong>hujusmodi</strong></span> <span class='ocrx_word' id='word_1_620' title='bbox 1244 5081 1547 5152; x_wconf 89' lang='lat' dir='ltr'><strong>vindicem,</strong></span> <span class='ocrx_word' id='word_1_621' title='bbox 1581 5087 1637 5137; x_wconf 91' lang='lat' dir='ltr'><strong>et</strong></span> <span class='ocrx_word' id='word_1_622' title='bbox 1663 5082 1742 5138; x_wconf 90' lang='lat' dir='ltr'><strong>ita</strong></span> <span class='ocrx_word' id='word_1_623' title='bbox 1774 5097 1832 5138; x_wconf 91' lang='lat' dir='ltr'><strong>se</strong></span> <span class='ocrx_word' id='word_1_624' title='bbox 1855 5091 2063 5156; x_wconf 90' lang='lat' dir='ltr'><strong>tenere,</strong></span> 
     </span>
    </p>
   </div>
   <div class='ocr_carea' id='block_1_85' title="bbox 417 5171 2068 5242">
    <p class='ocr_par' dir='ltr' id='par_1_85' title="bbox 417 5171 2068 5242">
     <span class='ocr_line' id='line_1_85' title="bbox 417 5171 2068 5242; baseline -0.002 -13"><span class='ocrx_word' id='word_1_625' title='bbox 417 5173 568 5230; x_wconf 91' lang='lat' dir='ltr'><strong>sicut</strong></span> <span class='ocrx_word' id='word_1_626' title='bbox 600 5184 780 5242; x_wconf 90' lang='lat' dir='ltr'><strong>usque</strong></span> <span class='ocrx_word' id='word_1_627' title='bbox 803 5171 872 5226; x_wconf 92' lang='lat' dir='ltr'><strong>ad</strong></span> <span class='ocrx_word' id='word_1_628' title='bbox 906 5171 1092 5241; x_wconf 90' lang='lat' dir='ltr'><strong>ipsum</strong></span> <span class='ocrx_word' id='word_1_629' title='bbox 1114 5177 1397 5226; x_wconf 90' lang='lat' dir='ltr'><strong>servatum</strong></span> <span class='ocrx_word' id='word_1_630' title='bbox 1428 5176 1535 5240; x_wconf 91' lang='lat' dir='ltr'><strong>est,</strong></span> <span class='ocrx_word' id='word_1_631' title='bbox 1565 5184 1631 5225; x_wconf 92' lang='lat' dir='ltr'><strong>ne</strong></span> <span class='ocrx_word' id='word_1_632' title='bbox 1655 5177 1757 5227; x_wconf 91' lang='lat' dir='ltr'><strong>aut</strong></span> <span class='ocrx_word' id='word_1_633' title='bbox 1789 5172 2068 5242; x_wconf 83' lang='lat' dir='ltr'><strong>discipli—</strong></span> 
     </span>
    </p>
   </div>
   <div class='ocr_carea' id='block_1_86' title="bbox 421 5261 2065 5330">
    <p class='ocr_par' dir='ltr' id='par_1_86' title="bbox 421 5261 2065 5330">
     <span class='ocr_line' id='line_1_86' title="bbox 421 5261 2065 5330; baseline -0.002 -11"><span class='ocrx_word' id='word_1_634' title='bbox 421 5277 545 5319; x_wconf 89' lang='lat' dir='ltr'><strong>nam</strong></span> <span class='ocrx_word' id='word_1_635' title='bbox 589 5266 822 5330; x_wconf 90' lang='lat' dir='ltr'><strong>evertat,</strong></span> <span class='ocrx_word' id='word_1_636' title='bbox 865 5265 965 5316; x_wconf 91' lang='lat' dir='ltr'><strong>aut</strong></span> <span class='ocrx_word' id='word_1_637' title='bbox 1015 5267 1213 5316; x_wconf 91' lang='lat' dir='ltr'><strong>contra</strong></span> <span class='ocrx_word' id='word_1_638' title='bbox 1251 5261 1650 5314; x_wconf 88' lang='lat' dir='ltr'><strong>auctoritatem</strong></span> <span class='ocrx_word' id='word_1_639' title='bbox 1696 5261 1924 5316; x_wconf 88' lang='lat' dir='ltr'><strong>Domini</strong></span> <span class='ocrx_word' id='word_1_640' title='bbox 1970 5261 2065 5316; x_wconf 91' lang='lat' dir='ltr'><strong>vi—</strong></span> 
     </span>
    </p>
   </div>
   <div class='ocr_carea' id='block_1_87' title="bbox 415 5347 2064 5420">
    <p class='ocr_par' dir='ltr' id='par_1_87' title="bbox 415 5347 2064 5420">
     <span class='ocr_line' id='line_1_87' title="bbox 415 5347 2064 5420; baseline -0.002 -13"><span class='ocrx_word' id='word_1_641' title='bbox 415 5353 618 5408; x_wconf 90' lang='lat' dir='ltr'><strong>deatur</strong></span> <span class='ocrx_word' id='word_1_642' title='bbox 647 5352 840 5406; x_wconf 91' lang='lat' dir='ltr'><strong>venire</strong></span> <span class='ocrx_word' id='word_1_643' title='bbox 873 5351 1041 5420; x_wconf 79' lang='lat' dir='ltr'><strong>(Rom.</strong></span> <span class='ocrx_word' id='word_1_644' title='bbox 1080 5347 1226 5418; x_wconf 84' lang='lat' dir='ltr'><strong>xm).</strong></span> <span class='ocrx_word' id='word_1_645' title='bbox 1275 5349 1438 5404; x_wconf 81' lang='lat' dir='ltr'><strong>Viros</strong></span> <span class='ocrx_word' id='word_1_646' title='bbox 1475 5353 1664 5403; x_wconf 89' lang='lat' dir='ltr'><strong>autem</strong></span> <span class='ocrx_word' id='word_1_647' title='bbox 1696 5362 1824 5403; x_wconf 90' lang='lat' dir='ltr'><strong>cum</strong></span> <span class='ocrx_word' id='word_1_648' title='bbox 1854 5349 2064 5404; x_wconf 88' lang='lat' dir='ltr'><strong>uxori—</strong></span> 
     </span>
    </p>
   </div>
   <div class='ocr_carea' id='block_1_88' title="bbox 416 5434 2056 5512">
    <p class='ocr_par' dir='ltr' id='par_1_88' title="bbox 416 5434 2056 5512">
     <span class='ocr_line' id='line_1_88' title="bbox 416 5434 2056 5512; baseline -0.002 -17"><span class='ocrx_word' id='word_1_649' title='bbox 416 5443 521 5497; x_wconf 89' lang='lat' dir='ltr'><strong>bus</strong></span> <span class='ocrx_word' id='word_1_650' title='bbox 542 5441 822 5497; x_wconf 89' lang='lat' dir='ltr'><strong>adulteris</strong></span> <span class='ocrx_word' id='word_1_651' title='bbox 853 5453 962 5494; x_wconf 94' lang='lat' dir='ltr'><strong>non</strong></span> <span class='ocrx_word' id='word_1_652' title='bbox 991 5437 1292 5494; x_wconf 89' lang='lat' dir='ltr'><strong>convenire</strong></span> <span class='ocrx_word' id='word_1_653' title='bbox 1321 5434 1426 5508; x_wconf 79' lang='lat'><strong>(32,</strong></span> <span class='ocrx_word' id='word_1_654' title='bbox 1460 5453 1514 5508; x_wconf 92' lang='lat' dir='ltr'><strong>q,</strong></span> <span class='ocrx_word' id='word_1_655' title='bbox 1542 5434 1595 5507; x_wconf 78' lang='lat'><strong>5,</strong></span> <span class='ocrx_word' id='word_1_656' title='bbox 1624 5451 1673 5492; x_wconf 93' lang='lat' dir='ltr'><strong>c.</strong></span> <span class='ocrx_word' id='word_1_657' title='bbox 1708 5437 2056 5512; x_wconf 85' lang='lat' dir='ltr'><strong>Christiana),</strong></span> 
     </span>
    </p>
   </div>
   <div class='ocr_carea' id='block_1_89' title="bbox 415 5524 2056 5600">
    <p class='ocr_par' dir='ltr' id='par_1_89' title="bbox 415 5524 2056 5600">
     <span class='ocr_line' id='line_1_89' title="bbox 415 5524 2056 5600; baseline 0 -16"><span class='ocrx_word' id='word_1_658' title='bbox 415 5531 568 5586; x_wconf 82' lang='lat' dir='ltr'><strong>sicut</strong></span> <span class='ocrx_word' id='word_1_659' title='bbox 601 5535 656 5585; x_wconf 88' lang='lat' dir='ltr'><strong>et</strong></span> <span class='ocrx_word' id='word_1_660' title='bbox 689 5530 824 5600; x_wconf 76' lang='lat' dir='ltr'><strong>ipsa:</strong></span> <span class='ocrx_word' id='word_1_661' title='bbox 854 5542 981 5585; x_wconf 90' lang='lat' dir='ltr'><strong>cum</strong></span> <span class='ocrx_word' id='word_1_662' title='bbox 1026 5527 1170 5598; x_wconf 87' lang='lat' dir='ltr'><strong>ipsis</strong></span> <span class='ocrx_word' id='word_1_663' title='bbox 1210 5524 1451 5594; x_wconf 88' lang='lat' dir='ltr'><strong>faciunt,</strong></span> <span class='ocrx_word' id='word_1_664' title='bbox 1479 5527 1528 5581; x_wconf 92' lang='lat' dir='ltr'><strong>si</strong></span> <span class='ocrx_word' id='word_1_665' title='bbox 1569 5525 1678 5596; x_wconf 89' lang='lat' dir='ltr'><strong>ipsi</strong></span> <span class='ocrx_word' id='word_1_666' title='bbox 1707 5527 2056 5586; x_wconf 88' lang='lat' dir='ltr'><strong>adulterium</strong></span> 
     </span>
    </p>
   </div>
   <div class='ocr_carea' id='block_1_90' title="bbox 2102 3015 3838 3098">
    <p class='ocr_par' dir='ltr' id='par_1_90' title="bbox 2102 3015 3838 3098">
     <span class='ocr_line' id='line_1_90' title="bbox 2102 3015 3838 3098; baseline 0.002 -21"><span class='ocrx_word' id='word_1_667' title='bbox 2102 3015 2150 3077; x_wconf 79' lang='grc' dir='ltr'><strong>ί]</strong></span> <span class='ocrx_word' id='word_1_668' title='bbox 2183 3025 2287 3096; x_wconf 87' lang='lat' dir='ltr'><strong>giti</strong></span> <span class='ocrx_word' id='word_1_669' title='bbox 2324 3026 2413 3082; x_wconf 91' lang='lat' dir='ltr'><strong>sui</strong></span> <span class='ocrx_word' id='word_1_670' title='bbox 2446 3026 2777 3097; x_wconf 83' lang='lat' dir='ltr'><strong>absciderit,</strong></span> <span class='ocrx_word' id='word_1_671' title='bbox 2811 3027 2978 3097; x_wconf 91' lang='lat' dir='ltr'><strong>juxta</strong></span> <span class='ocrx_word' id='word_1_672' title='bbox 3008 3040 3251 3083; x_wconf 86' lang='lat' dir='ltr'><strong>canones</strong></span> <span class='ocrx_word' id='word_1_673' title='bbox 3278 3040 3389 3084; x_wconf 93' lang='lat' dir='ltr'><strong>non</strong></span> <span class='ocrx_word' id='word_1_674' title='bbox 3413 3041 3580 3098; x_wconf 89' lang='lat' dir='ltr'><strong>posse</strong></span> <span class='ocrx_word' id='word_1_675' title='bbox 3605 3027 3838 3082; x_wconf 89' lang='lat' dir='ltr'><strong>admitti</strong></span> 
     </span>
    </p>
   </div>
   <div class='ocr_carea' id='block_1_91' title="bbox 2181 3115 3839 3188">
    <p class='ocr_par' dir='ltr' id='par_1_91' title="bbox 2181 3115 3839 3188">
     <span class='ocr_line' id='line_1_91' title="bbox 2181 3115 3839 3188; baseline 0 -18"><span class='ocrx_word' id='word_1_676' title='bbox 2181 3115 2249 3170; x_wconf 92' lang='lat' dir='ltr'><strong>ad</strong></span> <span class='ocrx_word' id='word_1_677' title='bbox 2283 3115 2536 3187; x_wconf 86' lang='lat' dir='ltr'><strong>clerum;</strong></span> <span class='ocrx_word' id='word_1_678' title='bbox 2572 3115 2738 3171; x_wconf 91' lang='lat' dir='ltr'><strong>illum</strong></span> <span class='ocrx_word' id='word_1_679' title='bbox 2779 3130 2929 3188; x_wconf 91' lang='lat' dir='ltr'><strong>vero,</strong></span> <span class='ocrx_word' id='word_1_680' title='bbox 2962 3117 3056 3173; x_wconf 90' lang='lat' dir='ltr'><strong>cui</strong></span> <span class='ocrx_word' id='word_1_681' title='bbox 3085 3116 3284 3188; x_wconf 89' lang='lat' dir='ltr'><strong>aliquo</strong></span> <span class='ocrx_word' id='word_1_682' title='bbox 3312 3131 3446 3172; x_wconf 90' lang='lat' dir='ltr'><strong>casu</strong></span> <span class='ocrx_word' id='word_1_683' title='bbox 3481 3117 3755 3188; x_wconf 87' lang='lat' dir='ltr'><strong>contigit,</strong></span> <span class='ocrx_word' id='word_1_684' title='bbox 3788 3123 3839 3170; x_wconf 88' lang='lat' dir='ltr'><strong>et</strong></span> 
     </span>
    </p>
   </div>
   <div class='ocr_carea' id='block_1_92' title="bbox 2181 3204 3838 3278">
    <p class='ocr_par' dir='ltr' id='par_1_92' title="bbox 2181 3204 3838 3278">
     <span class='ocr_line' id='line_1_92' title="bbox 2181 3204 3838 3278; baseline 0 -18"><span class='ocrx_word' id='word_1_685' title='bbox 2181 3204 2454 3261; x_wconf 90' lang='lat' dir='ltr'><strong>clericum</strong></span> <span class='ocrx_word' id='word_1_686' title='bbox 2501 3205 2621 3261; x_wconf 85' lang='lat' dir='ltr'><strong>fieri</strong></span> <span class='ocrx_word' id='word_1_687' title='bbox 2671 3219 2850 3278; x_wconf 88' lang='lat' dir='ltr'><strong>posse,</strong></span> <span class='ocrx_word' id='word_1_688' title='bbox 2880 3211 2933 3261; x_wconf 92' lang='lat' dir='ltr'><strong>et</strong></span> <span class='ocrx_word' id='word_1_689' title='bbox 2986 3206 3276 3262; x_wconf 90' lang='lat' dir='ltr'><strong>inventum</strong></span> <span class='ocrx_word' id='word_1_690' title='bbox 3303 3205 3476 3276; x_wconf 90' lang='lat' dir='ltr'><strong>abjici</strong></span> <span class='ocrx_word' id='word_1_691' title='bbox 3516 3220 3633 3262; x_wconf 91' lang='lat' dir='ltr'><strong>non</strong></span> <span class='ocrx_word' id='word_1_692' title='bbox 3676 3220 3838 3275; x_wconf 86' lang='lat' dir='ltr'><strong>posse</strong></span> 
     </span>
    </p>
   </div>
   <div class='ocr_carea' id='block_1_93' title="bbox 2181 3294 3840 3368">
    <p class='ocr_par' dir='ltr' id='par_1_93' title="bbox 2181 3294 3840 3368">
     <span class='ocr_line' id='line_1_93' title="bbox 2181 3294 3840 3368; baseline -0.001 -16"><span class='ocrx_word' id='word_1_693' title='bbox 2181 3295 2430 3352; x_wconf 83' lang='lat' dir='ltr'><strong>asseruit</strong></span> <span class='ocrx_word' id='word_1_694' title='bbox 2457 3294 2612 3366; x_wconf 92' lang='lat' dir='ltr'><strong>(dist.</strong></span> <span class='ocrx_word' id='word_1_695' title='bbox 2655 3295 2742 3367; x_wconf 73' lang='grc'><strong>55,</strong></span> <span class='ocrx_word' id='word_1_696' title='bbox 2771 3310 2820 3352; x_wconf 92' lang='lat' dir='ltr'><strong>c.</strong></span> <span class='ocrx_word' id='word_1_697' title='bbox 2850 3296 2954 3362; x_wconf 84' lang='lat' dir='ltr'><strong>Qui</strong></span> <span class='ocrx_word' id='word_1_698' title='bbox 2966 3296 3198 3368; x_wconf 83' lang='lat' dir='ltr'><strong>partem)</strong></span> <span class='ocrx_word' id='word_1_699' title='bbox 3219 3315 3236 3363; x_wconf 88' lang='lat'><strong><em>;</em></strong></span> <span class='ocrx_word' id='word_1_700' title='bbox 3259 3296 3395 3366; x_wconf 88' lang='lat' dir='ltr'><strong>quia</strong></span> <span class='ocrx_word' id='word_1_701' title='bbox 3419 3297 3479 3351; x_wconf 91' lang='lat' dir='ltr'><strong>in</strong></span> <span class='ocrx_word' id='word_1_702' title='bbox 3509 3295 3614 3352; x_wconf 91' lang='lat' dir='ltr'><strong>illo</strong></span> <span class='ocrx_word' id='word_1_703' title='bbox 3645 3296 3840 3351; x_wconf 79' lang='lat' dir='ltr'><strong>volun-</strong></span> 
     </span>
    </p>
   </div>
   <div class='ocr_carea' id='block_1_94' title="bbox 2183 3385 3832 3454">
    <p class='ocr_par' dir='ltr' id='par_1_94' title="bbox 2183 3385 3832 3454">
     <span class='ocr_line' id='line_1_94' title="bbox 2183 3385 3832 3454; baseline -0.002 -14"><span class='ocrx_word' id='word_1_704' title='bbox 2183 3390 2268 3440; x_wconf 91' lang='lat' dir='ltr'><strong>tas</strong></span> <span class='ocrx_word' id='word_1_705' title='bbox 2295 3390 2380 3441; x_wconf 88' lang='lat' dir='ltr'><strong>est</strong></span> <span class='ocrx_word' id='word_1_706' title='bbox 2403 3385 2682 3454; x_wconf 88' lang='lat' dir='ltr'><strong>judicata,</strong></span> <span class='ocrx_word' id='word_1_707' title='bbox 2719 3385 2774 3440; x_wconf 92' lang='lat' dir='ltr'><strong>in</strong></span> <span class='ocrx_word' id='word_1_708' title='bbox 2819 3385 2929 3442; x_wconf 92' lang='lat' dir='ltr'><strong>isto</strong></span> <span class='ocrx_word' id='word_1_709' title='bbox 2972 3400 3102 3442; x_wconf 91' lang='lat' dir='ltr'><strong>vero</strong></span> <span class='ocrx_word' id='word_1_710' title='bbox 3131 3399 3301 3442; x_wconf 91' lang='lat' dir='ltr'><strong>casus</strong></span> <span class='ocrx_word' id='word_1_711' title='bbox 3342 3385 3564 3441; x_wconf 90' lang='lat' dir='ltr'><strong>veniam</strong></span> <span class='ocrx_word' id='word_1_712' title='bbox 3599 3386 3832 3442; x_wconf 85' lang='lat' dir='ltr'><strong>meruit.</strong></span> 
     </span>
    </p>
   </div>
   <div class='ocr_carea' id='block_1_95' title="bbox 2179 3471 3830 3546">
    <p class='ocr_par' dir='ltr' id='par_1_95' title="bbox 2179 3471 3830 3546">
     <span class='ocr_line' id='line_1_95' title="bbox 2179 3471 3830 3546; baseline 0 -16"><span class='ocrx_word' id='word_1_713' title='bbox 2179 3471 2232 3530; x_wconf 85' lang='lat'><strong>2.</strong></span> <span class='ocrx_word' id='word_1_714' title='bbox 2267 3474 2534 3546; x_wconf 89' lang='lat' dir='ltr'><strong>Digamos</strong></span> <span class='ocrx_word' id='word_1_715' title='bbox 2561 3481 2772 3544; x_wconf 90' lang='lat' dir='ltr'><strong>autem,</strong></span> <span class='ocrx_word' id='word_1_716' title='bbox 2814 3474 2967 3531; x_wconf 91' lang='lat' dir='ltr'><strong>sicut</strong></span> <span class='ocrx_word' id='word_1_717' title='bbox 3012 3479 3068 3531; x_wconf 91' lang='lat' dir='ltr'><strong>et</strong></span> <span class='ocrx_word' id='word_1_718' title='bbox 3105 3476 3374 3545; x_wconf 90' lang='lat' dir='ltr'><strong>superius</strong></span> <span class='ocrx_word' id='word_1_719' title='bbox 3411 3475 3692 3544; x_wconf 90' lang='lat' dir='ltr'><strong>scriptum</strong></span> <span class='ocrx_word' id='word_1_720' title='bbox 3723 3480 3830 3544; x_wconf 86' lang='lat' dir='ltr'><strong>est,</strong></span> 
     </span>
    </p>
   </div>
   <div class='ocr_carea' id='block_1_96' title="bbox 2181 3561 3835 3633">
    <p class='ocr_par' dir='ltr' id='par_1_96' title="bbox 2181 3561 3835 3633">
     <span class='ocr_line' id='line_1_96' title="bbox 2181 3561 3835 3633; baseline 0.001 -16"><span class='ocrx_word' id='word_1_721' title='bbox 2181 3563 2412 3618; x_wconf 89' lang='lat' dir='ltr'><strong>omnino</strong></span> <span class='ocrx_word' id='word_1_722' title='bbox 2431 3562 2786 3633; x_wconf 86' lang='lat' dir='ltr'><strong>abjiciendos</strong></span> <span class='ocrx_word' id='word_1_723' title='bbox 2802 3577 2924 3620; x_wconf 82' lang='lat' dir='ltr'><strong>esse</strong></span> <span class='ocrx_word' id='word_1_724' title='bbox 2942 3563 3248 3619; x_wconf 88' lang='lat' dir='ltr'><strong>mandavit.</strong></span> <span class='ocrx_word' id='word_1_725' title='bbox 3268 3561 3322 3619; x_wconf 92' lang='lat'><strong>3.</strong></span> <span class='ocrx_word' id='word_1_726' title='bbox 3343 3564 3541 3618; x_wconf 87' lang='lat' dir='ltr'><strong>Laicos</strong></span> <span class='ocrx_word' id='word_1_727' title='bbox 3556 3570 3746 3618; x_wconf 88' lang='lat' dir='ltr'><strong>autem</strong></span> <span class='ocrx_word' id='word_1_728' title='bbox 3773 3563 3835 3618; x_wconf 85' lang='lat' dir='ltr'><strong>il-</strong></span> 
     </span>
    </p>
   </div>
   <div class='ocr_carea' id='block_1_97' title="bbox 2181 3650 3834 3726">
    <p class='ocr_par' dir='ltr' id='par_1_97' title="bbox 2181 3650 3834 3726">
     <span class='ocr_line' id='line_1_97' title="bbox 2181 3650 3834 3726; baseline 0 -17"><span class='ocrx_word' id='word_1_729' title='bbox 2181 3653 2267 3709; x_wconf 91' lang='lat' dir='ltr'><strong>los</strong></span> <span class='ocrx_word' id='word_1_730' title='bbox 2286 3650 2442 3723; x_wconf 91' lang='lat' dir='ltr'><strong>(dist.</strong></span> <span class='ocrx_word' id='word_1_731' title='bbox 2464 3651 2554 3724; x_wconf 82' lang='grc'>54,</span> <span class='ocrx_word' id='word_1_732' title='bbox 2581 3668 2628 3709; x_wconf 92' lang='lat' dir='ltr'><strong>c.</strong></span> <span class='ocrx_word' id='word_1_733' title='bbox 2651 3653 2985 3726; x_wconf 82' lang='lat' dir='ltr'><strong>Designata),</strong></span> <span class='ocrx_word' id='word_1_734' title='bbox 3008 3653 3075 3709; x_wconf 90' lang='lat' dir='ltr'><strong>ad</strong></span> <span class='ocrx_word' id='word_1_735' title='bbox 3101 3653 3409 3710; x_wconf 81' lang='lat' dir='ltr'><strong>clericatus</strong></span> <span class='ocrx_word' id='word_1_736' title='bbox 3432 3659 3646 3709; x_wconf 87' lang='lat' dir='ltr'><strong>sortem</strong></span> <span class='ocrx_word' id='word_1_737' title='bbox 3671 3667 3834 3723; x_wconf 87' lang='lat' dir='ltr'><strong>posse</strong></span> 
     </span>
    </p>
   </div>
   <div class='ocr_carea' id='block_1_98' title="bbox 2176 3743 3824 3814">
    <p class='ocr_par' dir='ltr' id='par_1_98' title="bbox 2176 3743 3824 3814">
     <span class='ocr_line' id='line_1_98' title="bbox 2176 3743 3824 3814; baseline -0.002 -13"><span class='ocrx_word' id='word_1_738' title='bbox 2176 3744 2408 3801; x_wconf 90' lang='lat' dir='ltr'><strong>admitti</strong></span> <span class='ocrx_word' id='word_1_739' title='bbox 2439 3756 2547 3799; x_wconf 91' lang='lat' dir='ltr'><strong>non</strong></span> <span class='ocrx_word' id='word_1_740' title='bbox 2576 3743 2775 3812; x_wconf 91' lang='lat' dir='ltr'><strong>vetuit,</strong></span> <span class='ocrx_word' id='word_1_741' title='bbox 2805 3744 2906 3814; x_wconf 91' lang='lat' dir='ltr'><strong>qui</strong></span> <span class='ocrx_word' id='word_1_742' title='bbox 2938 3744 3022 3798; x_wconf 90' lang='lat' dir='ltr'><strong>sic</strong></span> <span class='ocrx_word' id='word_1_743' title='bbox 3048 3759 3107 3799; x_wconf 91' lang='lat' dir='ltr'><strong>se</strong></span> <span class='ocrx_word' id='word_1_744' title='bbox 3139 3751 3266 3813; x_wconf 90' lang='lat' dir='ltr'><strong>post</strong></span> <span class='ocrx_word' id='word_1_745' title='bbox 3291 3743 3641 3813; x_wconf 85' lang='lat' dir='ltr'><strong>baptismum</strong></span> <span class='ocrx_word' id='word_1_746' title='bbox 3671 3744 3824 3798; x_wconf 89' lang='lat' dir='ltr'><strong>insti-</strong></span> 
     </span>
    </p>
   </div>
   <div class='ocr_carea' id='block_1_99' title="bbox 2178 3832 3833 3902">
    <p class='ocr_par' dir='ltr' id='par_1_99' title="bbox 2178 3832 3833 3902">
     <span class='ocr_line' id='line_1_99' title="bbox 2178 3832 3833 3902; baseline -0.002 -12"><span class='ocrx_word' id='word_1_747' title='bbox 2178 3838 2432 3900; x_wconf 90' lang='lat' dir='ltr'><strong>tuerunt,</strong></span> <span class='ocrx_word' id='word_1_748' title='bbox 2463 3836 2527 3888; x_wconf 90' lang='lat' dir='ltr'><strong>ut</strong></span> <span class='ocrx_word' id='word_1_749' title='bbox 2545 3846 2741 3889; x_wconf 90' lang='lat' dir='ltr'><strong>eorum</strong></span> <span class='ocrx_word' id='word_1_750' title='bbox 2763 3833 2962 3902; x_wconf 91' lang='lat' dir='ltr'><strong>opinio</strong></span> <span class='ocrx_word' id='word_1_751' title='bbox 2995 3833 3052 3888; x_wconf 92' lang='lat' dir='ltr'><strong>in</strong></span> <span class='ocrx_word' id='word_1_752' title='bbox 3096 3832 3256 3888; x_wconf 92' lang='lat' dir='ltr'><strong>nullo</strong></span> <span class='ocrx_word' id='word_1_753' title='bbox 3294 3833 3544 3902; x_wconf 86' lang='lat' dir='ltr'><strong>vacillet,</strong></span> <span class='ocrx_word' id='word_1_754' title='bbox 3572 3838 3630 3887; x_wconf 88' lang='lat' dir='ltr'><strong>et</strong></span> <span class='ocrx_word' id='word_1_755' title='bbox 3651 3833 3833 3888; x_wconf 90' lang='lat' dir='ltr'><strong>cleri-</strong></span> 
     </span>
    </p>
   </div>
   <div class='ocr_carea' id='block_1_100' title="bbox 2177 3922 3832 3994">
    <p class='ocr_par' dir='ltr' id='par_1_100' title="bbox 2177 3922 3832 3994">
     <span class='ocr_line' id='line_1_100' title="bbox 2177 3922 3832 3994; baseline -0.002 -14"><span class='ocrx_word' id='word_1_756' title='bbox 2177 3923 2298 3980; x_wconf 91' lang='lat' dir='ltr'><strong>cias</strong></span> <span class='ocrx_word' id='word_1_757' title='bbox 2341 3937 2406 3979; x_wconf 89' lang='lat' dir='ltr'><strong>ac</strong></span> <span class='ocrx_word' id='word_1_758' title='bbox 2439 3922 2734 3979; x_wconf 87' lang='lat' dir='ltr'><strong>monachis</strong></span> <span class='ocrx_word' id='word_1_759' title='bbox 2768 3922 3133 3994; x_wconf 73' lang='lat' dir='ltr'><strong>adhzeserint,</strong></span> <span class='ocrx_word' id='word_1_760' title='bbox 3193 3928 3249 3978; x_wconf 92' lang='lat' dir='ltr'><strong>et</strong></span> <span class='ocrx_word' id='word_1_761' title='bbox 3297 3924 3680 3980; x_wconf 89' lang='lat' dir='ltr'><strong>concubinam</strong></span> <span class='ocrx_word' id='word_1_762' title='bbox 3734 3929 3832 3982; x_wconf 89' lang='lat' dir='ltr'><strong>aut</strong></span> 
     </span>
    </p>
   </div>
   <div class='ocr_carea' id='block_1_101' title="bbox 2180 4010 3831 4084">
    <p class='ocr_par' dir='ltr' id='par_1_101' title="bbox 2180 4010 3831 4084">
     <span class='ocr_line' id='line_1_101' title="bbox 2180 4010 3831 4084; baseline 0.001 -18"><span class='ocrx_word' id='word_1_763' title='bbox 2180 4011 2439 4081; x_wconf 90' lang='lat' dir='ltr'><strong>pellicem</strong></span> <span class='ocrx_word' id='word_1_764' title='bbox 2473 4016 2586 4066; x_wconf 87' lang='lat' dir='ltr'><strong>no&#39;n</strong></span> <span class='ocrx_word' id='word_1_765' title='bbox 2614 4010 2896 4078; x_wconf 88' lang='lat' dir='ltr'><strong>noverint,</strong></span> <span class='ocrx_word' id='word_1_766' title='bbox 2929 4016 2985 4066; x_wconf 90' lang='lat' dir='ltr'><strong>et</strong></span> <span class='ocrx_word' id='word_1_767' title='bbox 3012 4011 3069 4066; x_wconf 91' lang='lat' dir='ltr'><strong>in</strong></span> <span class='ocrx_word' id='word_1_768' title='bbox 3098 4011 3266 4067; x_wconf 91' lang='lat' dir='ltr'><strong>bonis</strong></span> <span class='ocrx_word' id='word_1_769' title='bbox 3313 4013 3589 4082; x_wconf 90' lang='lat' dir='ltr'><strong>operibus</strong></span> <span class='ocrx_word' id='word_1_770' title='bbox 3617 4013 3831 4084; x_wconf 82' lang='lat' dir='ltr'><strong>vigila-</strong></span> 
     </span>
    </p>
   </div>
   <div class='ocr_carea' id='block_1_102' title="bbox 2180 4099 3831 4171">
    <p class='ocr_par' dir='ltr' id='par_1_102' title="bbox 2180 4099 3831 4171">
     <span class='ocr_line' id='line_1_102' title="bbox 2180 4099 3831 4171; baseline 0.001 -15"><span class='ocrx_word' id='word_1_771' title='bbox 2180 4101 2317 4156; x_wconf 92' lang='lat' dir='ltr'><strong>rint.</strong></span> <span class='ocrx_word' id='word_1_772' title='bbox 2352 4100 2486 4156; x_wconf 89' lang='lat' dir='ltr'><strong>Illos</strong></span> <span class='ocrx_word' id='word_1_773' title='bbox 2507 4113 2636 4156; x_wconf 89' lang='lat' dir='ltr'><strong>vero</strong></span> <span class='ocrx_word' id='word_1_774' title='bbox 2664 4100 2762 4170; x_wconf 89' lang='lat' dir='ltr'><strong>qui</strong></span> <span class='ocrx_word' id='word_1_775' title='bbox 2798 4099 3024 4155; x_wconf 67' lang='lat' dir='ltr'><strong>militia:</strong></span> <span class='ocrx_word' id='word_1_776' title='bbox 3064 4103 3408 4171; x_wconf 91' lang='lat' dir='ltr'><strong>servierunt,</strong></span> <span class='ocrx_word' id='word_1_777' title='bbox 3428 4107 3530 4157; x_wconf 89' lang='lat' dir='ltr'><strong>aut</strong></span> <span class='ocrx_word' id='word_1_778' title='bbox 3559 4103 3616 4158; x_wconf 90' lang='lat' dir='ltr'><strong>in</strong></span> <span class='ocrx_word' id='word_1_779' title='bbox 3646 4117 3831 4158; x_wconf 72' lang='lat' dir='ltr'><strong>saecu-</strong></span> 
     </span>
    </p>
   </div>
   <div class='ocr_carea' id='block_1_103' title="bbox 2181 4189 3833 4261">
    <p class='ocr_par' dir='ltr' id='par_1_103' title="bbox 2181 4189 3833 4261">
     <span class='ocr_line' id='line_1_103' title="bbox 2181 4189 3833 4261; baseline 0.002 -15"><span class='ocrx_word' id='word_1_780' title='bbox 2181 4189 2403 4246; x_wconf 90' lang='lat' dir='ltr'><strong>laribus</strong></span> <span class='ocrx_word' id='word_1_781' title='bbox 2431 4190 2625 4246; x_wconf 91' lang='lat' dir='ltr'><strong>causis</strong></span> <span class='ocrx_word' id='word_1_782' title='bbox 2645 4190 2882 4261; x_wconf 88' lang='lat' dir='ltr'><strong>agendis</strong></span> <span class='ocrx_word' id='word_1_783' title='bbox 2907 4191 3118 4245; x_wconf 88' lang='lat' dir='ltr'><strong>versati</strong></span> <span class='ocrx_word' id='word_1_784' title='bbox 3155 4196 3309 4261; x_wconf 91' lang='lat' dir='ltr'><strong>sunt,</strong></span> <span class='ocrx_word' id='word_1_785' title='bbox 3343 4197 3444 4247; x_wconf 91' lang='lat' dir='ltr'><strong>aut</strong></span> <span class='ocrx_word' id='word_1_786' title='bbox 3463 4192 3833 4252; x_wconf 77' lang='lat' dir='ltr'><strong>administra.</strong></span> 
     </span>
    </p>
   </div>
   <div class='ocr_carea' id='block_1_104' title="bbox 2181 4280 3218 4350">
    <p class='ocr_par' dir='ltr' id='par_1_104' title="bbox 2181 4280 3218 4350">
     <span class='ocr_line' id='line_1_104' title="bbox 2181 4280 3218 4350; baseline -0.001 -14"><span class='ocrx_word' id='word_1_787' title='bbox 2181 4286 2332 4346; x_wconf 90' lang='lat' dir='ltr'><strong>runt,</strong></span> <span class='ocrx_word' id='word_1_788' title='bbox 2365 4280 2738 4336; x_wconf 90' lang='lat' dir='ltr'><strong>assumendos</strong></span> <span class='ocrx_word' id='word_1_789' title='bbox 2754 4293 2876 4336; x_wconf 88' lang='lat' dir='ltr'><strong>esse</strong></span> <span class='ocrx_word' id='word_1_790' title='bbox 2901 4280 3218 4350; x_wconf 90' lang='lat' dir='ltr'><strong>prohibuit.</strong></span> 
     </span>
    </p>
   </div>
   <div class='ocr_carea' id='block_1_105' title="bbox 2094 4368 3832 4450">
    <p class='ocr_par' dir='ltr' id='par_1_105' title="bbox 2094 4368 3832 4450">
     <span class='ocr_line' id='line_1_105' title="bbox 2094 4368 3832 4450; baseline 0.002 -26"><span class='ocrx_word' id='word_1_791' title='bbox 2094 4389 2146 4450; x_wconf 83' lang='lat' dir='ltr'><strong>D</strong></span> <span class='ocrx_word' id='word_1_792' title='bbox 2248 4370 2396 4426; x_wconf 89' lang='lat' dir='ltr'><strong>Idem</strong></span> <span class='ocrx_word' id='word_1_793' title='bbox 2421 4368 2730 4439; x_wconf 71' lang='lat' dir='ltr'><strong>prtedictus</strong></span> <span class='ocrx_word' id='word_1_794' title='bbox 2750 4383 2892 4441; x_wconf 87' lang='lat' dir='ltr'><strong>papa</strong></span> <span class='ocrx_word' id='word_1_795' title='bbox 2909 4370 2970 4425; x_wconf 91' lang='lat' dir='ltr'><strong>in</strong></span> <span class='ocrx_word' id='word_1_796' title='bbox 2990 4369 3089 4425; x_wconf 89' lang='lat' dir='ltr'><strong>illa</strong></span> <span class='ocrx_word' id='word_1_797' title='bbox 3111 4369 3373 4441; x_wconf 90' lang='lat' dir='ltr'><strong>epistola,</strong></span> <span class='ocrx_word' id='word_1_798' title='bbox 3394 4384 3565 4441; x_wconf 89' lang='lat' dir='ltr'><strong>quam</strong></span> <span class='ocrx_word' id='word_1_799' title='bbox 3587 4373 3832 4428; x_wconf 78' lang='lat' dir='ltr'><strong>Maximo</strong></span> 
     </span>
    </p>
   </div>
   <div class='ocr_carea' id='block_1_106' title="bbox 2178 4459 3833 4532">
    <p class='ocr_par' dir='ltr' id='par_1_106' title="bbox 2178 4459 3833 4532">
     <span class='ocr_line' id='line_1_106' title="bbox 2178 4459 3833 4532; baseline 0.001 -18"><span class='ocrx_word' id='word_1_800' title='bbox 2178 4464 2233 4514; x_wconf 92' lang='lat' dir='ltr'><strong>et</strong></span> <span class='ocrx_word' id='word_1_801' title='bbox 2261 4459 2462 4515; x_wconf 88' lang='lat' dir='ltr'><strong>Severo</strong></span> <span class='ocrx_word' id='word_1_802' title='bbox 2503 4459 2792 4529; x_wconf 82' lang='lat' dir='ltr'><strong>episcOpis</strong></span> <span class='ocrx_word' id='word_1_803' title='bbox 2829 4459 3141 4516; x_wconf 89' lang='lat' dir='ltr'><strong>destinavit</strong></span> <span class='ocrx_word' id='word_1_804' title='bbox 3174 4459 3350 4529; x_wconf 82' lang='lat' dir='ltr'><strong>(epist.</strong></span> <span class='ocrx_word' id='word_1_805' title='bbox 3386 4459 3441 4528; x_wconf 82' lang='grc'>5,</span> <span class='ocrx_word' id='word_1_806' title='bbox 3484 4460 3653 4529; x_wconf 89' lang='lat' dir='ltr'><strong>jubet</strong></span> <span class='ocrx_word' id='word_1_807' title='bbox 3699 4475 3833 4532; x_wconf 87' lang='lat' dir='ltr'><strong>pre—</strong></span> 
     </span>
    </p>
   </div>
   <div class='ocr_carea' id='block_1_107' title="bbox 2178 4547 3832 4620">
    <p class='ocr_par' dir='ltr' id='par_1_107' title="bbox 2178 4547 3832 4620">
     <span class='ocr_line' id='line_1_107' title="bbox 2178 4547 3832 4620; baseline 0.001 -16"><span class='ocrx_word' id='word_1_808' title='bbox 2178 4547 2435 4619; x_wconf 88' lang='lat' dir='ltr'><strong>sbyteros</strong></span> <span class='ocrx_word' id='word_1_809' title='bbox 2467 4548 2618 4618; x_wconf 90' lang='lat' dir='ltr'><strong>illos,</strong></span> <span class='ocrx_word' id='word_1_810' title='bbox 2665 4548 2763 4620; x_wconf 87' lang='lat' dir='ltr'><strong>qui</strong></span> <span class='ocrx_word' id='word_1_811' title='bbox 2812 4548 2872 4604; x_wconf 91' lang='lat' dir='ltr'><strong>in</strong></span> <span class='ocrx_word' id='word_1_812' title='bbox 2914 4548 3268 4619; x_wconf 86' lang='lat' dir='ltr'><strong>presbyterio</strong></span> <span class='ocrx_word' id='word_1_813' title='bbox 3307 4548 3461 4605; x_wconf 82' lang='lat' dir='ltr'><strong>filios</strong></span> <span class='ocrx_word' id='word_1_814' title='bbox 3502 4564 3832 4619; x_wconf 84' lang='lat' dir='ltr'><strong>procreasse</strong></span> 
     </span>
    </p>
   </div>
   <div class='ocr_carea' id='block_1_108' title="bbox 2176 4637 3832 4710">
    <p class='ocr_par' dir='ltr' id='par_1_108' title="bbox 2176 4637 3832 4710">
     <span class='ocr_line' id='line_1_108' title="bbox 2176 4637 3832 4710; baseline 0 -17"><span class='ocrx_word' id='word_1_815' title='bbox 2176 4638 2472 4701; x_wconf 84' lang='lat' dir='ltr'><strong>dicuntur,</strong></span> <span class='ocrx_word' id='word_1_816' title='bbox 2521 4637 2726 4693; x_wconf 91' lang='lat' dir='ltr'><strong>debere</strong></span> <span class='ocrx_word' id='word_1_817' title='bbox 2775 4637 2833 4692; x_wconf 93' lang='lat' dir='ltr'><strong>in</strong></span> <span class='ocrx_word' id='word_1_818' title='bbox 2871 4637 3055 4693; x_wconf 89' lang='lat' dir='ltr'><strong>medio</strong></span> <span class='ocrx_word' id='word_1_819' title='bbox 3087 4637 3382 4708; x_wconf 90' lang='lat' dir='ltr'><strong>collocari,</strong></span> <span class='ocrx_word' id='word_1_820' title='bbox 3426 4638 3832 4710; x_wconf 85' lang='lat' dir='ltr'><strong>discussisque</strong></span> 
     </span>
    </p>
   </div>
   <div class='ocr_carea' id='block_1_109' title="bbox 2175 4725 3828 4798">
    <p class='ocr_par' dir='ltr' id='par_1_109' title="bbox 2175 4725 3828 4798">
     <span class='ocr_line' id='line_1_109' title="bbox 2175 4725 3828 4798; baseline -0.001 -16"><span class='ocrx_word' id='word_1_821' title='bbox 2175 4725 2596 4796; x_wconf 89' lang='lat' dir='ltr'><strong>objectionibus</strong></span> <span class='ocrx_word' id='word_1_822' title='bbox 2625 4741 2752 4798; x_wconf 70' lang='lat' dir='ltr'><strong>qua:</strong></span> <span class='ocrx_word' id='word_1_823' title='bbox 2784 4727 2929 4798; x_wconf 90' lang='lat' dir='ltr'><strong>ipsis</strong></span> <span class='ocrx_word' id='word_1_824' title='bbox 2954 4725 3301 4797; x_wconf 87' lang='lat' dir='ltr'><strong>presbyteris</strong></span> <span class='ocrx_word' id='word_1_825' title='bbox 3325 4727 3760 4797; x_wconf 82' lang='lat' dir='ltr'><strong>impinguntur.</strong></span> <span class='ocrx_word' id='word_1_826' title='bbox 3781 4728 3828 4782; x_wconf 92' lang='lat' dir='ltr'><strong>si</strong></span> 
     </span>
    </p>
   </div>
   <div class='ocr_carea' id='block_1_110' title="bbox 2176 4813 3823 4885">
    <p class='ocr_par' dir='ltr' id='par_1_110' title="bbox 2176 4813 3823 4885">
     <span class='ocr_line' id='line_1_110' title="bbox 2176 4813 3823 4885; baseline -0.001 -14"><span class='ocrx_word' id='word_1_827' title='bbox 2176 4815 2439 4871; x_wconf 90' lang='lat' dir='ltr'><strong>convinci</strong></span> <span class='ocrx_word' id='word_1_828' title='bbox 2487 4821 2772 4885; x_wconf 90' lang='lat' dir='ltr'><strong>poterunt,</strong></span> <span class='ocrx_word' id='word_1_829' title='bbox 2823 4830 2854 4870; x_wconf 91' lang='lat' dir='ltr'><strong>a</strong></span> <span class='ocrx_word' id='word_1_830' title='bbox 2895 4815 3233 4871; x_wconf 88' lang='lat' dir='ltr'><strong>sacerdotali</strong></span> <span class='ocrx_word' id='word_1_831' title='bbox 3281 4813 3468 4872; x_wconf 80' lang='lat' dir='ltr'><strong>ofﬁcio</strong></span> <span class='ocrx_word' id='word_1_832' title='bbox 3505 4818 3823 4872; x_wconf 81' lang='lat' dir='ltr'><strong>removeri:</strong></span> 
     </span>
    </p>
   </div>
   <div class='ocr_carea' id='block_1_111' title="bbox 2176 4905 3829 4976">
    <p class='ocr_par' dir='ltr' id='par_1_111' title="bbox 2176 4905 3829 4976">
     <span class='ocr_line' id='line_1_111' title="bbox 2176 4905 3829 4976; baseline 0 -17"><span class='ocrx_word' id='word_1_833' title='bbox 2176 4905 2312 4974; x_wconf 90' lang='lat' dir='ltr'><strong>quia</strong></span> <span class='ocrx_word' id='word_1_834' title='bbox 2351 4905 2452 4975; x_wconf 89' lang='lat' dir='ltr'><strong>qui</strong></span> <span class='ocrx_word' id='word_1_835' title='bbox 2480 4905 2664 4960; x_wconf 89' lang='lat' dir='ltr'><strong>sancti</strong></span> <span class='ocrx_word' id='word_1_836' title='bbox 2714 4918 2822 4961; x_wconf 93' lang='lat' dir='ltr'><strong>non</strong></span> <span class='ocrx_word' id='word_1_837' title='bbox 2851 4909 3005 4974; x_wconf 89' lang='lat' dir='ltr'><strong>sunt,</strong></span> <span class='ocrx_word' id='word_1_838' title='bbox 3035 4910 3230 4960; x_wconf 84' lang='lat' dir='ltr'><strong>sancta</strong></span> <span class='ocrx_word' id='word_1_839' title='bbox 3259 4910 3507 4960; x_wconf 87' lang='lat' dir='ltr'><strong>tractare</strong></span> <span class='ocrx_word' id='word_1_840' title='bbox 3538 4918 3653 4960; x_wconf 92' lang='lat' dir='ltr'><strong>non</strong></span> <span class='ocrx_word' id='word_1_841' title='bbox 3694 4920 3829 4976; x_wconf 88' lang='lat' dir='ltr'><strong>pos-</strong></span> 
     </span>
    </p>
   </div>
   <div class='ocr_carea' id='block_1_112' title="bbox 2177 4990 3826 5066">
    <p class='ocr_par' dir='ltr' id='par_1_112' title="bbox 2177 4990 3826 5066">
     <span class='ocr_line' id='line_1_112' title="bbox 2177 4990 3826 5066; baseline 0.001 -17"><span class='ocrx_word' id='word_1_842' title='bbox 2177 5000 2311 5049; x_wconf 88' lang='lat' dir='ltr'><strong>sunt</strong></span> <span class='ocrx_word' id='word_1_843' title='bbox 2371 4993 2525 5064; x_wconf 90' lang='lat' dir='ltr'><strong>(dist.</strong></span> <span class='ocrx_word' id='word_1_844' title='bbox 2571 4990 2662 5065; x_wconf 88' lang='lat'><strong>84,</strong></span> <span class='ocrx_word' id='word_1_845' title='bbox 2717 5008 2764 5049; x_wconf 95' lang='lat' dir='ltr'><strong>c.</strong></span> <span class='ocrx_word' id='word_1_846' title='bbox 2840 4993 3295 5066; x_wconf 66' lang='lat' dir='ltr'><strong>Mamimilianus).</strong></span> <span class='ocrx_word' id='word_1_847' title='bbox 3370 4995 3595 5050; x_wconf 84' lang='lat' dir='ltr'><strong>Laudat</strong></span> <span class='ocrx_word' id='word_1_848' title='bbox 3655 4995 3826 5050; x_wconf 88' lang='lat' dir='ltr'><strong>etiam</strong></span> 
     </span>
    </p>
   </div>
   <div class='ocr_carea' id='block_1_113' title="bbox 2178 5082 3825 5154">
    <p class='ocr_par' dir='ltr' id='par_1_113' title="bbox 2178 5082 3825 5154">
     <span class='ocr_line' id='line_1_113' title="bbox 2178 5082 3825 5154; baseline -0.001 -16"><span class='ocrx_word' id='word_1_849' title='bbox 2178 5083 2236 5138; x_wconf 92' lang='lat' dir='ltr'><strong>in</strong></span> <span class='ocrx_word' id='word_1_850' title='bbox 2283 5083 2474 5138; x_wconf 88' lang='lat' dir='ltr'><strong>eadem</strong></span> <span class='ocrx_word' id='word_1_851' title='bbox 2514 5082 2747 5154; x_wconf 90' lang='lat' dir='ltr'><strong>laicum,</strong></span> <span class='ocrx_word' id='word_1_852' title='bbox 2802 5083 2901 5154; x_wconf 90' lang='lat' dir='ltr'><strong>qui</strong></span> <span class='ocrx_word' id='word_1_853' title='bbox 2942 5097 2975 5138; x_wconf 90' lang='lat' dir='ltr'><strong>a</strong></span> <span class='ocrx_word' id='word_1_854' title='bbox 3014 5082 3234 5140; x_wconf 88' lang='lat' dir='ltr'><strong>talibus</strong></span> <span class='ocrx_word' id='word_1_855' title='bbox 3278 5082 3594 5139; x_wconf 59' lang='lat' dir='ltr'><strong>Ecclesiam</strong></span> <span class='ocrx_word' id='word_1_856' title='bbox 3644 5082 3825 5154; x_wconf 87' lang='lat' dir='ltr'><strong>pollui</strong></span> 
     </span>
    </p>
   </div>
   <div class='ocr_carea' id='block_1_114' title="bbox 2177 5172 2550 5242">
    <p class='ocr_par' dir='ltr' id='par_1_114' title="bbox 2177 5172 2550 5242">
     <span class='ocr_line' id='line_1_114' title="bbox 2177 5172 2550 5242; baseline -0.005 -14"><span class='ocrx_word' id='word_1_857' title='bbox 2177 5185 2287 5228; x_wconf 92' lang='lat' dir='ltr'><strong>non</strong></span> <span class='ocrx_word' id='word_1_858' title='bbox 2317 5172 2550 5242; x_wconf 89' lang='lat' dir='ltr'><strong>patitur.</strong></span> 
     </span>
    </p>
   </div>
   <div class='ocr_carea' id='block_1_115' title="bbox 2246 5259 3832 5333">
    <p class='ocr_par' dir='ltr' id='par_1_115' title="bbox 2246 5259 3832 5333">
     <span class='ocr_line' id='line_1_115' title="bbox 2246 5259 3832 5333; baseline 0.002 -18"><span class='ocrx_word' id='word_1_859' title='bbox 2246 5261 2394 5316; x_wconf 90' lang='lat' dir='ltr'><strong>Idem</strong></span> <span class='ocrx_word' id='word_1_860' title='bbox 2412 5275 2558 5332; x_wconf 71' lang='lat' dir='ltr'><strong>saepe</strong></span> <span class='ocrx_word' id='word_1_861' title='bbox 2573 5262 2766 5318; x_wconf 92' lang='lat' dir='ltr'><strong>dictus</strong></span> <span class='ocrx_word' id='word_1_862' title='bbox 2788 5276 2822 5332; x_wconf 95' lang='lat' dir='ltr'><strong>p</strong></span> <span class='ocrx_word' id='word_1_863' title='bbox 2838 5259 3064 5332; x_wconf 68' lang='lat' dir='ltr'><strong>intifex,</strong></span> <span class='ocrx_word' id='word_1_864' title='bbox 3086 5261 3144 5316; x_wconf 91' lang='lat' dir='ltr'><strong>in</strong></span> <span class='ocrx_word' id='word_1_865' title='bbox 3162 5260 3406 5332; x_wconf 89' lang='lat' dir='ltr'><strong>cpistola</strong></span> <span class='ocrx_word' id='word_1_866' title='bbox 3426 5274 3598 5332; x_wconf 88' lang='lat' dir='ltr'><strong>quam</strong></span> <span class='ocrx_word' id='word_1_867' title='bbox 3622 5262 3832 5333; x_wconf 78' lang='lat' dir='ltr'><strong>Apulis</strong></span> 
     </span>
    </p>
   </div>
   <div class='ocr_carea' id='block_1_116' title="bbox 2169 5351 3830 5422">
    <p class='ocr_par' dir='ltr' id='par_1_116' title="bbox 2169 5351 3830 5422">
     <span class='ocr_line' id='line_1_116' title="bbox 2169 5351 3830 5422; baseline -0.001 -16"><span class='ocrx_word' id='word_1_868' title='bbox 2169 5351 2474 5421; x_wconf 82' lang='lat' dir='ltr'><strong>episcopis,</strong></span> <span class='ocrx_word' id='word_1_869' title='bbox 2522 5351 2848 5407; x_wconf 86' lang='lat' dir='ltr'><strong>Macedonio</strong></span> <span class='ocrx_word' id='word_1_870' title='bbox 2893 5351 3160 5406; x_wconf 89' lang='lat' dir='ltr'><strong>videlicet</strong></span> <span class='ocrx_word' id='word_1_871' title='bbox 3197 5357 3252 5406; x_wconf 90' lang='lat' dir='ltr'><strong>et</strong></span> <span class='ocrx_word' id='word_1_872' title='bbox 3298 5351 3545 5422; x_wconf 80' lang='lat' dir='ltr'><strong>Marino,</strong></span> <span class='ocrx_word' id='word_1_873' title='bbox 3592 5351 3830 5421; x_wconf 88' lang='lat' dir='ltr'><strong>scripsit</strong></span> 
     </span>
    </p>
   </div>
   <div class='ocr_carea' id='block_1_117' title="bbox 2167 5432 3829 5512">
    <p class='ocr_par' dir='ltr' id='par_1_117' title="bbox 2167 5432 3829 5512">
     <span class='ocr_line' id='line_1_117' title="bbox 2167 5432 3829 5512; baseline -0.001 -17"><span class='ocrx_word' id='word_1_874' title='bbox 2167 5439 2342 5512; x_wconf 74' lang='lat' dir='ltr'><strong>(epist.</strong></span> <span class='ocrx_word' id='word_1_875' title='bbox 2375 5440 2450 5511; x_wconf 83' lang='lat'><strong>6),</strong></span> <span class='ocrx_word' id='word_1_876' title='bbox 2480 5432 2765 5512; x_wconf 65' lang='lat' dir='ltr'><strong>praecepit,</strong></span> <span class='ocrx_word' id='word_1_877' title='bbox 2792 5441 2840 5496; x_wconf 92' lang='lat' dir='ltr'><strong>si</strong></span> <span class='ocrx_word' id='word_1_878' title='bbox 2897 5440 3230 5498; x_wconf 88' lang='lat' dir='ltr'><strong>constiterit</strong></span> <span class='ocrx_word' id='word_1_879' title='bbox 3269 5439 3549 5496; x_wconf 88' lang='lat' dir='ltr'><strong>clericum</strong></span> <span class='ocrx_word' id='word_1_880' title='bbox 3580 5455 3684 5511; x_wconf 88' lang='lat' dir='ltr'><strong>pro</strong></span> <span class='ocrx_word' id='word_1_881' title='bbox 3706 5441 3829 5497; x_wconf 88' lang='lat' dir='ltr'><strong>suis</strong></span> 
     </span>
    </p>
   </div>
   <div class='ocr_carea' id='block_1_118' title="bbox 2166 5529 3825 5603">
    <p class='ocr_par' dir='ltr' id='par_1_118' title="bbox 2166 5529 3825 5603">
     <span class='ocr_line' id='line_1_118' title="bbox 2166 5529 3825 5603; baseline -0.001 -17"><span class='ocrx_word' id='word_1_882' title='bbox 2166 5529 2514 5586; x_wconf 87' lang='lat' dir='ltr'><strong>criminibus</strong></span> <span class='ocrx_word' id='word_1_883' title='bbox 2551 5531 2736 5602; x_wconf 82' lang='lat' dir='ltr'><strong>egisse</strong></span> <span class='ocrx_word' id='word_1_884' title='bbox 2767 5529 3182 5603; x_wconf 72' lang='lat' dir='ltr'><strong>paenitentiam,</strong></span> <span class='ocrx_word' id='word_1_885' title='bbox 3218 5530 3288 5586; x_wconf 91' lang='lat' dir='ltr'><strong>ab</strong></span> <span class='ocrx_word' id='word_1_886' title='bbox 3316 5531 3473 5586; x_wconf 90' lang='lat' dir='ltr'><strong>omni</strong></span> <span class='ocrx_word' id='word_1_887' title='bbox 3512 5529 3825 5586; x_wconf 87' lang='lat' dir='ltr'><strong>clericatus</strong></span> 
     </span>
    </p>
   </div>
  </div>
