4082 6168
163 348 166 350 .
267 283 399 345 4497

1031 311 1036 316 -
1120 287 1384 346 PSEUDO
1424 287 1843 345 LUITPRANDI
1881 289 2006 346 LIB.
2048 272 2139 344 DE
2185 289 2358 346 vms
2395 289 2580 347 nom
2604 291 2801 348 rom.

3519 291 3659 350 4498

261 416 438 475 ofﬁcio
480 415 879 473 removendum
921 435 934 472 :
987 417 1068 475 ita
1105 419 1348 490 scilicet,
1374 419 1422 475 si
1457 426 1586 490 post
1625 419 1988 490 pmniten—‘A
2022 419 2326 490 piat,quod
2352 422 3659 494 Bonosus,antequamdamnaretur,ordinasse

262 510 392 565 tiam
449 509 516 564 ad
573 509 839 577 majorem
882 509 1120 581 gradum
1170 511 1398 567 tendere
1448 511 1678 568 nititur.
1729 512 1797 565 Et
1846 510 1904 564 in

261 599 445 656 eadem
479 597 674 668 arguit
721 597 1040 671 episcopos,
1089 600 1188 671 qui
1235 602 1372 657 dum
1409 609 1510 657 aut
1550 599 1755 656 amicis
1805 605 1908 654 aut

259 686 705 758 obsequentibus
745 687 986 758 gratiam
1033 695 1300 758 praestare
1341 692 1629 761 nituntur,
1664 688 1908 759 religio—

262 791 378 833 nem
421 776 657 848 violant,
685 776 1032 847 ordinesque
1062 786 1443 850 corrumpunt
1473 797 1488 849 ς
1521 787 1575 836 ct
1609 780 1693 834 sic
1716 777 1906 833 evenit

261 872 318 923 ut
344 866 571 937 indigni
599 866 817 936 quique
847 865 1092 923 honores
1115 869 1440 939 suscipiant
1461 867 1900 936 ecclesiasticos,

258 963 309 1014 et
337 957 720 1012 admittantur
750 956 817 1011 ad
851 956 1088 1028 clerum,
1124 960 1222 1030 qui
1251 972 1352 1016 nec
1393 960 1542 1016 inter
1585 957 1764 1014 laicos
1805 957 1907 1014 di—

259 1061 428 1119 gnum
462 1045 646 1101 locum
689 1044 896 1101 habere
929 1053 1237 1103 merentur.

325 1156 460 1210 Item
490 1154 548 1209 in
580 1153 843 1224 epistola,
870 1167 1038 1224 quam
1070 1156 1358 1227 episcopis
1395 1172 1492 1228 per
1517 1157 1901 1213 Macedoniam

259 1242 590 1299 constitutis
649 1242 889 1313 scripsit
939 1242 1118 1313 (epist.
1165 1242 1243 1316 7),
1292 1245 1440 1302 dicit
1479 1264 1491 1300 :
1538 1248 1660 1303 Non
1698 1249 1905 1316 oportet

256 1349 416 1402 grave
439 1333 616 1386 videri
639 1329 747 1402 (35,
783 1348 835 1403 q.
859 1329 912 1404 9,
945 1347 994 1387 c.
1024 1333 1216 1408 Grave)
1237 1336 1608 1406 cujuscunque
1623 1336 1902 1405 judicium

259 1424 542 1477 retractari
567 1440 584 1488 ;
608 1423 740 1491 quia
759 1424 962 1477 veritas
988 1425 1269 1491 exagitata
1299 1427 1494 1496 saepius
1523 1427 1697 1493 magis
1727 1425 1903 1494 splen-

259 1512 423 1566 descit
443 1512 502 1564 in
535 1511 668 1574 luce,
707 1515 757 1565 et
777 1512 1047 1580 pernicies
1069 1517 1315 1567 revocata
1341 1515 1399 1568 in
1415 1515 1695 1584 judicium
1717 1516 1900 1568 acrius

251 1601 570 1671 paenitentia
605 1595 850 1672 [grauius
889 1605 940 1655 et
975 1602 1093 1655 sine
1117 1601 1420 1673 paenitent]
1461 1603 1850 1658 condemnatur
1880 1621 1897 1668 ;

257 1695 303 1746 et
329 1692 546 1758 fructus
574 1689 794 1744 divinus
815 1694 892 1744 est
916 1691 1200 1760 justitiam
1223 1693 1422 1763 saepius
1451 1694 1734 1748 recenseri.

323 1800 460 1853 Item
503 1796 562 1852 in
612 1795 733 1865 illa,
777 1809 945 1866 quam
971 1797 1301 1854 Florentino
1340 1799 1735 1855 Tiburtinensi
1767 1799 1901 1869 epi—

255 1901 425 1957 scopo
470 1885 632 1940 misit
661 1884 836 1956 (epist.
882 1884 955 1959 8),
995 1888 1224 1943 mandat
1268 1888 1545 1944 terminos
1571 1903 1602 1944 a
1632 1888 1901 1944 Patribus

254 1977 598 2032 constitutos
628 1975 866 2030 transiri
894 1989 1005 2031 non
1038 1982 1299 2047 oportere
1331 1995 1343 2031 :
1372 1978 1510 2048 quia
1538 1975 1695 2034 nefas
1720 1982 1826 2048 est,
1847 1977 1897 2033 si

255 2066 404 2136 quod
437 2064 582 2120 alter
618 2077 840 2134 semper
899 2067 1235 2137 possederit,
1263 2066 1408 2122 alter
1436 2067 1666 2122 invadat
1696 2085 1710 2136 ;
1746 2065 1897 2137 quod

256 2154 591 2225 praedictum
615 2153 946 2223 episcopum
969 2161 1245 2211 memorat
1262 2153 1484 2226 fecisse,
1510 2155 1903 2227 quiaalterius

255 2242 586 2314 parochiam
620 2241 921 2298 invaserat.

324 2354 464 2406 Item
491 2350 547 2405 in
581 2349 826 2420 epistola
859 2349 1039 2406 Probo
1070 2351 1338 2421 episc0po
1369 2351 1586 2407 directa
1617 2349 1792 2422 (epist.
1825 2347 1898 2423 9),

248 2442 420 2512 jubet
474 2440 770 2496 mulierem
814 2439 886 2494 de
932 2441 1266 2510 captivitate
1315 2454 1618 2513 reversam,
1671 2441 1899 2512 marito,

257 2531 493 2602 quijam
525 2529 683 2586 aliud
706 2529 918 2585 inierat
936 2531 1294 2602 conjugium,
1324 2531 1555 2588 restitui
1582 2550 1594 2586 :
1621 2531 1758 2601 quia
1792 2530 1902 2586 ﬁde

255 2620 548 2677 catholica
586 2617 932 2690 suffragante
964 2620 1109 2676 illud
1143 2621 1350 2677 statuit
1391 2635 1513 2677 esse
1543 2620 1899 2692 conjugium,

253 2709 409 2781 quod
441 2715 563 2765 erat
593 2709 866 2779 primitus
889 2711 1071 2780 gratia
1087 2710 1284 2766 divina
1317 2709 1640 2783 fundatum,
1668 2724 1909 2766 conven-

257 2803 500 2870 tumque
538 2798 803 2855 mulieris
831 2799 1093 2855 secundai
1125 2800 1316 2870 priore
1345 2801 1656 2871 superstite
1682 2813 1783 2856 nec
1803 2799 1906 2855 di—

251 2888 448 2944 vortio
472 2889 671 2958 ejecta,
705 2887 865 2944 nullo
898 2889 1063 2946 modo
1093 2903 1255 2960 posse
1281 2903 1404 2946 esse
1435 2889 1760 2961 legitlmum
1791 2885 1897 2958 (34,

251 2993 308 3048 q.
348 2975 370 3032 4
413 2983 468 3032 et
496 2975 550 3045 2,
580 2992 630 3033 c.
661 2977 792 3034 Cum
819 2977 917 3049 in).

2016 511 2403 581 cognoscitur.

2091 602 2224 654 ltem
2257 599 2462 655 scribit
2502 599 2790 656 universis
2833 600 3122 670 epiSCOpiS
3164 602 3221 656 in
3259 603 3525 659 Toletana
3557 617 3658 673 sy-

2017 688 2164 744 nodo
2205 690 2545 746 constitutis
2570 690 2750 758 (epist.
2793 686 2905 761 24),
2947 694 3002 744 et
3038 689 3203 758 dicit,
3251 692 3399 760 quod
3446 693 3516 746 de
3553 704 3656 748 or-

2013 777 2418 835 dinationibus
2461 778 2530 833 ab
2574 779 2860 848 Hispaniae
2908 779 3197 850 episcopis
3239 779 3445 835 illicite
3491 779 3660 836 factis

2015 865 2200 922 fuerat
2230 867 2454 938 aliquid
2488 868 2798 924 secundum
2831 869 3108 937 majorum
3145 868 3511 924 traditionem
3553 878 3661 924 sta-

2013 957 2313 1026 tuendum,
2349 957 2464 1013 nisi
2505 957 2875 1027 perpenderet
2903 958 3035 1013 inde
3066 958 3125 1012 in
3160 957 3420 1014 ecclesiis
3451 971 3659 1028 quam—

2015 1045 2298 1116 plurimas
2348 1047 2808 1116 perturbationes
2840 1048 3158 1104 movendas.
3203 1049 3272 1102 Et
3308 1047 3658 1103 enumeratis

2015 1135 2154 1206 illis,
2205 1150 2330 1206 qua:
2362 1135 2570 1191 illicite
2619 1141 2772 1207 gesta
2812 1149 2935 1192 esse
2967 1141 3325 1208 cognoverat,
3356 1135 3658 1207 subjungit

2014 1225 2093 1280 ita
2125 1242 2137 1277 :
2172 1225 2299 1291 Quae
2329 1227 2378 1278 si
2404 1226 2625 1294 singula
2660 1227 3006 1280 discutienda
3034 1227 3374 1288 mandemus,
3416 1243 3523 1280 non
3555 1242 3662 1280 mo-

2011 1315 2159 1368 dicos
2189 1320 2366 1369 motus
2413 1320 2512 1368 aut
2535 1314 2802 1369 scandala
2839 1317 3302 1384 Hispaniensibus
3329 1319 3652 1386 provinciis,

2012 1405 2212 1473 quibus
2223 1404 2428 1458 mederi
2447 1405 2714 1474 cupimus,
2734 1404 2800 1458 de
2818 1405 2998 1458 studio
3015 1405 3481 1462 emendationibua
3497 1410 3658 1463 indu-

2009 1509 2204 1548 cemus.
2263 1492 2471 1548 Idcirco
2508 1493 2833 1548 remittenda
2872 1494 2980 1548 haec
3011 1497 3196 1564 potius
3229 1500 3507 1565 putamus.
3545 1499 3648 1554 Sed

2010 1583 2425 1652 providendum
2457 1595 2581 1638 esse
2603 1582 2911 1653 mandavnt,
2943 1595 3010 1638 ne
3043 1583 3312 1654 deinceps
3343 1585 3482 1640 talia
3505 1599 3648 1641 com-

2010 1655 2334 1728 mittantur.

2474 1760 2662 1816 XLIII.
2697 1791 2766 1800 —
2789 1761 2843 1816 S.
2883 1758 3187 1816 ZOSIMUS.

2540 1848 2722 1920 (Anno
2749 1852 2950 1907 Christi
2976 1847 3122 1921 M7.)

2080 1941 2358 2011 Zosimus,
2399 1940 2628 1996 natione
2667 1943 2920 2010 Graecus,
2959 1953 3028 1995 ex
3061 1941 3218 2010 patre
3248 1941 3535 2014 Abramio,
3574 1959 3654 2000 se-

2007 2027 2098 2084 dit
2142 2041 2354 2084 annum
2401 2041 2600 2099 unum,
2635 2041 2852 2083 menses
2895 2034 3030 2096 tres,
3061 2027 3188 2084 dies
3219 2029 3502 2085 undecim.
3550 2033 3654 2088 Hic

2011 2117 2302 2173 ordinavit
2327 2117 2627 2187 episcopos
2656 2121 2803 2182 octo,
2830 2115 3189 2186 presbyteros
3215 2117 3427 2188 decem,
3461 2119 3643 2176 diaco

2013 2221 2116 2263 nos
2142 2211 2274 2263 tres.
2295 2207 2530 2263 Solutus
2546 2211 2632 2262 est
2651 2211 2840 2262 autem
2857 2206 2926 2262 de
2951 2207 3241 2278 ergastulo
3262 2210 3522 2278 corporis
3545 2224 3648 2268 vm

2010 2296 2250 2366 Kalend,
2283 2297 2563 2351 Januarii.
2610 2295 2711 2350 Hic
2741 2295 3041 2364 epistolam
3076 2295 3294 2352 Hesitio
3325 2298 3644 2376 [Hesychio]

2009 2384 2343 2441 Salonitano
2389 2385 2656 2454 episcopo
2705 2384 2942 2454 scripsit
2989 2383 3168 2453 (epist.
3199 2383 3266 2455 4),
3316 2386 3373 2441 in
3418 2401 3530 2458 qua
3581 2389 3652 2445 de

2013 2474 2328 2544 monachis,
2355 2488 2600 2545 quorum
2624 2473 2878 2531 solitudo
2900 2474 3103 2544 quavis
3124 2473 3447 2546 frequentia
3471 2479 3651 2548 major

2010 2568 2114 2634 est,
2139 2570 2195 2619 et
2225 2565 2294 2620 de
2316 2563 2482 2620 laicis
2502 2564 2570 2619 ad
2595 2563 2926 2634 episcopum
2947 2561 3357 2620 festinantibus
3383 2567 3652 2636 praecepit

2015 2667 2083 2709 ne
2111 2652 2244 2724 quis
2282 2666 2478 2709 eorum
2510 2657 2708 2708 contra
2738 2653 2966 2707 Patrum
3006 2659 3303 2721 praecepta,
3333 2654 3433 2723 qui
3464 2655 3652 2711 eccle—

2014 2740 2272 2797 siasticis
2289 2740 2628 2811 disciplinis
2644 2754 2742 2811 per
2762 2740 3018 2796 ordinem
3045 2753 3155 2795 non
3177 2739 3656 2799 fuissetimbutus

2015 2832 2176 2902 (dist.
2213 2829 2302 2891 36.
2334 2845 2384 2887 c.
2437 2830 2542 2897 Qui
2578 2831 2995 2901 ecclesiasticis),
3045 2834 3100 2885 et
3135 2831 3410 2900 temporis
3443 2845 3660 2902 appro-

2015 2921 2244 2978 batione
2267 2921 2486 2976 divinis
2515 2921 2825 2990 stipendiis
2855 2921 2934 2976 sit
2961 2919 3247 2990 eruditus,
3269 2920 3560 2977 ullatenus
3587 2923 3655 2980 ad

2017 3023 2301 3065 summum
2346 3009 2612 3064 Ecclesia:
2650 3009 3033 3064 sacerdotium
3060 3010 3317 3079 aSpirare
3346 3025 3662 3079 praesume-

326 3087 470 3140 Item
504 3085 562 3140 in
605 3085 724 3154 illa,
772 3099 942 3156 quam
976 3085 1212 3142 Aurelio
1260 3083 1720 3155 Carthaginiensi
1777 3086 1905 3152 epl-

2021 3103 2104 3154 ret
2131 3116 2146 3167 ;
2173 3103 2230 3153 et
2259 3111 2371 3153 non
2397 3097 2584 3154 solum
2618 3098 2677 3152 in
2706 3110 2772 3152 eo
2794 3096 3034 3152 ambitio
3054 3096 3311 3152 inefﬁcax
3335 3097 3658 3168 haberetur,

249 3187 438 3243 scopo
485 3175 721 3245 scripsit
757 3173 933 3246 (epist.
985 3172 1090 3246 42),
1123 3177 1402 3244 quantum
1443 3172 1654 3241 doleat,
1687 3185 1746 3227 se
1797 3186 1907 3229 non

251 3276 426 3333 posse
449 3265 767 3334 exprimere
797 3263 964 3331 dicit,
993 3263 1143 3333 quod
1168 3262 1502 3330 Ecclesiam,
1535 3266 1591 3317 et
1621 3261 1910 3332 praecipue

247 3352 580 3423 episeOpos,
615 3357 773 3407 tanta
808 3351 1154 3423 indignitate
1181 3359 1239 3406 et
1263 3350 1524 3407 molestia
1559 3351 1792 3406 tractari
1822 3351 1912 3406 le-

249 3447 346 3512 gat
379 3446 438 3497 et
467 3441 690 3510 audiat,
733 3440 871 3496 dum
906 3439 1076 3496 facile
1108 3454 1313 3496 manus
1340 3441 1738 3511 imponuntur,
1772 3441 1909 3498 dum

248 3530 618 3602 negligenter
669 3531 934 3586 sacerdos
985 3544 1248 3586 summus
1304 3529 1563 3601 eligitur,
1607 3534 1664 3585 et
1710 3529 1908 3586 clerici

247 3619 782 3676 ecclesiasticorum
821 3620 1150 3692 d0gmatum
1181 3619 1377 3691 regula
1420 3620 1649 3690 nutriti,
1683 3619 1766 3674 vel
1803 3621 1914 3677 ho-

247 3709 473 3778 norati,
506 3710 655 3765 inter
674 3708 884 3765 altaria
904 3709 1122 3764 Christi
1151 3715 1526 3778 respuuntur,
1553 3709 1720 3780 quasi
1752 3707 1911 3764 nefas

247 3801 331 3858 sit
384 3799 454 3855 ad
504 3799 815 3869 primatum
871 3799 1064 3855 venire
1114 3813 1213 3869 per
1268 3800 1550 3856 ordinem.
1590 3801 1727 3854 Nam
1779 3813 1906 3854 cum

249 3890 395 3946 laici
437 3893 494 3943 et
526 3888 786 3944 monachi
839 3888 1218 3958 undecunque
1255 3887 1497 3957 abrupte
1526 3889 1592 3943 ad
1635 3888 1780 3943 tanti
1812 3901 1914 3943 sa—

247 3977 505 4035 cerdotii
534 3977 840 4047 collegium
863 3983 1263 4046 assumuntur,
1291 3977 1560 4032 videntur
1575 3983 1630 4032 et
1653 3976 1742 4032 illi
1765 3990 1910 4033 con-

251 4069 462 4136 temni,
516 4067 585 4122 de
641 4066 856 4138 quibus
917 4070 1252 4135 Oportuerat
1301 4065 1439 4137 eligi
1475 4085 1489 4130 ς
1521 4072 1574 4121 et
1627 4065 1723 4120 isti
1768 4065 1911 4119 male

251 4155 598 4225 intromitti,
649 4155 749 4225 qui
801 4160 1006 4225 praeter
1047 4154 1312 4211 ordinem
1352 4154 1688 4224 irrumpunt
1718 4153 1912 4224 potius

249 4259 433 4316 quam
467 4244 776 4316 eligantur.

328 4354 468 4408 Item
495 4352 642 4407 idem
665 4353 1035 4422 supradictus
1055 4366 1195 4423 papa
1216 4351 1538 4408 Alexandro
1554 4349 1911 4407 Antiocheno

2018 3201 2213 3243 verum
2253 3191 2308 3241 et
2351 3186 2712 3242 ordinatores
2757 3186 2902 3255 ejus,
2948 3189 3012 3240 ut
3048 3189 3307 3240 carerent
3339 3199 3405 3240 eo
3437 3186 3658 3257 ordine,

2019 3290 2186 3348 quem
2218 3275 2473 3332 ordinem
2507 3279 2702 3330 contra
2737 3278 3014 3346 praecepta
3046 3275 3274 3330 Patrum
3303 3275 3665 3331 crediderant

2021 3365 2477 3436 praesumendum
2510 3362 2662 3434 (dist.
2689 3361 2780 3432 59,
2813 3377 2864 3418 c.
2903 3362 3008 3428 Qui
3036 3363 3446 3436 ecclesiasticis).

2429 3453 2616 3509 XLIV.
2649 3473 2719 3502 =
2745 3453 2800 3508 S.
2835 3451 3253 3508 BONIFACIUS.

2543 3542 2726 3614 (Anno
2757 3542 2961 3597 Christi
2997 3538 3145 3612 449.)

2092 3632 2441 3704 Bonifacius,
2463 3632 2694 3688 natione
2713 3633 3018 3698 Romanus,
3033 3644 3100 3685 ex
3115 3634 3271 3700 patre
3285 3631 3538 3689 Jocundo
3551 3647 3670 3702 pre-

2020 3725 2266 3795 sbytero,
2299 3723 2449 3779 sedit
2469 3736 2650 3778 annos
2681 3728 2817 3792 tres,
2848 3734 3068 3776 menses
3097 3726 3246 3790 octo,
3274 3720 3400 3777 dies
3431 3727 3663 3792 septem.

2020 3813 2198 3868 Hicin
2221 3812 2586 3868 contentione
2625 3809 2844 3865 unadie
2869 3822 2997 3864 cum
3025 3808 3583 3866 Eulalioordinatur.
3603 3812 3668 3866 Et

2022 3899 2137 3956 fuit
2155 3901 2562 3957 istadissensio
2583 3901 2641 3954 in
2656 3899 2810 3955 clero
2830 3913 3048 3954 menses
3065 3904 3277 3968 septem
3295 3900 3487 3954 etdies
3505 3900 3704 3970 quin-,

2019 3991 2224 4046 decim.
2252 3990 2513 4045 Eulalius
2540 4003 2670 4045 vero
2693 3989 2998 4044 ordinatur
3032 3989 3090 4043 in
3113 3988 3353 4044 ecclesia
3383 3989 3669 4046 Constan-

2021 4081 2262 4146 tiniana,
2285 4077 2612 4134 Bonifacius
2653 4078 2710 4133 in
2744 4077 2984 4132 basilica
3010 4077 3171 4133 Julii.
3200 4078 3453 4134 Placidia
3477 4085 3666 4135 autem

2018 4169 2295 4240 Augusta,
2343 4168 2620 4223 Ravennae
2660 4166 2920 4221 residens
2949 4180 3078 4221 cum
3111 4165 3233 4222 ﬁlio
3276 4181 3381 4223 suo
3410 4168 3666 4239 Augusto

2021 4258 2440 4328 Valentiniano,
2475 4256 2718 4312 audiens
2752 4255 2877 4322 hoc,
2911 4255 3058 4324 quod
3093 4256 3282 4310 Roma:
3308 4253 3519 4312 factum
3552 4255 3669 4312 fue-

2021 4353 2129 4419 rat,
2157 4348 2405 4405 Honorio
2436 4345 2693 4418 Augusto
2735 4343 3040 4398 Mediolani
3070 4344 3287 4399 sedenti
3321 4345 3657 4400 notificavit.

247 4442 529 4512 episcOpo
570 4441 809 4511 scripsit
855 4439 1027 4512 (epist.
1076 4440 1098 4496 4
1135 4441 1208 4496 al.
1245 4439 1333 4513 20)
1361 4445 1418 4496 et
1449 4440 1697 4511 mandat,
1729 4443 1810 4509 ut,
1859 4439 1908 4494 si
1944 4431 2177 4495 DUnde
2216 4444 2473 4507 uterque,
2522 4436 2695 4490 missa
2741 4431 3028 4502 imperiali
3074 4432 3436 4497 auctoritate,
3467 4433 3663 4489 ambos

252 4545 374 4587 una
412 4530 708 4601 provincia
746 4531 1034 4600 imperiali
1061 4528 1682 4600 judiciodijudicatur,
1710 4535 1914 4584 metro-

248 4620 505 4691 politani
532 4626 717 4676 tamen
735 4619 988 4690 episcOpi
1021 4620 1334 4676 secundum
1361 4619 1673 4690 pristinum
1695 4631 1908 4674 morem

251 4708 689 4779 provinciarum
735 4708 1092 4765 solummodo
1117 4715 1504 4765 numerentur.
1549 4710 1686 4764 Item
1711 4707 1768 4762 in
1809 4721 1914 4763 ea-

245 4800 387 4855 dem
425 4793 606 4852 eidem
655 4797 945 4869 prmcepit,
993 4811 1060 4853 ne
1113 4797 1234 4867 ipse
1275 4797 1622 4852 Arianorum
1669 4796 1912 4852 clericos

243 4901 392 4943 cum
437 4887 742 4943 sacerdotii
786 4892 887 4943 aut
919 4886 1231 4942 ministerii
1273 4887 1596 4956 cujuspiam
1627 4885 1910 4957 dignitate

244 4975 572 5045 suscipiat:
591 4976 884 5047 quoniam,
911 4975 1176 5046 quamvis
1193 4975 1476 5045 baptisma
1501 4989 1696 5030 eorum
1723 4981 1908 5031 ratum

242 5079 384 5123 esse
416 5065 802 5135 permittatur,
842 5078 954 5121 non
989 5065 1271 5136 Spiritum
1308 5069 1569 5120 sanctum
1601 5070 1785 5121 tamen
1813 5077 1908 5119 eos

247 5156 471 5212 habere
500 5169 628 5210 cum
663 5155 767 5211 illo
791 5155 1132 5225 baptismate
1165 5151 1423 5228 [indigne
1449 5151 1734 5229 suscepto]
1763 5155 1909 5211 illis-

243 5260 372 5318 que
422 5246 713 5317 mysteriis
754 5246 1269 5314 arbitramur;nec
1312 5246 1437 5315 ejus
1487 5245 1906 5315 plenitudinem

240 5338 398 5392 dare
439 5342 677 5408 possunt
714 5336 801 5407 [ex
841 5349 1008 5406 Opere
1038 5331 1352 5408 operantis]
1396 5349 1521 5407 quae
1561 5335 1806 5392 maxime
1848 5336 1908 5392 in

243 5426 735 5486 ordinationibus
764 5431 1056 5497 operatur.
1869 5431 1873 5438 '

327 5519 468 5571 Item
511 5516 792 5572 Martiano
833 5516 1102 5587 episcOpo
1143 5527 1241 5585 per
1281 5513 1582 5585 epistolam
1613 5511 1786 5586 (epist.
1820 5512 1910 5589 24)

235 5605 458 5679 jussit,
484 5613 773 5678 quatenus
792 5620 888 5663 eos
909 5605 1148 5662 cleriros
1174 5605 1232 5660 in
1248 5604 1709 5662 communionem
1732 5606 1910 5662 susci-

2019 4530 2088 4586 de
2121 4528 2264 4584 Urbe
2292 4525 2498 4597 expelli
2533 4525 2854 4594 jusserunt.
2883 4521 2987 4576 Sed
3027 4526 3218 4590 postea
3245 4520 3508 4577 Eulalius
3533 4535 3662 4577 om-

2023 4618 2158 4674 nino
2197 4616 2471 4686 expulsus
2500 4620 2604 4673 est.
2646 4612 2791 4668 etin
2834 4610 3199 4680 Campaniam
3242 4610 3486 4680 missus;
3535 4611 3664 4668 ideo

2022 4708 2158 4780 quia
2182 4705 2427 4762 Sabbato
2458 4703 2684 4758 Pascha:
2718 4708 2914 4757 contra
2956 4699 3207 4755 edictum
3251 4700 3656 4770 imperatorum

2020 4796 2268 4854 ofﬁcium
2310 4793 2600 4865 pontiﬁcis
2646 4790 3030 4861 praesumpsit,
3069 4803 3136 4846 eo
3181 4791 3330 4861 quod
3357 4790 3662 4846 ordinatus

2022 4887 2206 4945 fuerat
2238 4886 2296 4941 in
2339 4882 2579 4938 basilica
2604 4879 3078 4936 Constantiniana
3107 4896 3121 4932 :
3171 4877 3500 4935 Bonifacius
3528 4894 3660 4936 vero

2017 4989 2300 5034 consensu
2336 4977 2394 5029 et
2441 4975 2716 5042 praecepto
2771 4968 3180 5036 imperatorum
3228 4968 3286 5022 in
3327 4967 3530 5024 Urbem
3575 4975 3662 5026 est

2017 5070 2334 5134 revocatus,
2387 5068 2443 5118 et
2495 5061 2553 5116 in
2606 5059 2736 5116 sede
2781 5055 3073 5114 stabiliter
3123 5057 3493 5115 constitutus.
3560 5059 3662 5113 l-lic

2016 5154 2305 5213 ordinavit
2347 5145 2646 5223 episcopos
2688 5146 2928 5218 triginta
2972 5159 3088 5217 sex,
3146 5145 3503 5217 presbyteros
3537 5151 3661 5201 tre-

2015 5247 2222 5315 decim,
2258 5243 2533 5300 diaconos
2558 5243 2692 5294 tres.
2733 5235 3048 5293 Defunctus
3074 5240 3161 5292 est
3188 5241 3378 5292 autem
3410 5249 3511 5291 VIII
3540 5234 3661 5289 Ka—

2020 5335 2167 5391 lend.
2194 5329 2458 5390 Novemb.

2087 5424 2190 5478 Hie
2229 5417 2545 5476 Gallicanis
2582 5413 2870 5486 episcopis
2889 5414 3190 5486 epistolam
3228 5412 3444 5469 direxit
3476 5411 3650 5483 (epist.

2015 5511 2088 5586 2),
2114 5512 2173 5567 in
2207 5523 2315 5582 qua
2353 5506 2516 5578 jubet
2554 5503 2628 5576 (3,
2661 5520 2718 5576 q.
2762 5503 2815 5570 9,
2860 5518 2907 5559 c.
2939 5500 3303 5569 Decernimus)
3334 5515 3435 5570 pro
3465 5500 3654 5557 Maxi-

2019 5616 2108 5659 mo
2128 5600 2414 5671 episcopo,
2449 5595 2549 5668 qui
2580 5608 2613 5650 a
2637 5594 2949 5649 Valentinus
2981 5591 3145 5646 urbis
3172 5588 3403 5644 clericis
3428 5602 3658 5647 accusa-
