4082 6168
369 1919 402 1942 ,ρ

473 277 616 336 4499

1255 277 1543 333 ΑΡΡΕΝΙ).
1584 273 1680 332 ΑΙ)
1716 272 1879 331 SEC.
1924 270 2021 330 IX.
2062 301 2136 344 -έ
2168 269 2526 329 AUCTORES
2579 272 2753 331 ANNI
2790 273 3085 331 INCERTI.

3739 275 3884 337 4200

477 408 573 460 tus
621 401 916 459 multoties
959 401 1248 472 judicium
1298 399 1741 474 subterfugerat,
1789 401 1939 456 intra
1986 399 2206 470 pro—A
2237 398 2344 452 eris
2385 394 2592 469 (Ezech.
2639 398 2866 472 xxxiii).
2912 401 3049 455 Item
3095 399 3381 471 prohibet,
3429 413 3500 457 ne
3544 401 3883 473 quemlibet,

482 494 730 549 vinciam
765 493 1039 563 synodum
1082 492 1494 564 aggregandam
1523 509 1536 544 :
1569 497 1651 561 ut,
1693 491 1742 546 si
1788 491 1886 546 ille
1928 489 2125 545 adesse

483 583 732 641 voluerit
779 597 1046 654 priesens,
1102 582 1151 637 si
1198 581 1457 653 conﬁdit,
1502 582 1569 636 ad
1616 579 1834 650 objecta
1884 592 2126 649 respon—

481 673 613 729 deat
659 691 673 742 ;
720 674 768 729 si
816 674 1012 728 adesse
1061 670 1393 742 neglexerit,
1439 669 1774 725 dilationem
1831 667 2126 724 sententiae

479 761 550 817 de
579 761 837 818 absentia
868 775 979 816 non
1001 760 1254 816 lucretur
1285 777 1298 813 :
1330 761 1469 829 quia
1496 757 1859 815 manifestum
1890 763 1977 813 est
2000 770 2129 812 con-

485 849 633 906 titeri
664 864 793 907 eum
819 851 889 906 de
919 849 1183 918 crimine,
1213 849 1312 919 qui
1349 848 1574 904 indulto
1599 852 1653 903 et
1679 847 1851 904 toties
1870 847 2126 918 delegato

476 939 702 1009 judicio
743 940 1023 1011 purgandi
1051 952 1110 994 se
1148 938 1441 994 voluntate
1469 950 1579 992 non
1624 942 1836 992 utetur.
1862 935 2126 991 Praedicti

485 1043 644 1101 papae
686 1029 1060 1100 temporibus,
1123 1028 1248 1098 ipso
1292 1026 1683 1083 consentiente
1729 1031 1786 1081 et
1836 1025 2124 1092 laudante,

485 1120 773 1177 Honorius
810 1119 1105 1190 Augustus
1142 1117 1213 1172 de
1241 1116 1657 1172 constitutione
1700 1115 1938 1171 Romani
1982 1127 2130 1184 pon-

487 1209 681 1280 tiﬁcis,
716 1212 782 1264 ut
810 1208 937 1264 sine
965 1206 1283 1263 ambitione
1305 1206 1480 1278 ﬁeret,
1518 1206 1598 1260 ita
1626 1205 1904 1276 instituit,
1931 1203 2129 1260 dicens

482 1301 573 1370 (In
610 1299 870 1368 rescripto
917 1296 992 1351 ad
1040 1298 1195 1367 epist.
1250 1295 1272 1350 4
1325 1296 1622 1366 Bonifacii)
1645 1313 1662 1348 :
1704 1296 1950 1364 Denique
1989 1309 2130 1363 pra:-

483 1390 700 1444 dicante
741 1387 1075 1442 beatitudine
1105 1391 1222 1449 tua,
1263 1385 1324 1439 id
1352 1386 1427 1440 ad
1464 1388 1778 1439 cuncto-rum
1815 1385 2130 1438 clericorum

483 1481 734 1533 notitiam
762 1478 1009 1531 volumus
1029 1477 1336 1545 pervenire,
1365 1480 1444 1538 ut,
1476 1477 1526 1528 si
1551 1474 1690 1544 quid
1711 1477 1852 1542 forte
1879 1474 2134 1541 religioni

483 1574 609 1632 tuae,
660 1567 807 1636 quod
852 1581 962 1620 non
1013 1570 1280 1636 optamus,
1334 1565 1577 1618 humana
1632 1569 1772 1619 sorte
1823 1565 2126 1631 contigerit,

363 1686 388 1694 -
483 1663 659 1716 sciant
697 1673 877 1712 omnes
918 1656 988 1710 ab
1025 1655 1413 1710 ambitionibus
1452 1669 1564 1718 esse
1606 1655 1963 1720 cessandum;
2003 1658 2052 1708 et
2081 1654 2131 1708 si

2237 487 2336 557 qui
2381 488 2793 544 ecclesiasticis
2840 489 3117 561 gradibus
3160 504 3259 560 per
3298 490 3558 546 ordinem
3609 505 3722 548 non
3774 492 3886 548 fuit

2237 576 2508 634 initiatus
2559 575 2717 649 (dist.
2767 575 2856 650 59,
2903 594 2950 633 c.
3011 578 3344 652 Ordinatos),
3396 580 3465 635 ad
3516 581 3888 650 episcopatus

2235 664 2484 723 oﬂicium
2518 669 2812 737 pervenire
2844 668 3137 739 patiantur
3166 688 3180 739 ;
3214 683 3316 726 nec
3343 669 3530 739 illum,
3566 671 3668 741 qui
3698 672 3888 743 virgi-

2237 773 2373 814 num
2419 758 2641 816 incestu
2688 759 2944 829 pollutus
2980 773 3103 816 esse
3131 761 3444 816 asseritur:
3483 764 3540 816 et
3580 762 3681 831 qui
3717 761 3887 816 talem

2236 847 2609 918 ordinaverit,
2640 847 2981 920 dignitatem
3027 849 3416 920 episc0patus,
3462 848 3616 905 sicut
3662 855 3719 905 et
3764 850 3890 921 ipse

2236 936 2558 1007 ordinatus,
2588 951 2698 994 non
2729 937 3030 994 obtinebit.
3063 941 3198 994 Item
3224 939 3408 1008 jubet,
3437 943 3500 994 ut
3528 953 3891 1012 unaquaeque

2238 1025 2531 1096 provincia
2563 1039 2669 1083 suo
2701 1027 3138 1097 metropolitano
3169 1028 3250 1083 sit
3276 1032 3558 1093 contenta,
3601 1034 3660 1084 et
3699 1043 3891 1086 unus-

2239 1116 2485 1187 quisque
2511 1121 2816 1173 contentus
2843 1117 2957 1172 sibi
2999 1118 3288 1173 concessis
3319 1118 3610 1174 limitibus
3637 1119 3697 1174 in
3735 1119 3890 1175 alte—

2240 1204 2365 1261 rius
2414 1205 2710 1275 provincia
2763 1206 2911 1262 nihil
2963 1212 3302 1277 praasumat:
3362 1221 3462 1263 nec
3513 1208 3778 1263 emeritis
3830 1211 3886 1264 in

2241 1295 2366 1351 suis
2395 1294 2657 1350 ecclesiis
2688 1295 2976 1368 peregrini
3009 1303 3064 1352 et
3092 1297 3346 1352 extranei
3381 1303 3790 1368 praeponantur
3818 1299 3884 1352 ad

2239 1385 2626 1440 exclusionem
2681 1399 2878 1442 eorum
2929 1385 3027 1457 qui
3080 1386 3218 1442 bene
3255 1386 3336 1442 de
3378 1401 3614 1442 suorum
3671 1387 3886 1443 civium

2241 1475 2571 1531 testimonio
2603 1478 2894 1531 merentur
2932 1475 3085 1545 (dist.
3120 1475 3208 1546 64,
3251 1490 3300 1532 c.
3332 1477 3412 1532 Ne
3441 1477 3715 1549 emeritis).
3753 1480 3886 1533 Item

2233 1564 2416 1637 jubet,
2453 1570 2516 1621 ut
2547 1565 2744 1622 nullus
2780 1566 2982 1621 invitis
3010 1567 3180 1622 detur
3209 1567 3514 1636 episcopus
3542 1566 3613 1637 (c.
3645 1569 3886 1640 Nullus),

2244 1655 2357 1711 nisi
2407 1654 2549 1711 cieri
2597 1657 2653 1710 et
2684 1654 2868 1726 plebis
2920 1659 2975 1710 et
3027 1656 3252 1711 ordinis
3303 1669 3618 1712 consensus
3673 1663 3732 1712 et
3784 1659 3890 1713 de-

483 1751 592 1805 duo
635 1752 822 1803 contra
865 1748 956 1814 fas
999 1746 1294 1800 temeritate
1335 1748 1571 1799 certante
1610 1745 1823 1811 fuerint
1858 1744 2123 1815 ordinati,
2159 1732 2212 1794 Β
2243 1745 2524 1802 siderium
2567 1745 2940 1815 inquiratur:
2979 1749 3114 1801 tunc
3142 1745 3289 1801 alter
3318 1745 3389 1801 de
3418 1745 3595 1803 altera
3635 1746 3890 1818 eligatur

482 1839 699 1894 nultum
722 1852 790 1891 ea:
817 1836 901 1889 his
925 1837 1179 1902 futurum
1201 1835 1424 1904 penitus
1449 1833 1777 1888 sacerdotem
1803 1851 1820 1886 :
1852 1833 1947 1887 sed
1970 1833 2129 1886 illum
2238 1832 2497 1905 ecclesia;
2519 1835 2568 1891 si
2591 1835 2660 1890 de
2685 1834 2945 1891 civitatis
2969 1834 3155 1905 ipsius
3175 1834 3423 1906 clericis,
3449 1836 3543 1891 cui
3567 1843 3653 1891 est
3674 1837 3889 1906 episco-

481 1928 653 1983 solum
691 1927 752 1980 in
793 1924 916 1980 sede
945 1924 1242 1993 apostolica
1271 1938 1710 1994 permansurum,
1748 1938 1906 1993 quem
1936 1939 2003 1978 eo:
2029 1939 2129 1978 nu-
2241 1940 2348 1996 pus
2387 1924 2767 1994 ordinandus,
2802 1924 3001 1980 nullus
3029 1925 3243 1997 dignus
3292 1923 3460 1995 (quod
3507 1926 3740 1982 evenire
3781 1941 3885 1982 non

477 2032 622 2074 mero
658 2017 972 2071 clericorum
1000 2030 1141 2068 nova
1169 2013 1514 2067 ordinatione
1547 2014 1796 2068 divinum
1827 2014 2126 2082 judicium,
2237 2014 2545 2085 credimus)
2598 2015 2848 2084 potuerit
2881 2014 3149 2070 inveniri.
3195 2017 3436 2069 Primum
3484 2017 3628 2069 enim
3669 2016 3762 2069 illi
3801 2032 3888 2070 re-

478 2113 528 2164 et
565 2107 943 2163 universitatis
966 2118 1255 2158 consensus
1294 2104 1527 2170 elegerit.
1575 2103 1678 2159 Hic
1706 2103 1878 2158 etiam
1904 2104 2131 2160 consti—
2230 2104 2509 2174 probandi
2557 2108 2706 2167 sunt,
2758 2109 2818 2158 ut
2861 2105 3040 2174 aliqui
3083 2105 3149 2158 de
3199 2106 3397 2159 alienis
3435 2106 3650 2178 clericis
3698 2108 3886 2160 merito

481 2198 616 2269 tuit,
653 2202 716 2253 ut
743 2195 903 2252 nulla
933 2193 1144 2250 femina
1175 2198 1276 2250 aut
1307 2192 1581 2249 monacha
1608 2193 1816 2264 pallam
1847 2199 2125 2251 sacratam
2233 2196 2624 2266 praeferantur,
2692 2193 2994 2264 habeatque
3060 2197 3435 2264 unusquisque
3496 2211 3612 2249 sua:
3676 2196 3886 2250 militiae

479 2288 856 2358 contingeret,
903 2292 1004 2341 aut
1047 2283 1277 2353 lavaret,
1317 2287 1418 2338 aut
1468 2282 1764 2339 incensum
1816 2297 1914 2354 per
1954 2283 2129 2340 eccle-
2233 2287 2476 2354 fructum
2519 2286 2579 2338 in
2609 2284 2852 2345 ecclesia,
2895 2286 2955 2337 in
2993 2300 3106 2353 qua
3147 2299 3303 2339 suam
3339 2301 3441 2354 per
3475 2287 3665 2354 ofﬁcia
3706 2288 3882 2340 omnia

477 2378 644 2448 siam,
678 2375 795 2432 nisi
827 2373 1105 2444 ministri,
1149 2376 1420 2443 portaret.
1465 2372 1773 2428 Prohibuit
1813 2373 2009 2446 etiam,
2056 2386 2127 2430 ne

475 2481 694 2536 servus,
727 2469 830 2522 aut
857 2463 1035 2520 curias
1072 2461 1378 2532 obnoxius,
1411 2460 1660 2518 clericus
1689 2462 1870 2519 ﬁeret.

866 2554 1027 2610 XLV.
1059 2582 1130 2592 —
1158 2553 1212 2608 S.
1256 2550 1724 2608 C(ELESTINUS.

1001 2641 1189 2710 (Anno
1219 2639 1422 2694 Christi
1449 2637 1596 2713 423.)

539 2733 905 2802 C(elestinus,
951 2730 1184 2786 natione
1227 2728 1537 2800 Romanus,
1580 2742 1649 2785 ex
1696 2733 1856 2800 patre
1902 2729 2117 2802 Prisco,

472 2825 622 2882 sedit
669 2835 850 2879 annos
896 2824 1044 2890 octo,
1095 2831 1316 2874 menses
1361 2818 1574 2889 decem,
1624 2818 1750 2874 dies
1798 2820 2121 2889 septemde—

471 2914 613 2969 cim.
675 2911 780 2966 Hic
847 2907 1137 2965 ordinavit
1193 2906 1492 2976 episcopos
1558 2907 1941 2980 quadraginta
1995 2922 2113 2980 sex,

473 2999 831 3073 presbyteros
901 2997 1143 3069 triginta
1200 2995 1368 3067 duos,
1432 2995 1706 3053 diaconos
1761 2997 2109 3054 duodecim:

2236 2376 2501 2442 transegit
2529 2378 2760 2429 atatem.
2793 2374 2879 2429 Sit
2904 2376 3147 2443 facultas
3185 2375 3394 2429 clericis
3422 2375 3728 2438 renitendi,
3762 2378 3812 2428 si
3837 2393 3884 2430 se

2232 2465 2471 2520 viderint
2484 2466 2829 2534 praegravari
2842 2482 2860 2531 ;
2889 2469 2945 2520 et
2967 2478 3111 2535 quos
3127 2463 3240 2519 sibi
3262 2464 3443 2536 ingeri
3463 2477 3533 2519 ex
3560 2470 3885 2522 transverso

2234 2555 2626 2627 cognoverint,
2663 2568 2774 2611 non
2809 2554 3048 2610 timeant
3078 2553 3342 2610 refutare.
3379 2555 3436 2610 in
3468 2553 3669 2610 eadem
3715 2556 3883 2610 etiam

2228 2643 2409 2715 jubet,
2442 2650 2504 2700 ut
2524 2643 2594 2699 ab
2629 2643 2860 2699 illicitis
2888 2642 3247 2700 abstineatur
3274 2643 3774 2716 ordinationibus,
3813 2645 3885 2700 ita

2230 2733 2458 2790 dicens:
2492 2733 2693 2788 Nullus
2721 2749 2788 2787 ea:
2820 2734 2994 2796 laicis,
3027 2733 3215 2787 nullus
3247 2733 3516 2801 digamus,
3551 2733 3751 2787 nullus
3794 2739 3884 2804 qui

2229 2824 2303 2876 sit
2331 2827 2429 2876 aut
2453 2825 2626 2891 fuerit
2662 2823 2846 2878 vidua:
2872 2824 3126 2886 maritus,
3173 2823 3475 2886 ordinetur,
3507 2823 3609 2877 sed
3640 2825 3884 2894 iri-spre—

2227 2912 2530 2976 hensibilis,
2581 2920 2631 2968 et
2678 2913 2894 2983 qualem
2947 2915 3105 2981 elegit
3151 2913 3424 2983 apostolus
3475 2914 3528 2982 (1
3578 2915 3721 2967 Tim.
3773 2917 3879 2983 In).

2225 3003 2290 3058 Et
2325 3000 2573 3058 inferius
2602 3003 2782 3058 dicit:
2818 3005 2890 3057 Et
2917 3005 2972 3058 si
2997 3018 3114 3072 qua:
3142 3007 3272 3058 sunt
3305 3005 3468 3071 facta
3497 3003 3879 3058 ordinationes

470 3060 740 3163 inigrdvit
796 3060 1013 3146 autem.
1043 3087 1111 3142 ad
1169 3060 1465 3142 Christum
1520 3100 1620 3142 vni
1681 3086 1814 3143 Idus
1868 3087 2107 3158 Aprilis.
2145 3060 2193 3123 Ο
2221 3093 2450 3156 illicitae,
2499 3098 2896 3157 removeantur,
2952 3060 3213 3162 quoniam
3257 3060 3402 3147 stare
3455 3109 3565 3147 non
3617 3101 3874 3163 possunt,

468 3181 570 3236 Hic
597 3178 916 3236 Gallicanis
940 3175 1228 3247 episcopis
1256 3175 1558 3245 epistolam
1582 3175 1795 3234 direxit
1821 3175 2004 3247 (epist.
2035 3173 2106 3251 4),

471 3272 531 3326 in
571 3283 682 3342 qua
725 3272 918 3325 monet
959 3281 1074 3336 eos,
1105 3269 1169 3322 ut
1200 3264 1558 3336 presbyteros
1601 3265 1756 3338 illos,
1799 3268 1899 3338 qui
1948 3267 2112 3325 indi-

464 3359 803 3432 sciplinatas
849 3357 1195 3430 questiones
1248 3356 1308 3411 in
1364 3355 1614 3413 medium
1665 3355 1994 3431 aﬂ’erebant,
2053 3363 2110 3415 et

465 3451 693 3508 veritati
751 3447 1113 3505 adversantia
1167 3446 1573 3519 praedicabant,
1623 3451 1678 3503 et
1731 3448 2104 3506 ecclesiarum

461 3540 812 3599 dissensioni
846 3537 1170 3606 studebant,
1203 3537 1543 3608 corripiant,
1576 3541 1631 3593 et
1669 3551 1780 3593 non
1814 3539 2106 3607 patiantur

461 3646 559 3688 eos
590 3630 796 3686 habere
826 3627 1072 3684 liberum
1115 3639 1215 3696 pro
1253 3625 1544 3682 voluntate
1575 3640 1929 3684 sermonem:
1968 3629 2106 3700 quia

462 3733 574 3777 non
625 3719 791 3776 debet
835 3715 1166 3786 discipulus
1207 3715 1276 3770 ad
1319 3715 1617 3772 doctorum
1670 3716 1942 3784 injuriam
1990 3717 2104 3774 sibi

462 3809 756 3865 vindicare
797 3806 1140 3861 doctrinam.
1179 3804 1328 3859 Idem
1367 3803 1513 3859 dicit
1557 3809 1620 3860 ut
1656 3804 1911 3875 episcopi
1955 3822 2096 3876 prae-

459 3898 646 3952 dictos
699 3893 1068 3964 presbyteros
1118 3891 1258 3946 talia
1308 3891 1500 3962 eloqui
1555 3905 1666 3949 non
1724 3895 2098 3964 permittant:

459 3987 593 4056 quia
633 3986 694 4038 in
737 3982 940 4037 talibus
982 3983 1165 4035 causis
1206 3996 1314 4035 non
1353 3986 1498 4036 caret
1541 3984 1892 4039 taciturnitas
1931 3989 2106 4057 suspi-

457 4078 625 4145 cione,
667 4075 800 4144 quia
834 4075 1135 4126 occurreret
1175 4073 1394 4142 veritas,
1427 4074 1476 4126 si
1505 4072 1728 4140 falsitas
1771 4074 2098 4145 displiceret.

456 4166 648 4220 Merito
677 4178 932 4232 namque,
967 4160 1182 4232 inquit,
1213 4175 1380 4216 causa
1411 4176 1508 4216 nos
1537 4164 1778 4234 respicit,
1812 4165 1862 4218 si
1889 4165 2103 4220 silentio

453 4258 737 4324 faveamus
770 4253 962 4306 errori.

526 4347 662 4400 Item
699 4342 988 4413 episcopis
1033 4354 1132 4412 per
1167 4341 1542 4398 Viennensem
1585 4345 1640 4398 et
1681 4341 2101 4402 Narbonensem

2219 3198 2314 3238 nec
2343 3183 2733 3238 discussionem
2762 3187 3006 3238 nostram
3045 3183 3440 3251 subterfugere.

2289 3275 2425 3328 Item
2454 3273 2763 3342 praedictus
2790 3287 2931 3344 papa
2960 3273 3251 3329 universis
3273 3272 3561 3343 episcopis
3581 3286 3687 3344 per
3710 3274 3874 3344 Apu-

2219 3361 2358 3418 liam
2399 3365 2456 3417 et
2482 3361 2802 3418 Calabriam
2835 3361 3172 3418 constitutis
3201 3361 3503 3432 epistolam
3551 3362 3870 3419 destinavit

2217 3451 2393 3523 (epist.
2441 3449 2512 3524 3),
2557 3452 2616 3506 in
2663 3464 2774 3522 qua
2816 3451 3102 3522 praecepit,
3149 3464 3216 3506 ne
3261 3450 3366 3507 ulli
3412 3451 3698 3507 sacerdoti
3734 3467 3867 3508 suos

2215 3554 2460 3598 canones
2485 3541 2654 3596 liceat
2689 3541 2955 3612 ignorare
2981 3538 3138 3611 (dist.
3172 3537 3261 3602 38,
3290 3554 3340 3595 c.
3367 3541 3546 3610 Nulli)
3573 3554 3677 3596 nec
3705 3542 3870 3611 quid-

2217 3645 2384 3704 quam
2427 3629 2611 3686 facere
2655 3630 2804 3702 quod
2842 3631 3075 3686 Patrum
3129 3630 3311 3700 possit
3350 3629 3570 3701 regulis
3612 3629 3860 3687 obviare.

2216 3724 2372 3790 Item,
2400 3734 2469 3776 ne
2485 3721 2621 3791 quis
2647 3719 2859 3776 laicum
2876 3719 2945 3776 ad
2970 3719 3229 3776 ordinem
3250 3718 3557 3776 clericatus
3577 3719 3861 3776 admittat.

2220 3810 2375 3882 Item,
2406 3810 2554 3880 quod
2586 3809 2833 3881 populus
2858 3809 2937 3865 sit
2959 3808 3252 3865 docendus
3276 3806 3432 3879 (dist.
3463 3806 3554 3878 62,
3588 3823 3640 3864 c.
3673 3813 3866 3865 Docen-

2217 3900 2365 3970 dus),
2390 3913 2502 3955 non
2521 3898 2868 3970 sequendus,
2892 3911 3122 3969 eosque,
3145 3897 3195 3953 si
3222 3897 3488 3953 nesciunt
3507 3898 3652 3969 quid
3679 3899 3860 3968 liceat,

2215 3987 2425 4058 quidve
2469 4001 2603 4059 non,
2654 4002 2757 4044 nos
2802 4000 3181 4056 commonere,
3231 4000 3334 4042 nec
3385 3986 3479 4042 his
3523 4001 3862 4045 consensum

2215 4077 2465 4149 praebere
2495 4077 2764 4135 debemus
2789 4094 2802 4131 :
2839 4077 3096 4146 Quisquis
3125 4092 3248 4131 vero
3279 4083 3504 4131 conatus
3534 4080 3714 4145 fuerit
3739 4085 3864 4132 ten-

2213 4174 2330 4224 tare
2356 4169 2658 4237 prohibita,
2701 4169 2897 4223 sentiet
2933 4183 3219 4222 censuram
3249 4167 3393 4222 sedis
3421 4169 3738 4237 apostolicae
3775 4173 3865 4223 mi-

2211 4261 2354 4312 nime
2400 4259 2739 4326 defuturam.
2768 4257 2932 4322 Quem
2960 4258 3101 4312 enim
3126 4257 3240 4311 sola
3266 4257 3663 4312 admonitionis
3688 4264 3865 4313 aucto-

2210 4349 2375 4402 ritate
2403 4363 2512 4402 non
2545 4349 2886 4416 corrigimus,
2929 4361 3140 4401 necesse
3178 4350 3258 4401 est
3296 4350 3357 4400 ut
3391 4362 3493 4416 per
3521 4351 3864 4402 severitatem

454 4434 807 4507 provinciam
848 4432 1187 4488 constitutis
1228 4431 1400 4486 aliam
1443 4430 1756 4487 destinavit
1797 4434 2095 4503 epistolam
2126 4427 2179 4489 D
2212 4442 2594 4506 congruentem
2622 4437 2824 4504 regulis
2860 4436 3214 4490 uindicemus.

454 4525 632 4596 (epist.
663 4521 737 4596 2),
773 4523 831 4578 in
863 4535 976 4593 qua
1016 4520 1264 4588 mandat,
1299 4533 1368 4574 ne
1409 4519 1560 4576 ultra
1590 4521 1878 4591 quoslibet
1930 4524 2093 4580 illum

453 4625 666 4669 ‘norem
717 4611 1012 4682 patiantur
1057 4620 1298 4676 servare,
1348 4606 1635 4680 videlicet,
1688 4614 1753 4666 ut
1802 4610 2096 4669 credentes

454 4716 513 4757 se
554 4706 763 4756 sanctae
803 4700 1115 4768 Scriptura:
1156 4695 1320 4751 ﬁdem
1361 4710 1474 4752 non
1516 4711 1613 4767 per
1649 4699 1949 4770 Spiritum,
1998 4702 2092 4758 sed

449 4803 550 4860 per
597 4789 846 4844 litteram
891 4786 1294 4856 completuros,
1339 4792 1490 4843 stent
1533 4787 1592 4842 in
1637 4789 1875 4844 ecclesia
1919 4790 2094 4859 pallio

445 4878 666 4948 amicti,
699 4881 756 4933 et
784 4875 1009 4933 lumbos
1036 4875 1307 4947 accincti,
1342 4877 1494 4934 sicut
1525 4877 1788 4934 lucernas
1825 4881 2092 4937 ardentes

445 4983 574 5024 cum
615 4967 818 5024 baculo
868 4967 928 5022 in
973 4965 1242 5022 manibus
1290 4980 1403 5022 non
1445 4971 1673 5024 tenent:
1721 4969 1893 5032 rudes
1934 4971 2087 5026 enim

448 5059 702 5116 fidelium
747 5064 962 5114 mentes
998 5057 1066 5113 ad
1114 5056 1253 5112 talia
1285 5071 1395 5113 non
1435 5057 1643 5113 debent
1685 5059 1907 5116 induci.
1950 5062 2082 5116 Item

446 5151 507 5206 in
527 5149 717 5206 eadem
745 5148 907 5218 jubet
936 5161 1005 5204 ne
1032 5147 1213 5204 alicui
1245 5148 1303 5203 in
1333 5147 1538 5203 ultimo
1564 5149 1880 5218 postulanti
1912 5151 2088 5219 poeni-

441 5241 618 5298 tentia
647 5241 956 5310 denegetur
979 5235 1088 5309 (26,
1119 5253 1173 5308 q.
1200 5235 1254 5308 6,
1281 5252 1332 5293 c.
1364 5237 1757 5309 Agnovimus);
1785 5239 1924 5309 quia
1953 5253 2082 5296 vera

436 5331 505 5386 ad
533 5329 839 5386 Dominum
870 5329 1166 5384 conversio
1198 5327 1258 5382 in
1291 5327 1517 5383 ultimis
1548 5327 1865 5397 positorum
1897 5335 2084 5386 mente

435 5419 631 5492 potius
677 5424 763 5475 est
808 5417 1193 5474 existimanda
1235 5429 1405 5487 quam
1452 5421 1721 5486 tempore,
1771 5416 1876 5472 hoc
1918 5431 2083 5474 asse-

506 5609 527 5636 ι
555 5599 697 5655 Vide
727 5604 863 5654 tom.
896 5600 918 5653 Ι
945 5597 1190 5668 Concil.,
1224 5609 1350 5669 pag.
1380 5590 1508 5651 703.

2651 4526 2836 4583 XLVI.
2865 4555 2932 4564 —
2956 4527 3010 4582 S.
3044 4524 3290 4581 SIXTUS
3317 4525 3410 4580 III.

2727 4614 2910 4686 (Anno
2950 4615 3152 4670 Christi
3179 4611 3326 4686 432.)

2277 4706 2479 4762 Sixtus
2504 4704 2732 4775 tertius,
2766 4704 2997 4760 natione
3036 4705 3345 4772 Romanus,
3372 4716 3441 4758 ex
3479 4708 3646 4774 patre
3675 4705 3856 4766 Sixto.

2210 4795 2359 4851 sedit
2378 4808 2559 4850 annos
2579 4798 2726 4864 octo,
2753 4807 2972 4849 menses
2997 4798 3141 4863 octo,
3166 4794 3291 4849 dies
3319 4793 3734 4850 novemdecim.
3761 4795 3857 4848 Hic

2208 4884 2500 4941 ordinavit
2523 4883 2821 4953 episcopos
2847 4882 3265 4954 quinquaginta
3295 4883 3462 4952 duos,
3494 4883 3856 4953 presbyteros

2206 4973 2540 5044 octodecim,
2586 4971 2860 5027 diaconos
2889 4970 3212 5026 duodecim.
3244 4969 3366 5039 Hic,
3400 4970 3542 5040 quia
3595 4972 3855 5042 Epipha-

2204 5063 2365 5118 nium
2415 5061 2714 5133 quemdam
2757 5060 3004 5116 nobilem
3049 5075 3089 5130 ι,
3125 5073 3289 5130 quem
3335 5059 3548 5116 Bassus
3577 5060 3850 5117 exconsnl

2203 5151 2558 5222 ingenuitate
2593 5155 2650 5206 et
2691 5149 2926 5220 praediis
2966 5149 3218 5219 propriis
3263 5149 3488 5218 privare
3535 5150 3850 5218 nitebatur,

2196 5240 2348 5309 apud
2373 5240 2835 5296 Valentinianum
2853 5238 3176 5310 Augustum
3193 5237 3332 5293 adeo
3343 5237 3519 5308 juvit,
3549 5244 3615 5294 ut
3636 5243 3855 5294 utrum-

2199 5343 2308 5400 que
2331 5330 2457 5398 ejus
2489 5329 2749 5384 munitus
2775 5327 3159 5399 chirographo
3187 5326 3479 5390 retineret,
3512 5341 3546 5382 a
3577 5328 3853 5398 praedicto

2196 5419 2366 5474 Basso
2396 5423 2451 5473 et
2496 5417 2842 5487 Mariniano,
2888 5417 2983 5472 cui
3033 5417 3340 5487 praedictus
3384 5415 3650 5486 pontifex
3701 5432 3854 5487 prae-

436 5514 594 5566 rente
641 5508 946 5580 propheta:
998 5506 1130 5562 Cum
1172 5520 1459 5560 conversus
1505 5507 1852 5579 ingemueris,
1893 5509 2079 5563 salvus
2191 5508 2352 5564 dium
2393 5511 2712 5580 negaverat,
2759 5505 2913 5578 quod
2957 5506 3317 5564 Crescentius
3365 5506 3424 5562 in
3472 5506 3691 5564 Sicilia
3736 5507 3854 5563 Ito-
