4046 6182
233 345 366 407 4204

1072 346 1327 406 PSEUDO
1377 324 1805 404 LUITPRANDI
1861 345 1993 402 LIB.-
2028 343 2120 403 DE
2172 348 2347 406 vms
2403 349 2571 408 non.
2611 349 2808 410 PONT.

3505 346 3645 408 4202

234 454 412 531 manas
432 474 702 532 Ecclesiae
729 474 981 544 dederat,
1006 477 1154 548 apud
1178 478 1494 549 Augustum
1511 467 1884 532 Valentinia-
1906 466 1969 532 Α
1997 494 2095 551 per
2121 480 2508 553 Campaniam,
2536 485 2594 538 et
2617 483 2676 539 in
2709 479 2997 538 universis
3022 478 3338 552 provinciis
3366 478 3643 535 constitu-

234 579 371 621 num
403 571 728 634 accusatus,
764 568 914 638 quod
944 567 1363 641 Chrys0gonam
1398 562 1704 638 quamdam
1738 581 1884 624 con-

231 661 508 715 secratam
560 661 923 728 stuprasset:
971 665 1027 715 et
1058 663 1279 716 tantum
1329 659 1460 716 inde
1489 658 1787 730 Augustus
1829 661 1885 713 et

234 752 413 804 mater
440 749 566 818 ejus
607 748 830 803 accensi
863 754 1018 820 sunt,
1064 755 1128 806 ut
1171 763 1203 805 a
1241 749 1559 820 supradicti
1593 749 1884 819 pontificis

230 837 655 902 communione,
691 842 746 893 et
774 852 974 912 magna
1004 854 1133 908 pars
1165 839 1361 910 populi
1390 854 1520 896 cum
1551 839 1637 895 eis
1663 853 1721 895 se
1745 854 1886 895 sus—

231 929 562 999 penderent.
583 926 939 999 Quapropter
958 929 1396 986 Valentinianus
1415 930 1710 1001 Augustus
1734 944 1886 1000 prie-

229 1018 376 1075 dicti
407 1019 698 1089 pontiﬁcis
721 1019 1066 1075 auctoritate
1088 1021 1363 1090 synodum
1389 1020 1721 1092 congregari
1751 1021 1885 1090 jus-

229 1107 327 1176 sit,
364 1108 420 1163 in
454 1121 585 1178 qua,
612 1106 747 1164 licet
776 1108 948 1165 aliter
967 1109 1200 1165 evadere
1231 1114 1440 1180 posset,
1468 1108 1663 1182 fugere
1687 1109 1884 1165 volens

230 1198 644 1268 suspicionem,
687 1211 877 1254 coram
911 1199 1331 1270 quinquaginta
1373 1213 1470 1255 sex
1504 1199 1793 1269 episcopis
1823 1213 1883 1255 se

226 1287 589 1357 expurgavit.
616 1287 727 1342 Nec
761 1287 888 1344 ideo
918 1301 978 1343 se
1003 1289 1362 1361 expurgavit,
1399 1287 1495 1344 sed
1529 1292 1594 1344 ut
1621 1288 1757 1344 aliis
1783 1302 1883 1358 per

230 1376 361 1445 hoc,
381 1377 481 1447 qui
504 1376 814 1448 noluerint,
838 1376 1075 1434 formam
1098 1384 1153 1435 et
1173 1379 1494 1450 exemplum
1524 1379 1686 1434 daret
1709 1397 1723 1448 ς
1751 1392 1881 1434 cum

228 1480 294 1521 ex
313 1466 533 1537 scripto
554 1471 609 1522 et
625 1467 826 1523 ordine
841 1469 1098 1539 synodali
1118 1474 1358 1540 constet,
1377 1469 1544 1525 illum
1563 1468 1766 1525 debere
1776 1471 1884 1524 cri-

228 1569 360 1611 men
387 1555 645 1626 probare,
680 1557 782 1628 qui
809 1557 1034 1629 objicit,
1066 1564 1121 1614 et
1147 1559 1246 1630 qui
1281 1571 1391 1614 non
1416 1558 1703 1628 probanda
1724 1557 1884 1613 detu-

228 1645 387 1712 lerit,
419 1647 700 1716 jacturam
735 1661 795 1703 se
841 1652 1127 1705 sustinere
1166 1649 1471 1721 intelligat.
1510 1648 1718 1704 Bassus
1750 1661 1882 1703 vero

225 1749 256 1791 a
283 1737 560 1806 praedicta
600 1738 814 1807 synodo
853 1743 939 1794 est
979 1739 1302 1811 damnatus,
1335 1742 1391 1794 et
1418 1751 1450 1794 a
1479 1737 1882 1794 Valentiniano

223 1824 488 1896 Augusto
522 1827 898 1897 proscriptus.

295 1916 405 1972 Hic
424 1915 818 1974 Orientalibus
837 1917 1125 1988 episcopis
1144 1917 1360 1974 direxit
1379 1917 1678 1987 epistolam
1703 1913 1877 1987 (epist.

223 2003 311 2078 (4),
367 2006 425 2061 in
458 2020 570 2076 qua
595 2006 682 2063 eis
721 2007 1008 2078 rescribit,
1042 2021 1073 2064 a
1110 2022 1223 2078 quo
1265 2012 1322 2063 et
1370 2005 1621 2078 qualiter
1664 2005 1882 2077 praedi-

224 2100 383 2151 ctum
421 2097 679 2167 jurgium
716 2101 914 2153 contra
942 2112 1070 2154 eum
1111 2098 1191 2154 sit
1227 2097 1558 2167 excitatum,
1601 2101 1655 2152 et
1687 2109 1800 2167 quo
1824 2098 1881 2151 et

224 2185 386 2256 quali
422 2185 532 2242 ﬁne
561 2187 640 2242 sit
663 2188 1031 2244 terminatum
1065 2205 1080 2258 ;
1113 2187 1394 2258 adjiciens
1426 2189 1487 2243 in
1516 2187 1708 2242 eadem
1747 2185 1880 2256 epi—

223 2275 373 2330 stola
407 2275 604 2346 multa,
635 2276 850 2347 quibus
878 2277 1132 2348 episcopi
1164 2278 1233 2333 de
1265 2277 1489 2348 reliquo
1535 2275 1743 2333 muniti
1779 2275 1879 2330 in-

219 2365 411 2433 justas
440 2365 835 2435 oppositiones
863 2371 918 2423 et
964 2367 1346 2438 malignorum
1377 2367 1773 2423 accusationes
1798 2378 1877 2422 se-

223 2467 360 2509 cure
392 2455 629 2524 rejicere
673 2455 897 2512 valeant
929 2475 941 2511 :
973 2471 1099 2528 quae
1131 2457 1346 2513 idcirco
1388 2456 1483 2512 hic
1514 2470 1626 2512 non
1660 2456 1877 2512 inseri-

225 2556 375 2614 mus,
423 2544 560 2614 quia
601 2545 872 2615 superius
913 2545 1104 2616 eadem
1156 2560 1404 2617 persaepe
1441 2547 1707 2602 adnotata
1754 2559 1877 2602 esse

225 2632 618 2690 meminimus.
648 2635 912 2692 Praedicti
941 2649 1098 2706 papae
1132 2636 1489 2706 temporibus
1514 2640 1637 2691 erat
1669 2636 1877 2692 Hiero-

226 2721 458 2793 solyma:
483 2725 720 2794 quidam
752 2725 1059 2797 episcopus
1094 2738 1135 2796 ι,
1165 2727 1395 2783 nomine
1435 2726 1872 2796 Polychronius,

226 2812 324 2880 qui
351 2812 742 2884 imprudentia
768 2816 1082 2872 senectutis
1113 2815 1172 2870 in
1199 2815 1526 2886 superbiam
1558 2815 1788 2884 ductus,
1817 2828 1876 2871 se

226 2902 605 2960 universalem
631 2905 954 2976 pontiﬁcem
983 2919 1106 2962 esse
1135 2905 1467 2970 aﬁirmabat,
1503 2905 1602 2976 qui
1634 2905 1876 2961 clericos

223 2993 291 3048 de
317 3007 660 3066 quacunque
700 2995 996 3066 provincia
1024 2997 1094 3052 ad
1126 3010 1186 3052 se
1213 2995 1506 3056 venientes
1540 2995 1876 3051 inconside-

225 3091 366 3157 rate,
407 3090 597 3141 etnon
637 3085 764 3141 sine
803 3086 989 3156 pretio
1019 3085 1222 3142 levitas
1259 3090 1314 3142 et
1358 3086 1678 3142 sacerdotes
1708 3084 1876 3141 ordi—

224 3178 420 3241 nabat,
493 3189 592 3232 nec
655 3177 990 3247 episcopum
1058 3175 1372 3246 quemlibet
1432 3174 1648 3246 absque
1697 3175 1874 3246 digno

224 3280 458 3324 munere
493 3264 902 3322 consecrabat:
945 3270 1002 3321 et
1044 3265 1094 3322 si
1134 3266 1202 3321 ad
1246 3265 1544 3321 ecclesiam
1586 3263 1751 3320 illius
1777 3277 1876 3319 re-

221 3357 416 3432 gionis
447 3361 747 3428 rogaretur
775 3356 1236 3427 consecrandam,
1271 3369 1382 3411 non
1409 3354 1581 3410 dabat
1611 3353 1875 3410 auctori—

221 3447 363 3502 tatis
387 3459 504 3502 sute
533 3444 798 3515 faculam,
836 3445 951 3501 nisi
978 3445 1170 3501 decem
1196 3444 1324 3501 auri
1355 3444 1534 3500 libras
1559 3443 1874 3513 accepisset

221 3537 279 3591 in
309 3535 846 3592 remunerationem.
882 3534 1042 3590 Unde
1078 3534 1276 3591 Sixtus
1317 3547 1460 3605 papa
1484 3533 1674 3592 Roma:
1694 3545 1874 3603 syno—

217 3625 356 3681 dum
390 3630 517 3682 octo
548 3624 948 3695 episcoporum
983 3623 1367 3696 congregavit,
1400 3627 1456 3678 et
1489 3622 1869 3693 Euphemium

219 3715 576 3785 episcOpum,
600 3713 700 3784 qui
728 3712 1170 3783 Polychronium
1197 3713 1267 3768 de
1303 3712 1595 3782 praedictis
1624 3709 1874 3766 infama—

217 3808 394 3873 verat,
421 3808 486 3859 ut
519 3803 712 3860 eadem
745 3816 934 3860 coram
967 3800 1237 3858 omnibus
1274 3800 1568 3872 fateretur,
1603 3801 1875 3857 introdu—

217 3892 322 3948 xit.
357 3892 483 3962 Quo
522 3891 689 3961 facto,
729 3896 843 3948 tres
882 3891 1198 3962 episcopos,
1241 3890 1594 3961 totidemque
1636 3890 1875 3962 presby—

217 3988 392 4050 teros,
461 3987 518 4036 et
585 3981 733 4037 duos
788 3981 1064 4036 diaconos
1127 3980 1358 4050 electos,
1424 3980 1870 4050 Hierosolymam

218 4071 523 4126 miserunt.
555 4070 664 4140 Qui
693 4069 1056 4142 congregatis
1095 4068 1262 4124 illius
1292 4068 1549 4141 regionis
1585 4069 1873 4139 episcopis

217 4156 607 4232 [septuaginta
642 4157 784 4234 sex],
818 4165 874 4215 et
915 4159 1266 4215 introductis
1291 4158 1670 4230 quadraginta
1701 4157 1876 4213 testi-

214 4248 344 4320 bus,
383 4249 483 4319 qui
509 4250 675 4319 juxta
701 4248 1006 4319 Euphemii
1040 4248 1462 4305 accusationem
1494 4247 1686 4303 omnia
1711 4261 1876 4304 com-

216 4337 539 4408 probarunt
577 4351 706 4393 vera
754 4352 878 4395 esse
911 4339 983 4394 de
1025 4337 1422 4408 Polychronio,
1472 4337 1661 4406 ipsum
1701 4336 1873 4407 Poly—

213 4427 525 4483 chronium
566 4428 931 4498 damnarunt,
979 4432 1034 4483 et
1070 4426 1450 4497 Euphemium
1486 4426 1699 4496 etiam;
1744 4426 1872 4482 ideo

1996 571 2074 627 tis
2103 571 2278 642 (epist.
2328 572 2397 646 4),
2431 574 2488 629 in
2527 587 2637 644 qua
2670 572 2848 628 multa
2881 570 3199 642 prohibuit,
3229 583 3355 642 quae
3383 573 3440 625 et
3475 573 3643 624 ante-

1995 674 2250 719 cessores
2293 678 2429 720 suos
2478 663 2844 734 prohibuisse
2873 675 3019 733 saepe
3048 675 3222 731 supra
3251 660 3639 717 meminimus.

1994 753 2274 810 Videlicet
2306 754 2589 825 praecepit,
2625 767 2693 809 ne
2725 753 2837 824 illi,
2863 752 3012 824 quia
3043 751 3297 808 dominis
3320 750 3446 807 suis
3475 749 3644 806 liber-

1994 847 2165 899 tatem
2215 845 2488 916 consequi
2544 845 2763 900 minine
2813 847 3142 914 potuerunt,
3199 844 3256 897 et
3315 842 3413 912 qui
3468 841 3640 896 etiam

1994 932 2267 1004 originali
2300 933 2477 990 alicui
2523 933 2842 990 conditioni
2875 932 3100 1002 alligati
3142 935 3298 1000 sunt,
3330 931 3398 986 ad
3449 943 3645 985 sacer-

1991 1022 2135 1078 dotii
2167 1023 2464 1095 fastigium
2514 1024 2898 1095 provehantur
2927 1022 3081 1095 (dist.
3115 1019 3207 1092 54,
3231 1035 3280 1078 c.
3313 1021 3647 1076 Admittun-

1992 1114 2123 1185 τμη)
2156 1115 2270 1170 nisi
2300 1113 2444 1172 forte
2476 1129 2670 1172 eorum
2701 1116 2901 1186 petitio
2926 1120 3026 1171 aut
3050 1113 3315 1169 voluntas
3338 1109 3645 1167 accesserit

1994 1203 2094 1274 qui
2121 1203 2344 1276 aliquid
2380 1205 2438 1260 in
2469 1220 2566 1261 eos
2595 1206 2707 1261 sibi
2739 1205 3036 1261 vindicant
3062 1201 3378 1274 potestatis.
3411 1199 3449 1257 2
3476 1199 3641 1256 lubet

1992 1292 2163 1348 etiam
2195 1295 2523 1364 apostolicae
2561 1297 2715 1351 sedis
2743 1293 3102 1352 auctoritate.
3133 1292 3203 1347 ab
3233 1290 3645 1348 ecclesiasticis

1993 1381 2200 1438 oﬁiciis
2227 1388 2283 1439 et
2307 1385 2646 1440 sacerdotali
2693 1385 2922 1440 nomine
2964 1382 3169 1451 arceri,
3211 1381 3261 1437 si
3296 1380 3394 1452 qui
3437 1394 3504 1436 ex
3544 1379 3640 1434 vi—

1991 1471 2236 1527 duarum
2260 1475 2507 1542 maritis,
2539 1480 2640 1530 aut
2665 1474 2878 1545 quibus
2908 1472 3125 1530 fuerint
3160 1483 3462 1528 numerosa
3496 1481 3642 1524 con-

1987 1559 2172 1631 jugia,
2205 1567 2342 1617 sunt
2379 1563 2641 1618 admissi.
2687 1561 2739 1618 3.
2771 1562 3037 1618 Decernit
3080 1562 3293 1617 acriter
3333 1559 3642 1614 vindican—

1991 1650 2128 1706 dum
2176 1665 2300 1707 esse
2354 1651 2413 1708 in
2462 1667 2558 1710 eos
2601 1654 2843 1709 clericos
2893 1650 3000 1723 (44,
3052 1653 3108 1707 d.
3154 1648 3208 1723 4,
3254 1665 3302 1706 c.
3349 1651 3458 1705 Nec
3505 1645 3638 1719 hoc),

1994 1740 2094 1811 qui
2146 1743 2472 1798 usurariam
2529 1743 2828 1814 pecuniam
2889 1745 3170 1812 exercent,
3230 1745 3286 1795 et
3335 1739 3394 1794 in
3450 1735 3644 1793 fenore

1990 1830 2270 1888 ditescere
2318 1838 2625 1905 quaerunt:
2691 1847 3055 1889 commonens
3098 1831 3270 1887 etiam
3335 1829 3502 1899 illud,
3554 1827 3639 1894 ut,

1991 1922 2146 1978 sicut
2185 1938 2295 1980 non
2342 1937 2466 1995 suo,
2511 1924 2590 1979 ita
2633 1937 2740 1979 non
2791 1937 2859 1978 ex
2904 1922 3094 1977 alieno
3142 1919 3375 1975 nomine
3422 1917 3640 1987 aliquis

1989 2012 2329 2072 clericorum
2373 2027 2632 2070 exercere
2676 2011 2840 2068 fenus
2881 2014 3141 2077 attentet,
3183 2009 3321 2079 quia
3371 2007 3640 2062 indecens

1988 2107 2074 2157 est
2097 2102 2315 2158 crimen
2346 2117 2516 2159 suum
2547 2102 2862 2158 commodis
2892 2099 3101 2155 alienis
3127 2095 3455 2168 impendere
3478 2093 3634 2164 (dist.

1988 2187 2074 2262 46,
2107 2205 2154 2246 c.
2192 2192 2384 2264 Sicut.)

2058 2284 2194 2338 Item
2245 2282 2302 2336 in
2353 2281 2489 2349 alia,
2541 2294 2709 2352 quam
2775 2278 3062 2336 universis
3123 2275 3304 2333 Italiae
3349 2274 3638 2346 episcopis

1988 2372 2224 2442 scripsit
2252 2368 2426 2443 (epist.
2457 2369 2531 2444 2),
2565 2375 2630 2426 ut
2657 2370 2967 2442 diligenter
3004 2367 3346 2425 Manichaeos
3371 2367 3640 2423 studeant

1985 2463 2437 2532 circumquaque
2476 2460 2844 2532 investigare,
2877 2463 2933 2515 et
2969 2472 3002 2514 a
3032 2457 3298 2528 plebibus
3329 2456 3442 2513 sibi
3474 2468 3639 2512 com-

1988 2551 2185 2608 missis
2222 2565 2484 2623 separare
2527 2550 2836 2606 mandavit.
2887 2548 3134 2618 Scripsit
3163 2549 3335 2604 etiam
3367 2545 3636 2603 omnibus

1984 2643 2272 2712 episcopis
2294 2655 2392 2712 per
2403 2641 2662 2697 Siciliam
2681 2639 3014 2697 constitutis
3039 2637 3338 2708 epistolam
3366 2635 3538 2707 (epist.
3562 2633 3633 2708 4),

1987 2731 2047 2787 in
2079 2745 2190 2802 qua
2221 2729 2415 2802 arguit
2443 2744 2540 2786 eos
2569 2730 2672 2801 qui
2720 2730 2780 2785 in
2811 2733 3163 2786 sacramento
3196 2726 3320 2796 illo,
3354 2727 3504 2798 quod
3538 2727 3638 2783 in-

1985 2826 2072 2877 ter
2091 2826 2291 2877 caetera
2311 2819 2579 2876 Ecclesia:
2601 2824 2953 2875 sacramenta
2978 2814 3201 2892 [ordine
3220 2812 3633 2891 exsecutionis]

1986 2909 2303 2980 principale
2327 2914 2434 2979 est,
2468 2909 2524 2964 id
2553 2914 2640 2965 est
2665 2909 2725 2964 in
2756 2907 3062 2979 baptismo,
3095 2920 3126 2963 a
3147 2907 3413 2964 Romana:
3437 2907 3639 2963 Eccle—

1985 2998 2086 3054 sia:
2146 2985 2563 3054 consuetudine
2620 2996 3041 3069 discrepabant,
3093 2997 3176 3052 ita
3239 3002 3302 3054 ut
3360 2997 3634 3067 baptismi

1985 3093 2402 3144 sacramentum
2448 3085 2816 3142 numerosius
2857 3085 2916 3140 in
2946 3086 3044 3141 die
3073 3085 3428 3156 Epiphaniae,
3463 3100 3633 3156 quam

1906 3146 1957 3212 ο
1986 3177 2046 3232 in
2088 3176 2346 3234 Paschali
2385 3181 2636 3246 tempore
2665 3174 3018 3231 celebrarent
3051 3192 3066 3244 ;
3099 3146 3319 3228 nulIam
3355 3146 3634 3230 diﬁ‘eren—

1983 3269 2122 3325 tiam
2148 3266 2441 3322 credentes
2483 3278 2605 3321 esse
2633 3265 2782 3320 inter
2810 3263 2962 3319 diem
2990 3275 3103 3334 qua
3130 3261 3395 3318 Christus
3419 3261 3635 3319 adora-

1982 3361 2079 3413 tur
2107 3369 2138 3412 a
2158 3356 2359 3427 magis,
2380 3355 2602 3410 etdiem
2639 3366 2751 3424 qua
2784 3353 2906 3423 ipse
2940 3351 3258 3408 resurrexit
3277 3363 3311 3406 a
3346 3351 3627 3422 mortuis;

1983 3459 2112 3502 cum
2158 3444 2388 3515 proprie
2414 3444 2474 3499 in
2507 3445 2683 3498 morte
2707 3441 3005 3513 Cruciﬁxi,
3033 3446 3088 3497 et
3119 3440 3178 3496 in
3210 3440 3631 3496 resurrectione

1981 3533 2194 3590 mortui
2228 3533 2483 3603 potentia
2511 3531 2876 3601 baptismatis
2906 3543 3105 3586 novam
3136 3534 3455 3586 creaturam
3486 3543 3632 3586 con-

1981 3622 2134 3679 didit
2162 3636 2230 3677 ex
2259 3622 2456 3693 veteri,
2489 3625 2554 3677 ut
2585 3619 2645 3675 in
2677 3618 3114 3676 renascentibus
3142 3624 3197 3674 et
3229 3631 3381 3675 mors
3408 3616 3628 3675 Christi

1983 3717 2249 3783 Operetur
2278 3717 2334 3767 et
2371 3711 2488 3768 vita
2515 3708 2602 3782 (de
2633 3709 2788 3765 Cons.
2821 3709 2877 3766 d.
2922 3706 2974 3780 4,
3009 3722 3058 3764 c.
3090 3709 3315 3779 Proprie
3346 3727 3361 3778 ;
3393 3713 3450 3764 et
3479 3723 3526 3764 c.
3571 3709 3634 3764 Si

1983 3802 2148 3871 quis).
2183 3801 2358 3856 Trina
2387 3800 2538 3856 enim
2571 3798 2894 3856 submersio
2923 3797 3251 3855 triduanam
3280 3797 3496 3854 Christi
3534 3811 3633 3854 se—

1984 3890 2275 3962 pulturam
2309 3890 2592 3960 imitatur,
2625 3893 2680 3945 et
2709 3888 2780 3945 ab
2809 3887 2978 3960 aquis
3007 3887 3249 3944 elevatio
3278 3887 3635 3958 resurgentis

1981 3986 2067 4038 est
2098 3980 2283 4036 instar
2305 3980 2374 4035 de
2413 3979 2696 4050 sepulcro.
2727 3979 2854 4049 Ipsa
2883 3991 3017 4050 ergo
3051 3977 3302 4050 qualitas
3329 3976 3493 4032 docet
3534 3991 3634 4033 ce-

1981 4070 2265 4126 lebranda:
2315 4068 2658 4140 generaliter
2705 4069 2903 4139 gratia:
2945 4067 3096 4124 diem
3144 4067 3466 4137 legitimum
3504 4081 3633 4124 eum

1979 4173 2122 4231 esse,
2170 4159 2230 4214 in
2263 4172 2375 4229 quo
2418 4162 2543 4213 orta
2571 4162 2658 4213 est
2698 4161 2753 4213 et
2789 4158 2979 4214 virtus
3024 4157 3299 4228 muneris,
3332 4161 3389 4213 et
3417 4157 3635 4228 species

1980 4249 2248 4306 actionis.
2311 4247 2560 4304 Additur
2618 4251 2809 4303 autem
2869 4260 3005 4303 sane
3064 4246 3201 4303 huic
3258 4246 3634 4304 observantiae

1980 4338 2153 4395 etiam
2191 4339 2549 4394 Pentecostes
2591 4350 2658 4392 ex
2696 4335 2942 4391 adventu
2974 4335 3228 4407 Spiritus
3254 4336 3439 4392 sancti
3472 4349 3634 4392 sacra

1981 4427 2334 4497 solemnitas,
2381 4439 2506 4498 quae
2551 4425 2620 4482 de
2661 4422 2948 4496 paschalis
2979 4422 3108 4479 festi
3141 4423 3347 4494 pendet
3383 4423 3633 4480 articulo

214 4516 357 4588 quia
402 4516 522 4585 ipse
567 4516 889 4587 pontiﬁcem
940 4530 1107 4572 suum
1157 4521 1539 4587 accusaverat,
1586 4516 1686 4588 qui
1740 4529 1869 4572 eum
1895 4507 1951 4571 D
1980 4518 2066 4589 (de
2095 4515 2251 4572 Cons.
2280 4517 2336 4573 d.
2367 4512 2418 4586 4,
2452 4530 2502 4572 c.
2534 4518 2652 4571 Duo
2682 4513 2964 4584 tempora).
2994 4511 3156 4569 Alios
3180 4525 3311 4568 vero
3341 4512 3467 4569 dies
3494 4511 3632 4569 huic

212 4609 663 4662 consecraverat.
724 4606 829 4662 Sed
880 4605 1296 4677 Polychronius
1364 4609 1576 4678 postea=
1641 4610 1872 4676 propter

211 4694 670 4766 compassionem
722 4700 779 4752 et
824 4695 1234 4766 eleemosynam
1291 4710 1434 4767 quas
1475 4695 1703 4752 civibus
1746 4695 1872 4752 suis

210 4784 472 4841 obsessis
512 4789 860 4858 erogaverat,
905 4790 1200 4842 revocatus
1255 4790 1312 4842 et
1352 4785 1658 4843 restitutus
1707 4789 1791 4842 est
1837 4797 1870 4841 a

209 4873 379 4931 Sixto
413 4875 471 4930 in
503 4875 808 4946 pristinam
839 4875 1049 4931 sedem.

717 4966 930 5021 XLVII.
962 4995 1036 5005 —
1057 4965 1111 5020 S.
1143 4964 1274 5021 LEO
1298 4967 1337 5020 1.

755 5053 939 5126 (Anno
965 5054 1167 5110 Christi
1193 5050 1339 5127 440.)

282 5143 418 5214 Leo,
466 5143 696 5199 natione
737 5143 977 5215 Tuscus,
1021 5157 1090 5199 ex
1139 5147 1296 5214 patre
1337 5141 1672 5214 Quintiano,
1719 5143 1870 5200 sedit

207 5246 398 5290 annos
429 5234 639 5306 viginti
678 5238 735 5290 et
774 5248 973 5306 unum,
1010 5247 1257 5290 mensem
1289 5246 1487 5304 unum,
1521 5234 1647 5291 dies
1674 5233 1872 5290 trede-

208 5324 346 5379 cim.
396 5323 502 5378 Hic
545 5323 836 5380 ordinavit
873 5329 1101 5380 centum
1152 5329 1208 5380 et
1258 5323 1569 5396 nonaginta
1613 5324 1870 5395 quinque

213 5407 471 5486 [centum
493 5418 550 5468 et
567 5415 857 5486 octoginta
883 5411 1162 5488 quinque]
1176 5413 1493 5484 episcopos,
1512 5412 1871 5484 presbyteros

210 5509 406 5558 autem
431 5503 721 5574 octoginta
748 5509 804 5560 et
840 5518 1036 5560 unum.
1080 5503 1183 5559 Hic
1209 5501 1457 5560 feliciter
1477 5502 1626 5560 obiit
1651 5515 1706 5558 ιν
1738 5502 1872 5560 ldus

209 5593 461 5664 Aprilis.
483 5594 589 5650 Hic
610 5593 911 5665 epistolam
941 5593 1254 5650 destinavit
1274 5593 1563 5651 universis
1586 5593 1874 5666 episcopis

301 5695 336 5725 ει
363 5684 504 5742 Vide
526 5688 668 5741 tom.
699 5686 722 5740 Ι
750 5683 991 5756 Concil.,
1024 5697 1150 5756 pag.
1174 5679 1300 5740 705.

1979 4605 2353 4662 observantiae
2382 4605 2704 4661 miscendos
2732 4617 2855 4660 esse
2880 4600 3198 4675 prohibuit.

2050 4695 2295 4767 Scripsit
2339 4695 2485 4751 idem
2529 4693 2836 4765 praedictus
2875 4706 3018 4764 papa
3069 4691 3341 4748 Januario
3387 4690 3634 4764 Aquile—

1981 4785 2165 4859 giensi
2220 4783 2488 4855 episcOpo
2536 4782 2836 4852 epistolam
2887 4779 3059 4853 (epist.
3112 4780 3184 4854 3),
3231 4781 3289 4836 in
3339 4796 3453 4853 qua
3500 4795 3630 4839 eum

1981 4880 2319 4946 commonet,
2352 4886 2420 4928 ne
2465 4871 2790 4942 presbiteri,
2832 4871 2953 4927 sive
2980 4870 3235 4942 diaconi,
3269 4871 3354 4927 vel
3387 4871 3633 4929 subdia—

1981 4963 2131 5034 coni,
2147 4969 2248 5019 aut
2267 4961 2580 5032 cujuslibet
2600 4959 2826 5016 ordinis
2848 4959 3046 5016 clerici
3072 4961 3171 5031 qui
3194 4961 3262 5016 ad
3287 4960 3632 5019 catholicam

1981 5052 2146 5108 ﬁdem
2178 5065 2346 5123 quam
2389 5049 2730 5120 jampridem
2771 5049 3102 5121 amiserant,
3149 5063 3380 5107 rursum
3428 5051 3632 5108 reverti

1978 5140 2240 5198 ambiunt
2259 5137 2332 5210 (2,
2356 5139 2412 5195 d.
2435 5136 2490 5210 7,
2516 5153 2566 5194 c.
2591 5137 3057 5208 Saluberrimum;
3089 5135 3138 5208 4,
3162 5137 3220 5194 d.
3248 5135 3297 5210 4,
3327 5153 3376 5196 c.
3404 5141 3626 5214 Omnis),

1979 5230 2039 5288 in
2053 5230 2394 5288 catholicam
2407 5227 2864 5286 communionem
2883 5227 3262 5299 recipiantur,
3290 5229 3626 5299 priusquam

1977 5334 2200 5379 errores
2229 5333 2384 5391 suos,
2412 5324 2468 5376 et
2495 5318 2651 5390 ipsos
2675 5321 2939 5375 auctores
2962 5318 3199 5389 erroris,
3227 5331 3258 5372 a
3285 5331 3344 5373 se
3364 5315 3625 5372 damnari

1978 5411 2104 5468 sine
2143 5410 2261 5467 ulla
2307 5408 2684 5482 ambiguitate
2723 5407 3054 5466 fateantur:
3107 5407 3240 5480 quia
3286 5402 3623 5460 inferiorum

1978 5500 2246 5558 ordinum
2305 5500 2489 5572 culpze
2530 5498 2598 5555 ad
2657 5499 2848 5557 nullos
2893 5498 3075 5570 magis
3137 5492 3443 5551 referenda:
3490 5498 3628 5549 sunt

1980 5604 2150 5663 quam
2175 5590 2244 5648 ad
2271 5589 2499 5648 desides
2528 5589 2994 5662 negligentesque
3024 5588 3290 5652 rectores,
3325 5581 3426 5654 qui
3465 5581 3623 5639 mul—
