4082 6168
446 297 585 369 4203

1224 303 1514 373 APPBND.
1553 298 1649 358 AD
1683 298 1846 357 SEC.
1896 298 1993 355 IX.
2032 326 2099 345 ο-

2213 296 2496 357 ICTORES
2547 299 2719 361 ANNI
2767 300 3061 361 INCERTI.

3707 299 3855 361 ιωι

449 435 564 487 tam
607 446 755 504 smpe
792 433 1063 491 nutriunt
1093 432 1501 504 pestilentiam,
1539 430 1676 488 dum
1708 427 2092 486 necessarium
2117 422 2181 502 Α
2204 428 2263 485 in
2302 430 2647 486 matrimonio
2684 446 2795 486 non
2831 434 3045 501 fuerint
3077 452 3095 489 :
3134 435 3269 506 quia
3309 433 3474 490 aliud
3518 437 3601 490 est
3651 436 3852 505 nupta.

444 520 820 579 dissimulant
855 522 1130 580 adhibere
1159 523 1522 579 medicinam.

518 612 653 669 Item
701 611 772 668 ad
816 612 1040 669 Rustici
1084 612 1472 669 Narbonensis
1510 612 1764 684 episcopi
1795 613 2097 670 consulta—

450 698 637 757 tiones
691 702 1059 773 respondens,
1121 702 1421 774 epistolam
1484 701 1721 772 scripsit
1758 700 1931 775 (epist.
1983 699 2092 775 95),

448 790 697 847 suadens
720 791 796 862 ei,
829 796 894 849 ut
931 791 1206 848 sanandis
1232 792 1404 863 aegris
1431 791 1794 863 spiritualem
1825 792 2097 849 adhibeat

451 878 813 950 medicinam,
847 885 905 937 et
947 881 1172 938 dicente
1202 881 1544 952 Scriptura:
1597 882 1725 937 Noli
1764 896 1876 937 esse
1902 882 2093 950 justus

445 968 679 1023 multum
722 966 915 1040 (Ecclc.
964 970 1086 1043 vn),
1133 970 1338 1027 mitius
1378 984 1508 1026 cum
1548 970 1634 1026 eis
1661 977 1810 1043 agat,
1845 971 1946 1042 qui
1974 969 2095 1026 zelo

451 1057 749 1127 pudicitia:
798 1059 1027 1118 modum
1058 1059 1327 1117 videntur
1354 1059 1662 1117 excessisse
1703 1060 1992 1128 vindictas,
2026 1072 2095 1114 ne

447 1145 738 1217 diabolus,
763 1148 863 1219 qui
886 1148 1103 1219 decipit
1125 1148 1438 1219 adulteros,
1460 1149 1531 1205 de
1551 1148 1824 1206 adulterii
1848 1147 2095 1205 exsultet

448 1235 758 1293 ultoribus.
804 1240 965 1308 Item,
1012 1238 1148 1310 quia
1201 1240 1513 1309 praedictus
1558 1239 1865 1310 episcopus
1914 1238 2095 1295 nimia

445 1325 789 1383 adversitate
853 1326 1118 1384 turbatus
1193 1330 1543 1386 vacationem
1598 1329 1671 1386 ab
1731 1329 2095 1400 episcOpatus

445 1413 744 1473 laboribus
788 1418 1137 1490 peroptabat,
1184 1424 1240 1476 et
1276 1420 1450 1477 vitam
1492 1420 1549 1476 in
1595 1420 1830 1476 silentio
1872 1424 1929 1475 et
1973 1418 2093 1475 otio

442 1502 647 1575 degere
704 1506 905 1578 magis,
967 1520 1135 1579 quam
1191 1508 1252 1564 in
1302 1508 1396 1565 his
1445 1523 1571 1580 quae
1628 1508 1742 1565 sibi
1787 1508 2093 1565 commissa

445 1590 693 1665 fuerant,
729 1609 1057 1665 permanere
1084 1597 1329 1668 dicebat,
1357 1604 1678 1655 commonet
1705 1612 1834 1655 eum
1877 1597 2096 1668 praedi—

443 1687 571 1739 ctus
610 1697 752 1755 papa
790 1698 1115 1755 permanere
1155 1687 1214 1744 in
1244 1700 1413 1757 Opere
1448 1688 1687 1760 credito,
1725 1692 1779 1744 et
1811 1687 1872 1743 in
1903 1687 2095 1743 labore

2202 516 2362 571 aliud
2420 519 2737 576 concubina.
2792 518 2847 578 5.
2905 523 3062 593 Item,
3115 522 3385 580 ancillam
3423 536 3458 579 a
3507 525 3637 579 toro
3695 520 3856 591 abji-

2203 618 2329 662 cere
2364 604 2471 679 (32,
2517 624 2570 680 q.
2617 608 2671 681 3,
2711 626 2760 666 c.
2812 610 3135 685 Ancillam),
3174 618 3232 671 et
3271 625 3506 670 uxorem
3543 616 3715 667 certae
3753 610 3857 667 in-

2205 697 2518 767 genuitatis
2569 700 2846 775 accipere,
2893 716 3007 761 non
3056 704 3377 777 duplicatio
3429 702 3694 774 coniugii
3740 706 3850 773 est,

2203 785 2299 841 sed
2342 786 2629 857 profectus
2667 791 3003 849 honestatis.

2273 872 2326 931 6.
2358 877 2437 932 De
2472 878 2564 935 his
2597 884 2808 948 autem,
2846 881 2947 954 qui
2981 882 3041 938 in
3077 881 3423 955 mgritudine
3456 881 3858 953 pmnitentiam

2202 965 2498 1036 accipiunt
2530 966 2617 1041 (de
2652 971 2842 1027 Pmnit.
2885 973 2943 1029 (ι.
2973 968 3030 1041 7,
3063 986 3113 1028 c.
3149 972 3360 1042 Nemo),
3393 976 3452 1029 et
3474 985 3607 1027 cum
3638 984 3858 1027 conva-

2204 1053 2420 1112 luerint
2448 1070 2570 1114 eam
2593 1072 2761 1131 agere
2782 1060 3006 1133 nolunt,
3030 1061 3179 1118 dicit
3207 1062 3410 1119 talium
3444 1060 3858 1134 negligentiam

2204 1156 2338 1200 sane
2358 1146 2698 1216 culpandam
2724 1162 2868 1221 esse,
2891 1150 2987 1207 sed
3013 1163 3125 1207 non
3146 1150 3400 1221 pmnitus
3417 1149 3857 1220 desperandam,

2208 1236 2270 1289 ut
2292 1233 2512 1291 crebris
2541 1237 3041 1296 cohortationibus
3072 1239 3321 1311 incitati,
3350 1240 3501 1312 quod
3532 1238 3859 1296 necessario

2204 1324 2620 1396 expetiverunt,
2676 1326 2923 1384 ﬁdeliter
2959 1334 3368 1400 exsequantur.
3407 1325 3463 1386 7.
3505 1330 3587 1385 De
3626 1328 3724 1385 his
3762 1342 3858 1385 au-

2204 1417 2336 1483 tem,
2379 1414 2477 1484 qui
2503 1415 2621 1485 jam
2651 1416 2978 1475 deﬁcientes
3019 1419 3413 1489 paenitentiam
3451 1417 3774 1489 accipiunt,
3804 1422 3860 1474 et

2202 1505 2334 1558 ante
2369 1505 2825 1562 communionem
2877 1508 3225 1581 moriuntur,
3274 1507 3421 1567 dicit
3469 1507 3552 1564 ita
3592 1524 3608 1562 :
3647 1508 3862 1562 Horum

2204 1606 2372 1647 causa
2395 1594 2494 1648 Dei
2506 1594 2724 1663 judicio
2754 1598 3087 1654 reservanda
3116 1601 3215 1662 est,
3246 1599 3308 1654 in
3342 1597 3498 1666 cuius
3523 1612 3697 1652 manu
3722 1598 3858 1664 fuit.

2203 1686 2267 1735 ut
2312 1682 2507 1738 talium
2561 1684 2739 1740 obitus
2790 1701 2961 1758 usque
2998 1687 3075 1742 ad
3120 1688 3509 1745 communionis
3554 1685 3862 1741 remedium

448 1751 734 1843 percepto,
767 1751 823 1829 et
851 1779 1178 1835 constanter
1202 1751 1392 1833 tenere
1419 1751 1732 1849 justitiam,
1768 1782 1825 1833 et
1854 1775 2099 1849 benigne
2124 1751 2176 1833 Β
2204 1785 2314 1825 ηοη
2355 1772 2671 1841 diﬂ‘metur
2714 1771 2823 1846 (2i,
2981 1772 3038 1848 2,
3081 1790 3129 1832 c.
3172 1779 3249 1833 De
3286 1778 3703 1846 communione).
3750 1775 3862 1831 Nos

447 1868 717 1932 prmstare
757 1863 1138 1921 clementiam.
1191 1865 1325 1921 0dio
1359 1868 1502 1921 enim
1528 1864 1685 1938 (dist.
1720 1847 1816 1937 ‘86,
1848 1881 1897 1923 c.
1946 1847 2101 1924 Odia)

444 1956 576 2007 sunt
606 1951 858 2010 habenda
885 1959 1132 2024 peccata,
1165 1970 1275 2011 non
1306 1956 1566 2013 homines.
1599 1955 1943 2028 Corripiendi
1969 1960 2099 2013 sunt

444 2042 662 2105 tumidi,
725 2044 998 2099 tolerandi
1051 2045 1278 2115 infirmi,
1328 2049 1380 2100 et
1435 2046 1582 2116 quod
1628 2046 1689 2102 in
1745 2046 2095 2116 peccantibus

380 2150 401 2159 ·
445 2133 683 2186 seuerius
739 2134 1003 2201 castigari
1058 2149 1268 2189 necesse
1328 2138 1426 2197 est,
1485 2151 1595 2190 non
1654 2138 1923 2191 smientis
1981 2136 2097 2206 ple

443 2221 695 2277 ciendum
740 2225 819 2277 est
854 2222 1056 2285 animo,
1100 2223 1195 2279 sed
1230 2223 1512 2279 medentis.
1562 2226 1700 2281 Item
1750 2225 1811 2281 in
1854 2224 2088 2283 eadem:

448 2306 497 2363 4.
523 2310 697 2367 Nulla
725 2311 867 2365 ratio
906 2312 1038 2366 sinit
1065 2310 1223 2381 (dist.
1256 2308 1346 2384 62,
1378 2326 1428 2369 c.
1460 2313 1676 2383 Nulla),
1707 2318 1770 2369 ut
1798 2315 1941 2370 inter
1971 2318 2095 2385 epi-

444 2414 627 2470 scopos
662 2399 989 2465 habeantur,
1026 2400 1123 2470 qui
1149 2417 1245 2457 nec
1268 2418 1303 2457 a
1340 2402 1549 2458 clericis
1577 2408 1706 2459 sunt
1729 2404 1901 2468 electi,
1939 2420 2094 2462 neca

456 2488 704 2558 plebibus
742 2494 868 2545 sunt
912 2492 1157 2559 empetiti,
1195 2506 1290 2546 nec
1314 2507 1348 2546 a
1366 2493 1799 2562 provincialibus
1828 2496 2091 2564 episcopis

447 2593 569 2632 cum
626 2580 1032 2649 metropolitani
1089 2580 1307 2649 judicio
1377 2584 1657 2638 constituti
1726 2584 2087 2656 [consecrati].

452 2665 627 2729 Unde,
690 2681 811 2722 cum
866 2682 1004 2738 saepe
1046 2671 1269 2738 qumstio
1317 2670 1384 2726 de
1432 2672 1574 2727 male
1629 2678 1843 2742 accepto
1895 2673 2093 2730 honore

446 2759 761 2822 nascatur;
798 2758 922 2827 quis
967 2758 1232 2826 ambigat,
1276 2776 1625 2831 nequaquam
1662 2763 1784 2817 istis
1827 2777 1939 2818 esse
1982 2765 2096 2818 tri-

449 2842 741 2907 buendum,
778 2843 925 2913 quod
965 2860 1075 2899 non
1104 2845 1324 2902 docetur
1358 2850 1533 2917 fuisse
1570 2849 1832 2904 donatum
1860 2852 1888 2904 ?
1913 2850 1976 2906 Si
2001 2851 2098 2921 qui

447 2936 629 2987 tamen
664 2933 846 2988 clerici
880 2934 951 2989 ab
988 2936 1111 2990 istis
1140 2936 1609 3009 pscudoepiscopis
1651 2939 1711 2992 in
1752 2940 1828 2995 eis
1862 2940 2096 2996 ecclesiis

2207 1866 2409 1941 autem,
2449 1864 2646 1933 quibus
2669 1865 2974 1922 viventibus
3006 1882 3115 1922 non
3142 1868 3680 1929 communicauimus,
3705 1879 3865 1920 mor-

2207 1953 2317 2007 tuis
2361 1955 2756 2010 communicare
2802 1971 2912 2033 non
2946 1972 3259 2029 possumus.
3300 1954 3357 2013 8.
3400 1958 3481 2014 De
3516 1956 3617 2014 his
3642 1960 3860 2025 autem,

2207 2039 2307 2112 qui
2340 2041 2521 2101 nimio
2548 2041 2747 2100 dolore
2779 2050 3118 2118 perurgente
3142 2050 3346 2119 rogant
3369 2045 3485 2102 sibi
3510 2045 3640 2105 dari
3668 2044 3863 2114 poeni-

2205 2130 2441 2187 tentiam
2499 2130 2589 2202 (de
2633 2135 2826 2190 Panit.
2876 2135 2935 2191 d.
2989 2132 3039 2207 l,
3087 2150 3138 2192 c.
3181 2135 3556 2207 Pwnitentia).
3610 2140 3667 2191 et
3731 2147 3862 2192 cum

2203 2218 2501 2291 Presbyter
2550 2221 2726 2293 venit,
2775 2223 3021 2281 daturus
3063 2225 3213 2296 quod
3270 2223 3553 2294 petebant,
3604 2223 3658 2279 si
3696 2222 3863 2279 dolor

2203 2310 2528 2381 cessaverit,
2560 2318 2857 2382 excusant,
2889 2317 2947 2369 et
2976 2313 3184 2370 nolunt
3210 2314 3470 2383 accipere
3499 2312 3655 2383 quod
3683 2310 3862 2369 otIer—

2204 2403 2320 2470 tur,
2351 2399 2533 2456 dicit:
2565 2401 2942 2457 Dissimulatio
2971 2401 3082 2458 hac
3106 2406 3286 2473 potest
3318 2418 3427 2457 non
3457 2402 3523 2457 de
3552 2404 3863 2471 conternptu

2202 2504 2313 2547 esse
2337 2489 2583 2553 remedii,
2613 2489 2709 2546 sed
2745 2489 2811 2546 de
2839 2494 2983 2545 metu
3008 2493 3235 2560 grauius
3267 2490 3645 2561 delinquendi.
3686 2489 3862 2552 Unde,

2203 2594 2324 2633 cum
2354 2579 2680 2649 paenitentia
2716 2580 2959 2636 studiose
2986 2582 3214 2651 petitur,
3250 2596 3359 2637 non
3397 2584 3646 2649 negetur.
3689 2579 3752 2635 9.
3790 2580 3866 2635 De

2205 2667 2299 2725 his
2328 2668 2429 2739 qui
2467 2668 2862 2739 pmnitentiam
2904 2668 3146 2741 professi
3173 2674 3329 2742 sunt,
3357 2670 3453 2728 sed
3491 2670 3551 2728 in
3583 2667 3713 2727 foro
3753 2668 3869 2725 liti.

2205 2770 2339 2831 gare
2375 2758 2675 2829 ceperint,
2722 2758 2809 2815 sic
2845 2758 2995 2816 dicit
3028 2759 3248 2815 :Aliud
3288 2759 3510 2831 quidem
3554 2762 3638 2814 est
3680 2758 3867 2814 debita

2194 2847 2355 2917 justa
2394 2862 2667 2916 reposcere
2708 2845 2793 2919 (de
2829 2848 3022 2904 Paenit.
3069 2848 3207 2905 dist.
3251 2845 3302 2919 i,
3346 2862 3396 2905 c.
3441 2847 3672 2917 Aliud),
3707 2847 3870 2902 aliud

2199 2937 2430 3007 propria
2460 2938 2812 3007 perfectionis
2854 2952 3035 2993 amore
3078 2942 3412 2993 contemnere
3444 2956 3462 3003 ;
3492 2937 3591 2993 sed
3628 2938 3868 2992 illicito-

449 3021 696 3078 ordinati
723 3028 870 3088 sunt,
904 3040 1025 3095 quae
1047 3026 1123 3082 ad
1148 3029 1398 3098 proprios
1428 3029 1699 3099 episcopos
1720 3030 2094 3100 pertinebant,
2121 3064 2172 3139 β
2205 3041 2328 3081 rum
2356 3028 2571 3081 veniam
2592 3027 2964 3098 postulantem
2991 3032 3197 3099 oportet
3226 3028 3389 3083 etiam
3416 3044 3451 3082 a
3476 3027 3667 3083 multis
3698 3028 3866 3082 licitis

453 3115 503 3139 λι
534 3112 803 3139 Λ“ι1;“η⁴.;Α
839 3129 1014 3139 ΑΑΑΔΑιμΑ
1051 3130 1161 3139 --.ω
1199 3132 1455 3139 --_4-_--.
1494 3122 1537 3139 ,Δ
1570 3118 1766 3139 .⁵--.Ι.⁶-.·,
1795 3121 2053 3139 ----μ-ξ],η
2213 3117 2479 3139 -ι-ιι..-..,.
2538 3116 2690 3139 77...)-
2737 3117 3065 3139 -.'..,.....'1-..-
3102 3116 3254 3139 1-1-4
3294 3132 3504 3139 -..----...
3561 3132 3725 3139 .m--.“
3765 3132 3830 3139 ..-

448 3115 503 3181 et
530 3112 805 3168 ordinatio
834 3129 1018 3170 eorum
1045 3130 1166 3172 cum
1194 3132 1456 3173 consensu
1486 3122 1537 3173 et
1555 3118 1771 3187 judicio
1788 3121 2100 3190 presiden-

447 3204 585 3258 tium
607 3204 764 3270 facta
789 3208 886 3267 est,
912 3209 1091 3274 potest
1111 3210 1236 3260 rata
1258 3206 1469 3269 haberi,
1496 3210 1576 3262 ita
1600 3212 1664 3264 ut
1685 3211 1743 3264 in
1764 3211 1898 3280 ipsis
1928 3212 2102 3267 eccle—

451 3294 549 3349 siis
584 3297 945 3362 perseuerent.
995 3294 1177 3350 Aliter
1219 3299 1399 3350 autem
1445 3300 1778 3354 consecratio
1827 3316 1973 3355 vana
2022 3305 2102 3357 est

450 3383 737 3447 habenda,
767 3399 890 3455 quae
934 3399 1030 3440 nec
1068 3385 1177 3440 loco
1215 3385 1456 3453 fundata
1494 3394 1591 3451 est,
1642 3404 1738 3445 nec
1780 3392 2103 3447 auctoritate

372 3494 377 3501 ’
448 3476 684 3529 munita.

520 3561 575 3619 2.
600 3564 742 3619 Item
772 3562 938 3631 dicit,
979 3563 1233 3622 alienum
1259 3578 1384 3622 esse
1412 3578 1446 3622 a
1474 3569 1893 3625 consuetudine
1916 3569 2107 3625 eccle—

453 3651 689 3709 siastica
726 3649 885 3722 (dist.
926 3649 1017 3722 50,
1048 3666 1097 3708 c.
1128 3652 1426 3725 Alienum),
1462 3661 1544 3723 ut,
1575 3655 1674 3727 qui
1716 3656 1775 3713 in
1808 3656 2103 3729 presbyte-

455 3740 565 3797 rati
600 3740 834 3806 honore,
874 3745 975 3797 aut
998 3741 1255 3798 diaconii
1287 3742 1467 3813 gradu
1507 3741 1727 3799 fuerint
1764 3748 2100 3821 consecrati,

459 3829 519 3884 hi
552 3842 653 3897 pro
678 3827 923 3883 crimine
949 3827 1029 3883 ali
1058 3842 1149 3897 ,uo
1175 3842 1280 3884 suo
1311 3842 1411 3900 per
1443 3843 1644 3888 manus
1677 3832 2104 3903 impositionem

458 3915 769 3971 remedium
824 3915 1113 3985 accipiant
1171 3916 1506 3984 paenitendi.
1554 3915 1607 3975 3.
1661 3923 1795 3978 Item
1853 3926 2104 3983 eamdem

460 4003 637 4075 legem
681 4002 1051 4060 continentia:
1078 4002 1227 4061 dicit
1255 4017 1378 4063 esse
1410 4006 1697 4067 ministris
1724 4012 1948 4087 altaris,
1980 4031 2106 4088 quae

458 4092 747 4163 episcopis
778 4096 951 4163 atque
988 4091 1355 4163 presbyteris.
1401 4097 1541 4153 Item
1572 4098 1718 4156 dicit
1746 4099 1903 4173 (dist.
1929 4102 2019 4177 31,
2052 4121 2101 4163 c.

459 4183 615 4254 Lex),
644 4195 758 4239 non
792 4194 1014 4238 omnem
1053 4181 1351 4240 mulierem
1382 4185 1507 4242 viro
1530 4188 1809 4261 junctam,
1842 4207 1965 4252 esse
1994 4197 2104 4253 viri

464 4284 718 4344 uxorem,
772 4271 906 4344 quia
951 4285 1054 4327 nec
1095 4273 1287 4330 omnis
1334 4273 1492 4333 ﬁlius
1541 4276 1722 4335 haeres
1768 4287 1855 4339 est
1905 4287 2103 4354 patris.

2207 3117 2498 3172 abstinere.
2538 3116 2710 3178 Unde,
2733 3118 2783 3172 si
2795 3117 3065 3187 paenitens
3095 3116 3254 3172 habet
3286 3132 3527 3179 causam,
3555 3132 3732 3186 quam
3764 3132 3867 3170 ne-

2209 3207 2410 3278 gligere
2447 3208 2590 3273 forte
2618 3221 2728 3261 non
2755 3206 2930 3270 debet,
2966 3206 3159 3262 melius
3198 3208 3400 3277 eapetit
3436 3206 3863 3261 ecclesiasticwn

2210 3312 2374 3367 quam
2410 3298 2625 3364 forense
2642 3296 2937 3365 judicium.

2284 3383 2369 3442 40.
2405 3386 2483 3442 De
2524 3384 2617 3441 his
2647 3398 2779 3442 vero
2818 3385 2919 3456 qui
2952 3385 3012 3442 in
3054 3385 3391 3456 pmnitentia
3430 3384 3516 3441 vel
3548 3389 3745 3455 postea
3778 3397 3869 3440 ne-

2213 3475 2509 3547 gotiantur
2535 3474 2626 3546 (de
2658 3474 2851 3531 Panit.
2883 3474 3020 3531 dist.
3053 3472 3108 3545 5,
3140 3488 3190 3530 c.
3232 3474 3529 3545 Qualitas),
3560 3473 3867 3545 subjungit

2212 3566 2411 3623 dicens
2442 3583 2456 3620 :
2490 3562 2741 3630 Qualitas
2786 3564 2927 3620 lucri
2962 3551 3327 3633 negotiantem
3355 3568 3455 3619 aut
3484 3570 3733 3625 excusat,
3769 3567 3865 3618 aut

2213 3655 2419 3723 arguit,
2443 3655 2575 3724 quia
2601 3657 2679 3708 est
2698 3656 2749 3710 et
2770 3654 3023 3710 honestus
3054 3658 3293 3725 quaestus
3318 3658 3368 3709 et
3388 3656 3589 3724 turpis.
3628 3654 3866 3708 Verrun-

2214 3748 2393 3799 tamen
2404 3744 2693 3814 paenitenti
2719 3743 2909 3798 utilius
2934 3748 3012 3799 est
3032 3743 3321 3814 dispendia
3336 3745 3478 3813 pati,
3513 3758 3683 3813 quam
3710 3744 3867 3813 peri-

2215 3834 2351 3890 culis
2382 3834 2763 3901 negotiationis
2788 3833 3075 3902 obstringi,
3110 3836 3244 3904 quia
3268 3833 3495 3903 difﬁcile
3517 3839 3596 3888 est
3620 3832 3869 3888 uenden-

2215 3925 2285 3978 tis
2321 3928 2371 3978 et
2417 3923 2640 3978 ementis
2689 3924 2997 3977 commercio
3044 3938 3152 3978 non
3200 3924 3530 3978 interuenire
3559 3926 3862 3993 peccatum.

2217 4010 2300 4069 Η.
2323 4012 2393 4085 (c.
2418 4011 2806 4085 Contrarium.)
2830 4012 3174 4068 Contrarium
3198 4014 3340 4069 enim
3364 4018 3443 4068 est
3465 4014 3690 4067 omnino
3714 4013 3870 4068 eccle-

2215 4106 2449 4160 siasticis
2486 4104 2713 4172 regulis,
2744 4119 2865 4160 cum
2895 4103 3102 4158 Paulus
3132 4103 3280 4158 dicat
3309 4121 3326 4157 :
3358 4123 3383 4155 α
3416 4104 3585 4159 Nemo
3621 4103 3867 4158 militum

2218 4196 2325 4250 Deo
2344 4194 2588 4265 implicat
2603 4207 2658 4248 se
2676 4193 2904 4261 negotiis
2923 4192 3276 4248 saecularibus
3296 4192 3378 4262 (II
3395 4194 3534 4247 Tim.
3554 4190 3643 4261 ιι).
3668 4209 3694 4240 ι
3719 4189 3870 4245 Unde

2218 4300 2327 4339 non
2344 4288 2423 4340 est
2453 4284 2590 4338 liber
2609 4298 2644 4336 a
2674 4282 2882 4352 laqueis
2907 4281 3134 4346 diaboli,
3162 4284 3255 4351 qai
3274 4297 3330 4337 se
3353 4282 3555 4336 militia
3583 4279 3869 4335 mundana

457 4359 509 4418 4.
539 4361 883 4433 Nuptiarum
903 4364 1092 4419 autem
1119 4360 1330 4420 ftedera
1352 4364 1503 4421 inter
1524 4366 1803 4438 ingenuos
1822 4371 2110 4433 dicitesse
2138 4421 2189 4443 π
2217 4374 2450 4430 uoluerit
2476 4373 2779 4443 implicare.
2814 4369 2899 4428 l2.
2928 4372 3064 4428 Illos
3101 4372 3202 4442 qui
3233 4371 3294 4428 in
3332 4369 3746 4438 adolescentia,
3772 4374 3872 4425 aut

461 4421 740 4526 legitima,
780 4456 837 4508 et
878 4451 1029 4511 inter
1055 4453 1307 4524 aequales
1331 4450 1439 4524 (δε,
1469 4470 1521 4526 q.
1551 4421 1691 4519 2f;
1706 4421 2110 4539 ὶιᾶηἷῆἱιῖιξξζ
2138 4421 2191 4485 ί)
2220 4421 2386 4521 is;
2409 4421 2779 4533 satis“;
2798 4421 3869 4533 agitataagteaa‘t;istiista}.

457 4549 514 4599 et
544 4556 672 4599 cum
714 4541 959 4598 societas
1006 4541 1341 4612 nuptiarum
1375 4541 1453 4599 ita
1481 4542 1552 4600 ab
1584 4545 1756 4606 initio
1793 4554 2109 4613 constituta

460 4632 541 4688 sit
562 4629 671 4702 (27,
703 4647 757 4701 q.
785 4628 840 4699 2,
874 4644 921 4685 c.
958 4630 1091 4686 Cum
1127 4630 1395 4703 societas),
1431 4639 1495 4690 ut
1525 4642 1727 4706 praeter
1764 4655 1936 4699 sexus
1964 4658 2110 4701 con-

454 4721 813 4790 junctionem
857 4717 1087 4775 haberet
1116 4719 1176 4774 in
1204 4733 1263 4776 se
1290 4719 1506 4779 Christi
1537 4731 1592 4781 et
1614 4728 1884 4787 Ecclesiae
1910 4746 2109 4792 sacra-

463 4813 651 4864 menta
691 4804 905 4878 (Ephes.
947 4806 1022 4879 v),
1066 4806 1311 4865 dubium
1351 4824 1461 4869 non
1503 4819 1591 4872 est
1641 4830 1762 4875 eam
1808 4822 2106 4881 mulierem

463 4910 575 4953 non
603 4894 889 4967 pertinere
915 4896 987 4953 ad
1021 4896 1474 4973 matrimonium,
1509 4902 1569 4961 in
1597 4920 1709 4978 qua
1732 4908 1973 4969 docetur
1995 4927 2105 4971 non

459 4984 641 5067 fuisse
660 4983 920 5056 nuptiale
941 4987 1292 5059 mysterium.
1316 4990 1513 5063 Itaque
1528 4993 1578 5050 si
1598 4997 1731 5067 quis
1752 4997 1929 5057 ﬁliam
1945 5016 2107 5060 suam

460 5066 586 5132 viro
618 5073 861 5133 cuilibet
896 5076 1277 5135 concubinam
1308 5079 1541 5140 habenti
1569 5083 1629 5139 in
1672 5088 2106 5148 matrimonium

457 5162 703 5235 dederit,
746 5176 858 5221 non
890 5163 971 5222 ita
1006 5166 1405 5236 accipiendum
1444 5178 1550 5244 est,
1593 5175 1758 5244 quasi
1802 5178 2107 5251 conjugato

456 5267 579 5312 eam
603 5252 864 5324 dederit;
888 5252 1005 5311 nisi
1036 5253 1183 5313 forte
1207 5256 1309 5315 illa
1334 5259 1495 5331 prior
1524 5263 1753 5335 mulier,
1774 5270 1830 5321 et
1861 5256 2107 5339 ingenua

455 5343 626 5418 facta,
643 5348 701 5402 et
720 5343 976 5417 legitime
995 5344 1208 5419 dotata,
1226 5352 1283 5405 et
1299 5347 1553 5420 publicis
1568 5353 1792 5424 nuptiis
1809 5354 2107 5415 honestala

456 5434 738 5493 videatur.
778 5435 937 5507 Item,
967 5439 1200 5506 paterno
1233 5438 1463 5493 arbitrio
1495 5441 1630 5497 viris
1672 5444 1973 5512 conjuncta
2002 5463 2107 5501 ca-

457 5530 577 5582 rent
594 5525 777 5596 culpa,
809 5527 860 5581 si
878 5526 1152 5590 mulieres,
1183 5542 1306 5598 qua
1324 5530 1490 5599 prius
1515 5546 1549 5585 a
1571 5532 1707 5589 uiris
1737 5532 2100 5607 habebantur,

530 5623 554 5650 ι
588 5614 649 5668 In
690 5626 915 5670 recessu
952 5628 986 5670 a
1026 5612 1351 5685 perfectiori
1392 5618 1768 5678 continentia.

2217 4557 2537 4627 gesserunt,
2580 4552 2730 4608 dicit
2769 4564 2881 4607 rem
2931 4549 3206 4607 venialem
3253 4547 3458 4606 fecisse
3493 4558 3537 4619 ³,
3579 4548 3634 4604 si
3680 4553 3870 4620 postea

2218 4644 2423 4701 timore
2460 4641 2659 4712 lapsus
2688 4640 3120 4698 incontinentiae
3153 4639 3353 4696 uxoris
3389 4638 3659 4709 copulam
3700 4636 3869 4707 elege

2217 4736 2372 4790 runt.
2410 4733 2475 4788 In
2523 4744 2638 4804 quo
2674 4735 2861 4787 tamen
2899 4729 3067 4800 dicit,
3110 4742 3221 4787 non
3261 4742 3321 4786 se
3359 4727 3617 4800 regulam
3664 4724 3867 4784 consti-

2219 4828 2395 4895 tuere,
2428 4822 2525 4879 sed
2556 4820 2697 4893 quid
2728 4820 2809 4876 sit
2841 4819 3203 4877 tolerabilius
3240 4818 3525 4877 aestimare
3550 4817 3695 4889 quia
3722 4813 3865 4873 nihil

2176 4946 2183 4953 ς
2219 4913 2403 4986 magis
2430 4910 2716 4983 congruit,
2759 4909 2861 4981 qui
2900 4909 3292 4980 paenitentiam
3328 4908 3529 4980 gessit,
3570 4919 3744 4979 quam
3769 4918 3870 4961 ca-

2218 5004 2387 5061 stitas
2420 5013 2790 5073 perseverans
2829 5004 2886 5056 et
2921 4998 3128 5059 mentis
3168 5005 3225 5056 et
3261 4997 3542 5068 corporis.

2290 5090 2374 5151 l3.
2403 5094 2539 5148 Item
2567 5090 2924 5162 propositum
2948 5087 3231 5161 monachi,
3266 5086 3501 5159 proprio
3521 5085 3779 5143 arbitrio
3804 5097 3867 5139 ac

2215 5181 2506 5239 voluntate
2543 5186 2871 5250 susceptum
2912 5177 3029 5250 (20,
3066 5193 3119 5249 q.
3158 5175 3214 5249 3,
3247 5192 3296 5233 c.
3328 5176 3726 5247 Propositum),
3758 5187 3867 5230 non

2218 5285 2381 5344 posse
2423 5270 2639 5343 absque
2683 5276 2912 5340 peccato
2956 5268 3165 5339 deseri,
3208 5266 3346 5340 quia
3383 5266 3536 5338 quad
3578 5265 3698 5322 Deo
3737 5264 3870 5336 quis

2215 5362 2369 5418 vovit
2395 5361 2561 5418 debet
2598 5365 2654 5416 et
2685 5358 2919 5417 reddere
2946 5360 3117 5430 (Psal.
3159 5358 3334 5430 χιιι).
3364 5354 3548 5425 Unde,
3577 5353 3631 5410 si
3668 5352 3869 5411 relicta

2212 5449 2642 5524 singularitatis
2664 5445 3020 5521 professione
3038 5448 3107 5506 ad
3130 5447 3401 5505 militiam
3421 5443 3509 5501 vel
3529 5444 3604 5503 ad
3633 5442 3871 5515 nuptias

2210 5539 2516 5598 devolutus
2542 5543 2648 5607 est,
2678 5538 2926 5611 publica:
2950 5536 3295 5609 poenitentiae
3315 5532 3722 5595 satisfactione
3742 5546 3872 5604 pur-
