4082 6168
289 321 420 382 4205

1097 365 1102 372 .
1134 320 1398 380 PSEUDO
1437 319 1856 380 LUITPRANDI
1905 319 2030 379 LIB.
2072 321 2166 378 DE
2201 319 2378 380 VITIS
2414 322 2581 380 ROM.
2636 322 2834 380 PONT.

3542 322 3680 384 4206

283 454 496 529 gandus
543 459 631 512 est
665 475 680 526 ;
712 458 762 512 si
809 457 1083 514 innocens
1120 457 1200 513 sit
1231 455 1474 526 militia,
1525 457 1582 511 et
1623 453 1923 510 honestum
1953 451 2010 510 A
2038 453 2287 522 partium
2334 467 2394 510 se
2441 457 2569 511 vota
2617 454 2925 512 diviserint
2967 451 3097 528 (dis.
3153 455 3243 524 63,
3288 471 3336 514 c.
3385 455 3448 512 Si
3490 455 3673 527 forte),

285 546 460 618 possit
483 559 606 602 esse
635 548 988 617 conjugium,
1027 547 1360 603 electionem
1395 551 1579 601 tamen
1622 543 1920 600 meliorum

283 637 618 706 deseruisse,
655 637 1086 709 transmigratio
1114 643 1216 692 est.
1250 633 1334 691 44.
1370 638 1528 704 Item,
1565 634 1766 705 puellae
1797 647 1923 704 qum

283 739 389 781 non
424 733 717 795 parentum
751 732 958 782 coactze
1001 727 1242 796 imperio
1272 724 1385 795 ΩΟ,
1419 741 1472 796 q.
1511 723 1560 779 4.
1594 739 1642 780 c.
1676 725 1919 793 Puellae),

283 818 371 872 sed
405 821 716 886 spontaneo
734 816 960 886 judicio
985 817 1342 889 virginitatis
1371 815 1724 886 propositum
1750 821 1922 884 atque

284 906 536 964 habitum
564 913 959 976 susceperunt,
983 908 1032 963 si
1054 913 1245 978 postea
1267 907 1501 976 nuptias
1519 905 1762 977 eligunt,
1789 918 1922 974 prae-

281 997 624 1066 varicantur,
671 997 898 1052 etiamsi
945 998 1194 1053 nondum
1241 996 1425 1065 gratia
1471 994 1921 1051 consecrationis

281 1087 535 1142 accessit.
588 1084 673 1141 45.
735 1087 837 1168 De.
860 1087 954 1141 his
999 1090 1188 1142 autem
1239 1099 1366 1156 quas
1412 1086 1527 1154 jam
1581 1087 1922 1140 consecrata:

279 1181 430 1244 sunt,
463 1177 512 1231 si
543 1181 733 1246 postea
760 1176 1082 1246 nupserint,
1113 1174 1326 1247 ambigi
1358 1188 1468 1230 non
1496 1179 1680 1243 potest
1705 1175 1920 1229 crimen

282 1277 540 1337 magnum
591 1265 843 1334 admitti,
889 1265 989 1321 ubi
1036 1270 1092 1321 et
1140 1263 1496 1336 propositum
1543 1263 1833 1319 deseritur
1870 1268 1926 1318 et

279 1355 628 1410 consecratio
671 1355 940 1411 violatur.

349 1440 432 1500 46.
469 1447 545 1500 De
578 1446 832 1515 parvulis
857 1459 888 1500 a
913 1445 1264 1502 Christianis
1305 1441 1640 1514 parentibus
1676 1441 1917 1511 relictis,

279 1533 325 1588 si
362 1535 520 1591 nulla
555 1541 780 1591 exstant
813 1536 1029 1591 indicia
1070 1536 1158 1604 (de
1197 1536 1348 1590 Cons.
1381 1535 1438 1589 d.
1468 1531 1520 1596 4,
1549 1547 1597 1589 c.
1629 1533 1696 1588 Si
1715 1532 1916 1600 nulla),

280 1625 492 1696 quibus
540 1625 814 1695 baptizati
859 1638 981 1681 esse
1033 1625 1454 1696 intelligantur,
1504 1637 1572 1678 ne
1623 1621 1922 1677 manifeste

279 1721 525 1785 pereant,
575 1716 854 1799 agendum
910 1721 996 1771 est
1040 1721 1104 1771 ut
1150 1719 1542 1782 renascantur,
1589 1712 1727 1782 quia
1770 1710 1920 1782 quod

2035 543 2460 613 metropolitani
2497 544 2722 613 judicio
2753 545 2806 600 is
2829 547 2997 602 alteri
3025 547 3378 617 praeferatur,
3417 546 3516 617 qui
3550 559 3677 600 ma—

2026 633 2256 702 joribus
2298 643 2353 692 et
2387 637 2603 693 studiis
2640 637 2876 707 juvatur
2921 643 2976 693 et
3019 638 3284 694 meritis:
3322 644 3564 706 tantum,
3613 638 3676 689 ut

2032 723 2232 780 nullus
2265 725 2466 782 invitis
2496 726 2726 796 populis
2755 733 2810 782 et
2840 740 2951 783 non
2986 725 3310 796 petentibus
3351 727 3670 791 ordinetur,

2031 826 2100 868 ne
2139 815 2345 870 civitas
2385 817 2565 872 invita
2605 818 2935 887 episcopum
2969 831 3079 872 non
3125 821 3380 887 optatum
3419 823 3520 872 aut
3547 829 3677 871 con-

2035 906 2245 960 temnat
2291 911 2393 962 aut
2443 905 2649 977 oderit,
2699 911 2756 962 et
2798 907 2895 962 ﬁat
2945 907 3138 962 minus
3186 905 3456 977 religiosa
3504 919 3670 975 quam

2031 995 2313 1063 convenit,
2365 996 2460 1051 cui
2507 1009 2617 1052 non
2673 996 2905 1052 licuerit
2952 995 3159 1052 habere
3202 1009 3368 1066 quem
3407 994 3670 1051 voluerit.

2030 1079 2083 1137 5.
2127 1085 2564 1155 MetrOpolitano
2597 1099 2728 1142 vero
2761 1086 3031 1143 defuncto
3061 1084 3216 1156 (dist.
3257 1083 3345 1155 63,
3381 1100 3429 1141 c.
3470 1087 3676 1140 Metro-

2025 1174 2313 1244 politano),
2341 1189 2466 1232 cum
2494 1175 2551 1230 in
2573 1176 2699 1245 ejus
2725 1175 2910 1231 locum
2933 1175 3087 1232 alius
3108 1174 3283 1232 fuerit
3308 1175 3671 1247 subrogatus,

2034 1264 2416 1332 provinciales
2491 1266 2744 1336 episcopi
2807 1267 2874 1322 ad
2951 1266 3240 1322 civitatem
3313 1263 3672 1334 metropolim

2031 1353 2336 1408 convenire
2373 1353 2682 1424 debebunt,
2727 1359 2791 1411 ut
2829 1357 3087 1413 omnium
3130 1355 3472 1412 clericorum
3503 1359 3675 1424 atque

2029 1441 2244 1497 civium
2280 1442 2572 1499 voluntate
2613 1445 2896 1515 discussa,
2931 1459 2998 1501 ex
3039 1445 3385 1516 presbyteris
3413 1447 3515 1500 aut
3541 1443 3676 1499 dia-

2028 1530 2194 1586 conis
2224 1531 2390 1588 illius
2413 1533 2668 1589 ecclesiae
2688 1534 2942 1604 optimus
2967 1535 3234 1606 eligatur.
3264 1536 3334 1589 Et
3351 1534 3532 1604 jussit
3558 1541 3682 1602 pro‘

2029 1619 2308 1676 vinciales
2337 1622 2406 1678 de
2432 1623 2663 1678 nomine
2704 1624 3151 1694 metropolitani,
3183 1628 3241 1679 et
3269 1623 3544 1680 similiter
3575 1636 3681 1676 me-

2033 1710 2444 1780 tropolitanum
2507 1714 2578 1770 de
2640 1727 2878 1783 persona
2939 1712 3251 1784 cujuslibet
3308 1711 3678 1768 consecrandi

278 1808 497 1875 gestum
532 1785 642 1861 non
672 1805 1017 1875 ostenditur,
1050 1818 1160 1860 non
1193 1805 1338 1860 sinit
1371 1804 1520 1860 ratio
1553 1807 1616 1859 ut
1653 1803 1921 1857 iteratum
1951 1785 2002 1845 Β
2032 1801 2310 1870 episc0pi,
2339 1803 2408 1857 ad
2442 1803 2709 1872 primatis
2736 1803 2945 1859 referre
2977 1803 3263 1871 notitiam,
3299 1807 3364 1858 ut
3389 1802 3681 1858 ordinatio

275 1894 558 1950 videatur.
593 1894 894 1965 Similiter,
920 1895 969 1950 si
997 1895 1096 1965 qui
1128 1894 1199 1950 ab
1233 1893 1498 1950 hostibus
1525 1891 1747 1962 parvuli
1770 1891 1921 1961 capti

275 1988 429 2052 sunt,
470 1988 678 2040 etcum
711 1984 1007 2053 redierint,
1050 1989 1106 2040 et
1145 1984 1280 2054 ipsi,
1324 1987 1379 2039 et
1407 1983 1596 2038 caeteri
1629 1981 1698 2037 de
1726 1993 1923 2037 eorum

276 2071 618 2142 baptismate
651 2073 1117 2130 incertitudinem
1146 2073 1374 2142 habent,
1405 2071 1812 2128 conferendum
1838 2071 1926 2126 eis

275 2162 505 2219 videtur
535 2164 685 2235 quod
713 2164 983 2219 collatum
1007 2177 1130 2219 esse
1158 2164 1432 2233 nescitur,
1462 2162 1600 2233 quia
1622 2174 1733 2218 non
1761 2165 1926 2216 teme-

275 2255 420 2310 ritas
469 2254 934 2323 praisumptionis
979 2253 1304 2321 intervenit,
1354 2252 1453 2309 ubi
1492 2257 1578 2308 est
1619 2251 1925 2321 diligentia

277 2344 527 2416 pietatis.
584 2339 668 2398 47.
722 2342 859 2398 Illos
905 2346 1094 2398 autem
1141 2343 1240 2413 qui
1281 2342 1518 2398 aliunde
1566 2341 1824 2409 veniunt,
1871 2343 1927 2394 et

274 2434 593 2504 baptizatos
624 2433 854 2504 quidem
887 2446 946 2488 se
976 2432 1169 2488 sciunt
1198 2433 1288 2502 (de
1317 2432 1474 2487 Cons.
1507 2432 1564 2487 d.
1598 2428 1652 2502 4,
1684 2445 1732 2486 c.
1763 2432 1836 2484 Hi
1861 2430 1927 2484 de

274 2525 518 2594 quibus),
552 2524 647 2580 sed
680 2524 849 2592 cujus
880 2522 1011 2578 ﬁdei
1049 2527 1240 2578 essent
1285 2523 1384 2593 qui
1411 2536 1508 2577 eos
1537 2520 1921 2590 baptizarunt,

274 2630 333 2672 se
367 2615 585 2670 nescire
616 2612 886 2681 fatentur,
918 2613 1064 2668 dicit
1096 2626 1205 2668 non
1247 2611 1618 2682 baptizandos
1652 2625 1792 2680 esse,
1827 2610 1922 2666 sed

272 2719 376 2776 per
403 2719 605 2761 manus
633 2703 1059 2775 impositionem
1083 2702 1390 2758 catholicis
1409 2716 1530 2757 esse
1551 2701 1921 2773 copulandos.

272 2791 359 2849 48.
388 2795 479 2850 Illi
511 2799 724 2863 autem,
757 2793 856 2862 qui
887 2791 1110 2862 parvuli
1143 2791 1439 2861 baptizati,
1471 2795 1579 2847 eta
1609 2790 1928 2862 gentilibus

269 2884 427 2954 capti
458 2888 614 2950 sunt,
644 2882 693 2936 si
727 2882 937 2937 reversi
967 2881 1428 2937 communionem
1463 2880 1753 2950 petierint,
1788 2894 1931 2950 pos-

159 3017 164 3020 .
266 2978 413 3029 sunt
448 2971 570 3026 sola
614 2983 817 3026 manus
859 2970 1226 3040 impositione
1271 2969 1530 3039 purgari,
1570 2969 1619 3023 si
1665 2969 1929 3024 convivio

266 3061 401 3117 solo
428 3059 752 3131 gentilium,
779 3063 834 3115 et
857 3060 1006 3115 escis
1032 3057 1423 3115 immolatitiis
1449 3056 1540 3112 usi
1564 3061 1736 3126 sunt;
1759 3057 1809 3113 si
1832 3069 1929 3112 au-

2034 1890 2145 1945 rite
2167 1891 2505 1948 celebranda
2535 1905 2638 1948 sua
2669 1893 2930 1948 ﬁrmetur
2959 1893 3318 1948 auctoritate.
3353 1891 3410 1947 6.
3437 1893 3514 1947 De
3538 1906 3683 1947 con—

2034 1979 2196 2035 ciliis
2225 1984 2414 2037 autem
2456 1982 2856 2052 episcoporum
2891 1981 3049 2050 (dist.
3097 1979 3182 2051 48,
3217 1996 3264 2036 c.
3307 1983 3384 2035 De
3411 1982 3680 2050 conciliis}

2036 2071 2323 2141 praecepit,
2351 2071 2506 2128 sicut
2536 2071 2719 2128 sancti
2751 2073 2946 2128 Patres
2974 2071 3288 2127 salubriter
3314 2071 3676 2138 ordinarunt,

2036 2163 2101 2214 ut
2129 2159 2222 2214 bis
2248 2175 2347 2230 per
2369 2174 2549 2217 annos
2573 2161 2836 2232 singulos
2860 2160 3237 2217 celebrentur.
3271 2158 3325 2215 7.
3359 2162 3516 2228 Item,
3550 2174 3683 2230 prm-

2035 2250 2204 2320 cepit,
2241 2255 2305 2306 ut
2345 2250 2667 2321 episcopus,
2710 2250 2810 2321 qui
2850 2249 3106 2305 civitatis
3136 2263 3253 2306 suae
3288 2249 3683 2305 mediocritate

2035 2340 2297 2409 despecta
2331 2339 2597 2408 majorem
2641 2339 2912 2395 ambierit
2949 2335 3029 2410 ('7,
3067 2355 3123 2410 q.
3168 2335 3218 2407 4,
3250 2352 3300 2394 c.
3334 2339 3394 2393 Si
3429 2338 3596 2408 quis),
3629 2341 3684 2392 et

2034 2430 2103 2486 ad
2137 2429 2320 2499 ipsam
2342 2442 2402 2484 se
2430 2429 2762 2499 contulerit,
2794 2429 2865 2484 ab
2903 2428 3088 2484 aliena
3113 2427 3360 2498 pellatur
3389 2426 3678 2496 cathedra,

2034 2519 2130 2576 sed
2159 2523 2216 2574 et
2239 2518 2459 2574 carebit
2486 2523 2542 2574 et
2572 2519 2822 2588 propria.
2858 2519 3015 2587 Item,
3047 2517 3314 2588 praecepit
3341 2521 3404 2572 ut
3428 2516 3496 2572 ad
3523 2515 3686 2571 exhi-

2034 2609 2274 2666 bendam
2307 2607 2566 2678 perfectae
2589 2608 2959 2664 continentia
2987 2607 3293 2678 puritatem
3325 2620 3428 2662 nec
3457 2605 3692 2662 subdia-

2035 2699 2199 2755 conis
2232 2697 2461 2754 carnale
2502 2697 2855 2755 connubium
2895 2699 3259 2754 concedatur.
3290 2695 3343 2752 8.
3379 2694 3688 2752 Interdixit

2036 2789 2232 2857 etiam,
2272 2801 2342 2844 ne
2377 2788 2598 2859 aliquis
2643 2787 2896 2844 alienum
2943 2787 3218 2843 clericum
3265 2787 3448 2843 invito
3497 2785 3685 2856 ipsius

2035 2879 2304 2948 episcopo
2352 2878 2635 2948 suscipiat
2675 2875 2782 2949 (49,
2825 2893 2878 2949 q.
2924 2875 2979 2948 2,
3022 2891 3072 2933 c.
3122 2877 3421 2950 Alienum),
3472 2880 3529 2932 et
3571 2889 3683 2932 non

2035 2968 2329 3036 sollicitet,
2364 2967 2479 3022 nisi
2509 2968 2565 3023 id
2596 2967 2748 3022 inter
2787 2968 3015 3023 dantem
3047 2972 3102 3023 et
3130 2967 3506 3037 accipientem
3540 2977 3688 3022 con—

2035 3055 2274 3111 venerit.

264 3156 388 3205 tem
425 3119 575 3205 idola
613 3119 996 3218 adoraverint,
1042 3154 1143 3204 aut
1175 3146 1510 3203 homicidiis
1539 3150 1639 3201 aut
1685 3119 1927 3202 fornica-
1960 3119 2010 3182 α
2107 3146 2244 3200 Item
2276 3143 2477 3200 beatus
2505 3146 2563 3199 et
2591 3141 3053 3199 discretissimus
3083 3156 3224 3214 papa
3253 3143 3465 3199 Nicette
3498 3141 3690 3214 Aqui-

263 3237 534 3296 tionibus
555 3239 931 3295 contaminati
953 3239 1094 3306 sint,
1122 3237 1190 3292 ad
1213 3235 1671 3291 communionem
1693 3249 1790 3292 eos
1811 3235 1926 3291 nisi

268 3342 373 3400 per
406 3328 801 3398 plenitentiam
831 3325 1119 3394 publicam
1149 3323 1378 3379 admitti
1413 3337 1522 3379 non
1553 3329 1793 3393 oportet.

341 3414 394 3471 4.
430 3419 590 3485 Item,
630 3415 933 3470 Anastasio
971 3413 1466 3469 Thessalonicensi
1508 3413 1740 3483 primati
1776 3428 1925 3483 prae-

262 3506 466 3561 dictus
512 3517 654 3574 papa
684 3503 858 3558 aliam
889 3501 1128 3572 scripsit
1156 3500 1459 3572 epistolam
1499 3500 1680 3571 (epist.
1713 3499 1828 3572 82),
1863 3503 1922 3558 in

264 3605 385 3664 qua
409 3605 539 3649 eum
568 3591 756 3662 primo
785 3592 999 3663 arguit,
1034 3591 1167 3661 quia
1191 3589 1444 3646 Atticum
1470 3590 1694 3661 Egypti
1725 3597 1929 3648 metro-

264 3681 594 3753 politanum
643 3680 859 3750 injuste
897 3679 1195 3749 aixerat,
1230 3684 1287 3734 et
1313 3678 1707 3736 ecclesiastico
1737 3679 1924 3737 ofﬁcio

265 3773 631 3842 privaverat:
669 3770 817 3838 ideo,
875 3769 1010 3840 quia
1054 3774 1289 3824 vocatus
1346 3769 1544 3824 adesse
1590 3769 1917 3842 distulerat,

266 3859 634 3917 inﬁrmitatis
662 3863 883 3914 tantum
908 3857 1334 3913 excusationem
1356 3857 1686 3930 obtendens,
1710 3858 1924 3929 etfprae-

262 3947 482 4004 fectum
512 3946 726 4018 Illyrici
754 3947 824 4001 ad
853 3946 1096 4001 miseriae
1125 3945 1422 4001 cumulum
1457 3945 1515 4000 in
1545 3947 1802 4002 eumdem
1831 3947 1923 4004 At-

263 4039 453 4092 ticum
499 4036 857 4105 incitaverat,
903 4048 1030 4092 cum
1061 4049 1094 4090 a
1125 4035 1257 4090 sede
1299 4034 1548 4091 Romana
1589 4036 1920 4107 episcopum

260 4127 550 4196 deponere
571 4125 685 4180 sibi
712 4125 1084 4180 commissum
1109 4137 1221 4179 non
1250 4121 1455 4192 fuerat,
1482 4123 1754 4193 praedicto
1781 4138 1921 4194 papa

265 4217 352 4272 ita
411 4220 753 4270 attestante:
794 4215 947 4270 Vices
1000 4215 1144 4268 enim
1198 4219 1413 4267 nostras
1459 4215 1541 4267 ita
1590 4215 1920 4268 credidimus

263 4310 378 4360 tuae
406 4305 685 4367 eharitati,
725 4309 786 4359 ut
821 4305 881 4357 in
913 4309 1130 4373 partem
1153 4304 1230 4357 sis
1254 4307 1475 4358 vocatus
1503 4304 1916 4366 sollicitudinis,

261 4410 380 4448 non
407 4395 463 4447 in
480 4394 879 4463 plenitudinem
897 4394 1200 4462 potestatis.
1222 4389 1276 4446 2.
1308 4393 1503 4462 Itaque
1523 4393 1661 4462 quia
1689 4393 1916 4450 modum

265 4496 554 4539 mensura:
582 4497 700 4538 sum
742 4483 978 4552 exierat,
1014 4482 1150 4554 quid
1193 4494 1418 4537 servare
1448 4482 1630 4538 totius
1669 4496 1922 4553 usurpa—

262 4572 452 4628 tionis
481 4578 774 4642 amputato
793 4586 1029 4628 excessu
1059 4571 1279 4642 debeat,
1310 4584 1408 4641 per
1427 4571 1658 4644 singula
1681 4573 1922 4642 pruden-

263 4666 357 4716 ter
389 4659 679 4728 informat,
726 4661 806 4716 ita
835 4661 1034 4716 dicens
1063 4678 1074 4713 :
1115 4662 1295 4728 Igitur
1330 4657 1444 4731 (25,
1468 4676 1524 4732 q.
1556 4658 1610 4729 2,
1640 4676 1688 4716 c.
1724 4661 1919 4734 Igitur)

263 4751 568 4806 secundum
589 4756 896 4805 sanctorum
916 4766 1169 4813 canones,
1189 4751 1630 4819 metropolitanos
1647 4754 1918 4821 episcopos

250 4841 360 4910 jus
391 4840 610 4894 traditae
633 4841 740 4896 sibi
767 4841 1074 4909 antiquitus
1101 4840 1387 4908 dignitatis
1415 4841 1798 4894 intemeratum
1827 4843 1921 4895 ha-

266 4929 393 4983 bere
421 4929 779 4992 decernimus,
812 4931 891 4983 ita
915 4934 976 4984 ut
1004 4945 1040 4982 a
1062 4929 1388 4998 praestitutis
1415 4928 1620 4996 regulis
1644 4929 1802 4982 nulla
1822 4934 1921 4984 aut

267 5020 607 5120 negligentia
644 5024 742 5074 aut
773 5020 1196 5120 praesumptione
1237 5018 1540 5072 discedant.
1583 5016 1634 5074 3.
1665 5019 1744 5074 De
1773 5019 1920 5074 sub-—

263 5107 588 5165 stituendis
614 5114 802 5165 autem
829 5109 1115 5179 episcopis
1143 5107 1286 5163 hanc
1316 5107 1528 5163 servari
1552 5107 1732 5177 jussit
1760 5107 1912 5180 (dist.

261 5195 360 5266 32,
397 5211 446 5252 c.
483 5197 777 5268 Omnium),
812 5203 875 5252 ut
905 5211 1004 5253 nec
1051 5196 1254 5264 laicus,
1301 5209 1401 5252 nec
1431 5196 1770 5267 ne0phytus,
1819 5211 1920 5254 nec

264 5286 534 5343 secundae
564 5286 830 5356 conjugis
871 5286 1133 5355 maritus,
1166 5290 1268 5341 aut
1297 5285 1396 5355 qui
1427 5283 1658 5340 viduam
1692 5285 1919 5356 habeat,

262 5375 356 5430 vel
392 5375 677 5443 habuerit,
709 5375 1015 5446 episcopus
1037 5373 1376 5442 ordinetur;
1400 5378 1603 5430 etcum
1634 5374 1704 5431 de
1732 5375 1920 5445 ipsius

262 5463 559 5536 episcopis
587 5463 868 5521 electione
898 5462 1261 5531 tractabitur,
1292 5462 1391 5519 ille
1415 5462 1684 5520 omnibus
1711 5479 1920 5536 praepo-

265 5557 462 5623 netur,
497 5567 665 5624 quem
694 5552 836 5609 cleri
869 5552 1167 5624 plebisque
1208 5565 1521 5610 consensus
1558 5554 1920 5613 concorditer

269 5643 603 5713 postularit,
650 5640 704 5698 4.
757 5643 838 5698 ita
884 5646 966 5713 ut,
1009 5643 1058 5698 si
1109 5640 1254 5699 forte
1298 5642 1357 5698 in
1403 5643 1575 5700 aliam
1619 5656 1915 5713 personam

2037 3233 2277 3305 legiensi
2335 3233 2606 3304 episcopo
2654 3231 2968 3302 postulanti
3013 3231 3314 3303 epistolam
3374 3231 3689 3288 destinavit

2036 3320 2210 3394 (epist.
2258 3318 2371 3395 77),
2414 3322 2473 3377 1η
2537 3333 2647 3392 qua
2702 3333 2804 3391 pro
2869 3320 3224 3391 inspectione
3278 3321 3681 3391 temporalium

2035 3410 2458 3480 necessitatum,
2493 3410 2791 3466 curatione
2819 3408 3078 3466 adhibita
3101 3409 3518 3466 deliberatione
3537 3410 3688 3465 salu-

2034 3499 2124 3555 bri
2141 3499 2430 3556 mandavit
2445 3497 2492 3554 4.
2509 3504 2572 3555 ut
2591 3498 2880 3570 mulieres,
2903 3512 3028 3570 qua:
3040 3499 3184 3555 viris
3204 3498 3456 3570 propriis
3471 3499 3678 3569 captis,

2032 3594 2088 3645 et
2110 3589 2169 3645 in
2201 3589 2590 3660 captivitatem
2612 3587 2899 3660 abductis,
2933 3588 3071 3644 aliis
3099 3588 3329 3644 interim
3364 3593 3677 3659 nupserant

2030 3676 2138 3751 (34,
2195 3694 2247 3749 q.
2303 3677 2352 3748 4,
2409 3683 2466 3734 et
2511 3675 2564 3748 2,
2617 3693 2666 3734 c.
2714 3677 2845 3732 Cum
2885 3678 3020 3751 per),
3071 3677 3367 3748 prioribus
3413 3679 3557 3733 viris
3612 3678 3682 3734 de

2031 3768 2362 3839 captivitate
2382 3768 2659 3839 regressis
2678 3767 2840 3823 reddi
2857 3767 3116 3830 debeant.
3143 3768 3280 3839 quia
3301 3768 3579 3838 scriptum
3597 3772 3683 3823 est

2031 3858 2179 3928 quod
2214 3858 2412 3912 mulier
2457 3874 2492 3911 a
2533 3859 2640 3912 Deo
2668 3857 2937 3926 jungitur
2976 3858 3093 3911 viro
3135 3857 3316 3928 (Prov.
3364 3857 3485 3930 xix)
3526 3861 3626 3924 ;et
3664 3873 3675 3909 :

2030 3948 2177 4018 quod
2214 3950 2356 4002 Deus
2385 3948 2604 4016 junrcit,
2655 3947 2808 4001 homo
2864 3962 2973 4002 non
3027 3951 3241 4017 separet
3276 3943 3491 4017 (Matth.
3534 3947 3674 4019 ιιι).

2029 4038 2150 4092 Νοη
2195 4040 2380 4091 tamen
2425 4035 2738 4105 culpabilis
2773 4035 3125 4105 judicandus
3170 4039 3274 4105 est,
3308 4041 3366 4091 et
3403 4041 3675 4107 tanquam

2029 4124 2207 4180 alieni
2240 4124 2393 4194 juris
2423 4137 2690 4194 pervasor
2734 4125 3050 4193 habendus,
3081 4126 3181 4196 qui
3216 4139 3514 4196 personam
3553 4127 3680 4196 ejus

2031 4214 2247 4285 mariti,
2277 4213 2377 4285 qui
2400 4215 2514 4284 jam
2547 4213 2990 4270 existimabatur
3018 4229 3130 4271 non
3164 4229 3306 4286 esse,
3338 4216 3673 4286 assumpsit.

2027 4301 2079 4359 2.
2109 4303 2167 4358 Si
2197 4317 2330 4359 vero
2359 4302 2570 4374 aliqua:
2601 4302 2871 4358 mulieres
2899 4304 2978 4359 ita
3011 4305 3392 4372 posteriorum
3419 4306 3676 4362 virorum

2029 4405 2220 4449 amore
2245 4397 2382 4448 sunt
2419 4397 2597 4462 capta:
2638 4396 2700 4448 ut
2733 4391 2936 4447 malint
2975 4392 3066 4447 his
3090 4393 3376 4448 cohaerere
3401 4406 3572 4464 quam
3604 4394 3672 4448 ad

2031 4481 2351 4554 legitimum
2386 4481 2573 4538 redire
2610 4481 2985 4550 consortium,
3016 4479 3170 4536 dixit
3198 4495 3292 4537 eas
3320 4481 3524 4538 merito
3552 4495 3676 4538 esse

2032 4572 2330 4643 notandas,
2377 4571 2458 4626 ita
2512 4577 2575 4629 ut
2615 4571 2788 4627 etiam
2835 4570 3225 4627 ecclesiastica
3271 4571 3674 4628 communione

2033 4659 2330 4730 priventur
2357 4679 2368 4714 :
2398 4661 2537 4730 quia
2574 4659 2644 4716 de
2674 4675 2734 4717 re
2764 4659 3084 4717 excusabili
3127 4661 3670 4717 contaminationem

2027 4749 2297 4805 criminis
2323 4749 2634 4821 elegerunt,
2671 4751 3033 4807 ostendentes
3061 4750 3296 4807 sibimet
3330 4764 3429 4821 pro
3459 4764 3564 4807 sua
3592 4751 3673 4806 in-

2027 4839 2382 4895 continentia
2429 4837 2731 4909 placuisse,
2764 4841 2916 4909 quod
2961 4842 3118 4910 justa
3149 4841 3413 4898 remissio
3453 4846 3672 4911 poterat

2028 4928 2277 4999 expiare.
2325 4926 2378 4984 3.
2409 4929 2486 4983 De
2526 4928 2638 4998 his,
2667 4929 2768 4999 qui
2813 4930 2882 4984 ad
2925 4930 3246 4988 iterandum
3297 4931 3667 5001 baptismum.

2027 5019 2113 5074 vel
2143 5024 2295 5074 metu
2342 5017 2546 5088 coacti,
2589 5017 2673 5073 vel
2703 5031 2898 5074 errore
2938 5019 3187 5076 traducti
3219 5026 3355 5077 sunt
3380 5017 3489 5092 (26,
3523 5037 3580 5093 q.
3611 5017 3666 5086 7,

2027 5123 2078 5164 e.
2110 5108 2408 5178 Tempora),
2435 5112 2492 5162 et
2519 5113 2718 5163 contra
2755 5107 3052 5164 catholicae
3082 5108 3212 5165 ﬁdei
3249 5117 3665 5167 sacramentum

2027 5197 2213 5270 egisse
2240 5203 2683 5270 cognoscuntur,
2711 5210 2776 5253 ea
2799 5198 3188 5256 moderatione
3206 5201 3413 5257 statuit
3431 5213 3560 5257 cum
3581 5199 3669 5254 eis

2028 5301 2150 5344 esse
2178 5287 2480 5359 agendum,
2510 5292 2573 5342 ut
2602 5300 2702 5357 per
2733 5287 3081 5356 paenitentiae
3112 5291 3445 5356 remedium,
3483 5293 3539 5342 et
3570 5301 3669 5356 per

2031 5378 2456 5449 impositionem
2485 5390 2686 5432 manus
2705 5375 3070 5448 episcopalis,
3099 5375 3524 5436 communionis
3544 5375 3669 5432 uni-

2027 5471 2197 5523 tatem
2241 5466 2540 5538 recipiant.

2094 5556 2234 5613 Cum
2271 5555 2343 5611 de
2387 5555 2857 5614 ordinationibus
2898 5553 3254 5611 sacerdotum
3305 5552 3365 5607 in
3411 5551 3672 5622 partibus

2025 5643 2393 5702 Caesariensis
2454 5645 2709 5715 episcopi
2785 5643 3037 5712 ejusdem
3099 5640 3404 5709 provincia:
3471 5639 3673 5698 ﬁerent
