4046 6182
381 287 519 347 4Ξο7

1159 291 1446 350 ΑΡΡΕΝῙ).
1489 290 1584 348 ΑΙ)
1619 289 1779 348 SEC.
1823 290 1920 346 IX.
1961 319 2035 334 --

2160 287 2426 350 'CTORES
2481 289 2651 348 ANNI
2698 288 2988 348 INCERTI.

3657 279 3798 340 4208

382 416 562 472 multa
608 415 837 488 illicita,
882 417 1189 488 praedictus
1231 433 1373 490 papa
1414 419 1704 475 universis
1741 417 2029 489 episcopis
2059 419 2119 477 A
2145 420 2342 482 tentias,
2383 434 2479 474 nec
2501 420 2686 486 gratia
2717 418 3128 474 communionis.
3161 417 3231 472 Et
3257 416 3308 471 si
3333 415 3533 484 aliqua
3562 413 3798 480 agritu-

382 506 635 575 ejusdem
683 507 989 577 provincia:
1033 509 1270 578 scripsit
1298 507 1471 580 (epist.
1518 507 1628 579 85),
1659 521 1905 579 arguens
1933 523 2030 567 eos

380 593 534 664 (dist.
571 594 660 668 64,
697 611 746 652 c.
779 598 1084 670 Miramur),
1124 599 1274 670 quod
1324 597 1701 654 ambientium
1748 614 2032 669 praesum-

383 685 524 756 ptio,
556 692 612 742 et
644 687 939 757 popularis
979 687 1264 745 tumultus
1304 688 1588 744 intantum
1619 689 1769 758 apud
1801 702 1898 745 eos
1926 704 2031 746 va—

382 775 550 846 lebat,
586 782 648 833 ut
680 777 937 849 indignis
967 778 1295 849 quibusque
1334 777 1615 849 pastorale
1647 776 1941 850 fastigium
1976 783 2031 836 et

381 866 645 922 Ecclesiae
670 867 1011 937 gubernatio
1035 868 1398 938 crederetur;
1423 867 1622 924 dicens
1644 868 1749 924 hoc
1775 883 1887 925 non
1907 883 2033 926 esse

381 954 678 1011 consulere
727 957 976 1026 populis,
1028 957 1124 1013 sed
1176 971 1428 1027 nocere;
1475 971 1576 1012 nec
1620 963 1888 1028 praestare
1936 972 2031 1014 re-

383 1058 557 1114 gnum
591 1041 910 1120 [regimen],
946 1047 1039 1103 sed
1084 1060 1292 1119 augere
1333 1047 1668 1117 discrimen,
1701 1049 1838 1118 quia
1878 1048 2036 1103 inte-

383 1134 564 1204 gritas
609 1136 1041 1205 praesidentium
1088 1135 1246 1192 salus
1283 1141 1370 1192 est
1410 1135 1815 1207 subditorum;
1848 1143 1904 1193 et
1934 1137 2033 1194 ubi

383 1228 470 1278 est
501 1223 872 1281 incolumitas
913 1225 1274 1297 obedientim,
1325 1225 1404 1281 ibi
1439 1239 1576 1282 sana
1607 1233 1694 1282 est
1723 1225 1904 1284 forma
1941 1227 2038 1284 d0'

385 1313 604 1368 ctrinae.
653 1315 1019 1384 Principatus
1055 1319 1243 1371 autem
1277 1314 1351 1387 (4,
1384 1330 1439 1386 q.
1471 1314 1521 1384 4,
1553 1330 1602 1371 c.
1644 1316 2033 1388 Principatus),

390 1417 555 1473 quem
588 1409 689 1460 aut
722 1405 932 1461 seditio
971 1407 1215 1462 extorsit
1245 1411 1302 1461 et
1338 1406 1606 1473 contulit,
1648 1412 1750 1462 aut
1780 1405 2035 1462 ambitus

385 1495 708 1565 occupavit,
739 1495 964 1550 etiamsi
995 1495 1252 1552 moribus
1281 1499 1451 1566 atque
1479 1508 1588 1551 non
1614 1495 1844 1551 actibus
1869 1495 2037 1552 otl‘en-

384 1582 492 1652 dit,
519 1583 707 1652 ipsius
732 1588 918 1639 tamen
948 1583 1106 1639 initii
1130 1585 1221 1640 sui
1243 1591 1331 1639 est
1351 1585 1711 1654 periculosus
1734 1581 2037 1657 [pernicio-

389 1673 508 1741 sus]
553 1673 810 1742 exemplo
839 1691 853 1743 ;
881 1678 938 1728 et
979 1672 1214 1729 diﬁicile
1259 1679 1344 1729 est
1393 1681 1455 1731 ut
1502 1675 1650 1730 bono
1691 1680 2036 1746 peragantur

385 1762 565 1832 exitu,
596 1777 720 1832 quae
762 1762 910 1818 malo
939 1767 1075 1819 sunt
1105 1763 1370 1820 inchoata
1402 1764 1710 1834 principio.
1752 1767 1874 1821 Non
1901 1779 2036 1837 ergo

389 1851 448 1906 in
479 1851 820 1922 cujusquam
861 1866 1100 1922 persona
1149 1854 1593 1923 permittendum
1632 1859 1738 1922 est,
1781 1855 1931 1926 quod
1975 1855 2034 1910 in

388 1939 680 1994 institutis
711 1940 1076 2010 generalibus
1095 1942 1462 2000 continetur:
1499 1957 1601 1998 nec
1633 1944 1922 2013 putandus
1950 1947 2037 1998 est

391 2027 572 2084 honor
608 2027 707 2084 ille
738 2027 1050 2100 legitimus,
1081 2030 1182 2101 qui
1216 2029 1394 2087 fuerit
1421 2036 1620 2088 contra
1649 2032 1862 2088 divinae
1893 2032 2037 2104 legis

390 2123 664 2190 praecepta
708 2119 971 2175 collatus.
1015 2121 1151 2176 Item
1197 2119 1483 2177 inferius:
1515 2120 1717 2177 Omnis
1758 2121 2038 2178 ecclesia-

389 2210 532 2266 stica
577 2208 891 2278 disciplina
933 2209 1296 2280 dissolvitur,
1341 2211 1531 2267 omnis
1568 2211 1709 2267 ordo
1749 2209 2034 2282 turbatur,

387 2300 524 2356 dum
555 2299 612 2353 in
636 2298 909 2369 Ecclesia,
939 2298 1037 2369 qui
1064 2300 1288 2356 nullum
1315 2300 1620 2357 subierunt
1646 2300 2038 2356 ministerium

392 2401 654 2459 perverso
709 2387 1048 2459 eligentium
1101 2389 1329 2458 judicio
1397 2389 1716 2446 indebitum
1781 2389 2042 2446 obtinent

390 2478 796 2548 principatum.
832 2480 968 2533 Item
1003 2477 1061 2533 in
1083 2479 1275 2534 eadem
1303 2477 1670 2536 inferius:Si
1693 2481 1790 2548 qui
1808 2481 2042 2549 episcopi

387 2567 549 2620 talem
587 2568 1017 2621 consecraverint
1055 2568 1384 2622 sacerdotem
1410 2566 1483 2639 (4,
1515 2583 1568 2639 q.
1606 2565 1657 2638 4,
1687 2573 1744 2622 et
1770 2565 1862 2638 25,
1897 2584 1951 2638 q.
1983 2565 2038 2637 2,

388 2669 436 2710 c.
489 2657 550 2711 Si
588 2656 730 2725 qui),
781 2656 997 2724 qualem
1041 2672 1152 2710 esse
1194 2672 1302 2710 non
1352 2657 1530 2718 liceat,
1581 2658 1798 2710 etiamsi
1852 2657 2039 2726 aliquo

385 2746 543 2802 modo
574 2744 833 2799 damnum
868 2746 1088 2814 proprii
1115 2745 1334 2798 honoris
1358 2747 1648 2808 evaserint,
1675 2745 2038 2800 ordinationis

389 2841 567 2890 tamen
585 2835 684 2902 jus
715 2834 947 2887 ulterius
986 2848 1094 2886 non
1123 2833 1418 2896 habebunt,
1450 2849 1546 2887 nec
1583 2849 1828 2903 unquam
1856 2836 1906 2889 ei
1939 2850 2041 2888 sa-

389 2927 661 2978 cramento
713 2925 1038 2985 intererunt,
1102 2923 1249 2992 quod
1303 2923 1538 2991 neglecto
1591 2923 1776 2978 divino
1822 2924 2039 2994 judicio

387 3013 653 3068 immerito
685 3014 1078 3081 prmstiterunt.

372 3134 382 3159 ι
464 3105 620 3165 Item,
653 3102 947 3158 Theodoro
985 3101 1366 3172 Forojuliensi
1398 3102 1667 3173 episcopo
1696 3102 1872 3160 aliam
1903 3104 2042 3160 scri-

394 3193 511 3265 psit
551 3192 852 3262 epistolam
883 3190 1028 3263 (epit.
1071 3190 1180 3265 89),
1225 3193 1285 3248 in
1317 3207 1429 3263 qua
1467 3193 1536 3248 de
1567 3193 1680 3264 his,
1717 3193 1816 3264 qui
1847 3194 1905 3248 in
1934 3207 2043 3250 ex-

392 3282 593 3339 tremis
619 3281 1012 3353 posuitentiam
1040 3287 1260 3352 petunt,
1291 3296 1419 3338 eum
1447 3283 1534 3338 sic
1566 3282 1844 3340 instruit:
1870 3283 2043 3338 Solli-

391 3373 656 3428 citudinis
686 3377 793 3427 tuae
820 3374 866 3426 is
891 3373 1022 3426 ordo
1056 3388 1169 3428 esse
1203 3373 1483 3437 debuerat,
1515 3377 1577 3428 ut
1615 3389 1735 3428 eum
1768 3378 2044 3444 metropo-

396 3463 566 3518 litano
619 3466 710 3516 tuo
758 3464 1020 3532 primitus
1076 3463 1142 3517 de
1199 3478 1257 3517 eo
1313 3463 1460 3533 quod
1525 3463 1881 3533 querendum
1931 3478 2043 3518 esse

395 3553 705 3616 videbatur,
737 3555 1029 3620 conferres,
1062 3553 1158 3608 sed
1198 3557 1259 3607 ut
1284 3569 1498 3623 quoquo
1530 3553 1686 3607 modo
1730 3555 2044 3608 instruatur

396 3643 727 3710 ambiguitas
793 3644 1142 3705 consulentis,
1201 3642 1339 3710 quid
1394 3642 1459 3696 de
1513 3643 1843 3712 paenitentiae
1895 3647 2046 3696 statu

397 3733 758 3787 ecclesiastica
805 3732 1001 3786 habeat
1041 3730 1252 3800 regula,
1303 3746 1412 3783 non
1460 3732 1640 3785 tacebo
1684 3731 1842 3797 (dist.
1889 3727 1939 3800 4,
1980 3732 2046 3786 de

398 3822 614 3883 Pwnit.,
673 3833 722 3874 c.
782 3821 1115 3891 Multiplem).
1177 3819 1446 3873 Mediator
1499 3821 1600 3875 Dei
1653 3824 1702 3873 et
1747 3819 2042 3884 hominum,

398 3909 550 3963 homo
608 3909 853 3962 Christus
915 3911 1071 3963 Jesus
1125 3910 1436 3978 prapositis
1504 3908 1753 3963 Ecclesiae
1816 3909 2049 3965 tradidit

391 4002 730 4068 potestatem,
791 4002 852 4052 ut
907 4003 956 4052 et
1003 3999 1315 4068 petentibus
1385 3993 1802 4073 [conﬁtentibus]
1869 4002 2051 4054 aetio—

399 4104 521 4143 nem
555 4089 887 4158 paenitentiae
937 4089 1152 4151 darent,
1205 4093 1255 4143 et
1303 4089 1513 4144 eosdem
1553 4089 1768 4144 salubri
1813 4091 2052 4158 satisfa—

401 4179 575 4233 ctione
624 4183 914 4249 purgatos,
971 4179 1048 4234 ad
1101 4181 1526 4235 communionem
1588 4185 2051 4235 sacramentorum

393 4286 496 4340 per
545 4269 786 4338 januam
849 4269 1308 4324 reconciliationis
1373 4269 1739 4324 admitterent.
1810 4269 1871 4324 Si
1926 4271 2048 4338 quis

400 4363 582 4415 autem
610 4374 813 4423 eorum,
846 4375 952 4429 pro
990 4360 1188 4428 quibus
1217 4361 1442 4415 Domino
1480 4358 1873 4427 supplicamus,
1905 4374 2049 4428 quo—

2141 509 2288 564 dinis
2328 511 2386 563 vi
2424 511 2505 564 ita
2543 511 2756 577 fuerint
2801 511 3111 577 aggravati,
3155 512 3236 570 ut,
3276 505 3423 576 quod
3455 502 3636 574 paulo
3674 508 3797 556 ante

2133 600 2478 670 poscebatur,
2522 601 2622 655 sub
2652 602 2952 671 praesentia
2993 598 3292 654 sacerdotis
3331 597 3651 664 signiﬁcare
3692 607 3797 647 non

2138 690 2358 744 valeant
2401 691 2708 744 testimonia
2751 691 2828 744 eis
2860 689 3103 758 ﬁdelium
3145 685 3627 742 circumstantium
3661 696 3800 751 pro—

2138 779 2291 833 desse
2327 779 2614 842 debebunt,
2645 783 2706 833 ut
2739 780 2905 834 simul
2942 783 2992 832 et
3019 777 3358 848 poenitentiae
3383 779 3434 829 et
3464 772 3802 828 reconcilia-

2140 871 2303 924 tionis
2335 869 2647 939 beneﬁcium
2678 871 3098 939 consequantur,
3139 870 3357 921 servata
3387 870 3572 919 tamen
3611 861 3802 928 regula

2141 974 2407 1013 canonum
2445 963 2804 1028 paternorum
2845 959 2989 1012 circa
3031 972 3216 1012 eorum
3246 968 3538 1025 personas,
3595 953 3697 1020 qui
3743 953 3801 1004 in

2141 1051 2310 1103 Deum
2337 1065 2371 1102 a
2399 1049 2505 1118 ﬁde
2534 1049 2859 1104 discedendo
2883 1047 3252 1117 peccaverint.

2215 1137 2366 1192 Idem
2399 1149 2540 1207 papa
2578 1137 2637 1193 in
2663 1136 2906 1208 epistola
2931 1136 3000 1192 ad
3033 1125 3289 1192 Nicetam
3326 1130 3802 1203 Aquilegiensem

2144 1226 2476 1296 episcopum
2522 1227 2740 1283 directa
2783 1226 2962 1296 (epist.
3007 1223 3101 1296 79)
3146 1224 3293 1280 dicit
3331 1242 3344 1278 :
3391 1222 3454 1278 Si
3502 1223 3806 1290 quisquam

2144 1317 2458 1370 salubribus
2510 1318 2798 1387 prmeeptis
2855 1318 3172 1384 satisfacere
3231 1312 3642 1371 detrecto-verit,
3697 1310 3804 1362 sive

2143 1405 2236 1460 ille
2290 1408 2363 1461 sit
2413 1407 2659 1469 clericus,
2709 1408 2821 1460 sive
2867 1405 3062 1469 laicus,
3113 1405 3183 1458 ab
3239 1403 3496 1458 Ecclesiae
3550 1400 3806 1454 societate

2136 1498 2401 1568 pellatur.

2217 1588 2373 1657 Item,
2431 1586 2490 1641 in
2537 1585 2783 1656 epistola
2831 1585 2899 1640 ad
2945 1584 3283 1641 Dioscorum
3338 1578 3802 1637 Alexandrinum

2145 1675 2477 1746 episcopum
2510 1676 2684 1732 missa
2716 1675 2897 1745 (epist.
2929 1671 3023 1745 84)
3057 1673 3327 1744 praecepit
3351 1676 3417 1727 ut
3445 1670 3508 1725 in
3539 1667 3806 1724 solemni-

2065 1744 2119 1806 B
2147 1744 2383 1834 tatibus,
2412 1765 2638 1835 quoties
2668 1744 2999 1831 basilicam,
3022 1765 3093 1820 ad
3121 1776 3290 1834 quam
3325 1762 3467 1827 itur,
3499 1757 3804 1830 praesentia

2146 1869 2301 1912 nova:
2321 1854 2504 1924 plebis
2522 1854 2862 1925 impleverit,
2883 1855 3056 1910 toties
3074 1852 3426 1910 sacrificium
3445 1849 3804 1921 subsequens

2144 1944 2434 2001 offeratur.

2216 2036 2373 2104 Item,
2418 2034 2478 2089 in
2521 2033 2764 2104 epistola
2811 2033 3102 2091 universis
3147 2031 3473 2101 Campaniae
3515 2028 3805 2100 episcOpis

2146 2125 2322 2181 missa
2352 2123 2530 2193 (epist.
2564 2120 2657 2193 78)
2691 2123 2988 2179 interdicit
3019 2135 3088 2178 ne
3107 2135 3140 2178 a
3166 2119 3603 2192 postulantibus
3635 2118 3807 2188 paeni-

2148 2213 2385 2269 tentiam
2431 2211 2710 2282 professio
2753 2211 2984 2282 publice
3029 2210 3321 2268 recitanda
3367 2212 3666 2280 quaeratur
3704 2206 3808 2274 (de

2146 2305 2337 2360 Poenit.
2371 2302 2508 2359 dist.
2541 2299 2590 2371 4,
2619 2317 2670 2359 c.
2703 2301 2984 2372 Quamvis)
3007 2319 3021 2365 ς
3048 2301 3185 2372 quia
3215 2298 3428 2356 suﬂicit
3456 2297 3608 2354 solis
3632 2309 3814 2352 sacer-

2147 2392 2384 2450 dotibus
2403 2391 2887 2449 conscientiarum
2913 2391 3121 2447 delicta
3157 2389 3415 2445 indicare
3443 2385 3815 2446 confessione

2151 2487 2384 2538 secreta.
2430 2480 2650 2537 Sufﬁcit
2687 2479 2840 2536 enim
2893 2479 2994 2535 illa
3026 2477 3330 2547 confessio,
3382 2490 3508 2547 qua:
3552 2475 3815 2546 primum

2148 2573 2392 2628 Domino
2419 2571 2677 2641 offertur,
2711 2577 2846 2626 tunc
2876 2570 3049 2626 etiam
3082 2569 3387 2639 sacerdoti,
3421 2567 3523 2638 qui
3557 2565 3815 2636 peccatis

2151 2662 2552 2734 paenitentiam
2586 2665 2846 2732 precator
2873 2659 3111 2716 accedit.

2221 2753 2378 2820 Item,
2417 2751 2476 2806 in
2509 2750 2611 2806 illa
2641 2749 2905 2820 epistola,
2952 2761 3122 2819 quam
3154 2746 3356 2805 Gallia:
3385 2745 3644 2818 regionis
3673 2743 3818 2814 epi-

2148 2841 2339 2910 scopis
2386 2840 2624 2910 scripsit
2671 2842 2848 2910 (epist.
2904 2836 3017 2909 86),
3068 2837 3312 2894 afﬁrmat
3361 2835 3818 2906 chorepiscopos

2148 2945 2261 2988 non
2309 2930 2552 2986 alterius
2595 2929 2895 3000 potestatis
2928 2941 3051 2985 esse
3095 2941 3263 2999 quam
3298 2925 3616 2998 presbyteri
3662 2923 3813 2978 sint.

2148 3020 2330 3077 Chore
2357 3019 2510 3076 enim
2545 3019 2680 3075 villa
2723 3019 2980 3075 dicitur:
3010 3018 3141 3074 inde
3160 3015 3560 3087 chorepiscopi
3602 3011 3816 3069 villani

2075 3081 2124 3145 Ο·
2155 3108 2469 3181 presbyteri
2520 3107 2949 3179 intelliguntur,
2996 3106 3096 3178 qui
3145 3119 3245 3162 nec
3290 3081 3520 3162 frontes
3549 3104 3815 3174 signare,

2153 3213 2254 3255 nec
2285 3199 2344 3254 in
2391 3198 2566 3254 missa
2609 3210 2954 3268 quemquam
3005 3201 3246 3269 possunt
3295 3195 3666 3266 paenitentiam
3716 3205 3819 3248 re-

2150 3288 2483 3345 conciliare.

2576 3377 2812 3432 XLVIII.
2841 3406 2916 3416 —
2945 3376 3002 3431 S.
3035 3376 3371 3433 HILARIUS.

2678 3464 2862 3535 (Anno
2897 3465 3100 3521 Christi
3129 3461 3224 3522 464
3239 3465 3274 3538 .)

2221 3555 2499 3624 Hilarius,
2537 3555 2768 3612 natione
2793 3556 3024 3624 Sardus,
3057 3570 3123 3611 ex
3151 3561 3308 3626 patre
3339 3553 3634 3624 Crispino,
3657 3552 3818 3608 sedit

2153 3660 2334 3704 annos
2370 3660 2488 3717 sex,
2523 3660 2742 3703 menses
2780 3652 2917 3716 tres,
2962 3647 3090 3702 dies
3126 3646 3338 3702 decem.
3382 3645 3485 3700 llic
3515 3643 3819 3700 ordinavit

2154 3737 2451 3808 episcopos
2476 3737 2684 3808 viginti
2713 3736 2882 3806 duos,
2912 3735 3270 3806 presbyteros
3289 3733 3814 3806 vigintiquinque,

2155 3827 2428 3883 diaconos
2487 3839 2604 3882 sex.
2655 3825 2758 3881 Hic
2805 3826 2994 3881 Romae
3040 3825 3350 3881 multorum
3401 3824 3816 3894 episcoporum

2157 3913 2434 3985 synodum
2464 3914 2828 3986 congregavit
2854 3913 2998 3982 (syn.
3028 3914 3290 3975 Romana,
3318 3925 3442 3981 cap.
3479 3909 3535 3981 2,
3566 3908 3622 3979 3,
3644 3905 3725 3976 4),
3756 3909 3818 3963 in

2158 4016 2270 4074 qua
2317 4002 2573 4058 omnium
2612 4001 3038 4058 collaudatione
3082 4000 3520 4068 corroboravit;
3550 4012 3625 4054 ne
3655 3999 3816 4069 quis,

2160 4091 2260 4161 qui
2292 4105 2525 4148 uxorem
2560 4105 2670 4148 non
2710 4091 3012 4164 virginem,
3049 4097 3106 4146 et
3134 4091 3234 4161 qui
3271 4090 3586 4146 secundam
3617 4087 3816 4156 duxit,

2158 4188 2215 4238 et
2242 4181 2413 4237 inscii
2447 4180 2793 4249 litterarum,
2836 4193 3054 4236 necnon
3085 4185 3142 4235 et
3173 4179 3371 4249 aliqua
3422 4177 3821 4234 membrorum

2157 4271 2362 4327 damna
2395 4269 2668 4341 perpessi,
2691 4275 2746 4325 et
2778 4269 2861 4336 hi,
2887 4270 2988 4340 qui
3015 4283 3085 4327 ex
3110 4267 3525 4340 paenitentibus
3548 4273 3712 4335 sunt,
3747 4265 3820 4322 ad

2157 4373 2348 4416 sacros
2365 4359 2598 4416 ordines
2615 4359 2872 4428 aspirare
2889 4359 3154 4415 audeant.
3175 4360 3335 4429 Item,
3351 4363 3409 4413 et
3425 4357 3823 4428 quodcunque

400 4465 612 4521 cunque
656 4453 984 4520 interceptus
1037 4450 1312 4505 obstaculo
1359 4465 1394 4502 a
1435 4463 1656 4502 munere
1698 4448 2047 4516 indulgentia
2078 4465 2130 4526 ι)
2159 4450 2293 4520 quis
2320 4449 2611 4506 commisit
2641 4449 2938 4519 illicitum,
2960 4454 3062 4506 aut
3093 4462 3125 4504 a
3147 4445 3669 4519 prmdecessoribus
3687 4446 3825 4502 suis

391 4544 680 4612 praesentis
709 4541 988 4602 exciderit,
1015 4545 1066 4594 et
1086 4542 1416 4609 priusquam
1449 4537 1524 4591 ad
1551 4539 1846 4592 constituta
1869 4554 2048 4594 reme-

401 4631 494 4685 dia
514 4632 842 4700 pervenerit,
881 4629 1224 4698 temporalem
1256 4629 1426 4682 vitam
1465 4627 1704 4682 humana
1742 4628 2049 4683 condit-iane

400 4723 626 4788 ﬁnierit,
659 4721 804 4789 quod
831 4733 1055 4774 manens
1075 4720 1135 4772 in
1160 4733 1377 4787 corpore
1404 4733 1513 4772 non
1541 4719 1759 4788 recepit,
1796 4720 2050 4788 consequi

402 4813 596 4862 exutus
642 4823 807 4862 carne
853 4823 960 4861 non
998 4809 1214 4876 poterit.
1261 4809 1332 4864 Et
1378 4806 1625 4864 inferius
1665 4825 1678 4861 :
1721 4808 1823 4862 His
1869 4812 2052 4862 autem

402 4895 516 4967 (26,
556 4912 610 4968 q.
653 4896 706 4966 6,
745 4911 796 4952 c.
841 4899 942 4952 His
985 4899 1104 4970 qui)
1133 4899 1231 4968 qui
1269 4899 1328 4953 in
1367 4903 1598 4968 tempore
1635 4899 1972 4952 necessitatis
2001 4901 2052 4952 et

402 4989 636 5059 periculi
663 4991 908 5056 urgentis
944 4990 1218 5044 instantia
1251 4989 1576 5058 praesidium
1608 4989 1960 5058 poenitentiae,
2001 4992 2053 5042 et

402 5094 529 5134 mea:
553 5078 1008 5134 reconciliationis
1034 5080 1343 5149 implorent,
1368 5095 1463 5133 nec
1491 5081 1800 5146 satisfactio
1824 5079 2054 5134 interdi-

404 5170 595 5233 cenda,
621 5182 720 5223 nec
742 5169 1106 5222 reconciliatio
1131 5168 1485 5237 deneganda:
1511 5170 1646 5237 quia
1669 5167 2054 5224 misericordiae

405 5261 502 5316 Dei
549 5275 644 5314 nec
693 5271 977 5312 mensuras
1039 5272 1324 5327 possumus
1379 5273 1602 5327 ponere,
1662 5272 1756 5312 nec
1813 5262 2054 5326 tempora

406 5352 649 5421 deﬁnire,
681 5347 833 5418 apud
862 5361 1022 5415 quem
1060 5347 1243 5400 nullas
1274 5349 1488 5417 patitur
1515 5348 1683 5401 veniae
1717 5362 1896 5401 moras
1923 5363 2054 5402 vera

405 5441 699 5500 conversio,
730 5437 937 5491 dicente
965 5436 1269 5504 Propheta:
1303 5455 1327 5485 «
1357 5435 1488 5490 Cum
1517 5449 1807 5490 conversus
1837 5437 2047 5505 (Ezech.

405 5530 634 5600 χχχιιι).
655 5546 682 5578 ι
710 5533 816 5584 etc.
850 5526 911 5584 Si
939 5527 1102 5582 etiam
1123 5525 1322 5580 amisso
1341 5526 1484 5579 vocis
1503 5526 1702 5594 ofﬁcio,
1721 5540 1822 5594 per
1840 5527 2054 5594 integra

405 5633 594 5673 sensus
614 5618 824 5673 indicia
845 5617 1152 5686 postulant,
1184 5629 1293 5669 non
1317 5618 1543 5682 negetur
1566 5615 1680 5670 illis
1705 5616 1846 5670 actio
1867 5617 2054 5686 pomi-—

2159 4540 2380 4596 invenit
2414 4539 2752 4609 admissum,
2778 4539 2828 4594 si
2860 4539 3161 4609 proprium
3192 4538 3316 4594 vult
3359 4538 3541 4593 vitare
3574 4537 3824 4608 pericu-

2158 4629 2299 4700 lum,
2340 4629 2656 4685 damnabit.
2684 4631 2845 4698 Item,
2878 4627 3222 4700 generaliter
3253 4627 3562 4683 interdixit
3589 4640 3661 4682 ne
3680 4627 3826 4696 quis

2160 4733 2410 4790 unquam
2442 4732 2826 4776 successorem
2859 4717 2975 4774 sibi
3008 4717 3321 4790 subrogare
3355 4723 3686 4788 praesumat.

2230 4810 2388 4877 Item,
2419 4807 2478 4862 in
2509 4807 2622 4863 alia
2646 4807 2908 4878 epistola,
2937 4821 3106 4879 quam
3135 4807 3380 4863 Ascanio
3406 4807 3681 4876 episcOpo
3711 4804 3823 4860 de—

2161 4897 2393 4956 stinavit
2435 4898 2614 4968 (epist.
2648 4895 2725 4968 3),
2769 4897 2903 4954 illos
2941 4898 3262 4968 episcopos,
3303 4897 3405 4968 qui
3444 4897 3574 4952 sine
3618 4903 3823 4950 metro-

2162 4988 2405 5060 politani
2445 5000 2726 5044 consensu
2757 4987 3076 5044 consecrati
3117 4985 3355 5056 fuerint,
3387 4993 3544 5042 stare
3573 4999 3823 5041 conces—

2161 5077 2259 5148 sit,
2303 5077 2384 5132 ita
2419 5076 2656 5133 dicens:
2686 5077 2833 5132 Licet
2874 5077 2951 5139 hi,
2986 5078 3086 5146 qui
3107 5081 3310 5147 prater
3352 5077 3614 5130 notitiam
3654 5081 3823 5144 atque

2161 5181 2477 5222 consensum
2524 5170 2630 5221 tum
2678 5166 2980 5222 dilectionis
3027 5165 3274 5221 ordinati
3313 5171 3444 5220 sunt
3486 5163 3822 5224 sacerdotes,

2163 5272 2283 5312 cum
2328 5258 2444 5310 suis
2492 5255 2792 5310 debuerant
2828 5255 3142 5310 auctoribus
3192 5255 3500 5310 submoveri
3525 5272 3543 5320 ;
3566 5269 3637 5307 ne
3679 5252 3826 5322 quid

2163 5351 2342 5400 tamen
2362 5346 2423 5399 in
2454 5346 2767 5400 necessitate
2804 5349 2960 5399 tanta
2988 5344 3339 5400 decernamus
3369 5348 3679 5404 austerum,
3706 5357 3824 5403 eos,

2163 5437 2260 5506 qui
2297 5436 2534 5506 episcopi
2577 5436 2717 5502 facti
2766 5439 2914 5498 sunt,
2963 5436 3044 5489 ita
3089 5435 3338 5490 volumus
3379 5448 3725 5504 permanere,
3777 5433 3830 5486 si

2163 5525 2473 5595 apostolicis
2505 5524 2959 5594 praeceptionibus
3007 5529 3057 5580 et
3091 5528 3406 5580 sanctorum
3443 5523 3677 5578 Patrum
3714 5528 3831 5576 sta-

2165 5615 2296 5668 tutis
2325 5628 2434 5668 non
2461 5613 2807 5682 reperiantur
2834 5614 3079 5676 obnoxii,
3103 5629 3168 5669 ac
3197 5613 3449 5683 deinceps
3475 5612 3644 5675 nihil,
3676 5609 3832 5682 quod
