4046 6182
265 327 408 389 {m9

1133 327 1390 388 PSEUDO
1423 309 1851 388 LmTPRANm
1886 330 2030 426 Lm.
2053 332 2144 390 ne
2180 332 2358 392 vms
2398 333 2565 392 nou.
2619 331 2819 390 pom.

3541 329 3679 391 4210

260 461 458 512 contra
496 455 912 511 ecclesiasticam
949 455 1296 527 disciplinam
1333 458 1537 518 veniat,
1564 449 1710 512 sicut
1735 457 1914 514 hacte-
1936 457 1997 520 A
2027 473 2228 531 porum
2277 465 2378 518 aut
2427 460 2882 532 presbyterorum
2905 461 2975 522 in
3021 461 3264 519 alterius
3305 461 3559 530 civitate,
3590 459 3675 516 vel

260 563 366 602 nus
385 549 599 615 factum
609 549 708 608 est,
732 549 1093 616 perpetretur.

693 634 888 689 XLIX.
913 663 988 675 —
1006 636 1060 690 S.
1090 635 1486 694 SIMPLICIUS.

766 723 953 792 (Anno
999 725 1202 780 Christi
1243 723 1415 798 467.)

332 813 696 884 Simplicius,
749 815 981 870 natione
1009 815 1373 886 Tiburtinus,
1405 819 1462 872 et
1506 829 1575 872 ex
1606 821 1764 887 patre
1802 817 1918 873 Ca-

262 903 440 966 stino,
470 903 622 959 sedit
648 916 831 959 annos
857 903 1209 975 quindecim,
1267 919 1514 961 mensem
1557 919 1756 976 unum,
1787 905 1916 961 dies

259 992 601 1049 octodecim.
652 993 756 1048 Hic
802 993 1093 1048 ordinavit
1139 994 1438 1064 episcopos
1491 995 1728 1066 triginta
1794 1009 1911 1064 sex,

262 1082 624 1162 presbyteros
663 1082 1086 1154 quinquaginta
1118 1090 1266 1154 octo,
1319 1084 1594 1141 diaconos
1624 1085 1909 1141 undecim.

258 1171 365 1226 Hic
395 1171 546 1227 obiit
574 1185 629 1226 γι
665 1172 855 1227 Nonas
883 1172 1103 1228 Martii.
1135 1171 1239 1228 Hic
1273 1173 1580 1230 constituit
1601 1177 1666 1230 ut
1691 1173 1918 1245 presby-

259 1260 369 1316 teri
397 1260 465 1315 ad
497 1260 552 1315 S.
613 1262 862 1330 Petrum,
896 1266 952 1316 et
976 1262 1044 1316 ad
1091 1261 1144 1317 S.
1189 1262 1450 1334 Paulum,
1474 1269 1529 1320 et
1557 1264 1626 1319 ad
1675 1263 1728 1320 S.
1761 1265 1916 1320 Lau—

264 1349 518 1404 rentium
575 1355 869 1404 manerent
901 1355 1130 1420 propter
1169 1351 1536 1422 baptismum.
1571 1353 1674 1409 Hic
1707 1352 1912 1409 Joanni

257 1438 573 1494 Ravennati
611 1438 879 1508 episcopo
913 1439 1216 1510 epistolam
1248 1442 1486 1512 scripsit
1518 1443 1694 1512 (epist.
1739 1440 1815 1512 2),
1852 1441 1912 1496 in

258 1541 372 1599 qua
427 1541 558 1583 eum
586 1527 780 1600 arguit
811 1529 959 1598 quod
1001 1531 1341 1601 Gregorium
1383 1531 1660 1587 violenter
1683 1532 1914 1602 episco-

256 1631 394 1687 pum
439 1622 884 1685 consecraverat,
920 1618 1104 1672 dicens
1149 1619 1305 1673 illum
1327 1622 1685 1688 privilegium
1718 1622 1914 1676 mereri

252 1709 525 1767 amittere,
565 1708 661 1776 qui
692 1708 958 1776 permissa
994 1708 1100 1762 sibi
1141 1709 1389 1763 abutitur
1410 1713 1677 1778 potestate
1708 1707 1818 1780 (44,
1854 1726 1907 1781 q.

251 1793 308 1858 3,
365 1809 415 1850 c.
466 1795 853 1867 Privilegium).
895 1797 964 1851 Et
1011 1795 1257 1853 inferius
1311 1798 1369 1852 in
1417 1798 1652 1854 eadem:
1701 1801 1913 1854 Denun-
1944 1783 1998 1846 Β

253 1885 460 1938 tiamus
515 1889 716 1955 autem,
767 1885 933 1954 quod,
965 1887 1015 1940 si
1036 1886 1264 1956 posthac
1294 1889 1596 1957 quidquam
1644 1890 1752 1944 tale
1773 1906 1914 1960 pm-

252 1976 575 2044 sumpseris,
625 1979 677 2029 et
708 1976 946 2044 aliquem
993 1991 1086 2030 seu
1128 1979 1451 2046 episcOpum,
1491 1994 1588 2033 seu
1622 1981 1913 2048 presbyte-

252 2079 402 2127 rum,
434 2069 534 2120 aut
580 2065 869 2119 diaconum
905 2067 1138 2120 invitum
1179 2069 1362 2134 facere
1400 2070 1544 2135 forte
1591 2069 1910 2133 credideris,

253 2156 630 2209 ordinationes
652 2155 755 2208 tibi
782 2157 1112 2210 Ravennatis
1141 2157 1414 2219 Ecclesiae,
1444 2158 1527 2212 vel
1554 2159 1909 2222 Emiliensis,

251 2245 469 2298 noveris
508 2244 861 2311 auferendus.

327 2334 486 2402 Item,
520 2332 690 2388 aliam
745 2332 1044 2403 epistolam
1090 2333 1328 2404 scripsit
1372 2331 1551 2405 (epist.
1589 2334 1642 2406 3)
1671 2337 1911 2394 Floren-

255 2423 385 2479 tino
431 2418 786 2496 [Florentio],
842 2423 1077 2494 Equitio
1129 2428 1185 2479 et
1229 2425 1431 2480 Severo
1482 2425 1790 2498 episc0pis,
1847 2429 1907 2484 in

255 2525 372 2583 qua
397 2512 721 2568 Gaudentio
745 2511 1102 2569 Aufiniensis
1131 2513 1397 2569 Ecclesiae
1432 2516 1736 2585 sacerdoti,
1771 2517 1910 2588 quia

253 2607 456 2657 contra
505 2607 720 2657 statuta
763 2615 1045 2658 canonum
1089 2608 1146 2658 et
1197 2617 1300 2658 sua
1345 2610 1622 2674 praecepta
1670 2605 1911 2663 illicitas

253 2691 657 2747 ordinationes
678 2695 1116 2760 perpetraverat,
1141 2696 1316 2748 totam
1340 2694 1571 2763 penitus
1599 2693 1907 2751 ordinandi

257 2786 592 2852 potestatem
634 2779 849 2837 auferri
897 2781 1185 2851 praecepit,
1212 2787 1270 2837 et
1313 2783 1579 2839 Severum
1608 2783 1667 2839 in
1699 2798 1912 2855 supra-

251 2870 413 2925 dicta
467 2869 708 2926 ecclesia
759 2868 923 2942 fungi
978 2870 1080 2927 illo
1109 2869 1296 2927 oﬂicio
1345 2871 1622 2940 injunxit,
1665 2887 1780 2944 quo
1811 2873 1910 2929 ille

252 2958 473 3016 abusus
509 2964 658 3015 esset
691 2960 1008 3016 convictus.
1049 2961 1207 3031 Item,
1243 2961 1511 3031 pracepit
1547 2966 1610 3019 ut
1639 2962 1910 3018 ministe—

256 3049 347 3104 ria
399 3047 685 3118 Ecclesiae,
737 3063 863 3119 quae
915 3049 1165 3105 alienata
1201 3063 1234 3105 a
1279 3050 1553 3120 pradicto
1583 3050 1907 3107 Gaudentio

253 3137 503 3210 fuerant,
553 3139 827 3195 instantia
867 3139 1125 3210 praedicti
1182 3138 1400 3211 fratris,
1456 3141 1512 3197 id
1561 3147 1650 3197 est
1693 3141 1904 3212 Severi,

255 3234 637 3299 praesumptor
657 3242 921 3301 reparare
951 3233 1190 3302 cogatur
1221 3227 1332 3300 (42,
1360 3245 1416 3301 q.
1445 3227 1502 3301 2,
1533 3245 1582 3286 c.
1617 3235 1692 3288 De
1711 3231 1909 3286 reddi—

253 3318 447 3386 tibus).

779 3409 836 3464 L.
865 3437 940 3448 —
960 3408 1014 3464 S.
1050 3410 1257 3465 FELIX
1287 3411 1376 3466 III.

729 3495 924 3568 (Anno
987 3498 1190 3554 Christi
1253 3496 1408 3573 483.)

329 3586 506 3657 Felix,
538 3587 767 3643 natione
796 3589 1104 3658 Romanus,
1137 3601 1206 3644 ex
1248 3593 1406 3659 patre
1443 3587 1628 3644 Felice
1671 3587 1911 3660 presby-

255 3678 398 3745 tero,
430 3675 501 3730 de
538 3675 711 3732 titulo
758 3676 1036 3747 Fasciolo,
1083 3677 1234 3733 sedit
1271 3691 1452 3734 annos
1493 3682 1640 3747 octo,
1690 3692 1910 3734 menses

258 3764 546 3836 undecim,
591 3765 719 3820 dies
761 3767 1095 3822 octodecim.
1143 3767 1245 3822 llic
1286 3767 1578 3823 ordinavit
1613 3767 1912 3838 episcopos

252 3853 498 3924 triginta
520 3859 575 3908 et
596 3867 793 3924 unum,
826 3854 1184 3926 presbyteros
1212 3855 1421 3928 viginti
1445 3860 1680 3926 septem,
1721 3857 1912 3914 diaco-

257 3956 362 3998 nos
410 3943 687 4013 quinque.
743 3944 877 3999 Fuit
923 3950 1111 4000 autem
1163 3945 1257 4000 hic
1307 3959 1489 4016 usque
1534 3946 1602 4001 ad
1658 3951 1910 4016 tempora

250 4031 596 4089 Theodorici
631 4033 799 4104 regis.
853 4034 1041 4089 Hicin
1087 4033 1350 4103 epistola,
1407 4048 1575 4105 quam
1600 4035 1912 4092 destinavit

255 4121 550 4178 universis
586 4121 875 4193 episcopis
907 4137 1004 4193 per
1040 4123 1298 4180 diversas
1329 4123 1656 4194 provincias
1685 4125 1912 4181 consti-

253 4211 402 4266 tutis
442 4207 618 4281 (epist.
671 4209 744 4282 4),
801 4211 1109 4282 mandavit,
1157 4213 1474 4283 episcopos,
1530 4212 1909 4286 presbyteros,

249 4298 550 4369 diaconos,
597 4307 939 4370 spontaneos
986 4314 1088 4356 seu
1127 4306 1354 4357 coactos
1405 4301 1805 4373 rebaptizatos,
1857 4304 1908 4360 si

255 4388 633 4460 resipiscunt,
667 4403 851 4461 usque
870 4389 939 4445 ad
963 4390 1156 4446 exitus
1175 4391 1269 4446 sui
1307 4391 1458 4446 diem
1484 4391 1543 4446 in
1576 4392 1912 4461 pmnitentia

2025 549 2133 607 sub
2166 564 2337 608 manu
2365 551 2617 622 positum
2649 550 2985 617 sacerdotis,
3015 556 3117 607 aut
3140 566 3268 608 eum
3296 552 3397 622 qui
3431 549 3679 608 reconci-

2025 640 2228 697 liatum
2261 655 2320 698 se
2362 655 2484 698 esse
2527 641 2764 705 dixerit,
2791 641 2917 697 sine
2947 640 3200 712 episcOpi
3242 642 3329 698 vel
3364 639 3674 712 presbyteri

2025 731 2355 788 testimonio
2384 735 2440 787 et
2464 731 2701 801 litteris,
2739 736 2841 787 aut
2871 730 2930 786 in
2960 730 3228 800 parochia
3260 731 3550 801 presbyter
3578 735 3678 787 aut

2024 818 2328 890 episcopus
2354 820 2412 875 in
2452 821 2685 876 civitate
2714 819 3014 890 suscipiat.
3046 819 3309 876 Pradicti
3342 834 3497 890 papa:
3528 825 3678 875 tem-

2025 908 2263 978 poribus
2313 910 2614 980 Glycerius
2663 911 2973 980 imperator
3022 921 3063 978 ι,
3126 909 3263 980 quia
3314 921 3381 964 eo
3438 909 3497 964 in
3529 913 3679 964 tem-

2025 1011 2159 1067 pore
2183 999 2546 1069 episcopatus
2575 1013 2642 1056 ex
2673 1004 2832 1070 parte
2859 999 3104 1055 maxime
3131 998 3314 1069 pretio
3348 997 3479 1068 plus
3508 1011 3676 1067 quam

2026 1086 2230 1141 merito
2275 1086 2662 1159 contingebat,
2699 1087 2949 1143 edictum
2990 1087 3122 1143 inde
3149 1086 3412 1142 instituit
3439 1085 3672 1140 dicens:

2022 1175 2135 1228 Hoc
2157 1190 2420 1229 mansura
2451 1178 2510 1230 in
2551 1188 2722 1231 avum
2753 1176 2864 1243 lege
2893 1176 3198 1238 sana-imus,
3239 1179 3301 1230 ut
3331 1175 3582 1244 quisquis
3603 1173 3679 1227 ad

2023 1265 2387 1334 episcOpatum
2405 1269 2686 1334 potentum
2704 1280 3068 1335 personarum
3095 1265 3308 1318 auxilio
3337 1263 3678 1332 suﬂ’ragante

2015 1355 2357 1424 perveniens,
2411 1354 2746 1408 saeculariter
2816 1353 3114 1424 possideat,
3172 1368 3294 1422 qua
3344 1353 3678 1406 seculariter

2021 1443 2193 1508 fuerit
2221 1427 2556 1506 consecutus,
2589 1448 2651 1498 ut
2672 1445 2842 1512 finitis
2877 1445 3044 1497 unius
3088 1445 3224 1496 anni
3267 1444 3422 1496 metis
3469 1441 3677 1494 noverit

2023 1545 2078 1584 se
2100 1533 2413 1602 episcopatu
2443 1549 2555 1587 esse
2579 1533 2933 1602 privandum.
2984 1533 3058 1586 Hi
3084 1547 3207 1586 vero
3237 1534 3336 1601 qui
3353 1533 3518 1586 talem
3541 1546 3677 1584 con-

2022 1623 2353 1676 secraverint
2408 1624 2537 1692 pari
2594 1623 2660 1676 de
2687 1623 2984 1676 sacerdotio
3041 1627 3180 1676 sorte
3224 1622 3435 1689 dejecti,
3474 1620 3676 1674 similes

2014 1725 2207 1780 pcenas
2257 1714 2556 1767 temerarie
2591 1714 3010 1766 consecrationis
3039 1713 3339 1766 exsolvant.
3381 1711 3527 1764 Cives
3553 1724 3679 1779 quo-

2023 1815 2125 1869 que
2154 1801 2586 1870 uniuscujusque
2610 1802 2786 1864 urbis,
2820 1816 2952 1870 quos
2983 1801 3400 1856 acclamationes
3428 1800 3670 1854 ambien-

2021 1890 2177 1951 tium,
2229 1904 2336 1943 non
2383 1906 2627 1958 personae
2671 1889 2936 1957 dignitas,
2987 1905 3108 1959 quae
3148 1889 3389 1959 petenda
3433 1893 3534 1951 est,
3583 1889 3679 1943 sed

2018 1978 2288 2032 venalitas
2327 1979 2634 2049 plectenda,
2694 1979 2991 2044 sollicitat;
3037 1981 3217 2033 sciant
3261 1993 3316 2032 se
3337 1979 3558 2048 patrias,
3587 1979 3678 2032 cui

2021 2071 2131 2121 tam
2164 2067 2306 2121 male
2331 2069 2639 2136 consulunt,
2671 2069 3008 2123 habitatione
3030 2067 3332 2137 pellendos,
3368 2081 3432 2120 ac
3457 2067 3523 2120 de
3560 2067 3676 2120 suis

2019 2156 2380 2223 facultatibus
2412 2157 2696 2219 eruendas,
2739 2160 2974 2227 ﬁssaque
3003 2162 3186 2212 nostro
3217 2171 3330 2211 esse
3352 2156 3671 2226 permissos.

2554 2247 2638 2301 LI.
2682 2275 2755 2286 —-
2777 2245 3130 2302 GELASIUS.

2518 2333 2702 2405 (Anno
2761 2336 2967 2391 Christi
3029 2333 3177 2405 492.)

2090 2425 2381 2497 Gelasius,
2413 2425 2646 2481 natione
2701 2425 2854 2496 Afer,
2904 2440 2972 2482 ex
3018 2430 3176 2496 patre
3223 2424 3470 2496 Valerio,
3526 2423 3678 2480 sedit

2019 2529 2202 2572 annos
2245 2521 2510 2586 quatuor,
2564 2529 2784 2571 menses
2830 2521 2977 2585 octo,
3011 2515 3136 2571 dies
3174 2514 3508 2571 octodecim.
3543 2515 3678 2570 Fuit

2019 2611 2209 2661 autem
2243 2604 2600 2674 temporibus
2627 2605 2966 2660 Theodorici
3013 2605 3166 2676 regis
3188 2611 3245 2660 et
3273 2603 3514 2659 Zenonis
3551 2603 3678 2659 Au-

2021 2695 2196 2767 gusti.
2246 2694 2351 2749 Hic
2401 2694 2694 2750 ordinavit
2739 2695 3038 2764 episc0pos
3100 2693 3395 2764 sexaginta
3439 2697 3674 2763 septem,

2022 2781 2382 2853 presbyteros
2407 2781 2648 2852 triginta
2667 2783 2834 2851 duos,
2865 2782 3140 2838 diaconos
3162 2782 3328 2838 duos.
3349 2781 3452 2837 llic
3474 2781 3679 2853 migra-

2019 2873 2104 2927 vit
2131 2873 2198 2928 ad
2231 2871 2524 2928 Christum
2556 2886 2615 2927 x1
2661 2872 2896 2927 Kalend.
2940 2871 3229 2928 Decembr.
3267 2871 3370 2927 Hic
3416 2870 3678 2942 generale

2017 2961 2310 3016 decretum
2339 2960 2740 3016 destinavitad
2775 2961 3076 3016 universos
3099 2961 3398 3030 episcopos
3430 2973 3528 3030 per
3559 2961 3678 3015 Lu-

2016 3051 2262 3120 caniam,
2295 3054 2351 3105 et
2377 3050 2606 3105 Brutios
2634 3055 2689 3105 et
2720 3050 2981 3106 Siciliam
3009 3051 3358 3106 constitutos
3388 3050 3564 3122 (epist.
3603 3047 3674 3122 4):

2017 3142 2087 3197 de
2127 3138 2539 3195 ecclesiasticis
2578 3139 2870 3194 institutis
2918 3139 3204 3194 moderate
3249 3152 3350 3208 pro
3400 3139 3676 3208 temporis

2019 3228 2298 3300 qualitate
2327 3226 2706 3298 disponendis
2748 3227 2904 3296 (dist.
2949 3223 3038 3296 55,
3085 3226 3342 3297 Priscis);
3377 3239 3522 3296 qua,
3575 3225 3675 3280 ubi

2019 3317 2180 3374 nulla
2210 3329 2399 3372 rerum
2435 3316 2520 3372 vel
2549 3321 2865 3386 temporum
2908 3319 3175 3386 perurget
3215 3314 3547 3376 necessitas,
3581 3326 3678 3369 re-

2021 3406 2300 3479 gulariter
2359 3405 2735 3462 custodienda
2786 3405 3074 3474 prmoepit.
3119 3404 3223 3460 Sed
3259 3404 3394 3474 quia
3423 3401 3562 3458 'suis
3615 3403 3676 3458 in

2021 3494 2377 3565 temporibus
2406 3495 2463 3549 in
2492 3493 2695 3550 multis
2753 3493 2897 3549 locis
2926 3493 3106 3548 Italia:
3149 3491 3335 3548 cilicia
3379 3489 3675 3547 clericalia

2018 3584 2156 3640 belli
2183 3583 2465 3655 famisque
2506 3583 2764 3640 incursio
2789 3588 3241 3654 consumpserat,
3274 3582 3354 3637 ita
3388 3587 3450 3638 ut
3473 3593 3678 3652 usque-

2022 3688 2248 3745 quaque
2277 3673 2676 3729 ministrorum
2711 3672 3010 3728 servitium
3041 3672 3325 3741 deficeret,
3363 3671 3448 3727 sic
3482 3676 3677 3740 pater—

2024 3777 2227 3819 norum
2258 3776 2540 3818 canonum
2561 3763 2787 3818 decreta
2810 3761 3064 3832 libravit,
3098 3767 3162 3817 ut
3185 3761 3458 3816 clericum
3487 3773 3678 3830 quem-

2023 3852 2165 3908 libet
2193 3866 2226 3908 a
2250 3852 2434 3922 primo
2472 3865 2654 3923 usque
2677 3851 2746 3907 ad
2789 3851 3058 3907 ultimum
3089 3851 3328 3922 gradum
3365 3847 3514 3905 infra
3538 3848 3676 3904 anni

2022 3942 2274 4011 spatium
2315 3941 2759 4011 promovendum
2807 3940 3140 3997 concederet
3188 3939 3346 4009 (dist.
3389 3935 3481 4008 '77,
3535 3952 3566 3994 c
3599 3936 3680 4007 (Si

2019 4031 2178 4101 quis).
2233 4031 2460 4086 Laicum
2493 4044 2623 4086 vero
2655 4029 2808 4086 infra
2853 4043 3067 4086 annum
3115 4034 3172 4085 et
3199 4043 3296 4085 sex
3351 4040 3592 4095 menses,
3626 4026 3676 4082 si

2021 4119 2169 4175 nihil
2213 4132 2431 4187 eorum,
2485 4133 2612 4189 quae
2665 4133 2948 4175 canonum
2998 4131 3241 4176 censura
3273 4115 3558 4188 prohibet,
3592 4115 3679 4170 eis

2019 4213 2360 4265 occurreret.
2391 4208 2460 4262 Et
2487 4207 2578 4262 his
2625 4207 2935 4278 institutis,
2980 4222 3104 4278 qua:
3131 4213 3449 4277 temporum
3478 4217 3681 4261 neces-

2022 4298 2166 4354 sitas
2193 4297 2317 4353 fleri
2343 4294 2686 4367 postulabat,
2723 4300 3086 4365 paternorum
3114 4308 3397 4352 canonum
3436 4300 3677 4350 veterem

2022 4386 2260 4443 formam
2286 4400 2411 4443 esse
2443 4385 2722 4453 instituit,
2761 4384 2899 4455 quia
2939 4397 3050 4439 non
3089 4385 3365 4441 adversus
3397 4381 3674 4450 majorum

251 4483 518 4547 oportere
541 4478 750 4546 jacere,
792 4477 873 4533 ita
922 4483 987 4534 ut
1017 4491 1118 4534 nec
1159 4478 1332 4534 etiam
1371 4479 1908 4537 catechumenorum
1939 4473 1993 4534 D
2023 4477 2168 4533 scita
2199 4489 2339 4532 nova
2385 4475 2506 4548 lege
2539 4473 2896 4545 preponitur,
2947 4473 3099 4543 quod
3129 4473 3200 4528 de
3229 4468 3546 4528 accidentis
3569 4467 3676 4523 de-

250 4565 503 4624 orationi
535 4567 825 4637 intersint,
853 4573 910 4622 et
939 4567 1267 4623 communio
1295 4567 1442 4624 laica
1479 4568 1566 4623 eis
1603 4573 1824 4625 tantum
1850 4569 1909 4626 in

254 4661 438 4712 morte
460 4656 748 4712 reddatur.
780 4656 1023 4712 Caeteros
1061 4661 1248 4712 autem
1275 4655 1362 4726 (de
1383 4657 1540 4712 Cons.
1570 4657 1712 4713 dist.
1756 4655 1806 4727 4,
1845 4673 1903 4714 c.

252 4747 362 4800 Eos
392 4747 569 4815 quos),
596 4745 653 4800 id
680 4750 767 4801 est
803 4745 1046 4802 clericos
1069 4745 1189 4801 sive
1229 4746 1555 4813 monachos,
1585 4747 1669 4802 vel
1709 4761 1912 4804 mona-

249 4834 414 4903 chas,
465 4848 565 4890 seu
605 4834 802 4901 laicas,
854 4834 1163 4906 utriusque
1203 4849 1372 4892 sexus
1424 4849 1712 4906 personas,
1770 4851 1914 4908 quos

248 4922 532 4978 violentia
557 4928 614 4979 et
661 4923 918 4994 periculo
956 4928 1182 4981 coactos
1227 4925 1589 4981 iterationem
1639 4925 1911 4996 baptismi

249 5011 485 5068 subisse
500 5014 848 5082 constiterit,
875 5014 960 5070 vel
993 5014 1093 5086 qui
1120 5013 1317 5085 aliquo
1350 5020 1667 5071 commento
1711 5029 1770 5071 se
1797 5015 1914 5071 hu—

243 5101 508 5173 jusmodi
560 5100 836 5159 facinoris
867 5103 1109 5160 maculis
1155 5103 1413 5160 dixerint
1446 5117 1558 5160 non
1604 5104 1911 5175 teneri;in

250 5191 596 5263 paenitentia
635 5205 734 5262 per
789 5193 1104 5249 triennium
1151 5193 1363 5249 durare
1412 5193 1690 5262 decernit,
1734 5200 1791 5250 et
1820 5208 1918 5264 per

247 5294 462 5337 manus
509 5281 935 5352 impositionem
975 5283 1044 5338 ad
1099 5282 1428 5339 societatem
1487 5283 1666 5353 recipi
1719 5296 1917 5340 sacra—

252 5370 458 5441 menti,
491 5370 593 5426 illo
625 5384 722 5440 per
747 5371 940 5427 omnia
985 5377 1228 5441 servato,
1276 5377 1340 5428 ut
1385 5384 1548 5428 nemo
1596 5385 1790 5428 eorum
1845 5373 1914 5428 ad

250 5460 708 5518 ecclesiasticam
741 5461 1011 5518 militiam
1043 5463 1412 5532 permittatur
1440 5461 1724 5518 accedere.
1765 5462 1913 5520 lllud

252 5552 430 5608 etiam
480 5551 726 5606 maxime
753 5551 1065 5608 cavendum
1098 5551 1378 5621 instituit,
1413 5565 1482 5608 ne
1527 5551 1660 5621 quis
1683 5552 1916 5621 episco-

328 5653 353 5680 ι
375 5639 740 5711 DeGlycerio
769 5640 899 5696 vide
927 5642 1128 5697 Baron.
1157 5641 1224 5696 ad
1261 5653 1394 5697 ann.
1422 5641 1648 5698 Domin.
1682 5636 1805 5696 474.

2023 4565 2206 4622 fectus
2235 4565 2486 4620 remedio
2511 4563 2861 4634 providetur.

2094 4657 2251 4725 Item,
2279 4653 2580 4724 prohibuit
2604 4659 2666 4709 ut
2687 4653 2746 4708 in
2773 4651 3134 4722 baptizandis
3154 4647 3679 4721 consignandisque

2023 4743 2292 4800 ﬁdelibus
2340 4742 2498 4799 nulla
2546 4743 2726 4813 pretia
2764 4743 3072 4815 exigantur
3120 4739 3193 4812 (4,
3225 4756 3280 4812 q.
3335 4735 3385 4810 4,
3415 4753 3463 4794 c.
3494 4739 3682 4808 Bapti-

2022 4833 2254 4904 zandis),
2278 4836 2353 4902 et,
2379 4831 2428 4886 si
2454 4831 2554 4902 qui
2581 4831 2686 4886 hoc
2707 4836 3060 4901 perpetrasse
3082 4826 3677 4898 fuerintdeprehensi,

2025 4921 2246 4994 proprii
2271 4920 2508 4977 honoris
2530 4919 2850 4990 periculum
2873 4919 3302 4976 suntsubituri.
3329 4922 3466 4975 item
3478 4916 3678 4988 jussit,

2024 5019 2088 5067 ut
2130 5009 2442 5082 presbyteri
2478 5010 2705 5065 modum
2748 5007 3004 5064 debitum
3059 5014 3285 5064 servent
3316 5006 3472 5080 (dist.
3505 5007 3597 5080 95,
3626 5021 3676 5062 c.

2025 5099 2408 5172 Presbyteros),
2441 5098 2726 5168 videlicet,
2762 5110 2874 5154 non
2922 5097 3174 5154 chrisma
3209 5099 3536 5168 conﬁciant,
3566 5112 3677 5154 non

2027 5190 2386 5262 consignent.
2416 5201 2518 5244 nec
2544 5193 2820 5258 praesente
2841 5187 3102 5259 quolibet
3125 5189 3414 5260 episcopo,
3449 5186 3561 5243 nisi
3589 5187 3678 5254 ju-

2029 5279 2272 5336 beantur
2317 5277 2388 5334 ab
2449 5278 2594 5348 ipso,
2642 5277 2727 5334 vel
2769 5291 2935 5334 orare
2984 5278 3070 5334 vel
3103 5279 3299 5336 sedere
3332 5280 3676 5347 praesumant

2031 5385 2133 5427 nec
2166 5368 2492 5440 acolythum
2524 5380 2624 5424 nec
2650 5367 3068 5425 subdiaconum
3117 5367 3356 5423 faciant.
3392 5364 3676 5418 Diaconos

2027 5461 2198 5518 etiam
2221 5458 2374 5531 (dist.
2408 5456 2498 5529 93,
2531 5474 2580 5516 c.
2603 5458 2887 5533 Diaconos)
2917 5472 3077 5516 suam
3103 5466 3422 5512 mensuram
3450 5465 3676 5509 servare

2031 5550 2318 5622 praecepit,
2344 5549 2587 5621 scilicet,
2622 5557 2684 5608 ut
2707 5549 2923 5620 absque
2946 5548 3212 5618 episc0po
3233 5541 3318 5599 vel
3349 5540 3674 5612 presbytero
