4082 6168
408 297 537 360 4244

1181 305 1472 364 ΑΡΡΕΝΙ).
1514 305 1609 364 ΑΙ)
1643 306 1804 364 ΒᾸΞΟ.
1842 307 1938 364 IX.
1977 335 2051 348 -
2083 304 2452 364 .AUCTORES
2501 306 2670 364 ΑΝΝΙ
2711 307 3008 365 INCERTI.

3669 307 3810 368 4242

406 425 693 498 baptizare
717 447 828 490 non
849 437 1118 504 audeant,
1148 439 1262 496 nisi
1294 442 1387 498 his
1408 442 1572 514 longe
1597 440 1932 498 constitutis
1959 451 2043 494 ne-
2079 432 2136 496 A
2163 440 2382 493 ctorum
2415 439 2644 494 nomine
2694 438 2910 511 absque
2964 445 3242 511 praecepto
3293 440 3451 498 sedis
3479 439 3808 511 apostolica

405 519 644 577 cessitas
671 528 921 581 extrema
941 530 1275 598 compellat:
1307 532 1456 602 quod
1485 537 1539 587 et
1567 530 1733 586 laicis
1757 529 2051 586 Christia-

409 610 502 668 nis
542 610 724 670 facere
777 615 1114 689 plerumque
1143 621 1494 677 conceditur.
1539 623 1694 690 Item,
1753 620 2052 690 prohibuit

409 711 478 755 ne
518 700 628 770 ipsi
678 703 735 758 in
789 705 1138 776 presbyterio
1171 709 1421 776 sedeant,
1467 714 1566 765 aut
1593 709 1737 766 sacri
1793 710 2052 779 corporis

410 792 878 862 praerOgationem
901 795 1008 851 sub
1027 803 1330 866 conspectu
1353 799 1605 869 episcOpi
1630 799 1710 854 vel
1738 799 2050 869 presbyteri

401 879 500 946 jus
530 879 772 938 habeant
817 887 1136 955 exercendi,
1172 887 1304 943 licet
1357 889 1448 942 his
1489 887 1842 944 absentibus.
1891 891 2049 958 Item,

404 967 553 1023 dicit
580 969 1018 1046 observantiam,
1061 991 1229 1046 quam
1269 978 1429 1034 sedes
1467 979 1779 1048 apostolica
1827 978 1920 1048 pio
1949 978 2058 1033 de—

405 1064 652 1129 votoque
686 1065 977 1133 pr0posito
1025 1072 1213 1123 tenere
1237 1070 1430 1124 studet
1475 1070 1562 1139 (de
1608 1069 1762 1124 Cons.
1821 1069 1956 1124 dist.
2001 1065 2051 1136 4,

405 1161 452 1202 c.
503 1151 806 1226 Basilicas).
866 1168 986 1212 eam
1042 1171 1383 1228 quemquam
1435 1159 1767 1228 pontiﬁcum
1823 1159 1908 1215 vel
1957 1172 2055 1214 se—

407 1240 707 1309 quentium
739 1245 1028 1315 ordinum,
1071 1247 1319 1303 refutare
1351 1249 1653 1320 indignum
1694 1255 1797 1305 est.

476 1329 633 1397 Item,
661 1331 824 1400 jubet
853 1334 1250 1392 ordinationes
1282 1337 1740 1408 presbyterorum
1767 1342 1823 1395 et
1850 1339 2054 1394 diaco-

408 1429 609 1475 norum
642 1434 750 1476 non
779 1422 899 1478 fieri
935 1425 1046 1480 nisi
1072 1427 1245 1481 certis
1274 1427 1480 1484 diebus
1507 1429 1671 1494 (dist.
1701 1425 1793 1498 75,
1825 1441 1871 1482 c.
1909 1427 2050 1498 fin.),

409 1505 464 1562 id
497 1513 602 1577 est,
627 1512 817 1580 quarti
845 1517 901 1568 et
927 1514 1155 1583 septimi
1183 1521 1239 1570 et
1266 1517 1474 1572 decimi
1500 1518 1712 1574 mensis
1722 1517 1964 1587 jejunio,
1997 1521 2054 1572 et

405 1598 575 1653 etiam
610 1599 668 1655 in
700 1602 1160 1673 Quadragesimae
1191 1607 1382 1677 initio,
1417 1613 1470 1662 et
1506 1609 1765 1663 mediana
1798 1609 2056 1678 quadra-

407 1688 667 1756 gesimali
721 1690 815 1746 die
861 1691 1089 1748 Sabbati
1148 1695 1300 1750 circa
1353 1710 1639 1766 vesperam
1687 1695 2055 1752 celebrandas

405 1789 527 1832 esse
556 1781 819 1836 sancivit.
855 1783 1120 1854 Virgines
1153 1792 1339 1840 autem
1383 1762 1488 1856 (‘26,
1541 1800 1595 1857 (ι.
1642 1785 1690 1856 4,
1725 1802 1772 1842 c.
1825 1786 2052 1858 Devotis)
2081 1762 2133 1824 Β

407 1866 520 1921 nisi
550 1869 606 1924 in
623 1871 966 1942 Epiphania,
990 1879 1090 1929 aut
1110 1873 1274 1931 Albis
1295 1876 1689 1947 Paschalibus,
1713 1882 1815 1933 aut
1834 1881 2053 1946 aposto-

406 1954 592 2013 lorum
621 1961 907 2017 natalitiis
926 1962 1112 2019 velare
1135 1965 1453 2036 prohibuit,
1482 1965 1597 2021 nisi
1622 1967 1758 2036 ipsa:
1782 1965 2055 2037 languore

406 2054 678 2119 correptae
702 2050 1027 2121 implorent,
1064 2067 1132 2110 ne
1161 2055 1230 2110 de
1256 2055 1358 2111 hoc
1391 2055 1601 2112 saeculo
1631 2057 1758 2112 sine
1789 2056 1893 2112 hoc
1921 2070 2056 2112 mu-

406 2150 538 2193 nere
580 2145 800 2196 exeant.
833 2142 1138 2198 Prohibuit
1181 2145 1352 2200 etiam
1390 2146 1539 2216 quod
1577 2159 1678 2201 nec
1715 2146 1913 2202 divina
1942 2159 2055 2202 au-

404 2228 644 2284 ctoritas
672 2230 904 2302 delegit,
947 2247 1048 2290 nec
1088 2232 1268 2290 forma
1317 2249 1596 2291 canonum
1634 2235 1964 2306 praestituit,
1998 2241 2054 2291 et

407 2315 487 2370 ita
508 2317 595 2372 eis
618 2318 1004 2376 ecclesiastica
1026 2330 1162 2378 sunt
1187 2323 1480 2380 inferenda
1507 2325 1794 2395 priesidia,
1817 2331 1880 2380 ut
1902 2325 2050 2380 nihil

405 2407 802 2464 committatur
831 2409 1126 2466 illicitum.
1158 2414 1315 2484 Item,
1353 2414 1514 2484 jubet
1547 2411 1702 2484 (dist.
1749 2411 1838 2483 54,
1880 2428 1928 2468 c.
1960 2413 2054 2468 Ge-

405 2494 647 2564 neralis).
681 2509 750 2551 ne
771 2497 904 2568 quis
928 2500 1254 2571 episcopus,
1286 2503 1595 2573 presbyter,
1625 2508 1726 2558 aut
1749 2503 2048 2573 diaconus,

403 2583 701 2653 autaliqui
720 2599 936 2656 eorum,
962 2590 1062 2659 qui
1080 2592 1445 2647 monasteriis
1460 2606 1695 2660 praeesse
1713 2597 2049 2662 noscuntur,

407 2681 626 2725 servum
644 2677 745 2728 aut
765 2675 1146 2745 originarium
1167 2680 1498 2734 nolentibus
1516 2680 1769 2736 dominis
1788 2679 2050 2750 retineat,

402 2759 804 2817 ecclesiasticae
827 2765 1118 2828 servituti,
1150 2768 1234 2822 vel
1269 2768 1562 2839 religiosis
1586 2769 2055 2840 congregationi-

403 2845 512 2901 bus
532 2850 801 2920 applicet,
830 2853 942 2906 nisi
969 2854 1334 2911 dominorum
1357 2857 1651 2912 voluntate
1672 2857 1782 2913 sub
1801 2858 2053 2913 testimo-

405 2934 502 2990 nlo
528 2938 832 3007 scripturae
868 2940 1031 3010 prius
1069 2943 1477 3014 absolvantur;
1517 2945 1781 3016 alioquin
1828 2947 2049 3017 proprii

403 3023 640 3081 honoris
671 3028 991 3096 periculum
1038 3045 1097 3087 se
1123 3033 1421 3090 subituros
1446 3049 1568 3091 esse
1593 3049 1704 3091 non
1736 3035 2047 3107 ambigant.

2163 528 2576 595 praesumebant
2601 542 2826 586 sacrare
2863 529 2947 600 (de
2977 531 3131 585 Cons.
3160 532 3214 587 d.
3273 531 3322 594 4,
3345 547 3395 587 c.
3430 533 3508 585 De
3530 529 3804 600 locorum).

2161 615 2317 684 Quod
2350 618 2476 673 ideo
2511 617 2667 690 facit,
2697 619 2833 690 quia
2866 621 3030 678 multi
3068 636 3133 677 eo
3167 622 3224 678 in
3260 628 3512 691 tempore
3546 621 3721 676 etiam
3751 621 3807 675 in

2165 706 2394 761 nomine
2421 706 2738 762 inﬁdelium
2759 709 3158 766 defunctorum
3190 710 3653 766 constructiones
3682 709 3812 763 :edi-

2167 793 2431 864 tlcabant,
2464 801 2520 850 et
2551 798 2735 853 sacris
2760 799 3227 868 processionibus
3251 800 3522 856 audacter
3553 798 3813 854 institue—

2167 883 2322 939 bant.
2362 887 2514 957 Item,
2549 887 2711 943 valde
2739 890 2952 960 arguit,
2982 894 3038 945 et
3065 889 3291 946 duriter
3322 890 3598 959 increpat,
3625 893 3680 943 et
3703 885 3810 943 sub

2167 975 2404 1032 honoris
2435 977 2652 1048 pr0prii
2675 979 2980 1050 dispendio
3001 981 3189 1050 jacere
3217 979 3459 1035 aﬂirmat
3489 979 3810 1034 sacerdotes

2168 1064 2302 1121 illos
2358 1066 2458 1137 qui
2507 1065 2750 1124 feminas
2796 1070 2977 1126 sacris
3022 1069 3306 1126 altaribus
3355 1070 3709 1139 ministrare,
3756 1073 3812 1122 et

2164 1160 2390 1226 cuncta,
2425 1170 2550 1226 quae
2580 1171 2690 1213 non
2723 1159 2835 1214 nisi
2864 1159 3118 1215 virorum
3147 1156 3448 1214 famulatui
3479 1163 3620 1214 sunt
3643 1158 3808 1226 depu-

2165 1247 2300 1312 tata,
2334 1258 2554 1316 sexum,
2586 1246 2680 1302 cui
2726 1261 2836 1304 non
2873 1248 3162 1318 competit,
3217 1247 3485 1304 exhibere
3511 1246 3737 1302 faciunt
3761 1252 3814 1301 et

2164 1333 2523 1401 permittunt.
2581 1337 2734 1403 Item,
2785 1336 2967 1407 jubet,
3001 1342 3114 1392 tam
3163 1337 3234 1393 de
3273 1337 3502 1393 redditu
3534 1349 3708 1406 quam
3747 1335 3813 1390 de

2162 1421 2452 1479 oblatione
2479 1423 2734 1481 ﬁdelium
2755 1461 2765 1469 -
2785 1433 3033 1497 quatuor
3059 1427 3180 1482 ﬁeri
3212 1426 3502 1496 portiones
3526 1423 3636 1495 (42,
3670 1441 3722 1496 q.
3759 1423 3810 1492 2,

2161 1524 2210 1566 c.
2246 1511 2541 1584 Quatuor);
2573 1528 2816 1585 quarum
2849 1530 2960 1572 una
2987 1517 3065 1572 sit
3093 1517 3398 1586 pontificis,
3424 1516 3606 1571 altera
3637 1515 3816 1570 cleri—

2162 1613 2380 1670 corum,
2421 1603 2590 1658 tertia
2623 1617 2955 1675 pauperum,
2990 1611 3191 1677 quarta
3230 1604 3468 1661 fabricis
3491 1611 3580 1660 est
3621 1603 3816 1674 appli-

2162 1691 2362 1756 canda,
2389 1696 2444 1746 et
2477 1692 2620 1748 hanc
2654 1693 2789 1749 huic
2821 1695 2976 1764 operi
3009 1696 3288 1751 veraciter
3317 1701 3689 1766 praerogatam
3727 1695 3816 1749 lo—

2163 1793 2359 1836 corum
2409 1781 2609 1837 doceat
2677 1783 3023 1840 instauratio
3088 1789 3416 1840 sanctorum
3473 1782 3811 1838 manifesta:

2163 1871 2293 1938 quia
2315 1872 2470 1938 nefas
2495 1876 2592 1933 est,
2637 1874 2687 1926 si
2707 1875 2879 1928 sacris
2925 1875 3131 1928 aedibus
3180 1875 3473 1943 destitutis,
3498 1875 3557 1926 in
3606 1874 3817 1926 lucrum

2161 1973 2319 2012 suum
2359 1962 2569 2028 praesul
2591 1963 2871 2032 impendia
2906 1963 2990 2018 his
3039 1963 3325 2032 designata
3373 1967 3672 2017 convertat.
3719 1965 3818 2032 Ip-

2161 2061 2278 2102 sam
2333 2049 2689 2105 nihilominus
2745 2054 3040 2122 ascriptum
3099 2053 3430 2123 pauperibus
3485 2053 3816 2121 portionem,

2161 2140 2410 2206 quamvis
2442 2139 2646 2195 divinis
2676 2142 2983 2195 rationibus
3019 2157 3076 2196 se
3105 2142 3446 2212 dispensasse
3475 2144 3820 2195 monstratu-

2159 2241 2255 2280 rus
2279 2243 2390 2282 esse
2417 2229 2704 2295 videatur;
2741 2234 2919 2284 tamen
2948 2235 3152 2300 oportet
3181 2233 3342 2284 etiam
3377 2233 3644 2300 presenti
3663 2231 3821 2283 testi—

2159 2317 2408 2384 ﬁcatione
2427 2318 2742 2387 praedicari,
2788 2324 2838 2373 et
2869 2320 3018 2373 bona
3045 2322 3207 2386 fama?
3243 2321 3530 2388 praeconiis
3573 2334 3684 2372 non
3731 2323 3821 2371 ta-

2163 2408 2292 2460 ceri.
2327 2408 2414 2475 Et,
2449 2421 2518 2462 ne
2549 2407 2650 2463 illa
2681 2422 2808 2478 qua:
2827 2409 3180 2479 praemiserat
3210 2409 3598 2480 negligantur,
3626 2406 3822 2463 subin-

2167 2493 2310 2550 fert:
2368 2497 2477 2551 Nec
2532 2498 2847 2551 clericorum
2890 2501 3181 2568 quisquam
3230 2496 3302 2568 (2,
3363 2514 3419 2568 q.
3467 2496 3522 2565 2,
3574 2512 3627 2552 c.
3681 2498 3823 2563 Qua-

2159 2587 2402 2654 prOpter)
2433 2601 2488 2640 se
2515 2585 2680 2655 hujus
2706 2588 2922 2656 offensa
2948 2590 3203 2655 futurum
3232 2587 3468 2657 conﬁdat
3497 2590 3814 2654 immunem,

2163 2675 2213 2726 si
2227 2675 2285 2727 in
2307 2675 2498 2744 hisque
2515 2676 2812 2731 salubriter
2823 2677 3096 2747 sequenda
3109 2678 3559 2748 deprompsimus,
3580 2680 3695 2732 sive
3715 2679 3823 2746 epi-

2166 2778 2404 2833 scopum,
2455 2765 2566 2819 sive
2609 2767 3008 2834 presbyterum,
3073 2769 3185 2821 sive
3261 2767 3550 2820 diaconum
3619 2767 3820 2819 viderit

2162 2851 2517 2917 excedentem,
2559 2857 2608 2908 si
2635 2871 2742 2909 non
2763 2857 3020 2925 protinus
3044 2857 3119 2910 ad
3151 2871 3312 2910 aures
3350 2861 3566 2910 nostras
3608 2856 3821 2923 deferre

2161 2945 2453 3006 curaverit,
2494 2945 2913 3014 probationibus
2965 2947 3241 3001 duntamat
3264 2951 3624 3016 competenter
3651 2947 3822 3000 adhi—

2164 3031 2309 3094 bitis,
2351 3037 2413 3087 ut
2433 3037 2852 3106 transgressoris
2897 3036 3032 3090 ultio
3052 3040 3168 3107 ﬁat,
3202 3041 3251 3090 et
3278 3038 3482 3091 ceteris
3507 3036 3821 3091 interdictio

477 3115 633 3186 Item,
676 3117 746 3174 de
786 3119 1026 3176 Clericis
1054 3119 1162 3193 (44,
1195 3139 1249 3194 q.
1289 3121 1340 3193 4,
1371 3139 1417 3180 c.
1467 3125 1702 3195 Clerici),
1727 3125 1828 3197 qui
1873 3139 2054 3197 nego—
2082 3108 2131 3174 Ο
2163 3122 2540 3192 delinquendi.

407 3204 753 3263 tiationibus
781 3208 1101 3281 imminent,
1133 3213 1316 3270 dicit:
1351 3216 1588 3270 Proinde
1617 3217 1932 3285 hujusmodi
1957 3221 2054 3270 aut

404 3293 480 3346 ad
502 3295 751 3363 indignis
773 3299 996 3366 posthac
1022 3304 1317 3369 questibus
1357 3307 1604 3359 noverint
1645 3305 2048 3373 abstinendum,

405 3383 546 3437 etab
567 3386 815 3442 omnibus
853 3391 1144 3457 cujuslibet
1177 3395 1560 3460 negotiationis
1601 3397 1858 3462 ingeniis,
1892 3395 2053 3463 cupi-

405 3469 682 3542 ditateque
706 3479 1046 3543 cessandum,
1087 3483 1261 3534 autin
1300 3498 1619 3552 quocunque
1670 3483 1850 3552 gradu
1883 3483 2054 3553 positi

404 3562 534 3622 sint,
574 3579 700 3617 mea:
747 3582 781 3618 a
833 3567 1175 3622 clericalibus
1227 3573 1424 3639 ofﬁciis
1459 3573 1728 3626 abstinere
1767 3577 2047 3640 cogantur.

405 3654 562 3721 Item,
593 3653 738 3709 dicit
772 3654 894 3711 illis
919 3654 1072 3726 (dist.
1103 3656 1194 3727 35,
1227 3673 1274 3714 c.
1313 3661 1489 3730 Usque
1509 3661 1662 3731 adeo)
1700 3661 1799 3731 qui
1835 3662 2053 3716 daemo-

407 3739 524 3794 niis
545 3741 796 3812 aliisque
815 3746 1182 3814 passionibus
1201 3749 1413 3803 irretiti
1433 3756 1586 3816 sunt,
1612 3750 1877 3819 mysteria
1890 3763 2049 3806 sacra

408 3835 650 3886 tractare
677 3845 787 3887 non
814 3832 1000 3889 liceat.
1035 3836 1169 3891 Illos
1206 3842 1418 3906 autem,
1452 3839 1551 3908 qui
1583 3852 1642 3893 se
1667 3839 1849 3895 sacris
1878 3841 2054 3912 virgi-

407 3916 579 3972 nibus
605 3923 812 3974 temere
838 3923 1086 3992 sociant,
1116 3929 1172 3978 et
1199 3930 1324 3994 post
1352 3925 1605 3982 dicatum
1635 3928 1748 3984 Deo
1781 3931 2050 3999 proposi-

405 4009 547 4074 tum,
575 4006 788 4062 incesta
820 4009 1211 4082 sacrilegaque
1242 4014 1482 4071 miscent
1507 4014 1735 4086 foedera,
1783 4019 2048 4087 protinus

404 4105 435 4146 a
467 4105 626 4150 sacra
651 4099 1054 4155 communione
1075 4100 1238 4169 jubet
1274 4103 1526 4176 detrudi,
1561 4113 1615 4161 et
1652 4107 1766 4163 nisi
1809 4121 1907 4176 per
1935 4123 2048 4178 pu—

406 4182 612 4238 blicam
655 4185 1061 4259 probatamque
1089 4191 1480 4260 paenitentiam
1512 4197 1746 4252 omnino
1800 4210 1910 4252 non
1954 4211 2049 4253 re—

405 4273 559 4344 cipi;
588 4275 682 4331 sed
709 4275 802 4332 his
831 4277 901 4333 de
940 4280 1147 4336 saeculo
1169 4283 1623 4346 transeuntibus.
1658 4286 1706 4340 si
1737 4291 1920 4341 tamen
1945 4301 2056 4356 pae-

2233 3213 2372 3274 Item
2403 3217 2462 3272 in
2485 3214 2729 3285 epistola
2756 3215 2974 3272 Siculis
3001 3215 3290 3286 episcopis
3312 3215 3602 3271 destinata
3642 3215 3814 3286 (epist.

2160 3304 2212 3377 2)
2231 3306 2432 3377 (dicit:
2493 3305 2792 3359 Praesulum
2846 3310 3151 3360 nostrorum
3196 3307 3469 3359 emanavit
3517 3308 3816 3359 auctoritas

2161 3394 2268 3472 (46,
2292 3410 2346 3465 q.
2376 3393 2429 3456 3,
2459 3408 2508 3449 c.
2556 3394 2896 3465 Prwsulum),
2941 3399 3002 3448 ut
3037 3394 3331 3460 facultates
3360 3395 3596 3448 ecclesiae
3625 3397 3817 3464 episco-

2158 3488 2219 3555 pi
2239 3485 2314 3538 ad
2342 3483 2634 3551 regendam
2680 3482 2913 3536 habeant
2947 3488 3304 3552 potestatem;
3331 3485 3411 3537 ita
3442 3488 3624 3537 tamen
3656 3489 3714 3536 ut
3747 3486 3817 3537 υε.

2162 3575 2418 3635 duarum,
2440 3571 2782 3642 pupillorum
2807 3575 2970 3641 atque
3000 3587 3331 3642 pauperum,
3358 3587 3567 3625 necnon
3587 3578 3640 3626 et
3671 3573 3816 3625 cleri-

2161 3678 2344 3717 corum
2369 3662 2643 3731 stipendia
2689 3662 3014 3716 distribuere
3058 3662 3310 3716 debeant.
3366 3661 3504 3717 Item
3534 3659 3813 3717 inferius:

2160 3752 2221 3807 Si
2264 3753 2555 3820 facultates
2602 3752 2852 3805 Ecclesiae
2883 3749 2991 3822 (43,
3022 3767 3075 3822 q.
3109 3749 3164 3814 2,
3208 3765 3256 3806 c.
3302 3751 3660 3820 Facultatcs),
3692 3767 3818 3805 nec-

2158 3857 2267 3896 non
2309 3846 2361 3895 et
2389 3841 2658 3902 diwceses,
2701 3855 2824 3910 qua
2856 3841 2926 3894 ab
2973 3841 3257 3910 aliquibus
3296 3840 3662 3910 possidentur
3697 3843 3815 3911 epi-

2157 3931 2350 3999 scopis,
2392 3929 2522 3998 jure
2551 3929 2658 3984 sibi
2701 3929 2997 3992 vindicent,
3040 3931 3185 3999 quod
3232 3930 3553 3984 tricennalis
3586 3931 3678 3984 lea:
3702 3947 3816 3984 eon-

2157 4020 2354 4073 clusit:
2401 4020 2534 4088 quia
2562 4021 2646 4072 ita
2689 4021 3080 4088 imperatorum
3125 4024 3344 4074 emanat
3385 4022 3714 4083 auctoritas,
3755 4026 3813 4073 ut

2159 4109 2308 4162 ultra
2328 4109 2556 4176 triginta
2587 4123 2756 4162 annos
2777 4109 2920 4162 nulli
2948 4107 3106 4164 liceat
3133 4124 3233 4178 pro
3263 4124 3320 4162 eo
3340 4108 3647 4178 appellare,
3674 4110 3814 4179 quod

2163 4198 2336 4265 legum
2361 4201 2569 4267 tempus
2590 4198 2842 4251 exclusit.

2233 4286 2381 4341 Idem
2411 4297 2552 4355 papa
2578 4284 2825 4340 breviter
2867 4285 3180 4356 adnotavit,
3211 4287 3350 4358 quid
3392 4287 3462 4342 de
3488 4286 3817 4356 Scripturis

408 4363 710 4432 nituerint,
731 4366 1015 4425 Viaticum
1036 4371 1286 4428 dandum
1302 4386 1424 4428 esse
1441 4374 1741 4428 concessit.
1765 4375 2054 4432 Secundas
2084 4440 2124 4447 _
2161 4375 2379 4430 divinis
2421 4373 2705 4430 catholica
2740 4374 2992 4430 Ecclesia
3017 4375 3318 4446 suscipiat,
3351 4383 3406 4431 et
3448 4377 3589 4447 quid
3634 4378 3819 4432 vitare

407 4455 640 4524 nuptias
660 4456 828 4512 Iaicis
855 4458 1085 4528 quidem
1117 4473 1227 4515 non
1257 4466 1453 4532 negat:
1484 4462 1551 4516 ad
1575 4462 1841 4518 clericale
1862 4466 2054 4520 venire
2084 4440 2135 4500 Ι)
2161 4463 2378 4520 debeat.
2409 4465 2477 4519 Et
2503 4464 2573 4519 de
2604 4464 2788 4520 Veteri
2828 4440 3194 4520 Testamento
3223 4440 3404 4521 dicit:
3456 4440 3703 4522 Genesis
3739 4467 3820 4522 n-

405 4545 710 4618 collegium
726 4549 949 4604 eosdem
968 4550 1197 4618 penitus
1213 4556 1378 4605 vetat.
1399 4552 1553 4621 Item,
1577 4552 1752 4608 dicit:
1772 4553 2053 4625 Quisquis

409 4637 694 4704 prOpriam
728 4638 1035 4693 Ecclesiam
1061 4639 1348 4709 deserens,
1377 4639 1444 4694 ad
1477 4641 1673 4712 aliam,
1706 4643 1890 4699 nullis
1918 4645 2050 4699 exi-

406 4724 693 4780 stentibus
717 4726 928 4796 causis,
961 4727 1247 4796 putaverit
1265 4731 1696 4799 transeundum,
1731 4737 2052 4803 temereque

407 4809 584 4866 fuerit
609 4819 909 4882 susceptus
929 4821 984 4869 et
1014 4821 1340 4884 promotus;
1363 4819 1447 4874 vel
1474 4819 1612 4891 ipse,
1649 4820 1732 4876 vel
1756 4826 2053 4891 susceptor

406 4900 549 4969 ejus,
603 4901 1036 4959 reverendorum
1093 4917 1373 4962 canonum
1418 4915 1590 4979 atque
1638 4916 2048 4980 praceptorum

405 4990 720 5046 constituta
770 5006 879 5048 non
923 4993 1174 5065 effugiet,
1223 5011 1348 5066 qua:
1394 4997 1464 5053 de
1513 5000 1842 5068 hujusmodi
1900 5015 2051 5071 pra:-

407 5080 802 5150 sumptoribus
855 5083 1143 5152 praefixere
1217 5087 1508 5143 servanda.
1581 5091 1739 5160 Item,
1803 5088 2047 5146 inferius

403 5169 584 5225 dicit:
621 5170 760 5235 Quos
791 5175 1092 5227 constiterit
1128 5175 1382 5242 indignos
1410 5179 1618 5233 meritis
1646 5194 1858 5233 sacram
1897 5195 2048 5232 mer—

403 5266 548 5315 catos
577 5276 689 5315 esse
721 5263 898 5330 pretio
928 5264 1271 5331 dignitatem,
1303 5269 1568 5322 convictos
1610 5273 1816 5336 oportet
1845 5271 2042 5338 arceri,

402 5365 509 5404 non
533 5352 651 5405 sine
670 5352 915 5421 periculo
937 5355 1158 5420 facinus
1191 5355 1299 5409 tale
1325 5362 1716 5425 perpetrantes,
1759 5359 1891 5426 quia
1916 5357 2049 5412 dan-

404 5443 504 5494 tem
556 5442 720 5495 simul
757 5445 807 5495 et
856 5443 1201 5512 accipientem
1249 5445 1530 5498 damnatio
1576 5443 1830 5508 Simonis,
1884 5461 2048 5515 quam

401 5544 559 5583 sacra
585 5531 737 5585 lectio
762 5535 1013 5601 testatur,
1046 5531 1438 5601 involvit(Act.
1471 5534 1616 5602 νηί).

473 5617 633 5688 Item,
672 5619 868 5688 arguit
905 5633 1002 5676 eos
1043 5621 1144 5690 qui
1177 5633 1350 5676 novas
1385 5619 1656 5677 basilicas
1695 5621 1803 5679 sub
1831 5622 2047 5680 defun—

2161 4552 2326 4608 brum
2375 4567 2572 4620 unum,
2606 4553 2784 4608 Exodi
2833 4552 3046 4608 librum
3088 4567 3286 4624 unum,
3321 4554 3557 4610 Levitici
3596 4554 3813 4610 librum

2163 4656 2362 4712 unum,
2396 4641 2629 4697 Numeri
2656 4641 2871 4698 librum
2904 4656 3105 4711 unum,
3132 4643 3560 4698 Deuteronomii
3598 4644 3816 4699 librum

2164 4745 2361 4803 unum,
2391 4733 2521 4787 Jesu
2573 4733 2722 4787 Nave
2766 4731 2977 4789 librum
3035 4746 3231 4802 unum,
3282 4734 3549 4790 Judicum
3597 4734 3815 4790 librum

2164 4834 2360 4892 unum,
2395 4820 2543 4878 Ruth
2578 4821 2791 4877 librum
2839 4835 3038 4890 unum,
3086 4823 3298 4894 Regum
3331 4822 3512 4879 libros
3537 4831 3812 4894 quatuor,

2159 4911 2628 4981 Paralipomenon
2680 4910 2861 4968 libros
2925 4913 3094 4982 duos,
3166 4912 3518 4969 Psalmorum
3595 4913 3812 4968 librum

2159 5013 2358 5070 unum,
2389 4999 2708 5056 Salomonis
2741 4999 2919 5056 libros
2954 5005 3088 5072 tres,
3133 5001 3570 5057 Proverbiorum
3605 5001 3711 5057 lib.
3761 5001 3813 5069 4,

2154 5089 2580 5146 Ecclesiasticis
2605 5089 2838 5156 librum,
2875 5087 2925 5158 4,
2953 5089 3184 5145 Cantica
3202 5090 3560 5146 canticorum
3595 5090 3810 5146 librum

2160 5174 2210 5248 4,
2240 5177 2544 5247 Sapientiae
2577 5177 2786 5234 librum
2816 5175 2865 5246 4,
2901 5177 3287 5234 Ecclesiastici
3318 5177 3529 5234 librum
3561 5177 3613 5245 4,
3651 5180 3812 5234 Isaia:

2158 5267 2371 5323 librum
2393 5262 2441 5335 4,
2471 5267 2725 5322 Jeremiaa
2749 5266 2848 5320 lib.
2878 5265 2927 5334 4,
2957 5267 3272 5323 Ezechielis
3301 5267 3513 5323 librum
3543 5265 3593 5336 4,
3613 5269 3815 5323 Danie~

2159 5356 2235 5413 Iis
2265 5355 2478 5410 librum
2527 5353 2576 5423 4,
2625 5355 2765 5410 Osee
2793 5354 3007 5411 librum
3035 5353 3086 5425 4,
3127 5355 3298 5412 Amos
3329 5355 3433 5412 lib.
3479 5353 3528 5424 4,
3559 5357 3812 5412 Micbm

2157 5443 2370 5500 librum
2405 5441 2456 5512 4,
2481 5443 2656 5500 Joelis
2678 5443 2892 5500 Ilbrum
2921 5440 2969 5512 4,
2993 5443 3446 5515 Abdiazlibrum,
3485 5443 3533 5515 4,
3562 5447 3721 5502 tona:
3748 5446 3812 5502 li-

2155 5534 2320 5590 brum
2361 5530 2409 5601 4,
2449 5534 2672 5590 Nahum
2705 5533 2919 5591 librum
2963 5531 3012 5604 4,
3058 5533 3318 5591 Habacuc
3345 5535 3558 5592 librum
3615 5533 3664 5606 4,
3700 5538 3812 5593 So—

2157 5622 2612 5694 phonitelibrum
2637 5619 3120 5695 4,Aggaailibrum
3141 5621 3190 5691 4,
3214 5624 3736 5682 Zachariaelibrum
3761 5624 3809 5688 4,
