4046 6182
265 334 410 396 4243

1128 335 1386 396 PSEUDO
1418 316 1848 393 LUITPRANDI
1887 333 2010 391 LIB.
2054 335 2145 391 DE
2188 336 2362 393 vms
2399 335 2568 393 non.
2619 336 2816 394 rom.

3536 333 3679 395 4244

267 459 562 517 Malachiae
619 458 836 515 librum
892 458 914 515 4
961 478 975 530 ;
1028 460 1405 518 historiarum
1457 467 1590 516 vero
1639 462 1917 526 veterum,
1948 454 2008 515 A
2032 456 2246 516 librum
2276 460 2348 516 de
2379 459 2625 517 Infantia
2653 460 2984 532 Salvatoris,
3011 465 3066 518 et
3089 462 3159 518 de
3188 460 3501 518 Nativitate
3529 461 3676 531 ejus,

263 550 366 606 Job
394 549 610 605 librum
655 547 707 621 4,
738 549 927 605 Tobiae
968 549 1182 608 librum
1222 549 1273 621 4,
1304 551 1497 608 Esdra:
1546 545 1730 606 libros
1753 549 1919 616 duos,

266 640 473 696 Esther
518 637 734 695 librum
782 637 831 710 4,
875 640 1076 696 Judith
1121 640 1334 698 librum
1368 637 1417 710 4,
1475 638 1923 696 Macbabaaorum

267 729 452 786 libros
476 729 643 785 duos.
690 731 768 786 De
809 730 1129 801 Scripturis
1158 736 1346 788 autem
1391 731 1534 788 Novi
1580 726 1923 786 Testamenti

268 819 479 889 recipit
499 819 937 890 Evangeliorum
963 820 1145 877 libros
1165 820 1484 888 IMatthazi,
1519 819 1715 889 Marci,
1740 820 1925 887 Lucae,

264 915 323 965 et
351 910 589 966 Joannis
619 930 636 974 ;
671 910 803 964 item
830 910 1009 966 Actus
1037 912 1424 980 apostolorum
1459 911 1673 967 librum
1705 923 1918 966 unum:

266 999 559 1069 Epistolas
622 1012 754 1054 vero
816 999 976 1055 Pauli
1031 1001 1488 1070 quatuordecim,
1551 998 1924 1070 Apocalypsis

263 1089 506 1144 Joannis
546 1088 762 1145 librum
816 1103 1038 1161 unum;
1094 1091 1227 1145 item
1281 1090 1587 1146 canonicas
1638 1088 1924 1159 Epistolas

265 1184 506 1248 septem,
558 1179 708 1233 Petri
740 1179 986 1248 apostoli
1031 1179 1196 1251 duas,
1224 1179 1417 1236 Jacobi
1459 1193 1653 1250 unam,
1685 1178 1924 1235 Joannis

268 1273 408 1336 tres,
440 1267 596 1323 Judae
625 1267 834 1324 Zelotis
853 1268 1099 1338 apostoli
1125 1282 1315 1326 unam.

343 1359 478 1412 Item
509 1361 701 1412 sancta
724 1357 974 1412 Romana
999 1357 1251 1414 Ecclesia
1278 1371 1389 1413 non
1417 1356 1684 1428 prohibet
1702 1355 1923 1426 suscipi

268 1451 527 1500 sanctam
559 1446 838 1515 synodum
862 1447 1167 1516 Nicaanam,
1203 1447 1264 1501 in
1295 1460 1406 1518 qua
1425 1445 1598 1502 Arius
1622 1447 1927 1502 damnatus

268 1541 399 1591 est:
458 1540 709 1590 sanctam
768 1536 1045 1606 synodum
1099 1529 1812 1605 Constantinopolitanam,
1865 1535 1925 1589 in

270 1639 388 1694 qua
421 1624 791 1679 Macedonius
820 1624 953 1680 item
985 1625 1289 1680 damnatus
1321 1628 1440 1680 est:
1471 1631 1528 1680 et
1560 1623 1923 1693 Ephesinam,

2033 554 2088 604 et
2116 549 2186 605 de
2227 551 2406 607 Maria
2435 551 2518 607 vel
2571 551 2878 608 obstetrice
2904 569 2920 622 ;
2951 557 3005 606 et
3053 552 3288 622 librum,
3319 552 3419 622 qui
3459 551 3681 607 dicitur

2033 638 2323 710 Pastoris;
2355 646 2410 696 et
2441 640 2575 696 illos
2604 640 2805 698 libros.
2853 654 2995 712 quos
3036 639 3171 695 fecit
3214 642 3487 709 Leutius;
3519 646 3575 696 et
3600 639 3682 694 il-

2034 727 2154 783 lum
2172 728 2407 798 librum,
2431 731 2532 801 qui
2555 730 2775 788 dicitur
2793 730 3242 786 Fundamentum
3264 749 3279 799 ;
3298 736 3354 785 et
3370 730 3470 801 qui
3496 728 3683 800 appel-

2035 817 2189 873 latur
2233 819 2601 890 Thesaurus;
2651 825 2706 876 et
2749 820 2963 877 librum
3007 820 3077 876 de
3107 818 3366 874 Filiabus
3414 819 3581 888 Adae;
3626 825 3680 874 et

2031 905 2211 962 Actus
2233 908 2452 964 Thecla:
2470 914 2528 965 et
2557 909 2717 966 Pauli
2739 908 3024 979 apostoli;
3067 914 3120 964 et
3154 907 3366 964 librum
3395 907 3494 977 qui
3525 907 3684 962 dici-

2035 1002 2131 1052 tur
2158 999 2415 1068 Nepotis,
2447 1003 2504 1055 et
2531 998 2745 1055 librum
2777 997 3238 1068 Proverbiorum,
3272 996 3417 1053 Sixti
3452 996 3684 1052 nomine

2035 1093 2444 1159 praenotatum;
2490 1095 2546 1146 et
2600 1089 3038 1159 Revelationem,
3095 1101 3222 1158 qua:
3268 1087 3490 1143 dicitur
3518 1086 3681 1142 Pauli

2031 1177 2312 1246 apostoli;
2363 1184 2418 1234 et
2445 1178 2623 1242 illam,
2675 1192 2801 1248 qua:
2831 1177 3051 1233 dicitur
3088 1177 3350 1238 Thomm;
3395 1181 3452 1232 et
3501 1174 3681 1247 illam,

2033 1279 2159 1335 quae
2209 1265 2430 1324 dicitur
2470 1267 2779 1337 Stephani:
2835 1266 2990 1334 item,
3043 1265 3258 1320 librum
3310 1263 3412 1334 qui
3465 1262 3686 1320 dicitur

2029 1352 2350 1423 Transitus,
2380 1355 2436 1412 id
2468 1361 2554 1411 est
2581 1355 2901 1425 assumptio
2928 1356 2982 1411 S.
3017 1354 3242 1422 Mariae;
3275 1359 3332 1408 et
3370 1351 3586 1408 librum
3615 1352 3687 1407 de

2033 1442 2375 1500 Paenitentia
2401 1445 2532 1500 Adae
2556 1463 2568 1499 :
2594 1451 2650 1499 et
2669 1446 2739 1500 de
2763 1444 2906 1517 Ogia
2936 1443 3202 1515 gigante;
3229 1448 3286 1498 et
3315 1442 3551 1511 librum,
3581 1439 3684 1510 qui

2034 1533 2253 1588 dicitur
2303 1534 2723 1590 Testamentum
2763 1534 2903 1602 Job;
2953 1541 3010 1589 et
3056 1534 3292 1600 librum,
3337 1532 3436 1602 qui
3469 1531 3688 1586 dicitur

2035 1622 2377 1678 Pmnitentia
2423 1623 2618 1678 Jamne
2646 1628 2703 1678 et
2745 1622 3028 1692 Mambre;
3059 1628 3114 1678 et
3155 1621 3253 1692 qui
3282 1621 3502 1676 dicitur
3529 1620 3688 1674 Iuda:

274 1715 336 1768 in
370 1727 482 1784 qua
511 1713 812 1769 Nestorius
851 1714 1155 1769 damnatus
1184 1718 1302 1769 est:
1351 1721 1408 1770 et
1431 1713 1924 1783 Calcedonensem,
1963 1781 1998 1784 _
2035 1711 2316 1781 apostoli;
2349 1711 2521 1782 etqui
2549 1711 2769 1767 dicitur
2793 1724 3038 1768 canones
3059 1710 3447 1780 apastolorum
3472 1726 3487 1778 ;
3511 1713 3566 1762 et
3585 1706 3686 1778 qui

271 1804 337 1860 in
368 1781 480 1873 qua
506 1802 844 1858 Nestoriana
874 1807 928 1858 et
953 1803 1307 1873 Eutychiana
1339 1803 1574 1858 haeresis
1594 1802 1768 1859 simul
1795 1781 1925 1858 cum
1963 1781 2011 1842 Β
2035 1799 2257 1856 dicitur
2275 1781 2872 1868 Sortesapostolorum
2897 1819 2909 1854 :
2933 1805 2991 1855 et
3012 1799 3111 1869 qui
3138 1797 3359 1854 dicitur
3382 1795 3690 1867 Physiolo—

270 1891 549 1948 Dioscoro
584 1892 822 1961 ejusque
866 1890 1248 1960 complicibus
1277 1891 1556 1947 damnata:
1603 1895 1758 1958 sunt,
1791 1895 1849 1946 et
1877 1889 1926 1946 si

271 1995 387 2052 qua
422 1984 558 2038 sunt
581 1995 614 2036 a
644 1981 860 2037 sanctis
887 1980 1154 2037 Patribus
1181 1981 1429 2038 concilia
1463 1981 1738 2037 hactenus
1764 1979 1930 2036 insti-

272 2075 422 2140 tuta,
449 2075 574 2140 post
613 2069 856 2126 istorum
880 2073 1126 2140 quatuor
1161 2070 1559 2126 auctoritatem
1590 2068 1846 2125 custodit
1874 2072 1930 2124 et

275 2160 502 2230 recipit.
538 2160 662 2215 Haec
699 2159 871 2214 etiam
915 2159 1192 2228 opuscula
1232 2163 1558 2236 sanctorum
1607 2161 1834 2215 Patrum
1869 2158 1929 2213 in

279 2249 532 2305 Ecclesia
577 2249 986 2318 recipiuntur:
1031 2247 1321 2317 Opuscula
1363 2248 1605 2318 Caecilii,
1655 2247 1928 2318 Cypriani

280 2338 550 2408 martyris
589 2343 647 2394 et
691 2337 968 2408 episcopi,
1019 2337 1281 2409 GrEgorii
1332 2337 1692 2406 Nazianzeni,
1726 2336 1923 2392 Basilii

281 2428 675 2498 Cappadoceni
707 2427 985 2498 episcopi,
1012 2427 1314 2483 Athanasii
1341 2426 1738 2494 Alexandrini,
1771 2427 1932 2482 Joan-

280 2518 377 2573 nis
396 2515 1048 2585 Constantinopolitani,
1067 2514 1370 2586 Theophili
1393 2515 1790 2585 Alexandrini,
1819 2515 1934 2584 Cy-

284 2606 409 2663 rilli
434 2605 829 2675 Alexandrini,
861 2605 1486 2675 Hilarii-Pictaviensis,
1509 2605 1797 2661 Ambrosii
1828 2605 1934 2660 Me-

279 2695 660 2762 diolanensis,
691 2694 1001 2766 Augustini
1025 2693 1426 2764 Hipponensis,
1455 2694 1781 2764 Hieronymi
1816 2707 1936 2764 pre-

281 2785 523 2856 sbyteri,
546 2785 828 2856 Prosperi,
854 2783 1056 2840 Leonis
1077 2797 1233 2856 papre
1249 2783 1490 2854 epistola
1511 2783 1580 2840 ad
1603 2783 1932 2839 Flavianum

281 2876 617 2946 episcopum
659 2875 945 2931 destinata
980 2886 1009 2916 α
1033 2916 1048 2944 ,
1075 2862 1276 2930 contra
1307 2873 1475 2942 cujus
1506 2877 1722 2930 textum
1766 2873 1937 2943 quis-

285 2964 441 3035 piam
474 2964 524 3019 si
559 2977 739 3035 nsque
767 2964 835 3020 ad
870 2977 1046 3020 unum
1076 2963 1190 3018 iota
1220 2962 1559 3032 disputavit,
1594 2965 1650 3017 et
1675 2975 1788 3017 non
1813 2974 1936 3018 eam

283 3053 691 3109 venerabiliter
715 3052 989 3122 suscepit,
1022 3052 1325 3108 anathema
1345 3051 1441 3107 sit.
1466 3053 1624 3121 Item,
1658 3049 1937 3120 opuscula

2038 1904 2163 1961 gus,
2198 1887 2268 1944 ab
2308 1888 2595 1944 haereticis
2633 1888 3015 1958 conscriptus,
3071 1892 3128 1942 et
3158 1888 3214 1940 Β.
3268 1885 3559 1941 Ambrosii
3590 1897 3688 1939 no-

2039 1978 2193 2034 mine
2218 1977 2518 2049 signatus;
2550 1982 2606 2034 et
2644 1977 2954 2033 Historiam
2994 1975 3228 2032 Eusebii
3273 1973 3560 2044 Pamphili
3590 1991 3602 2027 :
3636 1977 3692 2027 et

2037 2066 2327 2138 Opuscula
2374 2067 2738 2136 Tertulliani,
2790 2071 2846 2122 et
2893 2065 3198 2135 Lactantii,
3230 2068 3286 2120 et
3326 2062 3606 2131 Africani,
3634 2065 3690 2116 et

2037 2156 2460 2227 Posthumiani,
2507 2162 2561 2211 et
2584 2155 2758 2226 Galli,
2799 2160 2856 2211 et
2894 2154 3168 2222 Montani,
3202 2157 3259 2208 et
3304 2149 3606 2220 Priscillae,
3634 2153 3691 2205 et

2038 2245 2390 2316 Maximillae,
2417 2250 2474 2300 et
2506 2245 2701 2301 Fausti
2742 2243 3066 2313 Manichaai,
3099 2248 3154 2298 et
3185 2238 3600 2304 Commodiani,
3635 2243 3693 2295 et

2038 2335 2280 2391 alterius
2307 2334 2614 2390 Clementis
2637 2333 3034 2402 Alexandrini,
3061 2336 3118 2388 et
3153 2329 3357 2387 Tharsi
3393 2327 3690 2400 Cypriani,

2039 2431 2096 2480 et
2118 2423 2382 2494 Arnobii,
2417 2428 2472 2480 et
2499 2424 2732 2494 Thonii,
2760 2428 2817 2480 et
2839 2421 3099 2478 Cassiani
3131 2419 3444 2491 presbyteri
3465 2417 3693 2474 Gallia-

2043 2528 2190 2581 rum,
2219 2519 2273 2569 et
2322 2514 2607 2570 Victorini
2648 2512 3025 2569 Pictaviensis
3063 2510 3340 2582 episcopi,
3393 2512 3448 2564 et
3495 2506 3690 2562 Fausti

2041 2604 2340 2674 Regiensis
2359 2604 2701 2672 Galliarum,
2734 2608 2790 2659 et
2808 2601 3167 2660 Frumentini
3195 2601 3370 2667 caeci;
3409 2596 3696 2654 Contende

2043 2691 2104 2762 [f.
2175 2691 2488 2748 Comment.
2547 2689 2636 2765 de]
2687 2692 2956 2761 Christo;
3011 2696 3067 2746 et
3105 2687 3408 2758 epistolam
3445 2687 3576 2740 Jesu
3623 2682 3693 2738 ad

2043 2780 2385 2852 Abagarum.
2446 2785 2502 2837 et
2553 2779 2799 2851 Abagari
2857 2780 2927 2835 ad
2975 2781 3212 2834 Jesum:
3270 2781 3326 2832 et
3372 2775 3694 2845 passionem

2044 2869 2293 2940 Quirici,
2324 2869 2562 2941 Julittaa,
2593 2874 2650 2925 et
2689 2868 2954 2940 Georgii:
2978 2873 3035 2924 et
3059 2866 3406 2936 scripturam
3433 2876 3558 2934 quae
3589 2875 3699 2931 ap-

2049 2960 2294 3029 pellatur
2322 2959 2644 3015 Salomonis
2664 2957 3046 3015 contradictio
3069 2974 3083 3026 ;
3109 2953 3462 3026 phylacteria
3482 2950 3694 3020 omnia,

2047 3062 2174 3118 qua:
2205 3061 2316 3104 non
2339 3047 2695 3120 angelorum,
2724 3047 2820 3103 sed
2851 3047 3172 3102 daemonum
3203 3042 3538 3100 nominibus
3569 3053 3701 3096 con-

285 3148 346 3199 et
376 3148 651 3199 tractatus
681 3109 937 3200 omnium
970 3110 1199 3199 Patrum
1231 3109 1713 3210 orthodoxorum,
1743 3140 1841 3211 qui
1877 3140 1936 3194 in
1969 3109 2019 3175 Ο
2047 3109 2257 3206 scripta
2292 3109 2446 3192 sunt.

289 3232 452 3288 nullo
470 3246 503 3289 a
528 3237 722 3288 sancta
747 3234 995 3289 Romana
1026 3231 1277 3288 Ecclesia
1299 3229 1672 3298 deviaverint,
1702 3228 1938 3301 legenda

288 3321 561 3377 decrevit.

363 3413 520 3480 Item,
564 3409 877 3466 decretales
919 3409 1212 3480 epistolas,
1250 3421 1391 3479 quas
1428 3407 1669 3463 Romani
1698 3405 1941 3478 pontiﬁ—

289 3512 386 3554 ces
415 3499 810 3569 scripserunt;
841 3499 994 3568 item,
1031 3502 1357 3554 sanctorum
1403 3502 1714 3567 martyrum
1760 3501 1936 3568 gesta.

290 3589 395 3644 Sed
429 3589 685 3659 quaedam
717 3602 914 3644 eorum
949 3588 1076 3644 ideo
1111 3601 1143 3642 a
1172 3587 1424 3642 Romana
1454 3593 1807 3656 respuuntur
1830 3587 1944 3641 Ec—

293 3678 490 3749 clesia,
539 3678 675 3748 quia
719 3691 915 3733 eorum
966 3678 1066 3748 qui
1121 3676 1403 3746 scripsere
1453 3675 1685 3731 nomina
1713 3675 1945 3745 penitus

295 3769 653 3840 ignorantur.
702 3769 837 3823 Item
885 3767 1040 3822 Vitas
1068 3768 1295 3822 Patrum
1326 3765 1488 3821 Pauli
1519 3769 1575 3821 et
1597 3764 1858 3835 Antonii,
1890 3769 1945 3819 et

293 3857 553 3913 omnium
596 3857 962 3912 eremitarum
990 3875 1004 3923 ;
1037 3871 1178 3926 quas
1215 3861 1404 3910 tamen
1435 3856 1524 3910 vir
1573 3854 1943 3910 beatissimus

291 3946 606 4016 descripsit
651 3945 1047 4016 Hieronymus.
1095 3947 1253 4013 Item,
1307 3944 1482 4000 Actus
1525 3942 1785 3999 Silvestri
1838 3956 1945 4011 pa—

297 4050 400 4106 pae,
447 4035 582 4091 licet
629 4035 932 4105 scriptoris
973 4047 1174 4090 nomen
1219 4034 1532 4106 ignoretur.
1590 4034 1751 4102 Item,
1791 4031 1946 4088 scri—

297 4130 523 4194 pturam
551 4124 620 4179 de
648 4123 980 4179 Inventione
1019 4125 1227 4178 sanctae
1251 4122 1462 4191 crucis,
1509 4127 1564 4176 et
1591 4121 1765 4176 aliam
1793 4120 1946 4176 scri—

297 4219 524 4284 pturam
556 4214 625 4268 de
657 4212 984 4269 Inventione
1013 4211 1225 4281 capitis
1247 4210 1481 4267 Joannis
1513 4210 1778 4280 Baptistae
1810 4209 1948 4266 reci-

300 4303 539 4374 piendas
588 4315 734 4372 esse,
786 4308 842 4357 et
891 4315 1019 4357 cum
1073 4300 1295 4356 cautela
1340 4299 1621 4372 legendas.
1669 4301 1828 4369 Item,
1879 4297 1948 4352 de

295 4391 506 4448 Ruﬁno
530 4398 584 4446 et
627 4390 870 4463 Origene
901 4391 980 4446 ita
1030 4390 1332 4458 sentimus,
1379 4389 1534 4444 sicut
1569 4389 1948 4458 Hieronymus

2117 3228 2262 3296 Haec,
2287 3229 2340 3281 et
2382 3225 2475 3280 his
2499 3223 2738 3292 similia,
2786 3237 2910 3294 qua:
2953 3222 3198 3278 docuere
3237 3219 3432 3275 Simon
3478 3219 3696 3286 Magus,

2046 3315 2338 3384 Nicolaus,
2391 3314 2720 3383 Cerinthus,
2783 3312 3055 3380 Marcion,
3131 3309 3430 3376 Basilides,
3488 3303 3695 3372 Ebion,

2048 3405 2261 3460 Paulus
2290 3404 2459 3460 etiam
2490 3403 2914 3471 Samosatenus,
2941 3400 3223 3456 Photinus
3254 3403 3310 3454 et
3331 3399 3607 3463 Bonosus,
3641 3397 3700 3448 et

2052 3493 2150 3564 qui
2175 3493 2355 3549 simili
2381 3505 2572 3548 errore
2590 3488 2954 3546 defecerunt:
2989 3490 3292 3544 Montanus
3322 3495 3548 3556 quoque
3568 3493 3697 3537 cum

2051 3583 2179 3640 suis
2207 3580 2640 3638 obscenissimis
2661 3578 3043 3650 sequacibus;
3075 3573 3451 3645 Apollinaris,
3491 3569 3702 3626 Valen—

2053 3672 2232 3736 tinus,
2281 3671 2401 3725 sive
2439 3668 2806 3738 Manichaaus,
2855 3667 3118 3736 Faustus,
3156 3663 3460 3730 Sabellius,
3503 3658 3698 3726 Arius,

2055 3760 2439 3829 Macedonius,
2489 3758 2826 3826 Eunomius,
2872 3758 3144 3825 Novatus,
3186 3751 3474 3819 Sabatius,
3518 3745 3702 3803 Calli—

2055 3858 2199 3918 stus,
2249 3851 2523 3918 Donatus,
2555 3846 2922 3915 Eustachius,
2953 3844 3256 3914 Jubianus,
3301 3838 3567 3910 Pelagius
3596 3837 3705 3890 .lu—

2055 3940 2248 3996 lianus
2269 3938 2604 4008 Edanensis,
2626 3936 2988 3997 Caelestinus,
3023 3930 3425 3998 Maximianus,
3461 3924 3704 3982 Priscil—

2055 4029 2266 4096 lianus,
2313 4027 2610 4082 Nestorius
2647 4023 3341 4094 Constantinopolitanus,
3370 4017 3703 4074 Dioscorus.

2055 4116 2358 4188 Eutyches,
2406 4115 2627 4183 Petrus,
2673 4120 2731 4170 et
2771 4114 2924 4170 alius
2974 4114 3213 4181 Petrus;
3247 4123 3278 4166 e
3307 4106 3522 4178 quibus
3556 4116 3708 4160 unus

2054 4203 2480 4272 Alexandriam,
2513 4201 2667 4257 alius
2694 4201 3064 4278 Antiochiam.
3094 4197 3434 4255 maculavit:
3471 4193 3708 4249 Acatius

2055 4290 2728 4362 Constantinopolitanus
2748 4304 2878 4346 cum
2909 4288 3278 4346 consortibus
3302 4286 3426 4343 suis
3450 4303 3462 4338 :
3490 4294 3705 4338 necnon

2057 4390 2114 4440 et
2170 4395 2365 4440 omnes
2411 4382 2669 4450 hzereses,
2701 4393 2846 4449 quas
2898 4377 3009 4447 ipsi
3055 4387 3368 4444 eorumque
3401 4367 3705 4439 discipuli,

296 4481 371 4536 de
399 4480 547 4550 ipsis
592 4462 775 4536 sensit
806 4486 862 4535 et
904 4479 1140 4536 notavit.
1183 4478 1528 4534 Chronicum
1560 4476 1792 4533 Eusebii
1823 4477 1949 4531 Caa—
1982 4486 2034 4546 Ι)
2059 4473 2178 4529 sive
2199 4469 2578 4540 schismatici,
2601 4470 2938 4530 docuerunt,
2963 4464 3047 4522 vel
3070 4462 3710 4550 conscripserunt,quo-

297 4569 600 4640 sariensis,
641 4576 696 4623 et
729 4569 980 4637 ejusdem
1022 4567 1434 4623 Ecclesiasticze
1465 4565 1730 4621 Historia:
1770 4564 1951 4620 libros

302 4665 534 4730 propter
551 4657 900 4730 singularem
926 4656 1188 4712 notitiam
1205 4669 1315 4712 non
1331 4667 1741 4726 usquequaque
1754 4653 1951 4710 Eccle—

299 4748 390 4804 sia
415 4747 637 4818 ahjicit.
671 4749 808 4803 Item
835 4746 1025 4804 Orosii
1051 4745 1353 4802 historiam
1382 4745 1596 4814 laudat,
1619 4751 1675 4800 et
1696 4758 1842 4814 opus
1860 4744 1956 4798 Se-

298 4837 456 4893 dulii
479 4842 534 4892 et
556 4836 810 4894 Juvenci.

377 4929 489 4982 Ista
513 4931 727 4997 autem,
752 4940 877 4998 qua:
903 4927 1246 4995 sequuntur,
1285 4922 1609 4993 apocrypha
1634 4934 1757 4977 esse
1785 4919 1952 4991 dicit,

2065 4576 2188 4620 rum
2221 4561 2451 4617 nomina
2493 4559 2729 4614 minime
2767 4555 3110 4624 retinentur,
3160 4565 3274 4608 non
3300 4549 3487 4606 solum
3533 4558 3712 4622 repu-

2059 4652 2237 4722 diata,
2269 4663 2465 4704 verum
2497 4649 2668 4703 etiam
2710 4646 2781 4702 ab
2822 4645 2974 4700 omni
3008 4641 3293 4699 catholica
3319 4639 3578 4694 Romana
3598 4635 3711 4689 Eo—

2061 4739 2234 4796 clesia
2259 4736 2575 4805 eliminata,
2608 4740 2780 4806 atque
2801 4748 2930 4791 cum
2961 4732 3086 4790 suis
3105 4727 3465 4796 auctoribus,
3499 4729 3707 4780 aucto—
3747 4736 3758 4746 ·

2065 4840 2307 4898 rumque
2358 4825 2720 4895 sequacibus,
2772 4823 2880 4880 sub
2947 4820 3334 4879 anathematis
3406 4811 3713 4872 insolubili

2063 4915 2295 4972 vinculo
2350 4913 2656 4971 conﬁtetur
2715 4913 3026 4984 praedictus
3079 4923 3222 4982 papa
3274 4906 3546 4964 Gelasius
3594 4915 3717 4959 esse

297 5019 358 5070 et
387 5016 619 5086 penitus
651 5015 1000 5085 respuenda:
1035 5016 1094 5068 In
1139 5012 1343 5083 primis
1387 5010 1808 5067 Ariminensem
1854 5024 1955 5079 sy—
2064 5006 2348 5061 damnata.

298 5104 552 5173 nodum;
584 5105 738 5171 item,
764 5102 1130 5160 ltinerarium
1156 5101 1309 5158 Petri
1339 5099 1606 5171 apostoli,
1637 5099 1787 5170 quod
1813 5098 1958 5154 dici-

295 5203 399 5252 tur
421 5194 768 5263 Clementis;
794 5193 970 5249 Actus
994 5191 1231 5247 Andreae
1259 5190 1526 5261 apostoli,
1554 5188 1780 5245 Thoma:
1808 5202 1954 5258 apo—-

295 5284 464 5354 stoli,
506 5284 654 5340 Petri
682 5282 953 5354 apostoli,
985 5281 1240 5352 Philippi
1280 5279 1547 5351 apostoli,
1581 5278 1951 5350 Evangelium

293 5373 532 5429 'I‘hadzei
558 5371 826 5443 apostoli,
878 5375 935 5427 et
961 5369 1155 5426 Jacobi
1208 5369 1468 5434 Minoris,
1503 5374 1558 5432 et
1600 5367 1866 5423 Barnaba:
1897 5371 1952 5422 et

294 5464 532 5519 Thoma:
574 5468 630 5519 et
673 5460 1092 5527 Bartholomaai,
1124 5463 1178 5516 et
1222 5458 1494 5528 Andreae;
1525 5462 1582 5513 et
1626 5456 1950 5528 Evangelia,

301 5567 433 5624 qua:
482 5549 1051 5620 falsavitLucianus,
1103 5552 1158 5604 et
1201 5561 1326 5618 qua:
1374 5544 1603 5602 falsavit
1643 5544 1953 5615 Ysithius;

2141 5092 2408 5148 Gelasius
2455 5090 2764 5161 praedictus
2794 5103 2937 5160 papa
2959 5087 3036 5160 (an
3074 5093 3212 5144 tomo
3248 5089 3314 5144 de
3344 5082 3712 5141 anathematis

2067 5181 2314 5253 Vincula)
2358 5180 2536 5236 multa
2586 5178 3010 5236 rationabiliter
3043 5179 3205 5249 ponit
3243 5175 3444 5236 contra
3478 5186 3572 5229 eos
3615 5167 3713 5238 qui

2061 5273 2264 5329 dicunt
2321 5269 2606 5326 hominem
2645 5269 3026 5325 anathematis
3081 5268 3315 5326 vinculo
3379 5261 3712 5320 innodatum

2056 5363 2173 5433 jam
2195 5360 2337 5418 solvi
2360 5373 2542 5430 posse,
2565 5359 2700 5431 quia
2727 5359 3040 5417 insolubile
3061 5365 3117 5416 et
3143 5361 3476 5430 perpetuum
3492 5353 3578 5404 est
3598 5347 3721 5402 vin'

2063 5451 2258 5509 culum
2300 5449 2707 5520 anathematis,
2771 5449 2850 5507 ita
2893 5449 3043 5506 inter
3095 5451 3296 5503 caetera
3334 5441 3565 5499 dicens:
3613 5435 3718 5502 Qui

2064 5545 2126 5597 in
2172 5556 2352 5595 errore
2393 5543 2544 5608 sunt,
2595 5541 2865 5596 sententia
2905 5538 3104 5596 erroris
3163 5532 3408 5588 obstricti
3448 5532 3575 5584 sant
3607 5545 3623 5582 :
3667 5534 3717 5583 et

375 5651 398 5678 ι
424 5643 504 5698 De
535 5641 680 5698 hanc
710 5641 769 5696 Β.
793 5639 998 5698 Leonis
1027 5637 1264 5710 epistolt
1293 5636 1420 5692 vlde
1448 5634 1854 5692 Covarruviam
1885 5633 1989 5691 lib.
2019 5646 2074 5689 IV
2107 5630 2350 5702 Variar.,
2384 5644 2434 5685 c.
2470 5626 2555 5699 46,
2591 5641 2645 5685 n.
2667 5627 2721 5685 6.
