4046 6182
370 300 512 362 4245
1151 298 1443 357 APPEND.
1482 296 1578 356 AD
1612 294 1773 355 sae.
1815 293 1915 353 1x.
1952 321 2027 337 —
2059 289 2419 365 morosus
2454 293 2630 355 ANNI
2667 296 2960 355 meum.
3649 296 3788 358 me

371 432 624 503 quandiu
649 433 711 488 in
727 447 785 489 eo
813 435 1057 495 manent,
1092 431 1407 488 nullatenus
1432 428 1671 485 absoluti
1699 430 1827 482 sunt
1849 443 1866 492 ;
1887 423 2028 479 sicut
2043 426 2104 488 Α
2121 416 2180 477 in
2207 423 2389 482 caelo:
2420 431 2478 485 et
2506 444 2633 501 qua
2664 431 2905 489 solveris
2930 445 3102 503 super
3127 434 3359 503 terram,
3396 428 3571 487 erunt
3595 425 3788 484 soluta

368 537 466 578 nec
492 525 607 595 ipse
635 539 806 591 error,
843 525 905 577 in
935 538 1040 593 quo
1085 527 1234 586 sunt,
1287 521 1621 577 absolvetur.
1657 520 1828 574 Error
1872 517 2017 569 enim
2126 512 2267 569 etin
2316 518 2457 575 cmlo
2485 517 2700 590 (Matth.
2743 522 2880 596 XVI).
2924 523 3100 594 Super
3132 527 3356 585 terram,
3403 521 3631 591 inquit:
3661 531 3791 571 nam

368 613 483 682 ipse
510 628 793 683 nunquam
820 613 1034 667 veniam
1056 614 1411 682 promeretur,
1434 609 1529 664 sed
1552 608 1650 678 qui
1672 622 1731 661 eo
1753 604 2019 661 veraciter
2124 600 2186 654 in
2215 601 2318 657 hac
2356 607 2622 676 legatione
2668 612 2988 679 defunctum
3031 627 3321 682 nunquam
3357 611 3504 666 diuit
3554 605 3788 674 absolvi,

370 704 626 766 caruerit,
658 706 823 772 atque
848 703 917 757 ab
956 702 1075 771 ejus
1094 701 1519 771 participatione
1546 696 1794 753 discedit.
1823 694 2019 761 Quan—
2126 688 2282 772 Quod
2309 710 2434 764 ergo
2476 715 2762 770 nunquam
2792 704 3004 770 factum
3040 706 3139 765 est,
3165 701 3251 756 vel
3294 704 3471 755 mente
3509 699 3791 766 concipa‘e

370 790 468 844 diu
514 761 638 860 ergo
680 761 832 847 error
861 794 923 847 in
1083 761 1180 855 est,
1222 761 1627 844 damnationem
1653 800 1810 842 suam
1851 786 2013 854 tenet,
2123 761 2508 862 fordimamus,
2571 761 2818 855 scientes,
2868 793 2933 846 in
2972 761 3158 846 divino
3201 788 3420 859 judicio
3476 804 3595 843 non
3634 761 3792 858 posse

368 883 419 935 et
437 896 721 951 nunquam
747 882 1068 943 absolvitur,
1095 881 1228 950 quia
1265 894 1417 934 error
1447 892 1655 947 semper
1670 890 1889 947 poenam
1914 888 2020 929 me-
2126 879 2349 947 penitus
2379 881 2650 935 excusari.
2679 879 2815 935 Item
2844 878 3122 937 inferius:
3151 880 3381 937 Nullum
3409 880 3500 945 fas
3529 880 3613 932 est
3637 876 3793 931 nobis

367 974 537 1024 retur.
566 972 866 1041 Participes
893 984 1018 1025 vero
1038 969 1177 1038 ejus,
1204 973 1302 1023 aut
1325 983 1533 1038 semper
1555 970 1685 1023 sunt
1708 966 1827 1034 ejus
1850 978 2025 1035 paena

364 1060 681 1129 participes,
710 1060 760 1113 si
789 1061 847 1113 in
878 1058 1057 1114 eodem
1098 1061 1352 1127 perstare
1379 1072 1489 1111 non
1514 1056 1810 1120 desinant;
1849 1057 1949 1108 aut
1975 1054 2025 1108 si

365 1148 436 1203 ab
461 1148 642 1203 eodem
692 1144 1047 1217 recesserunt,
1075 1150 1343 1216 quantum
1383 1146 1554 1200 alieni
1577 1145 1647 1199 ab
1685 1158 1864 1199 errore
1888 1144 2025 1212 facti

364 1241 511 1299 sunt,
538 1240 590 1291 et
632 1237 702 1291 ab
739 1237 858 1305 ejus
897 1237 1323 1307 participatione
1348 1235 1592 1298 discreti,
1634 1238 1851 1289 tantum
1890 1236 1942 1288 et
1987 1248 2023 1287 a

360 1341 525 1396 pana
576 1326 694 1395 ejus
747 1329 908 1380 erunt
949 1329 1333 1395 consequenter
1368 1325 1560 1379 alieni.
1615 1323 1845 1378 Erranti
1881 1323 2025 1378 enim

306 1437 316 1447 ·
369 1415 478 1471 haec
507 1415 693 1471 eadem
729 1431 895 1486 plena
928 1418 1256 1487 prwﬁgitur,
1290 1413 1544 1485 quandiu
1587 1418 1771 1469 manet
1808 1425 2021 1475 errans,

369 1505 557 1559 eadem
580 1519 743 1574 plena
764 1506 1180 1573 constringitur,
1206 1506 1338 1573 quia
1363 1518 1554 1558 errans
1574 1517 1685 1557 non
1705 1505 1884 1574 potest
1912 1515 2025 1555 esse

366 1595 483 1649 sine
529 1609 711 1663 paena.
754 1594 987 1648 Erranti
1023 1593 1203 1663 [paena
1250 1589 1441 1667 errati]
1491 1593 1634 1647 enim
1680 1592 1789 1647 haec
1840 1590 2026 1646 eadem

358 1697 525 1752 pana
572 1685 837 1751 perpetua
880 1686 978 1745 est,
1027 1686 1078 1737 et
1119 1697 1403 1752 nunquam
1444 1682 1723 1744 solvenda,
1773 1681 2024 1751 quandiu

2134 982 2252 1023 cum
2291 968 2600 1025 hominibus
2623 971 2819 1026 alienae
2871 971 3265 1026 communionis
3315 971 3457 1024 inire
3495 971 3791 1030 certamen,

2133 1056 2323 1112 divina
2343 1058 2630 1129 Scriptura
2653 1064 2898 1116 monente
2930 1078 2943 1115 :
2971 1059 3310 1117 Haereticum
3338 1057 3638 1115 hominem
3671 1062 3795 1128 post

2136 1146 2378 1216 primam
2421 1152 2479 1203 et
2519 1150 2825 1206 secundam
2866 1149 3284 1220 correptionem
3313 1148 3507 1205 devita
3544 1146 3684 1217 (Tit.
3712 1147 3797 1216 III)

2134 1238 2329 1300 sciens,
2362 1239 2493 1308 quia
2521 1239 2837 1308 hujusmodi
2855 1240 3129 1310 delinquit
3163 1239 3340 1302 homo,
3378 1239 3683 1323 etproprio
3696 1238 3793 1306 ju-

2134 1328 2277 1383 dicio
2304 1329 2712 1385 condemnatur.
2752 1332 2909 1401 Item,
2954 1328 3201 1387 inferius
3233 1348 3247 1386 :
3285 1330 3513 1385 Remitti
3536 1329 3708 1398 culpa
3733 1328 3795 1382 de

2126 1421 2408 1489 praeterito
2428 1424 2626 1489 potest,
2654 1422 2981 1476 correctione
3022 1423 3140 1476 sine
3183 1421 3350 1475 dubio
3391 1420 3793 1489 subsequente:

2133 1523 2263 1562 nam
2289 1510 2340 1561 si
2368 1508 2618 1580 deinceps
2655 1512 2884 1579 ﬁngitur
2928 1505 3173 1584 [sinitur]
3216 1523 3486 1564 mansura
3518 1510 3794 1578 perversi-

2133 1600 2238 1661 tas,
2278 1612 2389 1652 non
2418 1602 2497 1653 est
2536 1599 2842 1668 benignitas
2883 1601 3227 1663 remittentis,
3273 1599 3370 1654 sed
3404 1599 3795 1653 consentientis

2134 1681 2435 1758 [assensio]
2459 1689 2831 1743 annuntiatio.

366 1785 559 1826 errans
598 1785 710 1826 esse
748 1772 1084 1840 perstiterit;
1115 1773 1247 1842 quia
1284 1773 1335 1826 si
1358 1786 1550 1826 errans
1579 1786 1690 1826 esse
1732 1770 2019 1836 destiterit,
2050 1778 2101 1841 Β
2203 1777 2361 1846 Item,
2395 1776 2704 1846 praedictus
2726 1790 2867 1848 papa
2899 1778 2958 1833 in
2979 1778 3243 1849 epistola,
3277 1791 3447 1849 quam
3479 1776 3794 1833 destinavit

359 1876 544 1931 poma,
577 1876 698 1930 qua
723 1863 934 1915 erranti
972 1865 1051 1916 est
1070 1864 1323 1931 praeﬁxa,
1348 1866 1618 1933 perpetua
1654 1876 1765 1915 non
1788 1863 2017 1924 erranti,

363 1950 427 2005 id
455 1954 552 2021 est,
582 1950 744 2004 alteri
765 1950 968 2023 effecto,
1003 1966 1169 2021 quam
1197 1953 1286 2006 cui
1319 1955 1551 2023 przﬁra
1580 1955 1678 2014 est,
1715 1966 1826 2005 non
1848 1951 2023 2006 solum

356 2044 535 2113 potest
574 2054 686 2095 esse
706 2045 991 2111 perpetua,
1020 2041 1115 2096 sed
1138 2041 1262 2111 jam
1289 2057 1386 2096 nec
1427 2056 1539 2098 esse
1574 2056 1778 2112 paena:
1809 2056 1922 2095 non
1945 2044 2024 2095 est

365 2129 509 2184 enim
545 2130 684 2199 ipse,
711 2131 801 2183 cui
840 2133 1075 2200 praeﬁxa
1112 2134 1224 2197 est;
1256 2132 1466 2185 erranti
1494 2132 1637 2185 enim
1659 2132 1893 2200 przﬁa'a
1921 2133 2019 2198 est,

363 2232 495 2282 non,
526 2233 637 2273 non
662 2221 890 2273 erranti.
924 2219 1054 2285 Qun
1081 2221 1226 2274 enim
1272 2222 1483 2275 erranti
1505 2223 1738 2291 prwﬁaza
1775 2223 1855 2275 est
1883 2235 2023 2290 per-

358 2313 530 2378 petua
555 2312 653 2371 est,
708 2312 760 2363 et
773 2313 1037 2379 perpetuo
1071 2311 1399 2379 constringit
1439 2314 1746 2375 errantem;
1777 2325 1887 2364 non
1927 2324 2023 2363 er-

363 2402 595 2460 rantem,
646 2413 755 2452 non
776 2401 957 2468 potest
987 2399 1112 2467 jam
1137 2402 1335 2454 tenere.
1371 2401 1509 2455 Item
1549 2399 1833 2457 inferius:
1867 2398 2023 2465 Quod

363 2490 425 2543 in
461 2487 650 2542 Acatii
696 2490 964 2543 sententia
992 2490 1398 2544 rationabiliter
1433 2489 1758 2545 intuendum
1800 2494 1913 2557 est;
1959 2493 2020 2546 in

364 2591 475 2645 qua
520 2577 571 2629 si
600 2576 804 2630 dictum
845 2581 943 2643 est,
974 2579 1272 2646 Nunquam
1313 2594 1368 2633 es
1391 2579 1777 2645 resolvendus;
1803 2593 1912 2633 non
1941 2582 2019 2633 est

362 2671 543 2722 tamen
597 2664 869 2733 adjectum
913 2667 1171 2721 :Etiamsi
1235 2668 1552 2736 resipueris,
1606 2669 1767 2722 etiam
1811 2667 1881 2721 ab
1924 2667 2020 2722 hoc

363 2769 546 2809 errore
573 2754 905 2817 discesseris,
933 2755 1096 2808 etiam
1141 2756 1192 2809 si
1225 2758 1622 2824 pravaricator
1648 2771 1759 2811 esse
1797 2756 2017 2811 destite-

362 2845 464 2897 ris.
509 2842 849 2911 Quapropter
893 2845 954 2895 in
996 2847 1183 2910 aperto
1218 2848 1297 2898 est
1341 2845 1423 2898 ita
1446 2844 1689 2899 dictum:
1718 2846 2015 2915 Nunquam

363 2930 691 2996 solvendus;
730 2930 827 2985 sed
845 2931 973 2985 talis
993 2931 1216 2995 scilicet,
1262 2933 1445 3002 qualis
1464 2938 1515 2988 et
1552 2934 1753 3003 ligatus
1782 2938 1881 2998 est,
1906 2951 2017 2991 non

362 3023 543 3074 autem
576 3018 706 3073 talis
743 3018 981 3089 effectus,
1023 3021 1165 3075 sicut
1192 3022 1395 3089 ligatus
1426 3018 1544 3095 [qui
1564 3025 1706 3078 sicut
1735 3023 2014 3094 ligandus]

2130 1863 2434 1922 Anastasio
2461 1866 2817 1938 imperatori,
2850 1865 3173 1939 dicit(dist.
3203 1865 3295 1937 95,
3321 1881 3373 1923 c.
3400 1864 3462 1939 2)
3484 1885 3498 1921 :
3522 1869 3647 1921 Duo
3666 1870 3793 1921 sum

2132 1957 2354 2024 quippe,
2400 1956 2695 2025 imperator
2731 1957 3002 2026 Auguste,
3044 1958 3244 2027 quibus
3274 1956 3672 2027 principaliter
3708 1956 3796 2010 hic

2130 2043 2371 2100 mundus
2393 2046 2605 2113 regitur
2632 2063 2650 2099 :
2699 2045 3019 2102 Auctoritas
3045 2061 3206 2103 sacra
3238 2047 3585 2116 pontiﬁcum,
3614 2049 3665 2100 et
3693 2060 3793 2098 re-

2130 2135 2273 2204 galis
2283 2138 2522 2205 potestas
2544 2150 2560 2202 ;
2577 2136 2638 2189 in
2655 2136 2856 2205 quibus
2872 2140 3026 2192 tanto
3042 2138 3269 2204 gravius
3284 2139 3362 2191 est
3370 2135 3597 2206 pondus
3620 2149 3795 2190 sacer-

2131 2223 2337 2286 dotum,
2372 2227 2578 2292 quanto
2627 2226 2792 2279 etiam
2832 2240 2937 2295 pro
2969 2225 3105 2295 ipsis
3141 2225 3361 2293 regibus
3404 2225 3689 2279 hominum
3733 2226 3794 2277 in

2131 2311 2319 2366 divino
2338 2315 2586 2368 ewamine
2606 2318 2732 2368 sunt
2751 2314 3028 2369 reddituri
3043 2317 3328 2369 rationem.
3350 2316 3551 2384 Impeti
3556 2319 3796 2385 possunt

2130 2402 2385 2457 humanis
2420 2404 2950 2476 praescriptionibus,
3006 2420 3129 2475 quae
3172 2405 3358 2459 divino
3400 2409 3530 2459 sunt
3566 2403 3795 2473 judicio

2129 2495 2460 2560 constituta;
2521 2495 2669 2548 vinci
2709 2498 2890 2551 autem
2942 2496 3305 2566 quorumlibet
3361 2498 3630 2566 potestate
3678 2508 3795 2547 non

2120 2586 2373 2652 possunt.
2410 2584 2542 2637 Item
2607 2586 2871 2654 scriptum
2900 2586 3112 2653 legisti:
3144 2605 3171 2638 α
3195 2585 3422 2640 Meliora
3466 2588 3600 2639 sunt
3620 2584 3795 2638 amici

2126 2670 2376 2738 vulnera,
2401 2686 2565 2741 quam
2588 2673 2802 2727 inimici
2828 2675 3013 2728 oscula
3043 2674 3222 2744 (Prov.
3261 2674 3467 2746 XXVII).
3514 2690 3542 2723 ι

2534 2762 2642 2818 LII.
2670 2792 2742 2803 -
2765 2763 2819 2820 S.
2864 2763 3282 2821 ANASTASIUS
3307 2766 3373 2820 II.

2632 2851 2817 2923 (Anno
2863 2853 3084 2910 Christi.
3137 2850 3285 2925 497.)

2197 2937 2557 3011 Anastasius,
2610 2942 2841 2999 natione
2901 2943 3209 3015 Romanus,
3266 2956 3333 3000 ex
3383 2948 3541 3014 patre
3591 2944 3795 3012 Petro,

2126 3028 2276 3085 sedit
2302 3042 2517 3086 annum
2571 3045 2772 3101 unum,
2806 3045 3028 3090 menses
3077 3033 3364 3103 undecim,
3395 3033 3517 3090 dies
3563 3033 3796 3104 viginti

362 3124 472 3163 non
502 3113 638 3175 erat,
680 3111 759 3163 sic
787 3109 1069 3165 absolutus
1103 3125 1215 3167 esse
1244 3102 1589 3167 docebatur:
1616 3115 1759 3168 sicut
1799 3114 2018 3170 carebat
2041 3114 2090 3179 C
2123 3117 2288 3175 duos.
2339 3120 2473 3176 Fuit
2498 3124 2689 3177 autem
2736 3121 3093 3193 temporibus
3116 3102 3453 3180 Theodorici
3478 3102 3653 3193 regis:
3680 3121 3801 3177 Hic

361 3198 690 3266 obligatione
736 3193 886 3271 [cum
939 3198 1318 3271 obligationis
1367 3199 1562 3276 causa]
1618 3204 1668 3257 si
1712 3217 1879 3258 causa
1915 3218 2019 3258 ca-

358 3289 580 3359 ruisset,
604 3290 683 3342 sic
710 3290 903 3358 utique
927 3290 1210 3345 absolutus
1232 3293 1502 3354 existeret,
1531 3297 1802 3362 quatenus
1827 3297 1878 3347 et
1901 3294 2017 3362 ipse

358 3393 467 3433 non
521 3379 836 3434 necessitate
888 3379 1048 3435 dicta
1098 3383 1379 3437 sententiae
1421 3382 1699 3437 videretur
1742 3383 2019 3453 quodam-

357 3467 513 3522 modo
553 3483 664 3523 non
699 3482 857 3545 posse
876 3468 1002 3536 jam
1028 3469 1183 3532 solvi,
1230 3485 1339 3525 non
1381 3466 1550 3546 [nam]
1584 3472 1713 3527 talis
1770 3472 2013 3543 effectus,

359 3561 410 3611 et
443 3557 772 3624 obligatione
815 3572 1005 3612 carens
1051 3561 1203 3629 ﬁeret
1231 3559 1534 3632 absolutus,
1586 3565 1638 3616 et
1686 3563 1833 3616 circa
1878 3564 2013 3617 tales

352 3650 587 3717 prwﬁrca
627 3647 898 3702 sententia
943 3647 1096 3701 nullo
1128 3648 1285 3703 modo
1324 3650 1633 3706 insolubilis
1675 3650 2011 3706 redderetur.

359 3736 466 3791 Sed
488 3737 623 3806 quia
648 3751 745 3790 nec
780 3736 898 3805 ipse
927 3737 1196 3804 quaesivit,
1225 3752 1322 3791 nec
1351 3753 1593 3807 quaerens
1627 3740 1871 3808 abjectus
1900 3743 2016 3812 ipse

358 3827 418 3878 in
459 3840 515 3878 se
552 3824 898 3879 insolubilem
946 3827 1079 3891 fecit
1101 3839 1213 3879 esse
1240 3827 1544 3890 scientiam,
1592 3830 1691 3898 qui
1719 3830 1846 3885 talis
1875 3847 2016 3902 per-

356 3928 575 3967 manere
606 3912 824 3979 delegit,
851 3912 1036 3981 qualis
1072 3914 1339 3968 veraciter
1364 3930 1474 3970 non
1498 3920 1676 3987 possit
1693 3919 1920 3991 absolvi,
1963 3925 2015 3977 et

353 4003 528 4057 voluit
555 4001 684 4056 talis
711 4002 875 4072 efﬁci,
913 4002 1061 4057 circa
1087 4003 1306 4072 qualem
1334 4004 1580 4074 effectum
1617 4024 1726 4063 non
1755 4010 1916 4066 habet
1937 4012 2016 4065 li-

355 4093 587 4147 centiam
621 4090 1004 4161 permanendi.
1047 4092 1185 4147 Item
1219 4092 1470 4152 inferius
1514 4099 1572 4152 in
1608 4098 1802 4155 eodem
1831 4101 2009 4158 dicit:

354 4182 594 4248 Inferior
631 4182 835 4250 quippe
863 4180 1016 4236 sedes
1049 4184 1314 4253 potiorem
1354 4186 1629 4243 absolvere
1673 4205 1783 4243 non
1814 4195 2007 4260 potest.

356 4271 485 4328 Sola
511 4285 634 4340 ergo
655 4272 835 4342 potior
865 4272 1183 4339 inferiorem
1210 4277 1587 4332 convenienter
1615 4278 1865 4335 absolvit.

428 4362 562 4417 Item
596 4360 657 4416 in
687 4360 1129 4419 commonitorio
1166 4364 1362 4421 Fausti
1395 4366 1656 4436 magistri
1702 4366 2011 4439 legationis

2126 3208 2417 3265 ordinavit
2444 3210 2743 3281 episcOpos
2771 3212 3038 3283 sedecim,
3069 3211 3424 3284 presbyteros
3450 3210 3796 3269 duodecim.

2124 3295 2286 3353 Obiit
2308 3302 2499 3355 autem
2525 3313 2622 3355 x1v
2648 3300 2882 3357 Kalend.
2908 3300 3251 3358 Decembris.
3277 3301 3381 3358 Hic
3419 3301 3479 3357 in
3504 3300 3791 3372 epistola,

2126 3400 2296 3457 quam
2344 3387 2649 3445 Anastasio
2699 3390 3029 3461 imperatori
3083 3391 3318 3464 direxit,
3375 3390 3521 3447 inter
3572 3395 3795 3447 cietera

2127 3475 2345 3549 probat,
2376 3490 2494 3547 eos,
2529 3493 2673 3549 quos
2713 3478 2959 3536 Aeacius
2995 3480 3326 3552 baptizavit,
3357 3480 3444 3537 vel
3485 3479 3800 3537 ordinavit

2123 3565 2294 3621 etiam
2349 3571 2476 3637 post
2519 3568 2940 3625 damnationem
2982 3583 3165 3641 suam,
3200 3567 3413 3626 nullam
3455 3569 3795 3639 portionem

2124 3651 2381 3710 laesionis
2404 3655 2706 3728 attingam,
2738 3656 2938 3714 dicens
2963 3676 2977 3713 :
2999 3659 3162 3722 Nam,
3202 3657 3497 3713 secundum
3522 3657 3796 3713 Ecclesiae

2123 3743 2398 3798 catholicae
2446 3746 2890 3800 consuetudinem
2936 3746 3098 3816 (dist.
3165 3744 3252 3810 l9,
3305 3761 3354 3803 c.
3420 3746 3791 3819 Secundum),

2124 3834 2431 3888 serenitatis
2468 3838 2577 3889 tua:
2593 3840 2781 3905 pectus
2801 3841 3078 3907 agnoscat,
3132 3836 3279 3907 quod
3305 3836 3519 3891 nullum
3560 3836 3629 3892 de
3664 3837 3790 3899 his,

2122 3921 2207 3976 vel
2256 3937 2390 4003 quos
2444 3923 2741 3994 baptizavit
2780 3924 3039 3993 Aeacius,
3076 3926 3163 3980 vel
3195 3941 3329 3995 quos
3357 3925 3663 3981 sacerdotes
3698 3928 3793 3981 vel

2124 4010 2315 4066 levitas
2344 4013 2638 4068 secundum
2685 4028 2918 4069 canones
2966 4015 3267 4079 ordinavit,
3312 4016 3430 4070 ulla
3466 4031 3534 4070 ea:
3557 4018 3792 4071 nomine

2122 4098 2315 4154 Acacii
2327 4103 2509 4171 portio
2549 4103 2783 4158 Iasionis
2825 4105 3083 4173 attingat,
3113 4120 3220 4174 quo
3254 4106 3498 4173 forsitan
3515 4120 3623 4176 per
3654 4106 3792 4159 ini—

2124 4203 2293 4257 quum
2328 4191 2537 4246 tradita
2558 4195 2885 4249 sacramenti
2899 4196 3084 4263 gratia
3104 4196 3288 4250 minus
3315 4198 3473 4265 ﬁrma
3494 4194 3789 4250 videatur.

2120 4282 2263 4339 Nam
2291 4284 2342 4336 et
2373 4281 2719 4353 baptismum,
2747 4284 2894 4354 quod
2931 4284 3123 4354 procul
3149 4286 3222 4340 sit
3264 4284 3334 4340 ab
3370 4284 3638 4347 Ecclesia,
3664 4286 3793 4339 sive

2121 4370 2191 4424 ab
2234 4370 2503 4441 adultero,
2543 4372 2655 4427 sive
2696 4389 2731 4427 a
2765 4374 2894 4441 fure
2938 4375 3012 4428 sit
3045 4374 3257 4446 datum,
3286 4373 3364 4429 ad
3382 4375 3790 4445 percipientesn

355 4449 543 4507 oﬂicio
570 4448 991 4556 'fung‘entii‘ita
1021 4451 1202 4556 diﬁcit:
1243 4454 1472 4556 Yeniam
1495 4454 1621 4556 'sibi
1657 4454 1784 4510 dari
1804 4473 2005 4529 prapo-
2031 4492 2086 4556 Π
2116 4474 2314 4514 munus
2336 4461 2583 4556 pervenit
2630 4460 2937 4517 illibatum:
2986 4463 3119 4556 quia
3144 4478 3254 4517 vos:
3299 4463 3400 4517 illa
3441 4478 3553 4533 qua
3582 4464 3791 4519 decla-

355 4543 513 4593 nunt.
562 4539 802 4608 Legatur
827 4536 938 4609 (22,
973 4554 1034 4610 q.
1068 4538 1206 4603 2,οο.
1244 4540 1524 4613 Legatur),
1566 4558 1634 4598 erc
1662 4559 1769 4614 quo
1797 4551 1878 4602 est
1910 4563 2009 4603 re—

357 4629 484 4696 ligio
514 4627 851 4692 Christiana,
877 4629 963 4682 vel
986 4633 1127 4683 certe
1156 4628 1317 4683 detur
1344 4633 1649 4703 eaemplum
1670 4636 1732 4689 in
1766 4636 2009 4693 Ecclesia

355 4718 455 4771 Dei
488 4732 523 4769 a
569 4716 900 4785 quibuslibet
934 4717 1307 4787 pontiﬁcibus,
1334 4720 1404 4774 ab
1448 4724 1586 4793 ipsis
1612 4727 1890 4794 apostolis,
1938 4727 2008 4782 ab

336 4806 473 4879 ~ipso
516 4803 750 4872 denique
797 4805 1099 4869 Saluatore,
1149 4809 1386 4873 veniam,
1436 4812 1549 4866 nisi
1588 4815 2006 4883 corrigentibus,

355 4907 465 4947 non
509 4893 684 4959 fuisse
730 4907 1067 4950 concessam:
1118 4897 1370 4954 auditum
1401 4903 1582 4956 autem
1628 4904 1697 4958 ab
1744 4906 1848 4960 isto
1897 4907 2007 4962 zelo

356 4976 478 5055 [sub
506 4982 611 5035 isto
637 4982 780 5053 caelo]
810 4999 906 5039 nec
947 4985 1145 5053 legitur
1183 4990 1420 5052 omnino,
1465 5006 1559 5045 nec
1606 4992 1827 5058 dicitur,
1860 4996 2009 5066 quod

354 5084 538 5127 eorum
582 5086 707 5125 voce
757 5072 1111 5143 depromitur,
1162 5079 1298 5132 Date
1346 5079 1504 5134 nobis
1545 5082 1780 5147 veniam,
1819 5086 1900 5140 ita
1946 5092 2007 5142 ut

352 5178 451 5218 nos
479 5157 633 5237 [dum
673 5165 852 5216 tamen
889 5161 1007 5237 nos]
1054 5166 1114 5219 in
1153 5182 1333 5223 errore
1376 5168 1651 5226 duremus.
1681 5172 1817 5229 Item
1851 5174 2008 5233 infe—

353 5251 520 5309 rius:
568 5252 811 5307 Mortuos
858 5255 1146 5309 suscitasse
1186 5255 1411 5323 legimus
1463 5258 1737 5315 Christum
1787 5260 2000 5329 (Matth.

351 5352 448 5410 xx;
478 5343 651 5405 Marc,
683 5354 760 5408 v;
793 5343 952 5396 Joan.
1006 5340 1103 5415 χι),
1135 5344 1196 5396 in
1224 5358 1403 5401 errore
1429 5352 1667 5403 mortuos
1710 5349 2003 5411 absolvisse

350 5446 457 5488 non
500 5432 743 5502 legimus.
786 5432 857 5487 Et
894 5432 993 5502 qui
1032 5431 1129 5487 hoc
1158 5437 1296 5488 certe
1341 5436 1586 5502 faciendi
1625 5439 1773 5495 solus
1811 5439 2006 5501 habuit

343 5524 688 5591 potestatem,
713 5520 863 5576 beato
882 5521 1040 5577 Petro
1064 5522 1452 5595 principaliter
1473 5526 1702 5582 mandat
1725 5534 2000 5600 apostolo:

351 5608 1022 5682 Quaecumqueligavcris
1059 5624 1232 5682 super
1265 5616 1495 5683 terram,
1528 5612 1705 5687 ligata
1734 5623 1907 5677 erunt
1945 5629 2002 5681 et

2115 4551 2276 4601 ratur
2298 4563 2362 4603 ac
2391 4548 2625 4604 dicitur:
2661 4550 2764 4605 Hic
2791 4556 2879 4606 est
2901 4552 3003 4622 qui
3029 4549 3282 4622 baptizat
3311 4551 3371 4606 in
3395 4551 3624 4622 Spiritu
3650 4568 3793 4610 san-

2120 4641 2213 4693 cto
2264 4643 2321 4694 et
2351 4638 2471 4711 igni
2525 4640 2743 4708 (Matth.
2793 4639 2900 4714 ιιι),
2954 4656 3161 4696 omnem
3208 4641 3480 4696 maculam
3516 4641 3793 4700 human:

2114 4725 2436 4795 pollutionis
2459 4729 2718 4784 excludit.
2766 4731 2902 4787 Item
2933 4729 3001 4785 ad
3049 4730 3200 4786 idem
3231 4730 3591 4801 probandum
3628 4730 3785 4789 sub—

2114 4816 2344 4888 jungit:
2381 4818 2523 4874 Nam
2550 4823 2601 4873 et
2645 4819 2840 4883 Iudas,
2877 4834 2995 4874 cum
3025 4821 3199 4888 fuerit
3234 4821 3530 4889 sacrilegus
3561 4826 3616 4876 et
3652 4824 3781 4889 fur,

2117 4905 2391 4976 quidquid
2417 4908 2528 4976 egit
2559 4908 2704 4963 inter
2734 4910 3025 4980 apostolos,
3050 4924 3155 4980 pro
3181 4909 3450 4979 dignitate
3486 4913 3782 4967 commissa

2118 4995 2371 5065 beneﬁcia
2389 5011 2492 5066 per
2527 4997 2821 5066 indignum
2849 4997 2981 5053 data
3022 4999 3181 5054 nulla
3203 5015 3272 5054 ea:
3316 5000 3411 5055 hoc
3442 4999 3780 5055 detrimenta

2114 5090 2418 5140 senserunt.
2460 5088 2596 5142 Item
2627 5086 2696 5142 ad
2724 5087 2874 5144 idem
2916 5086 3193 5145 inferius:
3228 5088 3515 5161 Quidquid
3550 5091 3632 5144 ad
3676 5091 3779 5144 ho-

2112 5177 2322 5229 minum
2363 5181 2672 5245 provectum
2715 5177 2944 5248 quilibet
2984 5180 3046 5233 in
3073 5179 3318 5234 Ecclesia
3369 5181 3629 5236 minister
3664 5197 3774 5252 pro

2112 5265 2289 5334 ofﬁcio
2342 5278 2439 5319 suo
2478 5265 2697 5320 videtur
2736 5269 2971 5337 operari,
3030 5268 3125 5323 hoc
3175 5272 3345 5324 totum
3392 5270 3638 5326 continet
3668 5273 3774 5326 im-

2103 5353 2308 5427 plendo
2343 5354 2630 5427 [contineri
2664 5353 2944 5432 implente]
2977 5357 3290 5414 divinitatis
3337 5358 3555 5430 effectu,
3603 5363 3683 5416 ita
3720 5366 3777 5417 et

2111 5443 2205 5497 ille
2228 5438 2330 5517 [ita
2352 5440 2489 5519 ille],
2508 5460 2608 5516 per
2633 5460 2791 5515 quem
2814 5445 3060 5502 Christus
3091 5448 3352 5518 loquitur,
3374 5448 3590 5506 Paulus
3620 5453 3779 5522 afﬁr-

2110 5536 2258 5589 mat:
2292 5553 2319 5587 α
2349 5534 2463 5604 Ego
2475 5535 2750 5606 plantavi,
2782 5536 2879 5591 sed
2913 5536 3175 5593 Dominus
3203 5539 3601 5596 incrementum
3621 5540 3781 5596 dedit

2110 5623 2163 5696 (Ι
2184 5623 2304 5680 Cor.
2345 5624 2453 5697 In).
2492 5640 2519 5675 ››
2564 5625 2625 5680 Et
2662 5625 2768 5689 hic,
2802 5626 2962 5695 cujus
2995 5638 3187 5684 nomen
3217 5628 3449 5685 dicimus
3481 5645 3601 5686 esse
3625 5633 3774 5686 reti-
