  <div class='ocr_page' id='page_1' title='image "/cluster/home/n/w/nwhite01/storage/ocr_20150623/129/hvd.32044054759907/614.png"; bbox 0 0 4082 6168; ppageno 0'>
   <div class='ocr_carea' id='block_1_1' title="bbox 293 267 440 328">
    <p class='ocr_par' dir='ltr' id='par_1_1' title="bbox 293 267 440 328">
     <span class='ocr_line' id='line_1_1' title="bbox 293 267 440 328; baseline 0 -2"><span class='ocrx_word' id='word_1_1' title='bbox 293 267 440 328; x_wconf 78' lang='grc'><strong>4247</strong></span> 
     </span>
    </p>
   </div>
   <div class='ocr_carea' id='block_1_2' title="bbox 1085 272 2870 336">
    <p class='ocr_par' dir='ltr' id='par_1_2' title="bbox 1085 272 2870 336">
     <span class='ocr_line' id='line_1_2' title="bbox 1085 272 2870 336; baseline 0.003 -8"><span class='ocrx_word' id='word_1_2' title='bbox 1085 322 1088 328; x_wconf 94' lang='grc'>.</span> <span class='ocrx_word' id='word_1_3' title='bbox 1156 272 1420 331; x_wconf 83' lang='lat' dir='ltr'><strong><em>PSEUDO</em></strong></span> <span class='ocrx_word' id='word_1_4' title='bbox 1456 273 1870 332; x_wconf 69' lang='lat' dir='ltr'><strong><em>LUITPRA‘NDI</em></strong></span> <span class='ocrx_word' id='word_1_5' title='bbox 1906 275 2032 332; x_wconf 86' lang='lat' dir='ltr'><strong><em>LIB.</em></strong></span> <span class='ocrx_word' id='word_1_6' title='bbox 2086 273 2177 332; x_wconf 87' lang='lat' dir='ltr'><strong><em>DE</em></strong></span> <span class='ocrx_word' id='word_1_7' title='bbox 2238 274 2413 334; x_wconf 81' lang='lat' dir='ltr'><strong>VITIS</strong></span> <span class='ocrx_word' id='word_1_8' title='bbox 2450 277 2617 336; x_wconf 84' lang='lat' dir='ltr'><strong><em>ROM.</em></strong></span> <span class='ocrx_word' id='word_1_9' title='bbox 2667 278 2870 336; x_wconf 86' lang='lat' dir='ltr'><strong><em>PONT.</em></strong></span> 
     </span>
    </p>
   </div>
   <div class='ocr_carea' id='block_1_3' title="bbox 3558 277 3698 338">
    <p class='ocr_par' dir='ltr' id='par_1_3' title="bbox 3558 277 3698 338">
     <span class='ocr_line' id='line_1_3' title="bbox 3558 277 3698 338; baseline 0.007 -1"><span class='ocrx_word' id='word_1_10' title='bbox 3558 277 3698 338; x_wconf 77' lang='grc'><strong>4248</strong></span> 
     </span>
    </p>
   </div>
   <div class='ocr_carea' id='block_1_4' title="bbox 288 396 3702 475">
    <p class='ocr_par' dir='ltr' id='par_1_4' title="bbox 288 396 3702 475">
     <span class='ocr_line' id='line_1_4' title="bbox 288 396 3702 475; baseline 0.003 -24"><span class='ocrx_word' id='word_1_11' title='bbox 288 396 538 458; x_wconf 90' lang='lat' dir='ltr'><strong><em>cendum,</em></strong></span> <span class='ocrx_word' id='word_1_12' title='bbox 561 396 703 450; x_wconf 87' lang='lat' dir='ltr'><strong><em>male</em></strong></span> <span class='ocrx_word' id='word_1_13' title='bbox 729 396 865 450; x_wconf 90' lang='lat' dir='ltr'><strong><em>bona</em></strong></span> <span class='ocrx_word' id='word_1_14' title='bbox 909 397 1296 462; x_wconf 78' lang='lat' dir='ltr'><strong><em>ministrando,</em></strong></span> <span class='ocrx_word' id='word_1_15' title='bbox 1342 401 1448 454; x_wconf 91' lang='lat' dir='ltr'><strong><em>sibi</em></strong></span> <span class='ocrx_word' id='word_1_16' title='bbox 1481 405 1694 455; x_wconf 87' lang='lat' dir='ltr'><strong><em>tantum</em></strong></span> <span class='ocrx_word' id='word_1_17' title='bbox 1736 400 1936 454; x_wconf 83' lang='lat' dir='ltr'><strong><em>nocuit.</em></strong></span> <span class='ocrx_word' id='word_1_18' title='bbox 1969 398 2029 459; x_wconf 89' lang='lat' dir='ltr'><strong><em>A</em></strong></span> <span class='ocrx_word' id='word_1_19' title='bbox 2053 401 2359 472; x_wconf 89' lang='lat' dir='ltr'><strong><em>episcopus</em></strong></span> <span class='ocrx_word' id='word_1_20' title='bbox 2387 416 2419 458; x_wconf 90' lang='lat' dir='ltr'><strong><em>a</em></strong></span> <span class='ocrx_word' id='word_1_21' title='bbox 2447 416 2576 475; x_wconf 89' lang='lat' dir='ltr'><strong><em>rege</em></strong></span> <span class='ocrx_word' id='word_1_22' title='bbox 2605 403 2860 471; x_wconf 80' lang='lat' dir='ltr'><strong>Romam,</strong></span> <span class='ocrx_word' id='word_1_23' title='bbox 2894 407 2958 460; x_wconf 90' lang='lat' dir='ltr'><strong><em>ut</em></strong></span> <span class='ocrx_word' id='word_1_24' title='bbox 2981 403 3136 460; x_wconf 83' lang='lat' dir='ltr'><strong><em>sedis</em></strong></span> <span class='ocrx_word' id='word_1_25' title='bbox 3176 405 3505 475; x_wconf 72' lang='lat' dir='ltr'><strong><em>apostolica</em></strong></span> <span class='ocrx_word' id='word_1_26' title='bbox 3550 407 3702 463; x_wconf 78' lang='lat' dir='ltr'><strong><em>visi-</em></strong></span> 
     </span>
    </p>
   </div>
   <div class='ocr_carea' id='block_1_5' title="bbox 289 486 1943 559">
    <p class='ocr_par' dir='ltr' id='par_1_5' title="bbox 289 486 1943 559">
     <span class='ocr_line' id='line_1_5' title="bbox 289 486 1943 559; baseline -0.001 -17"><span class='ocrx_word' id='word_1_27' title='bbox 289 488 431 542; x_wconf 89' lang='lat' dir='ltr'><strong><em>Nam</em></strong></span> <span class='ocrx_word' id='word_1_28' title='bbox 456 486 773 540; x_wconf 80' lang='lat' dir='ltr'><strong><em>inviolabile</em></strong></span> <span class='ocrx_word' id='word_1_29' title='bbox 797 494 1217 550; x_wconf 82' lang='lat' dir='ltr'><strong><em>sacramentum,</em></strong></span> <span class='ocrx_word' id='word_1_30' title='bbox 1251 491 1396 558; x_wconf 90' lang='lat' dir='ltr'><strong><em>quod</em></strong></span> <span class='ocrx_word' id='word_1_31' title='bbox 1422 506 1526 559; x_wconf 87' lang='lat' dir='ltr'><strong><em>per</em></strong></span> <span class='ocrx_word' id='word_1_32' title='bbox 1553 491 1711 544; x_wconf 89' lang='lat' dir='ltr'><strong><em>illum</em></strong></span> <span class='ocrx_word' id='word_1_33' title='bbox 1755 489 1943 542; x_wconf 89' lang='lat' dir='ltr'><strong><em>datum</em></strong></span> 
     </span>
    </p>
   </div>
   <div class='ocr_carea' id='block_1_6' title="bbox 289 577 1946 645">
    <p class='ocr_par' dir='ltr' id='par_1_6' title="bbox 289 577 1946 645">
     <span class='ocr_line' id='line_1_6' title="bbox 289 577 1946 645; baseline 0 -14"><span class='ocrx_word' id='word_1_34' title='bbox 289 581 388 638; x_wconf 90' lang='lat' dir='ltr'><strong><em>est,</em></strong></span> <span class='ocrx_word' id='word_1_35' title='bbox 417 577 545 630; x_wconf 89' lang='lat' dir='ltr'><strong><em>aliis</em></strong></span> <span class='ocrx_word' id='word_1_36' title='bbox 580 577 968 645; x_wconf 89' lang='lat' dir='ltr'><strong><em>perfectionem</em></strong></span> <span class='ocrx_word' id='word_1_37' title='bbox 994 593 1106 631; x_wconf 79' lang='lat' dir='ltr'><strong><em>sua</em></strong></span> <span class='ocrx_word' id='word_1_38' title='bbox 1146 580 1369 633; x_wconf 86' lang='lat' dir='ltr'><strong><em>virtut-is</em></strong></span> <span class='ocrx_word' id='word_1_39' title='bbox 1427 581 1688 634; x_wconf 84' lang='lat' dir='ltr'><strong><em>obtinuit.</em></strong></span> <span class='ocrx_word' id='word_1_40' title='bbox 1720 578 1872 644; x_wconf 84' lang='lat' dir='ltr'><strong><em>Quod</em></strong></span> <span class='ocrx_word' id='word_1_41' title='bbox 1897 580 1946 631; x_wconf 92' lang='lat' dir='ltr'><strong><em>si</em></strong></span> 
     </span>
    </p>
   </div>
   <div class='ocr_carea' id='block_1_7' title="bbox 290 662 1942 740">
    <p class='ocr_par' dir='ltr' id='par_1_7' title="bbox 290 662 1942 740">
     <span class='ocr_line' id='line_1_7' title="bbox 290 662 1942 740; baseline 0.001 -20"><span class='ocrx_word' id='word_1_42' title='bbox 290 670 368 720; x_wconf 84' lang='lat' dir='ltr'><strong><em>est</em></strong></span> <span class='ocrx_word' id='word_1_43' title='bbox 393 662 578 738; x_wconf 87' lang='lat' dir='ltr'><strong><em>[Quod</em></strong></span> <span class='ocrx_word' id='word_1_44' title='bbox 607 680 727 719; x_wconf 89' lang='lat' dir='ltr'><strong><em>cum</em></strong></span> <span class='ocrx_word' id='word_1_45' title='bbox 747 667 827 720; x_wconf 91' lang='lat' dir='ltr'><strong><em>ita</em></strong></span> <span class='ocrx_word' id='word_1_46' title='bbox 855 663 964 740; x_wconf 89' lang='lat' dir='ltr'><strong><em>sit]</em></strong></span> <span class='ocrx_word' id='word_1_47' title='bbox 1003 667 1313 737; x_wconf 84' lang='lat' dir='ltr'><strong><em>aliquorum</em></strong></span> <span class='ocrx_word' id='word_1_48' title='bbox 1340 671 1614 723; x_wconf 88' lang='lat' dir='ltr'><strong><em>intantum</em></strong></span> <span class='ocrx_word' id='word_1_49' title='bbox 1656 685 1710 722; x_wconf 91' lang='lat' dir='ltr'><strong><em>se</em></strong></span> <span class='ocrx_word' id='word_1_50' title='bbox 1749 673 1942 722; x_wconf 73' lang='lat' dir='ltr'><strong><em>exten-</em></strong></span> 
     </span>
    </p>
   </div>
   <div class='ocr_carea' id='block_1_8' title="bbox 293 756 1945 828">
    <p class='ocr_par' dir='ltr' id='par_1_8' title="bbox 293 756 1945 828">
     <span class='ocr_line' id='line_1_8' title="bbox 293 756 1945 828; baseline 0.001 -19"><span class='ocrx_word' id='word_1_51' title='bbox 293 756 426 809; x_wconf 86' lang='lat' dir='ltr'><strong><em>dens</em></strong></span> <span class='ocrx_word' id='word_1_52' title='bbox 461 757 676 808; x_wconf 89' lang='lat' dir='ltr'><strong><em>curiosa</em></strong></span> <span class='ocrx_word' id='word_1_53' title='bbox 725 758 982 824; x_wconf 82' lang='lat' dir='ltr'><strong><em>suspicio,</em></strong></span> <span class='ocrx_word' id='word_1_54' title='bbox 1033 762 1094 811; x_wconf 88' lang='lat' dir='ltr'><strong><em>ut</em></strong></span> <span class='ocrx_word' id='word_1_55' title='bbox 1119 760 1489 826; x_wconf 81' lang='lat' dir='ltr'><strong><em>imaginentur</em></strong></span> <span class='ocrx_word' id='word_1_56' title='bbox 1507 759 1728 828; x_wconf 89' lang='lat' dir='ltr'><strong><em>prolata</em></strong></span> <span class='ocrx_word' id='word_1_57' title='bbox 1777 758 1945 827; x_wconf 80' lang='lat' dir='ltr'><strong><em>[pro-</em></strong></span> 
     </span>
    </p>
   </div>
   <div class='ocr_carea' id='block_1_9' title="bbox 293 843 1942 919">
    <p class='ocr_par' dir='ltr' id='par_1_9' title="bbox 293 843 1942 919">
     <span class='ocr_line' id='line_1_9' title="bbox 293 843 1942 919; baseline 0 -19"><span class='ocrx_word' id='word_1_58' title='bbox 293 843 436 919; x_wconf 88' lang='lat' dir='ltr'><strong><em>lato]</em></strong></span> <span class='ocrx_word' id='word_1_59' title='bbox 469 861 503 899; x_wconf 90' lang='lat' dir='ltr'><strong><em>a</em></strong></span> <span class='ocrx_word' id='word_1_60' title='bbox 546 861 702 916; x_wconf 89' lang='lat' dir='ltr'><strong><em>papa</em></strong></span> <span class='ocrx_word' id='word_1_61' title='bbox 747 846 920 900; x_wconf 81' lang='lat' dir='ltr'><strong><em>Felice</em></strong></span> <span class='ocrx_word' id='word_1_62' title='bbox 952 846 1190 914; x_wconf 87' lang='lat' dir='ltr'><strong><em>judicio,</em></strong></span> <span class='ocrx_word' id='word_1_63' title='bbox 1239 845 1429 918; x_wconf 74' lang='lat' dir='ltr'><strong><em>postea</em></strong></span> <span class='ocrx_word' id='word_1_64' title='bbox 1479 851 1834 918; x_wconf 83' lang='lat' dir='ltr'><strong><em>inefﬁcaciter</em></strong></span> <span class='ocrx_word' id='word_1_65' title='bbox 1882 849 1942 900; x_wconf 93' lang='lat' dir='ltr'><strong><em>in</em></strong></span> 
     </span>
    </p>
   </div>
   <div class='ocr_carea' id='block_1_10' title="bbox 291 934 1943 1008">
    <p class='ocr_par' dir='ltr' id='par_1_10' title="bbox 291 934 1943 1008">
     <span class='ocr_line' id='line_1_10' title="bbox 291 934 1943 1008; baseline 0 -18"><span class='ocrx_word' id='word_1_66' title='bbox 291 937 670 997; x_wconf 83' lang='lat' dir='ltr'><strong><em>sacramentis,</em></strong></span> <span class='ocrx_word' id='word_1_67' title='bbox 703 950 824 1004; x_wconf 79' lang='lat' dir='ltr'><strong><em>qua</em></strong></span> <span class='ocrx_word' id='word_1_68' title='bbox 841 934 1081 991; x_wconf 85' lang='lat' dir='ltr'><strong><em>Aeacius</em></strong></span> <span class='ocrx_word' id='word_1_69' title='bbox 1102 940 1413 1008; x_wconf 75' lang='lat' dir='ltr'><strong><em>usurpavit,</em></strong></span> <span class='ocrx_word' id='word_1_70' title='bbox 1445 939 1613 1004; x_wconf 90' lang='lat' dir='ltr'><strong><em>egisse</em></strong></span> <span class='ocrx_word' id='word_1_71' title='bbox 1635 952 1699 992; x_wconf 88' lang='lat' dir='ltr'><strong><em>ac</em></strong></span> <span class='ocrx_word' id='word_1_72' title='bbox 1714 935 1943 1006; x_wconf 83' lang='lat' dir='ltr'><strong><em>perinde</em></strong></span> 
     </span>
    </p>
   </div>
   <div class='ocr_carea' id='block_1_11' title="bbox 292 1025 1944 1094">
    <p class='ocr_par' dir='ltr' id='par_1_11' title="bbox 292 1025 1944 1094">
     <span class='ocr_line' id='line_1_11' title="bbox 292 1025 1944 1094; baseline -0.001 -14"><span class='ocrx_word' id='word_1_73' title='bbox 292 1041 380 1080; x_wconf 90' lang='lat' dir='ltr'><strong><em>eos</em></strong></span> <span class='ocrx_word' id='word_1_74' title='bbox 408 1029 661 1087; x_wconf 84' lang='lat' dir='ltr'><strong><em>metuere,</em></strong></span> <span class='ocrx_word' id='word_1_75' title='bbox 713 1026 809 1094; x_wconf 86' lang='lat' dir='ltr'><strong><em>qui</em></strong></span> <span class='ocrx_word' id='word_1_76' title='bbox 857 1027 940 1080; x_wconf 90' lang='lat' dir='ltr'><strong><em>vel</em></strong></span> <span class='ocrx_word' id='word_1_77' title='bbox 967 1029 1028 1080; x_wconf 89' lang='lat' dir='ltr'><strong><em>in</em></strong></span> <span class='ocrx_word' id='word_1_78' title='bbox 1065 1027 1574 1090; x_wconf 84' lang='lat' dir='ltr'><strong><em>consecrationibus,</em></strong></span> <span class='ocrx_word' id='word_1_79' title='bbox 1624 1027 1708 1081; x_wconf 87' lang='lat' dir='ltr'><strong><em>vel</em></strong></span> <span class='ocrx_word' id='word_1_80' title='bbox 1748 1028 1808 1080; x_wconf 88' lang='lat' dir='ltr'><strong><em>in</em></strong></span> <span class='ocrx_word' id='word_1_81' title='bbox 1839 1025 1944 1079; x_wconf 91' lang='lat' dir='ltr'><strong><em>ba—</em></strong></span> 
     </span>
    </p>
   </div>
   <div class='ocr_carea' id='block_1_12' title="bbox 291 1115 1944 1186">
    <p class='ocr_par' dir='ltr' id='par_1_12' title="bbox 291 1115 1944 1186">
     <span class='ocr_line' id='line_1_12' title="bbox 291 1115 1944 1186; baseline 0 -18"><span class='ocrx_word' id='word_1_82' title='bbox 291 1117 549 1186; x_wconf 88' lang='lat' dir='ltr'><strong><em>ptismate</em></strong></span> <span class='ocrx_word' id='word_1_83' title='bbox 572 1117 831 1182; x_wconf 80' lang='lat' dir='ltr'><strong><em>mysteria</em></strong></span> <span class='ocrx_word' id='word_1_84' title='bbox 857 1115 1065 1170; x_wconf 86' lang='lat' dir='ltr'><strong><em>tradita</em></strong></span> <span class='ocrx_word' id='word_1_85' title='bbox 1090 1120 1460 1186; x_wconf 84' lang='lat' dir='ltr'><strong><em>susceperunt,</em></strong></span> <span class='ocrx_word' id='word_1_86' title='bbox 1483 1132 1550 1171; x_wconf 90' lang='lat' dir='ltr'><strong><em>ne</em></strong></span> <span class='ocrx_word' id='word_1_87' title='bbox 1569 1116 1732 1170; x_wconf 86' lang='lat' dir='ltr'><strong><em>irrita</em></strong></span> <span class='ocrx_word' id='word_1_88' title='bbox 1751 1115 1944 1169; x_wconf 89' lang='lat' dir='ltr'><strong><em>divina</em></strong></span> 
     </span>
    </p>
   </div>
   <div class='ocr_carea' id='block_1_13' title="bbox 298 1203 1944 1275">
    <p class='ocr_par' dir='ltr' id='par_1_13' title="bbox 298 1203 1944 1275">
     <span class='ocr_line' id='line_1_13' title="bbox 298 1203 1944 1275; baseline 0.001 -18"><span class='ocrx_word' id='word_1_89' title='bbox 298 1205 553 1273; x_wconf 79' lang='lat' dir='ltr'><strong><em>beneﬁcia</em></strong></span> <span class='ocrx_word' id='word_1_90' title='bbox 578 1203 892 1267; x_wconf 84' lang='lat' dir='ltr'><strong><em>videantur,</em></strong></span> <span class='ocrx_word' id='word_1_91' title='bbox 922 1207 1267 1260; x_wconf 85' lang='lat' dir='ltr'><strong><em>meminerint</em></strong></span> <span class='ocrx_word' id='word_1_92' title='bbox 1291 1208 1350 1259; x_wconf 90' lang='lat' dir='ltr'><strong><em>in</em></strong></span> <span class='ocrx_word' id='word_1_93' title='bbox 1398 1207 1498 1260; x_wconf 89' lang='lat' dir='ltr'><strong><em>hac</em></strong></span> <span class='ocrx_word' id='word_1_94' title='bbox 1549 1220 1762 1275; x_wconf 89' lang='lat' dir='ltr'><strong><em>quoque</em></strong></span> <span class='ocrx_word' id='word_1_95' title='bbox 1784 1209 1944 1274; x_wconf 87' lang='lat' dir='ltr'><strong><em>parte</em></strong></span> 
     </span>
    </p>
   </div>
   <div class='ocr_carea' id='block_1_14' title="bbox 293 1294 1944 1365">
    <p class='ocr_par' dir='ltr' id='par_1_14' title="bbox 293 1294 1944 1365">
     <span class='ocr_line' id='line_1_14' title="bbox 293 1294 1944 1365; baseline -0.001 -17"><span class='ocrx_word' id='word_1_96' title='bbox 293 1294 548 1348; x_wconf 84' lang='lat' dir='ltr'><strong><em>similiter</em></strong></span> <span class='ocrx_word' id='word_1_97' title='bbox 590 1297 884 1347; x_wconf 89' lang='lat' dir='ltr'><strong><em>tractatum</em></strong></span> <span class='ocrx_word' id='word_1_98' title='bbox 919 1295 1216 1363; x_wconf 69' lang='lat' dir='ltr'><strong><em>praevalere</em></strong></span> <span class='ocrx_word' id='word_1_99' title='bbox 1254 1298 1605 1365; x_wconf 86' lang='lat' dir='ltr'><strong><em>superiorem,</em></strong></span> <span class='ocrx_word' id='word_1_100' title='bbox 1661 1296 1794 1364; x_wconf 86' lang='lat' dir='ltr'><strong><em>quia</em></strong></span> <span class='ocrx_word' id='word_1_101' title='bbox 1836 1308 1944 1347; x_wconf 91' lang='lat' dir='ltr'><strong><em>non</em></strong></span> 
     </span>
    </p>
   </div>
   <div class='ocr_carea' id='block_1_15' title="bbox 293 1383 1945 1453">
    <p class='ocr_par' dir='ltr' id='par_1_15' title="bbox 293 1383 1945 1453">
     <span class='ocr_line' id='line_1_15' title="bbox 293 1383 1945 1453; baseline 0 -16"><span class='ocrx_word' id='word_1_102' title='bbox 293 1385 410 1437; x_wconf 90' lang='lat' dir='ltr'><strong><em>sine</em></strong></span> <span class='ocrx_word' id='word_1_103' title='bbox 430 1387 694 1452; x_wconf 84' lang='lat' dir='ltr'><strong><em>usurpato</em></strong></span> <span class='ocrx_word' id='word_1_104' title='bbox 722 1383 818 1436; x_wconf 87' lang='lat' dir='ltr'><strong><em>hoc</em></strong></span> <span class='ocrx_word' id='word_1_105' title='bbox 852 1385 1067 1437; x_wconf 86' lang='lat' dir='ltr'><strong><em>nomine</em></strong></span> <span class='ocrx_word' id='word_1_106' title='bbox 1085 1385 1422 1438; x_wconf 87' lang='lat' dir='ltr'><strong><em>sacerdotum</em></strong></span> <span class='ocrx_word' id='word_1_107' title='bbox 1469 1384 1825 1453; x_wconf 87' lang='lat' dir='ltr'><strong><em>adjudicatus</em></strong></span> <span class='ocrx_word' id='word_1_108' title='bbox 1850 1383 1945 1437; x_wconf 85' lang='lat' dir='ltr'><strong><em>hoc</em></strong></span> 
     </span>
    </p>
   </div>
   <div class='ocr_carea' id='block_1_16' title="bbox 293 1473 1944 1541">
    <p class='ocr_par' dir='ltr' id='par_1_16' title="bbox 293 1473 1944 1541">
     <span class='ocr_line' id='line_1_16' title="bbox 293 1473 1944 1541; baseline 0 -15"><span class='ocrx_word' id='word_1_109' title='bbox 293 1473 421 1541; x_wconf 85' lang='lat' dir='ltr'><strong><em>egit,</em></strong></span> <span class='ocrx_word' id='word_1_110' title='bbox 450 1473 509 1525; x_wconf 91' lang='lat' dir='ltr'><strong><em>in</em></strong></span> <span class='ocrx_word' id='word_1_111' title='bbox 539 1487 644 1540; x_wconf 89' lang='lat' dir='ltr'><strong><em>quo</em></strong></span> <span class='ocrx_word' id='word_1_112' title='bbox 685 1474 951 1526; x_wconf 85' lang='lat' dir='ltr'><strong><em>virtutum</em></strong></span> <span class='ocrx_word' id='word_1_113' title='bbox 975 1487 1130 1528; x_wconf 90' lang='lat' dir='ltr'><strong><em>suam</em></strong></span> <span class='ocrx_word' id='word_1_114' title='bbox 1159 1473 1526 1528; x_wconf 86' lang='lat' dir='ltr'><strong><em>obtinentibus</em></strong></span> <span class='ocrx_word' id='word_1_115' title='bbox 1559 1473 1854 1541; x_wconf 82' lang='lat' dir='ltr'><strong><em>mysteriis,</em></strong></span> <span class='ocrx_word' id='word_1_116' title='bbox 1885 1473 1944 1526; x_wconf 91' lang='lat' dir='ltr'><strong><em>in</em></strong></span> 
     </span>
    </p>
   </div>
   <div class='ocr_carea' id='block_1_17' title="bbox 295 1559 1945 1631">
    <p class='ocr_par' dir='ltr' id='par_1_17' title="bbox 295 1559 1945 1631">
     <span class='ocr_line' id='line_1_17' title="bbox 295 1559 1945 1631; baseline 0.001 -17"><span class='ocrx_word' id='word_1_117' title='bbox 295 1560 394 1615; x_wconf 83' lang='lat' dir='ltr'><strong><em>hoc</em></strong></span> <span class='ocrx_word' id='word_1_118' title='bbox 413 1576 623 1630; x_wconf 90' lang='lat' dir='ltr'><strong><em>quoque</em></strong></span> <span class='ocrx_word' id='word_1_119' title='bbox 641 1561 770 1615; x_wconf 90' lang='lat' dir='ltr'><strong><em>aliis</em></strong></span> <span class='ocrx_word' id='word_1_120' title='bbox 794 1577 888 1615; x_wconf 92' lang='lat' dir='ltr'><strong><em>rea</em></strong></span> <span class='ocrx_word' id='word_1_121' title='bbox 918 1562 1025 1616; x_wconf 87' lang='lat' dir='ltr'><strong><em>sibi</em></strong></span> <span class='ocrx_word' id='word_1_122' title='bbox 1046 1578 1284 1631; x_wconf 88' lang='lat' dir='ltr'><strong><em>persona</em></strong></span> <span class='ocrx_word' id='word_1_123' title='bbox 1308 1578 1416 1617; x_wconf 92' lang='lat' dir='ltr'><strong><em>non</em></strong></span> <span class='ocrx_word' id='word_1_124' title='bbox 1462 1565 1662 1616; x_wconf 88' lang='lat' dir='ltr'><strong><em>nocuit.</em></strong></span> <span class='ocrx_word' id='word_1_125' title='bbox 1709 1559 1851 1617; x_wconf 89' lang='lat' dir='ltr'><strong><em>Nam</em></strong></span> <span class='ocrx_word' id='word_1_126' title='bbox 1895 1565 1945 1616; x_wconf 87' lang='lat' dir='ltr'><strong><em>et</em></strong></span> 
     </span>
    </p>
   </div>
   <div class='ocr_carea' id='block_1_18' title="bbox 297 1649 1938 1721">
    <p class='ocr_par' dir='ltr' id='par_1_18' title="bbox 297 1649 1938 1721">
     <span class='ocr_line' id='line_1_18' title="bbox 297 1649 1938 1721; baseline 0.002 -19"><span class='ocrx_word' id='word_1_127' title='bbox 297 1649 373 1704; x_wconf 87' lang='lat' dir='ltr'><strong><em>ad</em></strong></span> <span class='ocrx_word' id='word_1_128' title='bbox 409 1649 567 1704; x_wconf 91' lang='lat' dir='ltr'><strong><em>illum</em></strong></span> <span class='ocrx_word' id='word_1_129' title='bbox 589 1653 881 1720; x_wconf 88' lang='lat' dir='ltr'><strong><em>pertinuit,</em></strong></span> <span class='ocrx_word' id='word_1_130' title='bbox 909 1651 1055 1721; x_wconf 88' lang='lat' dir='ltr'><strong><em>quod</em></strong></span> <span class='ocrx_word' id='word_1_131' title='bbox 1098 1652 1228 1706; x_wconf 89' lang='lat' dir='ltr'><strong><em>tuba</em></strong></span> <span class='ocrx_word' id='word_1_132' title='bbox 1275 1652 1536 1706; x_wconf 83' lang='lat' dir='ltr'><strong><em>Davidica</em></strong></span> <span class='ocrx_word' id='word_1_133' title='bbox 1565 1652 1784 1706; x_wconf 89' lang='lat' dir='ltr'><strong><em>canitur</em></strong></span> <span class='ocrx_word' id='word_1_134' title='bbox 1823 1653 1938 1705; x_wconf 83' lang='lat' dir='ltr'><strong><em>ita:</em></strong></span> 
     </span>
    </p>
   </div>
   <div class='ocr_carea' id='block_1_19' title="bbox 2052 491 3701 566">
    <p class='ocr_par' dir='ltr' id='par_1_19' title="bbox 2052 491 3701 566">
     <span class='ocr_line' id='line_1_19' title="bbox 2052 491 3701 566; baseline 0.004 -22"><span class='ocrx_word' id='word_1_135' title='bbox 2052 494 2220 561; x_wconf 87' lang='lat' dir='ltr'><strong><em>tator,</em></strong></span> <span class='ocrx_word' id='word_1_136' title='bbox 2245 491 2518 549; x_wconf 90' lang='lat' dir='ltr'><strong><em>mittitur.</em></strong></span> <span class='ocrx_word' id='word_1_137' title='bbox 2544 494 2692 548; x_wconf 86' lang='lat' dir='ltr'><strong><em>Inter</em></strong></span> <span class='ocrx_word' id='word_1_138' title='bbox 2719 491 2835 547; x_wconf 85' lang='lat' dir='ltr'><strong><em>hac</em></strong></span> <span class='ocrx_word' id='word_1_139' title='bbox 2849 492 3028 548; x_wconf 86' lang='lat' dir='ltr'><strong><em>cades</em></strong></span> <span class='ocrx_word' id='word_1_140' title='bbox 3045 498 3099 548; x_wconf 90' lang='lat' dir='ltr'><strong><em>et</em></strong></span> <span class='ocrx_word' id='word_1_141' title='bbox 3112 494 3425 550; x_wconf 90' lang='lat' dir='ltr'><strong><em>homicidia</em></strong></span> <span class='ocrx_word' id='word_1_142' title='bbox 3443 495 3701 566; x_wconf 85' lang='lat' dir='ltr'><strong><em>undique</em></strong></span> 
     </span>
    </p>
   </div>
   <div class='ocr_carea' id='block_1_20' title="bbox 2053 581 3702 654">
    <p class='ocr_par' dir='ltr' id='par_1_20' title="bbox 2053 581 3702 654">
     <span class='ocr_line' id='line_1_20' title="bbox 2053 581 3702 654; baseline 0.004 -21"><span class='ocrx_word' id='word_1_143' title='bbox 2053 581 2579 638; x_wconf 78' lang='lat' dir='ltr'><strong><em>committebantur.</em></strong></span> <span class='ocrx_word' id='word_1_144' title='bbox 2631 584 2770 637; x_wconf 88' lang='lat' dir='ltr'><strong><em>Nam</em></strong></span> <span class='ocrx_word' id='word_1_145' title='bbox 2820 595 2889 636; x_wconf 86' lang='lat' dir='ltr'><strong><em>ex</em></strong></span> <span class='ocrx_word' id='word_1_146' title='bbox 2933 584 3496 640; x_wconf 90' lang='lat' dir='ltr'><strong><em>communicantibus</em></strong></span> <span class='ocrx_word' id='word_1_147' title='bbox 3533 585 3702 654; x_wconf 85' lang='lat' dir='ltr'><strong><em>Sym-</em></strong></span> 
     </span>
    </p>
   </div>
   <div class='ocr_carea' id='block_1_21' title="bbox 2054 669 3697 744">
    <p class='ocr_par' dir='ltr' id='par_1_21' title="bbox 2054 669 3697 744">
     <span class='ocr_line' id='line_1_21' title="bbox 2054 669 3697 744; baseline 0.004 -22"><span class='ocrx_word' id='word_1_148' title='bbox 2054 669 2272 738; x_wconf 88' lang='lat' dir='ltr'><strong><em>macho,</em></strong></span> <span class='ocrx_word' id='word_1_149' title='bbox 2311 671 2640 742; x_wconf 86' lang='lat' dir='ltr'><strong><em>quicunque</em></strong></span> <span class='ocrx_word' id='word_1_150' title='bbox 2671 671 2868 726; x_wconf 85' lang='lat' dir='ltr'><strong><em>clerici</em></strong></span> <span class='ocrx_word' id='word_1_151' title='bbox 2917 675 2975 726; x_wconf 92' lang='lat' dir='ltr'><strong><em>et</em></strong></span> <span class='ocrx_word' id='word_1_152' title='bbox 3021 670 3178 740; x_wconf 82' lang='lat' dir='ltr'><strong><em>laici,</em></strong></span> <span class='ocrx_word' id='word_1_153' title='bbox 3213 673 3469 743; x_wconf 83' lang='lat' dir='ltr'><strong><em>virgines</em></strong></span> <span class='ocrx_word' id='word_1_154' title='bbox 3501 673 3697 744; x_wconf 90' lang='lat' dir='ltr'><strong><em>etiam,</em></strong></span> 
     </span>
    </p>
   </div>
   <div class='ocr_carea' id='block_1_22' title="bbox 2054 759 3700 830">
    <p class='ocr_par' dir='ltr' id='par_1_22' title="bbox 2054 759 3700 830">
     <span class='ocr_line' id='line_1_22' title="bbox 2054 759 3700 830; baseline 0.002 -16"><span class='ocrx_word' id='word_1_155' title='bbox 2054 759 2283 827; x_wconf 88' lang='lat' dir='ltr'><strong><em>publice</em></strong></span> <span class='ocrx_word' id='word_1_156' title='bbox 2311 765 2411 815; x_wconf 88' lang='lat' dir='ltr'><strong><em>aut</em></strong></span> <span class='ocrx_word' id='word_1_157' title='bbox 2441 761 2661 818; x_wconf 83' lang='lat' dir='ltr'><strong><em>occulte</em></strong></span> <span class='ocrx_word' id='word_1_158' title='bbox 2705 761 2764 816; x_wconf 91' lang='lat' dir='ltr'><strong><em>in</em></strong></span> <span class='ocrx_word' id='word_1_159' title='bbox 2805 774 3008 816; x_wconf 90' lang='lat' dir='ltr'><strong><em>manus</em></strong></span> <span class='ocrx_word' id='word_1_160' title='bbox 3048 763 3511 830; x_wconf 86' lang='lat' dir='ltr'><strong><em>persequentium</em></strong></span> <span class='ocrx_word' id='word_1_161' title='bbox 3545 763 3700 819; x_wconf 86' lang='lat' dir='ltr'><strong><em>inci-</em></strong></span> 
     </span>
    </p>
   </div>
   <div class='ocr_carea' id='block_1_23' title="bbox 2052 848 3704 920">
    <p class='ocr_par' dir='ltr' id='par_1_23' title="bbox 2052 848 3704 920">
     <span class='ocr_line' id='line_1_23' title="bbox 2052 848 3704 920; baseline 0.002 -18"><span class='ocrx_word' id='word_1_162' title='bbox 2052 848 2280 917; x_wconf 88' lang='lat' dir='ltr'><strong><em>debant,</em></strong></span> <span class='ocrx_word' id='word_1_163' title='bbox 2306 850 2734 919; x_wconf 83' lang='lat' dir='ltr'><strong><em>occidebantur,</em></strong></span> <span class='ocrx_word' id='word_1_164' title='bbox 2762 855 2864 906; x_wconf 88' lang='lat' dir='ltr'><strong><em>aut</em></strong></span> <span class='ocrx_word' id='word_1_165' title='bbox 2894 849 3078 920; x_wconf 83' lang='lat' dir='ltr'><strong><em>plagis</em></strong></span> <span class='ocrx_word' id='word_1_166' title='bbox 3108 854 3210 905; x_wconf 88' lang='lat' dir='ltr'><strong><em>aut</em></strong></span> <span class='ocrx_word' id='word_1_167' title='bbox 3249 848 3583 906; x_wconf 85' lang='lat' dir='ltr'><strong><em>verberibus</em></strong></span> <span class='ocrx_word' id='word_1_168' title='bbox 3609 849 3704 907; x_wconf 89' lang='lat' dir='ltr'><strong><em>af—</em></strong></span> 
     </span>
    </p>
   </div>
   <div class='ocr_carea' id='block_1_24' title="bbox 2053 935 3704 1009">
    <p class='ocr_par' dir='ltr' id='par_1_24' title="bbox 2053 935 3704 1009">
     <span class='ocr_line' id='line_1_24' title="bbox 2053 935 3704 1009; baseline 0.003 -19"><span class='ocrx_word' id='word_1_169' title='bbox 2053 935 2422 1008; x_wconf 83' lang='lat' dir='ltr'><strong><em>ﬂigebantur.</em></strong></span> <span class='ocrx_word' id='word_1_170' title='bbox 2444 939 2612 994; x_wconf 91' lang='lat' dir='ltr'><strong><em>Solus</em></strong></span> <span class='ocrx_word' id='word_1_171' title='bbox 2643 944 2832 994; x_wconf 90' lang='lat' dir='ltr'><strong><em>autem</em></strong></span> <span class='ocrx_word' id='word_1_172' title='bbox 2857 939 3101 993; x_wconf 86' lang='lat' dir='ltr'><strong><em>Faustus</em></strong></span> <span class='ocrx_word' id='word_1_173' title='bbox 3145 937 3419 996; x_wconf 81' lang='lat' dir='ltr'><strong><em>exconsul</em></strong></span> <span class='ocrx_word' id='word_1_174' title='bbox 3447 951 3514 994; x_wconf 84' lang='lat' dir='ltr'><strong><em>ex</em></strong></span> <span class='ocrx_word' id='word_1_175' title='bbox 3548 943 3704 1009; x_wconf 90' lang='lat' dir='ltr'><strong><em>parte</em></strong></span> 
     </span>
    </p>
   </div>
   <div class='ocr_carea' id='block_1_25' title="bbox 2049 1025 3702 1099">
    <p class='ocr_par' dir='ltr' id='par_1_25' title="bbox 2049 1025 3702 1099">
     <span class='ocr_line' id='line_1_25' title="bbox 2049 1025 3702 1099; baseline 0.003 -20"><span class='ocrx_word' id='word_1_176' title='bbox 2049 1025 2370 1096; x_wconf 82' lang='lat' dir='ltr'><strong><em>Symmachi</em></strong></span> <span class='ocrx_word' id='word_1_177' title='bbox 2399 1033 2456 1084; x_wconf 90' lang='lat' dir='ltr'><strong><em>et</em></strong></span> <span class='ocrx_word' id='word_1_178' title='bbox 2480 1028 2744 1084; x_wconf 86' lang='lat' dir='ltr'><strong><em>Ecclesia</em></strong></span> <span class='ocrx_word' id='word_1_179' title='bbox 2774 1027 3145 1099; x_wconf 84' lang='lat' dir='ltr'><strong><em>repugnabat.</em></strong></span> <span class='ocrx_word' id='word_1_180' title='bbox 3179 1030 3292 1084; x_wconf 82' lang='lat' dir='ltr'><strong><em>Hac</em></strong></span> <span class='ocrx_word' id='word_1_181' title='bbox 3321 1027 3568 1098; x_wconf 89' lang='lat' dir='ltr'><strong><em>periculi</em></strong></span> <span class='ocrx_word' id='word_1_182' title='bbox 3594 1039 3702 1084; x_wconf 81' lang='lat' dir='ltr'><strong><em>ne-</em></strong></span> 
     </span>
    </p>
   </div>
   <div class='ocr_carea' id='block_1_26' title="bbox 2053 1115 3704 1188">
    <p class='ocr_par' dir='ltr' id='par_1_26' title="bbox 2053 1115 3704 1188">
     <span class='ocr_line' id='line_1_26' title="bbox 2053 1115 3704 1188; baseline 0.002 -18"><span class='ocrx_word' id='word_1_183' title='bbox 2053 1115 2320 1172; x_wconf 88' lang='lat' dir='ltr'><strong><em>cessitate</em></strong></span> <span class='ocrx_word' id='word_1_184' title='bbox 2369 1117 2741 1187; x_wconf 89' lang='lat' dir='ltr'><strong><em>Symmachus</em></strong></span> <span class='ocrx_word' id='word_1_185' title='bbox 2797 1116 3150 1187; x_wconf 89' lang='lat' dir='ltr'><strong><em>compulsus,</em></strong></span> <span class='ocrx_word' id='word_1_186' title='bbox 3217 1116 3372 1188; x_wconf 90' lang='lat' dir='ltr'><strong><em>regis</em></strong></span> <span class='ocrx_word' id='word_1_187' title='bbox 3421 1131 3704 1174; x_wconf 91' lang='lat' dir='ltr'><strong><em>consensu</em></strong></span> 
     </span>
    </p>
   </div>
   <div class='ocr_carea' id='block_1_27' title="bbox 2061 1205 3707 1278">
    <p class='ocr_par' dir='ltr' id='par_1_27' title="bbox 2061 1205 3707 1278">
     <span class='ocr_line' id='line_1_27' title="bbox 2061 1205 3707 1278; baseline 0.002 -18"><span class='ocrx_word' id='word_1_188' title='bbox 2061 1205 2337 1273; x_wconf 83' lang='lat' dir='ltr'><strong><em>synodum</em></strong></span> <span class='ocrx_word' id='word_1_189' title='bbox 2368 1207 2734 1278; x_wconf 78' lang='lat' dir='ltr'><strong><em>congregavit</em></strong></span> <span class='ocrx_word' id='word_1_190' title='bbox 2763 1205 2985 1275; x_wconf 81' lang='lat' dir='ltr'><strong><em>(synod.</em></strong></span> <span class='ocrx_word' id='word_1_191' title='bbox 3018 1209 3165 1262; x_wconf 83' lang='lat' dir='ltr'><strong><em>Rom.</em></strong></span> <span class='ocrx_word' id='word_1_192' title='bbox 3182 1206 3228 1277; x_wconf 84' lang='lat'><strong><em>),</em></strong></span> <span class='ocrx_word' id='word_1_193' title='bbox 3270 1207 3364 1262; x_wconf 92' lang='lat' dir='ltr'><strong><em>cui</em></strong></span> <span class='ocrx_word' id='word_1_194' title='bbox 3395 1215 3622 1263; x_wconf 88' lang='lat' dir='ltr'><strong><em>centum</em></strong></span> <span class='ocrx_word' id='word_1_195' title='bbox 3651 1211 3707 1263; x_wconf 92' lang='lat' dir='ltr'><strong><em>et</em></strong></span> 
     </span>
    </p>
   </div>
   <div class='ocr_carea' id='block_1_28' title="bbox 2055 1293 3706 1367">
    <p class='ocr_par' dir='ltr' id='par_1_28' title="bbox 2055 1293 3706 1367">
     <span class='ocr_line' id='line_1_28' title="bbox 2055 1293 3706 1367; baseline 0.001 -18"><span class='ocrx_word' id='word_1_196' title='bbox 2055 1293 2385 1363; x_wconf 83' lang='lat' dir='ltr'><strong><em>quindecim</em></strong></span> <span class='ocrx_word' id='word_1_197' title='bbox 2415 1296 2670 1366; x_wconf 90' lang='lat' dir='ltr'><strong><em>episcopi</em></strong></span> <span class='ocrx_word' id='word_1_198' title='bbox 2705 1294 3110 1352; x_wconf 85' lang='lat' dir='ltr'><strong><em>interfuerunt.</em></strong></span> <span class='ocrx_word' id='word_1_199' title='bbox 3145 1295 3255 1365; x_wconf 89' lang='lat' dir='ltr'><strong><em>Qui</em></strong></span> <span class='ocrx_word' id='word_1_200' title='bbox 3298 1309 3428 1367; x_wconf 88' lang='lat' dir='ltr'><strong><em>rege</em></strong></span> <span class='ocrx_word' id='word_1_201' title='bbox 3456 1309 3706 1352; x_wconf 88' lang='lat' dir='ltr'><strong><em>consen-</em></strong></span> 
     </span>
    </p>
   </div>
   <div class='ocr_carea' id='block_1_29' title="bbox 2055 1382 3706 1456">
    <p class='ocr_par' dir='ltr' id='par_1_29' title="bbox 2055 1382 3706 1456">
     <span class='ocr_line' id='line_1_29' title="bbox 2055 1382 3706 1456; baseline 0.002 -20"><span class='ocrx_word' id='word_1_202' title='bbox 2055 1382 2251 1452; x_wconf 91' lang='lat' dir='ltr'><strong><em>tiente,</em></strong></span> <span class='ocrx_word' id='word_1_203' title='bbox 2277 1389 2333 1439; x_wconf 91' lang='lat' dir='ltr'><strong><em>et</em></strong></span> <span class='ocrx_word' id='word_1_204' title='bbox 2352 1385 2740 1440; x_wconf 90' lang='lat' dir='ltr'><strong><em>ecclesiastica</em></strong></span> <span class='ocrx_word' id='word_1_205' title='bbox 2763 1385 2958 1456; x_wconf 90' lang='lat' dir='ltr'><strong><em>regula</em></strong></span> <span class='ocrx_word' id='word_1_206' title='bbox 2987 1385 3271 1456; x_wconf 83' lang='lat' dir='ltr'><strong><em>exigente,</em></strong></span> <span class='ocrx_word' id='word_1_207' title='bbox 3295 1386 3432 1456; x_wconf 88' lang='lat' dir='ltr'><strong><em>quia</em></strong></span> <span class='ocrx_word' id='word_1_208' title='bbox 3461 1385 3612 1440; x_wconf 80' lang='lat' dir='ltr'><strong><em>nihil</em></strong></span> <span class='ocrx_word' id='word_1_209' title='bbox 3635 1385 3706 1440; x_wconf 91' lang='lat' dir='ltr'><strong><em>de</em></strong></span> 
     </span>
    </p>
   </div>
   <div class='ocr_carea' id='block_1_30' title="bbox 2053 1470 3704 1544">
    <p class='ocr_par' dir='ltr' id='par_1_30' title="bbox 2053 1470 3704 1544">
     <span class='ocr_line' id='line_1_30' title="bbox 2053 1470 3704 1544; baseline 0.003 -19"><span class='ocrx_word' id='word_1_210' title='bbox 2053 1470 2292 1540; x_wconf 89' lang='lat' dir='ltr'><strong><em>objectis</em></strong></span> <span class='ocrx_word' id='word_1_211' title='bbox 2306 1473 2639 1544; x_wconf 86' lang='lat' dir='ltr'><strong><em>Symmacho</em></strong></span> <span class='ocrx_word' id='word_1_212' title='bbox 2659 1475 3018 1544; x_wconf 90' lang='lat' dir='ltr'><strong><em>comprobari</em></strong></span> <span class='ocrx_word' id='word_1_213' title='bbox 3045 1475 3116 1529; x_wconf 91' lang='lat' dir='ltr'><strong><em>ab</em></strong></span> <span class='ocrx_word' id='word_1_214' title='bbox 3137 1475 3548 1532; x_wconf 87' lang='lat' dir='ltr'><strong><em>accusantibus</em></strong></span> <span class='ocrx_word' id='word_1_215' title='bbox 3574 1488 3704 1532; x_wconf 89' lang='lat' dir='ltr'><strong><em>eum</em></strong></span> 
     </span>
    </p>
   </div>
   <div class='ocr_carea' id='block_1_31' title="bbox 2057 1561 3708 1632">
    <p class='ocr_par' dir='ltr' id='par_1_31' title="bbox 2057 1561 3708 1632">
     <span class='ocr_line' id='line_1_31' title="bbox 2057 1561 3708 1632; baseline 0.003 -17"><span class='ocrx_word' id='word_1_216' title='bbox 2057 1561 2263 1631; x_wconf 90' lang='lat' dir='ltr'><strong><em>potuit,</em></strong></span> <span class='ocrx_word' id='word_1_217' title='bbox 2296 1562 2481 1632; x_wconf 88' lang='lat' dir='ltr'><strong><em>ipsum</em></strong></span> <span class='ocrx_word' id='word_1_218' title='bbox 2527 1563 2834 1619; x_wconf 90' lang='lat' dir='ltr'><strong><em>immunem</em></strong></span> <span class='ocrx_word' id='word_1_219' title='bbox 2865 1563 2936 1618; x_wconf 90' lang='lat' dir='ltr'><strong><em>ab</em></strong></span> <span class='ocrx_word' id='word_1_220' title='bbox 2967 1563 3208 1632; x_wconf 90' lang='lat' dir='ltr'><strong><em>objectis</em></strong></span> <span class='ocrx_word' id='word_1_221' title='bbox 3232 1569 3288 1618; x_wconf 90' lang='lat' dir='ltr'><strong><em>et</em></strong></span> <span class='ocrx_word' id='word_1_222' title='bbox 3313 1563 3560 1620; x_wconf 90' lang='lat' dir='ltr'><strong><em>liberum</em></strong></span> <span class='ocrx_word' id='word_1_223' title='bbox 3581 1579 3708 1621; x_wconf 90' lang='lat' dir='ltr'><strong><em>esse</em></strong></span> 
     </span>
    </p>
   </div>
   <div class='ocr_carea' id='block_1_32' title="bbox 2055 1649 3701 1723">
    <p class='ocr_par' dir='ltr' id='par_1_32' title="bbox 2055 1649 3701 1723">
     <span class='ocr_line' id='line_1_32' title="bbox 2055 1649 3701 1723; baseline 0.003 -20"><span class='ocrx_word' id='word_1_224' title='bbox 2055 1649 2408 1706; x_wconf 89' lang='lat' dir='ltr'><strong><em>unanimiter</em></strong></span> <span class='ocrx_word' id='word_1_225' title='bbox 2445 1651 2806 1722; x_wconf 90' lang='lat' dir='ltr'><strong><em>judicarunt,</em></strong></span> <span class='ocrx_word' id='word_1_226' title='bbox 2834 1655 2892 1706; x_wconf 89' lang='lat' dir='ltr'><strong><em>et</em></strong></span> <span class='ocrx_word' id='word_1_227' title='bbox 2929 1651 3298 1706; x_wconf 88' lang='lat' dir='ltr'><strong><em>Laurentium</em></strong></span> <span class='ocrx_word' id='word_1_228' title='bbox 3328 1653 3701 1723; x_wconf 90' lang='lat' dir='ltr'><strong><em>Nucerinum,</em></strong></span> 
     </span>
    </p>
   </div>
   <div class='ocr_carea' id='block_1_33' title="bbox 303 1739 3706 1816">
    <p class='ocr_par' dir='ltr' id='par_1_33' title="bbox 303 1739 3706 1816">
     <span class='ocr_line' id='line_1_33' title="bbox 303 1739 3706 1816; baseline 0.001 -23"><span class='ocrx_word' id='word_1_229' title='bbox 303 1739 686 1794; x_wconf 85' lang='lat' dir='ltr'><strong><em>Verumtamen</em></strong></span> <span class='ocrx_word' id='word_1_230' title='bbox 729 1742 870 1794; x_wconf 88' lang='lat' dir='ltr'><strong><em>Deus</em></strong></span> <span class='ocrx_word' id='word_1_231' title='bbox 923 1741 1310 1810; x_wconf 87' lang='lat' dir='ltr'><strong><em>conquassabit</em></strong></span> <span class='ocrx_word' id='word_1_232' title='bbox 1362 1743 1545 1812; x_wconf 85' lang='lat' dir='ltr'><strong><em>capita</em></strong></span> <span class='ocrx_word' id='word_1_233' title='bbox 1600 1742 1945 1795; x_wconf 87' lang='lat' dir='ltr'><strong><em>inimicorum</em></strong></span> <span class='ocrx_word' id='word_1_234' title='bbox 1974 1755 2024 1816; x_wconf 81' lang='grc' dir='ltr'>Β</span> <span class='ocrx_word' id='word_1_235' title='bbox 2055 1741 2110 1792; x_wconf 86' lang='lat' dir='ltr'><strong><em>et</em></strong></span> <span class='ocrx_word' id='word_1_236' title='bbox 2155 1739 2378 1794; x_wconf 88' lang='lat' dir='ltr'><strong><em>Petrum</em></strong></span> <span class='ocrx_word' id='word_1_237' title='bbox 2427 1739 2760 1810; x_wconf 82' lang='lat' dir='ltr'><strong><em>Altinatem,</em></strong></span> <span class='ocrx_word' id='word_1_238' title='bbox 2794 1739 2952 1796; x_wconf 88' lang='lat' dir='ltr'><strong><em>velut</em></strong></span> <span class='ocrx_word' id='word_1_239' title='bbox 3001 1753 3116 1810; x_wconf 90' lang='lat' dir='ltr'><strong><em>eos,</em></strong></span> <span class='ocrx_word' id='word_1_240' title='bbox 3153 1740 3254 1811; x_wconf 90' lang='lat' dir='ltr'><strong><em>qui</em></strong></span> <span class='ocrx_word' id='word_1_241' title='bbox 3317 1754 3458 1811; x_wconf 87' lang='lat' dir='ltr'><strong><em>papa</em></strong></span> <span class='ocrx_word' id='word_1_242' title='bbox 3484 1742 3706 1798; x_wconf 87' lang='lat' dir='ltr'><strong><em>vivente</em></strong></span> 
     </span>
    </p>
   </div>
   <div class='ocr_carea' id='block_1_34' title="bbox 297 1828 1946 1900">
    <p class='ocr_par' dir='ltr' id='par_1_34' title="bbox 297 1828 1946 1900">
     <span class='ocr_line' id='line_1_34' title="bbox 297 1828 1946 1900; baseline 0 -18"><span class='ocrx_word' id='word_1_243' title='bbox 297 1828 469 1897; x_wconf 87' lang='lat' dir='ltr'><strong><em>(Psal.</em></strong></span> <span class='ocrx_word' id='word_1_244' title='bbox 495 1829 778 1898; x_wconf 78' lang='lat' dir='ltr'><strong><em>Lxxxvu),</em></strong></span> <span class='ocrx_word' id='word_1_245' title='bbox 810 1833 908 1882; x_wconf 91' lang='lat' dir='ltr'><strong><em>etc.</em></strong></span> <span class='ocrx_word' id='word_1_246' title='bbox 946 1830 1088 1884; x_wconf 90' lang='lat' dir='ltr'><strong><em>Nam</em></strong></span> <span class='ocrx_word' id='word_1_247' title='bbox 1129 1845 1334 1900; x_wconf 85' lang='lat' dir='ltr'><strong><em>semper</em></strong></span> <span class='ocrx_word' id='word_1_248' title='bbox 1380 1830 1635 1900; x_wconf 86' lang='lat' dir='ltr'><strong><em>superbia</em></strong></span> <span class='ocrx_word' id='word_1_249' title='bbox 1660 1830 1786 1892; x_wconf 89' lang='lat' dir='ltr'><strong><em>sibi,</em></strong></span> <span class='ocrx_word' id='word_1_250' title='bbox 1835 1844 1946 1883; x_wconf 91' lang='lat' dir='ltr'><strong><em>non</em></strong></span> 
     </span>
    </p>
   </div>
   <div class='ocr_carea' id='block_1_35' title="bbox 297 1917 1946 1984">
    <p class='ocr_par' dir='ltr' id='par_1_35' title="bbox 297 1917 1946 1984">
     <span class='ocr_line' id='line_1_35' title="bbox 297 1917 1946 1984; baseline 0.002 -14"><span class='ocrx_word' id='word_1_251' title='bbox 297 1917 428 1970; x_wconf 87' lang='lat' dir='ltr'><strong><em>aliis</em></strong></span> <span class='ocrx_word' id='word_1_252' title='bbox 464 1917 686 1970; x_wconf 88' lang='lat' dir='ltr'><strong><em>ruinam</em></strong></span> <span class='ocrx_word' id='word_1_253' title='bbox 722 1918 878 1984; x_wconf 82' lang='lat' dir='ltr'><strong><em>facit.</em></strong></span> <span class='ocrx_word' id='word_1_254' title='bbox 932 1918 1102 1981; x_wconf 86' lang='lat' dir='ltr'><strong><em>Unde,</em></strong></span> <span class='ocrx_word' id='word_1_255' title='bbox 1153 1934 1272 1972; x_wconf 90' lang='lat' dir='ltr'><strong><em>cum</em></strong></span> <span class='ocrx_word' id='word_1_256' title='bbox 1299 1919 1406 1973; x_wconf 89' lang='lat' dir='ltr'><strong><em>sibi</em></strong></span> <span class='ocrx_word' id='word_1_257' title='bbox 1435 1919 1728 1973; x_wconf 84' lang='lat' dir='ltr'><strong><em>sacerdotis</em></strong></span> <span class='ocrx_word' id='word_1_258' title='bbox 1754 1933 1946 1973; x_wconf 88' lang='lat' dir='ltr'><strong><em>nomen</em></strong></span> 
     </span>
    </p>
   </div>
   <div class='ocr_carea' id='block_1_36' title="bbox 299 2007 1947 2078">
    <p class='ocr_par' dir='ltr' id='par_1_36' title="bbox 299 2007 1947 2078">
     <span class='ocr_line' id='line_1_36' title="bbox 299 2007 1947 2078; baseline 0.003 -20"><span class='ocrx_word' id='word_1_259' title='bbox 299 2007 652 2074; x_wconf 82' lang='lat' dir='ltr'><strong><em>usurpaverit</em></strong></span> <span class='ocrx_word' id='word_1_260' title='bbox 671 2007 1082 2071; x_wconf 88' lang='lat' dir='ltr'><strong><em>condemnatus,</em></strong></span> <span class='ocrx_word' id='word_1_261' title='bbox 1104 2009 1162 2061; x_wconf 90' lang='lat' dir='ltr'><strong><em>in</em></strong></span> <span class='ocrx_word' id='word_1_262' title='bbox 1185 2010 1359 2078; x_wconf 87' lang='lat' dir='ltr'><strong><em>ipsius</em></strong></span> <span class='ocrx_word' id='word_1_263' title='bbox 1393 2011 1646 2063; x_wconf 87' lang='lat' dir='ltr'><strong><em>verticem</em></strong></span> <span class='ocrx_word' id='word_1_264' title='bbox 1681 2009 1947 2078; x_wconf 76' lang='lat' dir='ltr'><strong><em>superbia</em></strong></span> 
     </span>
    </p>
   </div>
   <div class='ocr_carea' id='block_1_37' title="bbox 303 2096 1946 2167">
    <p class='ocr_par' dir='ltr' id='par_1_37' title="bbox 303 2096 1946 2167">
     <span class='ocr_line' id='line_1_37' title="bbox 303 2096 1946 2167; baseline 0.002 -19"><span class='ocrx_word' id='word_1_265' title='bbox 303 2101 484 2149; x_wconf 86' lang='lat' dir='ltr'><strong><em>tumor</em></strong></span> <span class='ocrx_word' id='word_1_266' title='bbox 503 2096 741 2163; x_wconf 82' lang='lat' dir='ltr'><strong><em>inﬂictus</em></strong></span> <span class='ocrx_word' id='word_1_267' title='bbox 766 2101 880 2161; x_wconf 86' lang='lat' dir='ltr'><strong><em>est;</em></strong></span> <span class='ocrx_word' id='word_1_268' title='bbox 903 2099 1035 2166; x_wconf 89' lang='lat' dir='ltr'><strong><em>quia</em></strong></span> <span class='ocrx_word' id='word_1_269' title='bbox 1059 2113 1168 2151; x_wconf 91' lang='lat' dir='ltr'><strong><em>non</em></strong></span> <span class='ocrx_word' id='word_1_270' title='bbox 1185 2099 1445 2167; x_wconf 90' lang='lat' dir='ltr'><strong><em>populus,</em></strong></span> <span class='ocrx_word' id='word_1_271' title='bbox 1470 2101 1567 2167; x_wconf 89' lang='lat' dir='ltr'><strong><em>qui</em></strong></span> <span class='ocrx_word' id='word_1_272' title='bbox 1592 2100 1651 2152; x_wconf 90' lang='lat' dir='ltr'><strong><em>in</em></strong></span> <span class='ocrx_word' id='word_1_273' title='bbox 1675 2101 1946 2166; x_wconf 81' lang='lat' dir='ltr'><strong><em>mysteriis</em></strong></span> 
     </span>
    </p>
   </div>
   <div class='ocr_carea' id='block_1_38' title="bbox 301 2179 1946 2261">
    <p class='ocr_par' dir='ltr' id='par_1_38' title="bbox 301 2179 1946 2261">
     <span class='ocr_line' id='line_1_38' title="bbox 301 2179 1946 2261; baseline 0.003 -24"><span class='ocrx_word' id='word_1_274' title='bbox 301 2179 684 2260; x_wconf 87' lang='lat' dir='ltr'><strong><em>[ministeriis]</em></strong></span> <span class='ocrx_word' id='word_1_275' title='bbox 710 2185 911 2241; x_wconf 88' lang='lat' dir='ltr'><strong><em>donum</em></strong></span> <span class='ocrx_word' id='word_1_276' title='bbox 934 2187 1110 2256; x_wconf 90' lang='lat' dir='ltr'><strong><em>ipsius</em></strong></span> <span class='ocrx_word' id='word_1_277' title='bbox 1141 2187 1345 2242; x_wconf 89' lang='lat' dir='ltr'><strong><em>sciebat</em></strong></span> <span class='ocrx_word' id='word_1_278' title='bbox 1369 2185 1674 2261; x_wconf 88' lang='lat' dir='ltr'><strong><em>[sitiebat],</em></strong></span> <span class='ocrx_word' id='word_1_279' title='bbox 1696 2189 1946 2242; x_wconf 63' lang='lat' dir='ltr'><strong><em>exclusus</em></strong></span> 
     </span>
    </p>
   </div>
   <div class='ocr_carea' id='block_1_39' title="bbox 297 2274 1946 2346">
    <p class='ocr_par' dir='ltr' id='par_1_39' title="bbox 297 2274 1946 2346">
     <span class='ocr_line' id='line_1_39' title="bbox 297 2274 1946 2346; baseline 0.002 -19"><span class='ocrx_word' id='word_1_280' title='bbox 297 2278 378 2328; x_wconf 89' lang='lat' dir='ltr'><strong><em>est</em></strong></span> <span class='ocrx_word' id='word_1_281' title='bbox 409 2314 424 2336; x_wconf 91' lang='lat'><strong><em>,</em></strong></span> <span class='ocrx_word' id='word_1_282' title='bbox 456 2274 551 2328; x_wconf 86' lang='lat' dir='ltr'><strong><em>sed</em></strong></span> <span class='ocrx_word' id='word_1_283' title='bbox 574 2277 759 2329; x_wconf 87' lang='lat' dir='ltr'><strong><em>anima</em></strong></span> <span class='ocrx_word' id='word_1_284' title='bbox 808 2276 944 2338; x_wconf 89' lang='lat' dir='ltr'><strong><em>sola,</em></strong></span> <span class='ocrx_word' id='word_1_285' title='bbox 1006 2291 1126 2345; x_wconf 82' lang='lat' dir='ltr'><strong><em>qua</em></strong></span> <span class='ocrx_word' id='word_1_286' title='bbox 1170 2281 1508 2346; x_wconf 86' lang='lat' dir='ltr'><strong><em>peccaverat,</em></strong></span> <span class='ocrx_word' id='word_1_287' title='bbox 1545 2277 1761 2345; x_wconf 88' lang='lat' dir='ltr'><strong><em>judicio</em></strong></span> <span class='ocrx_word' id='word_1_288' title='bbox 1793 2277 1946 2345; x_wconf 86' lang='lat' dir='ltr'><strong><em>justo</em></strong></span> 
     </span>
    </p>
   </div>
   <div class='ocr_carea' id='block_1_40' title="bbox 295 2365 1949 2434">
    <p class='ocr_par' dir='ltr' id='par_1_40' title="bbox 295 2365 1949 2434">
     <span class='ocr_line' id='line_1_40' title="bbox 295 2365 1949 2434; baseline 0 -14"><span class='ocrx_word' id='word_1_289' title='bbox 295 2366 522 2433; x_wconf 82' lang='lat' dir='ltr'><strong><em>proprie</em></strong></span> <span class='ocrx_word' id='word_1_290' title='bbox 553 2366 657 2419; x_wconf 87' lang='lat' dir='ltr'><strong><em>erit</em></strong></span> <span class='ocrx_word' id='word_1_291' title='bbox 686 2365 922 2419; x_wconf 64' lang='lat' dir='ltr'><strong><em>obnoxia</em></strong></span> <span class='ocrx_word' id='word_1_292' title='bbox 944 2383 961 2418; x_wconf 89' lang='lat'><strong><em>:</em></strong></span> <span class='ocrx_word' id='word_1_293' title='bbox 1009 2365 1156 2434; x_wconf 91' lang='lat' dir='ltr'><strong><em>quod</em></strong></span> <span class='ocrx_word' id='word_1_294' title='bbox 1202 2366 1402 2434; x_wconf 88' lang='lat' dir='ltr'><strong><em>ubique</em></strong></span> <span class='ocrx_word' id='word_1_295' title='bbox 1443 2381 1732 2421; x_wconf 80' lang='lat' dir='ltr'><strong><em>numerosa</em></strong></span> <span class='ocrx_word' id='word_1_296' title='bbox 1791 2366 1949 2421; x_wconf 89' lang='lat' dir='ltr'><strong><em>Scri-</em></strong></span> 
     </span>
    </p>
   </div>
   <div class='ocr_carea' id='block_1_41' title="bbox 299 2451 1588 2529">
    <p class='ocr_par' dir='ltr' id='par_1_41' title="bbox 299 2451 1588 2529">
     <span class='ocr_line' id='line_1_41' title="bbox 299 2451 1588 2529; baseline 0.002 -22"><span class='ocrx_word' id='word_1_297' title='bbox 299 2457 598 2523; x_wconf 85' lang='lat' dir='ltr'><strong><em>pturarum</em></strong></span> <span class='ocrx_word' id='word_1_298' title='bbox 625 2458 858 2508; x_wconf 88' lang='lat' dir='ltr'><strong><em>testatur</em></strong></span> <span class='ocrx_word' id='word_1_299' title='bbox 884 2457 1182 2509; x_wconf 85' lang='lat' dir='ltr'><strong><em>auctoritas</em></strong></span> <span class='ocrx_word' id='word_1_300' title='bbox 1229 2451 1588 2529; x_wconf 86' lang='lat' dir='ltr'><strong><em>[instructio]</em></strong></span> 
     </span>
    </p>
   </div>
   <div class='ocr_carea' id='block_1_42' title="bbox 373 2543 1947 2617">
    <p class='ocr_par' dir='ltr' id='par_1_42' title="bbox 373 2543 1947 2617">
     <span class='ocr_line' id='line_1_42' title="bbox 373 2543 1947 2617; baseline 0.003 -20"><span class='ocrx_word' id='word_1_301' title='bbox 373 2543 416 2597; x_wconf 88' lang='lat' dir='ltr'><strong><em>A</em></strong></span> <span class='ocrx_word' id='word_1_302' title='bbox 441 2543 698 2613; x_wconf 86' lang='lat' dir='ltr'><strong><em>pradicti</em></strong></span> <span class='ocrx_word' id='word_1_303' title='bbox 718 2557 848 2599; x_wconf 92' lang='lat' dir='ltr'><strong><em>vero</em></strong></span> <span class='ocrx_word' id='word_1_304' title='bbox 878 2558 1036 2614; x_wconf 86' lang='lat' dir='ltr'><strong><em>papa.</em></strong></span> <span class='ocrx_word' id='word_1_305' title='bbox 1056 2545 1476 2617; x_wconf 87' lang='lat' dir='ltr'><strong><em>communione,</em></strong></span> <span class='ocrx_word' id='word_1_306' title='bbox 1506 2546 1658 2602; x_wconf 90' lang='lat' dir='ltr'><strong><em>sicut</em></strong></span> <span class='ocrx_word' id='word_1_307' title='bbox 1678 2545 1735 2600; x_wconf 93' lang='lat' dir='ltr'><strong><em>in</em></strong></span> <span class='ocrx_word' id='word_1_308' title='bbox 1770 2546 1947 2617; x_wconf 87' lang='lat' dir='ltr'><strong><em>gestis</em></strong></span> 
     </span>
    </p>
   </div>
   <div class='ocr_carea' id='block_1_43' title="bbox 299 2631 1949 2706">
    <p class='ocr_par' dir='ltr' id='par_1_43' title="bbox 299 2631 1949 2706">
     <span class='ocr_line' id='line_1_43' title="bbox 299 2631 1949 2706; baseline 0.004 -21"><span class='ocrx_word' id='word_1_309' title='bbox 299 2631 682 2688; x_wconf 84' lang='lat' dir='ltr'><strong><em>Romanorum</em></strong></span> <span class='ocrx_word' id='word_1_310' title='bbox 714 2633 1047 2703; x_wconf 84' lang='lat' dir='ltr'><strong><em>pontiﬁcum</em></strong></span> <span class='ocrx_word' id='word_1_311' title='bbox 1076 2633 1309 2706; x_wconf 87' lang='lat' dir='ltr'><strong><em>legitur,</em></strong></span> <span class='ocrx_word' id='word_1_312' title='bbox 1357 2635 1526 2690; x_wconf 88' lang='lat' dir='ltr'><strong><em>multi</em></strong></span> <span class='ocrx_word' id='word_1_313' title='bbox 1559 2649 1627 2690; x_wconf 82' lang='lat' dir='ltr'><strong><em>ex</em></strong></span> <span class='ocrx_word' id='word_1_314' title='bbox 1648 2636 1798 2692; x_wconf 90' lang='lat' dir='ltr'><strong><em>clero</em></strong></span> <span class='ocrx_word' id='word_1_315' title='bbox 1828 2638 1949 2692; x_wconf 84' lang='lat' dir='ltr'><strong><em>Ro—</em></strong></span> 
     </span>
    </p>
   </div>
   <div class='ocr_carea' id='block_1_44' title="bbox 300 2722 1947 2794">
    <p class='ocr_par' dir='ltr' id='par_1_44' title="bbox 300 2722 1947 2794">
     <span class='ocr_line' id='line_1_44' title="bbox 300 2722 1947 2794; baseline 0.003 -19"><span class='ocrx_word' id='word_1_316' title='bbox 300 2733 598 2778; x_wconf 90' lang='lat' dir='ltr'><strong><em>manorum</em></strong></span> <span class='ocrx_word' id='word_1_317' title='bbox 641 2722 805 2778; x_wconf 83' lang='lat' dir='ltr'><strong><em>urbis</em></strong></span> <span class='ocrx_word' id='word_1_318' title='bbox 843 2736 901 2778; x_wconf 92' lang='lat' dir='ltr'><strong><em>se</em></strong></span> <span class='ocrx_word' id='word_1_319' title='bbox 940 2723 1394 2793; x_wconf 85' lang='lat' dir='ltr'><strong><em>suspenderunt;</em></strong></span> <span class='ocrx_word' id='word_1_320' title='bbox 1448 2725 1597 2793; x_wconf 89' lang='lat' dir='ltr'><strong><em>ideo,</em></strong></span> <span class='ocrx_word' id='word_1_321' title='bbox 1645 2725 1781 2794; x_wconf 92' lang='lat' dir='ltr'><strong><em>quia</em></strong></span> <span class='ocrx_word' id='word_1_322' title='bbox 1821 2725 1947 2781; x_wconf 88' lang='lat' dir='ltr'><strong><em>sine</em></strong></span> 
     </span>
    </p>
   </div>
   <div class='ocr_carea' id='block_1_45' title="bbox 298 2811 1946 2872">
    <p class='ocr_par' dir='ltr' id='par_1_45' title="bbox 298 2811 1946 2872">
     <span class='ocr_line' id='line_1_45' title="bbox 298 2811 1946 2872; baseline 0.004 -7"><span class='ocrx_word' id='word_1_323' title='bbox 298 2811 548 2867; x_wconf 90' lang='lat' dir='ltr'><strong><em>consilio</em></strong></span> <span class='ocrx_word' id='word_1_324' title='bbox 599 2825 793 2868; x_wconf 90' lang='lat' dir='ltr'><strong><em>eorum</em></strong></span> <span class='ocrx_word' id='word_1_325' title='bbox 833 2812 1076 2869; x_wconf 89' lang='lat' dir='ltr'><strong><em>Photino</em></strong></span> <span class='ocrx_word' id='word_1_326' title='bbox 1141 2812 1634 2870; x_wconf 85' lang='lat' dir='ltr'><strong><em>Thessalonicensi</em></strong></span> <span class='ocrx_word' id='word_1_327' title='bbox 1703 2815 1946 2872; x_wconf 88' lang='lat' dir='ltr'><strong><em>diacono</em></strong></span> 
     </span>
    </p>
   </div>
   <div class='ocr_carea' id='block_1_46' title="bbox 295 2901 1947 2973">
    <p class='ocr_par' dir='ltr' id='par_1_46' title="bbox 295 2901 1947 2973">
     <span class='ocr_line' id='line_1_46' title="bbox 295 2901 1947 2973; baseline 0.002 -17"><span class='ocrx_word' id='word_1_328' title='bbox 295 2901 766 2972; x_wconf 87' lang='lat' dir='ltr'><strong><em>communicavit,</em></strong></span> <span class='ocrx_word' id='word_1_329' title='bbox 808 2901 907 2973; x_wconf 89' lang='lat' dir='ltr'><strong><em>qui</em></strong></span> <span class='ocrx_word' id='word_1_330' title='bbox 960 2909 1082 2959; x_wconf 89' lang='lat' dir='ltr'><strong><em>erat</em></strong></span> <span class='ocrx_word' id='word_1_331' title='bbox 1138 2904 1563 2960; x_wconf 87' lang='lat' dir='ltr'><strong><em>communionis</em></strong></span> <span class='ocrx_word' id='word_1_332' title='bbox 1609 2904 1843 2959; x_wconf 87' lang='lat' dir='ltr'><strong><em>Acacii:</em></strong></span> <span class='ocrx_word' id='word_1_333' title='bbox 1891 2908 1947 2960; x_wconf 92' lang='lat' dir='ltr'><strong><em>et</em></strong></span> 
     </span>
    </p>
   </div>
   <div class='ocr_carea' id='block_1_47' title="bbox 297 2990 1944 3065">
    <p class='ocr_par' dir='ltr' id='par_1_47' title="bbox 297 2990 1944 3065">
     <span class='ocr_line' id='line_1_47' title="bbox 297 2990 1944 3065; baseline 0.001 -19"><span class='ocrx_word' id='word_1_334' title='bbox 297 2991 440 3061; x_wconf 89' lang='lat' dir='ltr'><strong><em>quia</em></strong></span> <span class='ocrx_word' id='word_1_335' title='bbox 487 2990 709 3046; x_wconf 89' lang='lat' dir='ltr'><strong><em>occulte</em></strong></span> <span class='ocrx_word' id='word_1_336' title='bbox 735 2991 1004 3048; x_wconf 82' lang='lat' dir='ltr'><strong><em>Acacium</em></strong></span> <span class='ocrx_word' id='word_1_337' title='bbox 1049 2993 1234 3060; x_wconf 78' lang='lat' dir='ltr'><strong><em>voluit</em></strong></span> <span class='ocrx_word' id='word_1_338' title='bbox 1285 3007 1567 3065; x_wconf 89' lang='lat' dir='ltr'><strong><em>revocare,</em></strong></span> <span class='ocrx_word' id='word_1_339' title='bbox 1619 2993 1714 3048; x_wconf 91' lang='lat' dir='ltr'><strong><em>sed</em></strong></span> <span class='ocrx_word' id='word_1_340' title='bbox 1747 2993 1944 3048; x_wconf 88' lang='lat' dir='ltr'><strong><em>divino</em></strong></span> 
     </span>
    </p>
   </div>
   <div class='ocr_carea' id='block_1_48' title="bbox 2056 1826 3708 1900">
    <p class='ocr_par' dir='ltr' id='par_1_48' title="bbox 2056 1826 3708 1900">
     <span class='ocr_line' id='line_1_48' title="bbox 2056 1826 3708 1900; baseline 0.003 -18"><span class='ocrx_word' id='word_1_341' title='bbox 2056 1826 2244 1882; x_wconf 88' lang='lat' dir='ltr'><strong><em>sedem</em></strong></span> <span class='ocrx_word' id='word_1_342' title='bbox 2287 1841 2576 1884; x_wconf 89' lang='lat' dir='ltr'><strong><em>romanam</em></strong></span> <span class='ocrx_word' id='word_1_343' title='bbox 2624 1830 2968 1900; x_wconf 87' lang='lat' dir='ltr'><strong><em>invaserant,</em></strong></span> <span class='ocrx_word' id='word_1_344' title='bbox 3025 1829 3240 1898; x_wconf 89' lang='lat' dir='ltr'><strong><em>pariter</em></strong></span> <span class='ocrx_word' id='word_1_345' title='bbox 3290 1829 3708 1888; x_wconf 89' lang='lat' dir='ltr'><strong><em>condemnave-</em></strong></span> 
     </span>
    </p>
   </div>
   <div class='ocr_carea' id='block_1_49' title="bbox 2057 1917 3701 1988">
    <p class='ocr_par' dir='ltr' id='par_1_49' title="bbox 2057 1917 3701 1988">
     <span class='ocr_line' id='line_1_49' title="bbox 2057 1917 3701 1988; baseline 0.002 -17"><span class='ocrx_word' id='word_1_346' title='bbox 2057 1923 2209 1972; x_wconf 88' lang='lat' dir='ltr'><strong><em>runt.</em></strong></span> <span class='ocrx_word' id='word_1_347' title='bbox 2253 1917 2356 1972; x_wconf 86' lang='lat' dir='ltr'><strong><em>Hic</em></strong></span> <span class='ocrx_word' id='word_1_348' title='bbox 2395 1917 2687 1974; x_wconf 88' lang='lat' dir='ltr'><strong><em>confessor</em></strong></span> <span class='ocrx_word' id='word_1_349' title='bbox 2732 1918 2948 1974; x_wconf 90' lang='lat' dir='ltr'><strong><em>Christi</em></strong></span> <span class='ocrx_word' id='word_1_350' title='bbox 2998 1918 3066 1973; x_wconf 90' lang='lat' dir='ltr'><strong><em>ad</em></strong></span> <span class='ocrx_word' id='word_1_351' title='bbox 3120 1919 3309 1988; x_wconf 89' lang='lat' dir='ltr'><strong><em>ipsum</em></strong></span> <span class='ocrx_word' id='word_1_352' title='bbox 3361 1933 3415 1975; x_wconf 77' lang='grc' dir='ltr'><strong><em>ιν</em></strong></span> <span class='ocrx_word' id='word_1_353' title='bbox 3466 1920 3701 1977; x_wconf 86' lang='lat' dir='ltr'><strong><em>Kalend.</em></strong></span> 
     </span>
    </p>
   </div>
   <div class='ocr_carea' id='block_1_50' title="bbox 2055 2006 2621 2079">
    <p class='ocr_par' dir='ltr' id='par_1_50' title="bbox 2055 2006 2621 2079">
     <span class='ocr_line' id='line_1_50' title="bbox 2055 2006 2621 2079; baseline -0.004 -16"><span class='ocrx_word' id='word_1_354' title='bbox 2055 2006 2302 2078; x_wconf 82' lang='lat' dir='ltr'><strong><em>Augusti</em></strong></span> <span class='ocrx_word' id='word_1_355' title='bbox 2336 2007 2621 2079; x_wconf 83' lang='lat' dir='ltr'><strong><em>migravit.</em></strong></span> 
     </span>
    </p>
   </div>
   <div class='ocr_carea' id='block_1_51' title="bbox 2126 2096 3708 2169">
    <p class='ocr_par' dir='ltr' id='par_1_51' title="bbox 2126 2096 3708 2169">
     <span class='ocr_line' id='line_1_51' title="bbox 2126 2096 3708 2169; baseline 0.004 -19"><span class='ocrx_word' id='word_1_356' title='bbox 2126 2096 2228 2151; x_wconf 85' lang='lat' dir='ltr'><strong><em>llic</em></strong></span> <span class='ocrx_word' id='word_1_357' title='bbox 2260 2110 2401 2167; x_wconf 88' lang='lat' dir='ltr'><strong><em>papa</em></strong></span> <span class='ocrx_word' id='word_1_358' title='bbox 2435 2097 2758 2168; x_wconf 86' lang='lat' dir='ltr'><strong><em>frequentes</em></strong></span> <span class='ocrx_word' id='word_1_359' title='bbox 2787 2096 3060 2169; x_wconf 89' lang='lat' dir='ltr'><strong><em>ambitus,</em></strong></span> <span class='ocrx_word' id='word_1_360' title='bbox 3086 2101 3257 2168; x_wconf 90' lang='lat' dir='ltr'><strong><em>atque</em></strong></span> <span class='ocrx_word' id='word_1_361' title='bbox 3290 2099 3558 2156; x_wconf 87' lang='lat' dir='ltr'><strong><em>Ecclesia</em></strong></span> <span class='ocrx_word' id='word_1_362' title='bbox 3590 2113 3708 2156; x_wconf 91' lang='lat' dir='ltr'><strong><em>nu-</em></strong></span> 
     </span>
    </p>
   </div>
   <div class='ocr_carea' id='block_1_52' title="bbox 2055 2184 3708 2257">
    <p class='ocr_par' dir='ltr' id='par_1_52' title="bbox 2055 2184 3708 2257">
     <span class='ocr_line' id='line_1_52' title="bbox 2055 2184 3708 2257; baseline 0.002 -18"><span class='ocrx_word' id='word_1_363' title='bbox 2055 2184 2314 2256; x_wconf 86' lang='lat' dir='ltr'><strong><em>ditatem,</em></strong></span> <span class='ocrx_word' id='word_1_364' title='bbox 2346 2185 2430 2240; x_wconf 91' lang='lat' dir='ltr'><strong><em>vel</em></strong></span> <span class='ocrx_word' id='word_1_365' title='bbox 2459 2185 2655 2256; x_wconf 90' lang='lat' dir='ltr'><strong><em>p0puli</em></strong></span> <span class='ocrx_word' id='word_1_366' title='bbox 2683 2185 3064 2256; x_wconf 89' lang='lat' dir='ltr'><strong><em>collisionem,</em></strong></span> <span class='ocrx_word' id='word_1_367' title='bbox 3095 2200 3220 2257; x_wconf 85' lang='lat' dir='ltr'><strong><em>qua</em></strong></span> <span class='ocrx_word' id='word_1_368' title='bbox 3252 2187 3489 2243; x_wconf 90' lang='lat' dir='ltr'><strong><em>molesta</em></strong></span> <span class='ocrx_word' id='word_1_369' title='bbox 3516 2191 3572 2243; x_wconf 92' lang='lat' dir='ltr'><strong><em>et</em></strong></span> <span class='ocrx_word' id='word_1_370' title='bbox 3599 2188 3708 2243; x_wconf 90' lang='lat' dir='ltr'><strong><em>ini-</em></strong></span> 
     </span>
    </p>
   </div>
   <div class='ocr_carea' id='block_1_53' title="bbox 2057 2274 3708 2347">
    <p class='ocr_par' dir='ltr' id='par_1_53' title="bbox 2057 2274 3708 2347">
     <span class='ocr_line' id='line_1_53' title="bbox 2057 2274 3708 2347; baseline 0.002 -18"><span class='ocrx_word' id='word_1_371' title='bbox 2057 2287 2169 2344; x_wconf 88' lang='lat' dir='ltr'><strong><em>qua</em></strong></span> <span class='ocrx_word' id='word_1_372' title='bbox 2203 2274 2650 2345; x_wconf 90' lang='lat' dir='ltr'><strong><em>incompetenter</em></strong></span> <span class='ocrx_word' id='word_1_373' title='bbox 2677 2276 3070 2346; x_wconf 88' lang='lat' dir='ltr'><strong><em>episcopatum</em></strong></span> <span class='ocrx_word' id='word_1_374' title='bbox 3098 2275 3552 2333; x_wconf 89' lang='lat' dir='ltr'><strong><em>desiderantium</em></strong></span> <span class='ocrx_word' id='word_1_375' title='bbox 3587 2291 3708 2347; x_wconf 92' lang='lat' dir='ltr'><strong><em>per-</em></strong></span> 
     </span>
    </p>
   </div>
   <div class='ocr_carea' id='block_1_54' title="bbox 2057 2365 3707 2437">
    <p class='ocr_par' dir='ltr' id='par_1_54' title="bbox 2057 2365 3707 2437">
     <span class='ocr_line' id='line_1_54' title="bbox 2057 2365 3707 2437; baseline 0.002 -19"><span class='ocrx_word' id='word_1_376' title='bbox 2057 2377 2204 2434; x_wconf 86' lang='lat' dir='ltr'><strong><em>sape</em></strong></span> <span class='ocrx_word' id='word_1_377' title='bbox 2253 2366 2543 2436; x_wconf 86' lang='lat' dir='ltr'><strong><em>generavit</em></strong></span> <span class='ocrx_word' id='word_1_378' title='bbox 2587 2365 2854 2436; x_wconf 85' lang='lat' dir='ltr'><strong><em>aviditas,</em></strong></span> <span class='ocrx_word' id='word_1_379' title='bbox 2911 2372 2976 2421; x_wconf 85' lang='lat' dir='ltr'><strong><em>ut</em></strong></span> <span class='ocrx_word' id='word_1_380' title='bbox 3021 2366 3426 2437; x_wconf 86' lang='lat' dir='ltr'><strong><em>exstinguatur</em></strong></span> <span class='ocrx_word' id='word_1_381' title='bbox 3486 2366 3707 2424; x_wconf 89' lang='lat' dir='ltr'><strong><em>futuris</em></strong></span> 
     </span>
    </p>
   </div>
   <div class='ocr_carea' id='block_1_55' title="bbox 2059 2455 3797 2527">
    <p class='ocr_par' dir='ltr' id='par_1_55' title="bbox 2059 2455 3797 2527">
     <span class='ocr_line' id='line_1_55' title="bbox 2059 2455 3797 2527; baseline 0.002 -18"><span class='ocrx_word' id='word_1_382' title='bbox 2059 2455 2428 2524; x_wconf 86' lang='lat' dir='ltr'><strong><em>prasumptio</em></strong></span> <span class='ocrx_word' id='word_1_383' title='bbox 2464 2459 2574 2511; x_wconf 88' lang='lat' dir='ltr'><strong><em>tam</em></strong></span> <span class='ocrx_word' id='word_1_384' title='bbox 2622 2455 2944 2525; x_wconf 88' lang='lat' dir='ltr'><strong><em>perniciosa</em></strong></span> <span class='ocrx_word' id='word_1_385' title='bbox 2975 2455 3352 2526; x_wconf 88' lang='lat' dir='ltr'><strong><em>temporibus,</em></strong></span> <span class='ocrx_word' id='word_1_386' title='bbox 3387 2456 3448 2511; x_wconf 91' lang='lat' dir='ltr'><strong><em>in</em></strong></span> <span class='ocrx_word' id='word_1_387' title='bbox 3492 2458 3706 2527; x_wconf 91' lang='lat' dir='ltr'><strong><em>synodo</em></strong></span> <span class='ocrx_word' id='word_1_388' title='bbox 3793 2522 3797 2524; x_wconf 29' lang='grc' dir='ltr'><strong>η</strong></span> 
     </span>
    </p>
   </div>
   <div class='ocr_carea' id='block_1_56' title="bbox 2055 2541 3702 2616">
    <p class='ocr_par' dir='ltr' id='par_1_56' title="bbox 2055 2541 3702 2616">
     <span class='ocr_line' id='line_1_56' title="bbox 2055 2541 3702 2616; baseline 0.001 -19"><span class='ocrx_word' id='word_1_389' title='bbox 2055 2543 2362 2599; x_wconf 87' lang='lat' dir='ltr'><strong><em>constituit</em></strong></span> <span class='ocrx_word' id='word_1_390' title='bbox 2385 2555 2414 2585; x_wconf 70' lang='grc' dir='ltr'><strong>δ</strong></span> <span class='ocrx_word' id='word_1_391' title='bbox 2445 2586 2458 2614; x_wconf 84' lang='grc'><em>,</em></span> <span class='ocrx_word' id='word_1_392' title='bbox 2485 2550 2548 2600; x_wconf 89' lang='lat' dir='ltr'><strong><em>ut</em></strong></span> <span class='ocrx_word' id='word_1_393' title='bbox 2565 2545 2762 2615; x_wconf 86' lang='lat' dir='ltr'><strong><em>siquis</em></strong></span> <span class='ocrx_word' id='word_1_394' title='bbox 2777 2543 3233 2615; x_wconf 89' lang='lat' dir='ltr'><strong><em>presbyter(dist.</em></strong></span> <span class='ocrx_word' id='word_1_395' title='bbox 3251 2541 3342 2616; x_wconf 87' lang='lat'><strong><em>79,</em></strong></span> <span class='ocrx_word' id='word_1_396' title='bbox 3363 2560 3411 2600; x_wconf 94' lang='lat' dir='ltr'><strong><em>c.</em></strong></span> <span class='ocrx_word' id='word_1_397' title='bbox 3435 2545 3496 2600; x_wconf 90' lang='lat' dir='ltr'><strong><em>Si</em></strong></span> <span class='ocrx_word' id='word_1_398' title='bbox 3511 2544 3702 2616; x_wconf 88' lang='lat' dir='ltr'><strong><em>quis.),</em></strong></span> 
     </span>
    </p>
   </div>
   <div class='ocr_carea' id='block_1_57' title="bbox 2054 2632 3709 2704">
    <p class='ocr_par' dir='ltr' id='par_1_57' title="bbox 2054 2632 3709 2704">
     <span class='ocr_line' id='line_1_57' title="bbox 2054 2632 3709 2704; baseline 0.002 -18"><span class='ocrx_word' id='word_1_399' title='bbox 2054 2637 2156 2687; x_wconf 92' lang='lat' dir='ltr'><strong><em>aut</em></strong></span> <span class='ocrx_word' id='word_1_400' title='bbox 2183 2632 2484 2702; x_wconf 89' lang='lat' dir='ltr'><strong><em>diaconus,</em></strong></span> <span class='ocrx_word' id='word_1_401' title='bbox 2515 2639 2616 2688; x_wconf 90' lang='lat' dir='ltr'><strong><em>aut</em></strong></span> <span class='ocrx_word' id='word_1_402' title='bbox 2645 2633 2892 2690; x_wconf 90' lang='lat' dir='ltr'><strong><em>clericus</em></strong></span> <span class='ocrx_word' id='word_1_403' title='bbox 2924 2647 3080 2704; x_wconf 87' lang='lat' dir='ltr'><strong><em>papa</em></strong></span> <span class='ocrx_word' id='word_1_404' title='bbox 3112 2633 3412 2704; x_wconf 88' lang='lat' dir='ltr'><strong><em>incolumi,</em></strong></span> <span class='ocrx_word' id='word_1_405' title='bbox 3441 2636 3499 2690; x_wconf 90' lang='lat' dir='ltr'><strong><em>et</em></strong></span> <span class='ocrx_word' id='word_1_406' title='bbox 3528 2648 3594 2689; x_wconf 92' lang='lat' dir='ltr'><strong><em>eo</em></strong></span> <span class='ocrx_word' id='word_1_407' title='bbox 3628 2635 3709 2689; x_wconf 90' lang='lat' dir='ltr'><strong><em>in-</em></strong></span> 
     </span>
    </p>
   </div>
   <div class='ocr_carea' id='block_1_58' title="bbox 2056 2720 3708 2793">
    <p class='ocr_par' dir='ltr' id='par_1_58' title="bbox 2056 2720 3708 2793">
     <span class='ocr_line' id='line_1_58' title="bbox 2056 2720 3708 2793; baseline 0.002 -17"><span class='ocrx_word' id='word_1_408' title='bbox 2056 2720 2341 2790; x_wconf 88' lang='lat' dir='ltr'><strong><em>consulto,</em></strong></span> <span class='ocrx_word' id='word_1_409' title='bbox 2367 2726 2469 2777; x_wconf 89' lang='lat' dir='ltr'><strong><em>aut</em></strong></span> <span class='ocrx_word' id='word_1_410' title='bbox 2513 2721 2998 2791; x_wconf 89' lang='lat' dir='ltr'><strong><em>subscriptionem</em></strong></span> <span class='ocrx_word' id='word_1_411' title='bbox 3033 2735 3132 2792; x_wconf 91' lang='lat' dir='ltr'><strong><em>pro</em></strong></span> <span class='ocrx_word' id='word_1_412' title='bbox 3182 2722 3435 2778; x_wconf 86' lang='lat' dir='ltr'><strong><em>Romano</em></strong></span> <span class='ocrx_word' id='word_1_413' title='bbox 3466 2723 3708 2793; x_wconf 81' lang='lat' dir='ltr'><strong><em>pontiﬁ-</em></strong></span> 
     </span>
    </p>
   </div>
   <div class='ocr_carea' id='block_1_59' title="bbox 2057 2810 3709 2882">
    <p class='ocr_par' dir='ltr' id='par_1_59' title="bbox 2057 2810 3709 2882">
     <span class='ocr_line' id='line_1_59' title="bbox 2057 2810 3709 2882; baseline 0.002 -17"><span class='ocrx_word' id='word_1_414' title='bbox 2057 2816 2189 2866; x_wconf 90' lang='lat' dir='ltr'><strong><em>catu</em></strong></span> <span class='ocrx_word' id='word_1_415' title='bbox 2218 2810 2595 2881; x_wconf 88' lang='lat' dir='ltr'><strong><em>commodare,</em></strong></span> <span class='ocrx_word' id='word_1_416' title='bbox 2623 2815 2724 2866; x_wconf 88' lang='lat' dir='ltr'><strong><em>aut</em></strong></span> <span class='ocrx_word' id='word_1_417' title='bbox 2767 2816 3184 2867; x_wconf 87' lang='lat' dir='ltr'><strong><em>sacramentum</em></strong></span> <span class='ocrx_word' id='word_1_418' title='bbox 3236 2812 3543 2882; x_wconf 87' lang='lat' dir='ltr'><strong><em>praripere</em></strong></span> <span class='ocrx_word' id='word_1_419' title='bbox 3575 2819 3709 2868; x_wconf 90' lang='lat' dir='ltr'><strong><em>ten-</em></strong></span> 
     </span>
    </p>
   </div>
   <div class='ocr_carea' id='block_1_60' title="bbox 2057 2898 3709 2972">
    <p class='ocr_par' dir='ltr' id='par_1_60' title="bbox 2057 2898 3709 2972">
     <span class='ocr_line' id='line_1_60' title="bbox 2057 2898 3709 2972; baseline 0.002 -18"><span class='ocrx_word' id='word_1_420' title='bbox 2057 2899 2284 2970; x_wconf 88' lang='lat' dir='ltr'><strong><em>taverit,</em></strong></span> <span class='ocrx_word' id='word_1_421' title='bbox 2317 2903 2418 2954; x_wconf 90' lang='lat' dir='ltr'><strong><em>aut</em></strong></span> <span class='ocrx_word' id='word_1_422' title='bbox 2449 2899 2674 2970; x_wconf 86' lang='lat' dir='ltr'><strong><em>aliquid</em></strong></span> <span class='ocrx_word' id='word_1_423' title='bbox 2715 2905 2870 2957; x_wconf 91' lang='lat' dir='ltr'><strong><em>certo</em></strong></span> <span class='ocrx_word' id='word_1_424' title='bbox 2911 2898 3186 2972; x_wconf 73' lang='lat' dir='ltr'><strong><em>suffragio</em></strong></span> <span class='ocrx_word' id='word_1_425' title='bbox 3219 2899 3504 2969; x_wconf 85' lang='lat' dir='ltr'><strong><em>polliceri,</em></strong></span> <span class='ocrx_word' id='word_1_426' title='bbox 3533 2901 3616 2958; x_wconf 88' lang='lat' dir='ltr'><strong><em>vel</em></strong></span> <span class='ocrx_word' id='word_1_427' title='bbox 3638 2902 3709 2958; x_wconf 91' lang='lat' dir='ltr'><strong><em>de</em></strong></span> 
     </span>
    </p>
   </div>
   <div class='ocr_carea' id='block_1_61' title="bbox 2057 2987 3708 3056">
    <p class='ocr_par' dir='ltr' id='par_1_61' title="bbox 2057 2987 3708 3056">
     <span class='ocr_line' id='line_1_61' title="bbox 2057 2987 3708 3056; baseline 0.003 -15"><span class='ocrx_word' id='word_1_428' title='bbox 2057 2987 2162 3042; x_wconf 87' lang='lat' dir='ltr'><strong><em>hac</em></strong></span> <span class='ocrx_word' id='word_1_429' title='bbox 2214 3001 2382 3043; x_wconf 90' lang='lat' dir='ltr'><strong><em>causa</em></strong></span> <span class='ocrx_word' id='word_1_430' title='bbox 2440 2988 2682 3056; x_wconf 89' lang='lat' dir='ltr'><strong><em>privatis</em></strong></span> <span class='ocrx_word' id='word_1_431' title='bbox 2711 2988 3130 3044; x_wconf 85' lang='lat' dir='ltr'><strong><em>conventiculis</em></strong></span> <span class='ocrx_word' id='word_1_432' title='bbox 3172 2987 3342 3045; x_wconf 85' lang='lat' dir='ltr'><strong><em>factis</em></strong></span> <span class='ocrx_word' id='word_1_433' title='bbox 3385 2989 3708 3046; x_wconf 86' lang='lat' dir='ltr'><strong><em>deliberare</em></strong></span> 
     </span>
    </p>
   </div>
   <div class='ocr_carea' id='block_1_62' title="bbox 299 3076 3709 3152">
    <p class='ocr_par' dir='ltr' id='par_1_62' title="bbox 299 3076 3709 3152">
     <span class='ocr_line' id='line_1_62' title="bbox 299 3076 3709 3152; baseline -0.001 -15"><span class='ocrx_word' id='word_1_434' title='bbox 299 3083 451 3134; x_wconf 82' lang='lat' dir='ltr'><strong><em>nutu</em></strong></span> <span class='ocrx_word' id='word_1_435' title='bbox 496 3092 817 3152; x_wconf 88' lang='lat' dir='ltr'><strong><em>percussus,</em></strong></span> <span class='ocrx_word' id='word_1_436' title='bbox 872 3081 940 3137; x_wconf 91' lang='lat' dir='ltr'><strong><em>ad</em></strong></span> <span class='ocrx_word' id='word_1_437' title='bbox 994 3081 1257 3138; x_wconf 76' lang='lat' dir='ltr'><strong><em>effectum</em></strong></span> <span class='ocrx_word' id='word_1_438' title='bbox 1308 3082 1413 3137; x_wconf 92' lang='lat' dir='ltr'><strong><em>hoc</em></strong></span> <span class='ocrx_word' id='word_1_439' title='bbox 1473 3081 1780 3152; x_wconf 88' lang='lat' dir='ltr'><strong><em>perducere</em></strong></span> <span class='ocrx_word' id='word_1_440' title='bbox 1833 3095 1946 3137; x_wconf 89' lang='lat' dir='ltr'><strong><em>non</em></strong></span> <span class='ocrx_word' id='word_1_441' title='bbox 1975 3077 2024 3140; x_wconf 85' lang='lat' dir='ltr'>C</span> <span class='ocrx_word' id='word_1_442' title='bbox 2056 3081 2227 3146; x_wconf 88' lang='lat' dir='ltr'><strong><em>atque</em></strong></span> <span class='ocrx_word' id='word_1_443' title='bbox 2255 3076 2575 3145; x_wconf 88' lang='lat' dir='ltr'><strong><em>decernere,</em></strong></span> <span class='ocrx_word' id='word_1_444' title='bbox 2605 3076 2716 3132; x_wconf 92' lang='lat' dir='ltr'><strong><em>loci</em></strong></span> <span class='ocrx_word' id='word_1_445' title='bbox 2747 3077 2838 3131; x_wconf 92' lang='lat' dir='ltr'><strong><em>sui</em></strong></span> <span class='ocrx_word' id='word_1_446' title='bbox 2865 3077 3150 3146; x_wconf 85' lang='lat' dir='ltr'><strong><em>dignitate</em></strong></span> <span class='ocrx_word' id='word_1_447' title='bbox 3188 3077 3273 3131; x_wconf 92' lang='lat' dir='ltr'><strong><em>vel</em></strong></span> <span class='ocrx_word' id='word_1_448' title='bbox 3304 3079 3709 3135; x_wconf 89' lang='lat' dir='ltr'><strong><em>communione</em></strong></span> 
     </span>
    </p>
   </div>
   <div class='ocr_carea' id='block_1_63' title="bbox 298 3167 509 3237">
    <p class='ocr_par' dir='ltr' id='par_1_63' title="bbox 298 3167 509 3237">
     <span class='ocr_line' id='line_1_63' title="bbox 298 3167 509 3237; baseline -0.014 -13"><span class='ocrx_word' id='word_1_449' title='bbox 298 3167 509 3237; x_wconf 89' lang='lat' dir='ltr'><strong><em>potuit.</em></strong></span> 
     </span>
    </p>
   </div>
   <div class='ocr_carea' id='block_1_64' title="bbox 725 3259 1614 3316">
    <p class='ocr_par' dir='ltr' id='par_1_64' title="bbox 725 3259 1614 3316">
     <span class='ocr_line' id='line_1_64' title="bbox 725 3259 1614 3316; baseline -0.002 -1"><span class='ocrx_word' id='word_1_450' title='bbox 725 3259 856 3315; x_wconf 88' lang='lat' dir='ltr'><strong><em>LIll.</em></strong></span> <span class='ocrx_word' id='word_1_451' title='bbox 884 3290 954 3300; x_wconf 89' lang='lat'><strong><em>——</em></strong></span> <span class='ocrx_word' id='word_1_452' title='bbox 997 3260 1051 3316; x_wconf 92' lang='lat' dir='ltr'><strong><em>S.</em></strong></span> <span class='ocrx_word' id='word_1_453' title='bbox 1083 3259 1518 3315; x_wconf 84' lang='lat' dir='ltr'><strong><em>SYMMACHUS.</em></strong></span> <span class='ocrx_word' id='word_1_454' title='bbox 1599 3259 1614 3268; x_wconf 87' lang='grc'><strong><em>”</em></strong></span> 
     </span>
    </p>
   </div>
   <div class='ocr_carea' id='block_1_65' title="bbox 796 3343 1453 3418">
    <p class='ocr_par' dir='ltr' id='par_1_65' title="bbox 796 3343 1453 3418">
     <span class='ocr_line' id='line_1_65' title="bbox 796 3343 1453 3418; baseline 0.002 -17"><span class='ocrx_word' id='word_1_455' title='bbox 796 3347 823 3416; x_wconf 90' lang='lat'><em>(</em></span> <span class='ocrx_word' id='word_1_456' title='bbox 832 3348 998 3401; x_wconf 88' lang='lat' dir='ltr'><strong><em>Anno</em></strong></span> <span class='ocrx_word' id='word_1_457' title='bbox 1048 3347 1251 3402; x_wconf 78' lang='lat' dir='ltr'><strong><em>Christi</em></strong></span> <span class='ocrx_word' id='word_1_458' title='bbox 1278 3343 1401 3402; x_wconf 76' lang='grc'><strong><em>498.</em></strong></span> <span class='ocrx_word' id='word_1_459' title='bbox 1424 3347 1453 3418; x_wconf 84' lang='grc'><strong><em>)</em></strong></span> 
     </span>
    </p>
   </div>
   <div class='ocr_carea' id='block_1_66' title="bbox 367 3435 1945 3509">
    <p class='ocr_par' dir='ltr' id='par_1_66' title="bbox 367 3435 1945 3509">
     <span class='ocr_line' id='line_1_66' title="bbox 367 3435 1945 3509; baseline 0.002 -18"><span class='ocrx_word' id='word_1_460' title='bbox 367 3435 760 3506; x_wconf 88' lang='lat' dir='ltr'><strong><em>Symmachus,</em></strong></span> <span class='ocrx_word' id='word_1_461' title='bbox 794 3437 1027 3493; x_wconf 88' lang='lat' dir='ltr'><strong><em>natione</em></strong></span> <span class='ocrx_word' id='word_1_462' title='bbox 1054 3436 1287 3506; x_wconf 90' lang='lat' dir='ltr'><strong><em>Sardus,</em></strong></span> <span class='ocrx_word' id='word_1_463' title='bbox 1326 3451 1394 3492; x_wconf 81' lang='lat' dir='ltr'><strong><em>ex</em></strong></span> <span class='ocrx_word' id='word_1_464' title='bbox 1425 3440 1584 3508; x_wconf 88' lang='lat' dir='ltr'><strong><em>patre</em></strong></span> <span class='ocrx_word' id='word_1_465' title='bbox 1613 3437 1945 3509; x_wconf 87' lang='lat' dir='ltr'><strong><em>Fortunato,</em></strong></span> 
     </span>
    </p>
   </div>
   <div class='ocr_carea' id='block_1_67' title="bbox 297 3524 1948 3599">
    <p class='ocr_par' dir='ltr' id='par_1_67' title="bbox 297 3524 1948 3599">
     <span class='ocr_line' id='line_1_67' title="bbox 297 3524 1948 3599; baseline 0.001 -18"><span class='ocrx_word' id='word_1_466' title='bbox 297 3524 449 3581; x_wconf 89' lang='lat' dir='ltr'><strong><em>sedit</em></strong></span> <span class='ocrx_word' id='word_1_467' title='bbox 473 3538 654 3581; x_wconf 90' lang='lat' dir='ltr'><strong><em>annos</em></strong></span> <span class='ocrx_word' id='word_1_468' title='bbox 676 3526 1030 3598; x_wconf 89' lang='lat' dir='ltr'><strong><em>quindecim,</em></strong></span> <span class='ocrx_word' id='word_1_469' title='bbox 1087 3539 1308 3582; x_wconf 90' lang='lat' dir='ltr'><strong><em>menses</em></strong></span> <span class='ocrx_word' id='word_1_470' title='bbox 1328 3532 1564 3598; x_wconf 89' lang='lat' dir='ltr'><strong><em>septem,</em></strong></span> <span class='ocrx_word' id='word_1_471' title='bbox 1588 3527 1716 3584; x_wconf 92' lang='lat' dir='ltr'><strong><em>dies</em></strong></span> <span class='ocrx_word' id='word_1_472' title='bbox 1739 3527 1948 3599; x_wconf 87' lang='lat' dir='ltr'><strong><em>viginti</em></strong></span> 
     </span>
    </p>
   </div>
   <div class='ocr_carea' id='block_1_68' title="bbox 295 3615 1950 3686">
    <p class='ocr_par' dir='ltr' id='par_1_68' title="bbox 295 3615 1950 3686">
     <span class='ocr_line' id='line_1_68' title="bbox 295 3615 1950 3686; baseline 0.002 -17"><span class='ocrx_word' id='word_1_473' title='bbox 295 3622 530 3684; x_wconf 86' lang='lat' dir='ltr'><strong><em>septem.</em></strong></span> <span class='ocrx_word' id='word_1_474' title='bbox 554 3615 657 3670; x_wconf 85' lang='lat' dir='ltr'><strong><em>Hic</em></strong></span> <span class='ocrx_word' id='word_1_475' title='bbox 685 3615 978 3672; x_wconf 88' lang='lat' dir='ltr'><strong><em>ordinavit</em></strong></span> <span class='ocrx_word' id='word_1_476' title='bbox 1005 3617 1306 3686; x_wconf 91' lang='lat' dir='ltr'><strong><em>episcopos</em></strong></span> <span class='ocrx_word' id='word_1_477' title='bbox 1343 3621 1571 3673; x_wconf 90' lang='lat' dir='ltr'><strong><em>centum</em></strong></span> <span class='ocrx_word' id='word_1_478' title='bbox 1615 3621 1671 3673; x_wconf 89' lang='lat' dir='ltr'><strong><em>et</em></strong></span> <span class='ocrx_word' id='word_1_479' title='bbox 1713 3617 1950 3673; x_wconf 70' lang='lat' dir='ltr'><strong><em>octode—</em></strong></span> 
     </span>
    </p>
   </div>
   <div class='ocr_carea' id='block_1_69' title="bbox 296 3703 1950 3777">
    <p class='ocr_par' dir='ltr' id='par_1_69' title="bbox 296 3703 1950 3777">
     <span class='ocr_line' id='line_1_69' title="bbox 296 3703 1950 3777; baseline 0.001 -18"><span class='ocrx_word' id='word_1_480' title='bbox 296 3703 434 3774; x_wconf 88' lang='lat' dir='ltr'><strong><em>cim,</em></strong></span> <span class='ocrx_word' id='word_1_481' title='bbox 465 3704 820 3775; x_wconf 90' lang='lat' dir='ltr'><strong><em>presbyteros</em></strong></span> <span class='ocrx_word' id='word_1_482' title='bbox 860 3705 1192 3777; x_wconf 87' lang='lat' dir='ltr'><strong><em>nonaginta,</em></strong></span> <span class='ocrx_word' id='word_1_483' title='bbox 1219 3706 1492 3762; x_wconf 88' lang='lat' dir='ltr'><strong><em>diaconos</em></strong></span> <span class='ocrx_word' id='word_1_484' title='bbox 1517 3706 1782 3763; x_wconf 87' lang='lat' dir='ltr'><strong><em>sedecim.</em></strong></span> <span class='ocrx_word' id='word_1_485' title='bbox 1818 3705 1950 3762; x_wconf 90' lang='lat' dir='ltr'><strong><em>Fuit</em></strong></span> 
     </span>
    </p>
   </div>
   <div class='ocr_carea' id='block_1_70' title="bbox 296 3793 1948 3868">
    <p class='ocr_par' dir='ltr' id='par_1_70' title="bbox 296 3793 1948 3868">
     <span class='ocr_line' id='line_1_70' title="bbox 296 3793 1948 3868; baseline 0.001 -20"><span class='ocrx_word' id='word_1_486' title='bbox 296 3798 488 3848; x_wconf 90' lang='lat' dir='ltr'><strong><em>autem</em></strong></span> <span class='ocrx_word' id='word_1_487' title='bbox 541 3793 898 3864; x_wconf 89' lang='lat' dir='ltr'><strong><em>temporibus</em></strong></span> <span class='ocrx_word' id='word_1_488' title='bbox 949 3795 1289 3851; x_wconf 87' lang='lat' dir='ltr'><strong><em>Theodorici</em></strong></span> <span class='ocrx_word' id='word_1_489' title='bbox 1336 3796 1508 3868; x_wconf 85' lang='lat' dir='ltr'><strong><em>regis,</em></strong></span> <span class='ocrx_word' id='word_1_490' title='bbox 1543 3801 1612 3852; x_wconf 88' lang='lat' dir='ltr'><strong><em>.et</em></strong></span> <span class='ocrx_word' id='word_1_491' title='bbox 1656 3794 1948 3852; x_wconf 84' lang='lat' dir='ltr'><strong><em>Anastasii</em></strong></span> 
     </span>
    </p>
   </div>
   <div class='ocr_carea' id='block_1_71' title="bbox 296 3883 1950 3954">
    <p class='ocr_par' dir='ltr' id='par_1_71' title="bbox 296 3883 1950 3954">
     <span class='ocr_line' id='line_1_71' title="bbox 296 3883 1950 3954; baseline 0.002 -16"><span class='ocrx_word' id='word_1_492' title='bbox 296 3883 563 3954; x_wconf 83' lang='lat' dir='ltr'><strong><em>Augusti.</em></strong></span> <span class='ocrx_word' id='word_1_493' title='bbox 610 3885 712 3940; x_wconf 85' lang='lat' dir='ltr'><strong><em>Hic</em></strong></span> <span class='ocrx_word' id='word_1_494' title='bbox 737 3890 792 3940; x_wconf 89' lang='lat' dir='ltr'><strong><em>et</em></strong></span> <span class='ocrx_word' id='word_1_495' title='bbox 817 3885 1160 3940; x_wconf 87' lang='lat' dir='ltr'><strong><em>Laurentius</em></strong></span> <span class='ocrx_word' id='word_1_496' title='bbox 1189 3898 1305 3941; x_wconf 92' lang='lat' dir='ltr'><strong><em>uno</em></strong></span> <span class='ocrx_word' id='word_1_497' title='bbox 1343 3886 1438 3942; x_wconf 91' lang='lat' dir='ltr'><strong><em>die</em></strong></span> <span class='ocrx_word' id='word_1_498' title='bbox 1465 3886 1541 3941; x_wconf 92' lang='lat' dir='ltr'><strong><em>im</em></strong></span> <span class='ocrx_word' id='word_1_499' title='bbox 1587 3887 1950 3943; x_wconf 89' lang='lat' dir='ltr'><strong><em>contentione</em></strong></span> 
     </span>
    </p>
   </div>
   <div class='ocr_carea' id='block_1_72' title="bbox 297 3971 1951 4046">
    <p class='ocr_par' dir='ltr' id='par_1_72' title="bbox 297 3971 1951 4046">
     <span class='ocr_line' id='line_1_72' title="bbox 297 3971 1951 4046; baseline 0.002 -18"><span class='ocrx_word' id='word_1_500' title='bbox 297 3971 550 4028; x_wconf 88' lang='lat' dir='ltr'><strong><em>ordinati</em></strong></span> <span class='ocrx_word' id='word_1_501' title='bbox 600 3977 768 4029; x_wconf 90' lang='lat' dir='ltr'><strong><em>sunt:</em></strong></span> <span class='ocrx_word' id='word_1_502' title='bbox 821 3973 1194 4045; x_wconf 89' lang='lat' dir='ltr'><strong><em>Symmachus</em></strong></span> <span class='ocrx_word' id='word_1_503' title='bbox 1225 3973 1284 4029; x_wconf 90' lang='lat' dir='ltr'><strong><em>in</em></strong></span> <span class='ocrx_word' id='word_1_504' title='bbox 1334 3975 1647 4046; x_wconf 89' lang='lat' dir='ltr'><strong><em>Lateranis,</em></strong></span> <span class='ocrx_word' id='word_1_505' title='bbox 1693 3977 1951 4031; x_wconf 90' lang='lat' dir='ltr'><strong><em>Lauren-</em></strong></span> 
     </span>
    </p>
   </div>
   <div class='ocr_carea' id='block_1_73' title="bbox 298 4061 1949 4133">
    <p class='ocr_par' dir='ltr' id='par_1_73' title="bbox 298 4061 1949 4133">
     <span class='ocr_line' id='line_1_73' title="bbox 298 4061 1949 4133; baseline 0.004 -19"><span class='ocrx_word' id='word_1_506' title='bbox 298 4061 418 4115; x_wconf 89' lang='lat' dir='ltr'><strong><em>tius</em></strong></span> <span class='ocrx_word' id='word_1_507' title='bbox 438 4061 497 4116; x_wconf 92' lang='lat' dir='ltr'><strong><em>in</em></strong></span> <span class='ocrx_word' id='word_1_508' title='bbox 515 4062 756 4118; x_wconf 90' lang='lat' dir='ltr'><strong><em>ecclesia</em></strong></span> <span class='ocrx_word' id='word_1_509' title='bbox 773 4064 832 4117; x_wconf 93' lang='lat' dir='ltr'><strong><em>B.</em></strong></span> <span class='ocrx_word' id='word_1_510' title='bbox 857 4063 1067 4119; x_wconf 87' lang='lat' dir='ltr'><strong><em>Maria.</em></strong></span> <span class='ocrx_word' id='word_1_511' title='bbox 1101 4063 1324 4133; x_wconf 88' lang='lat' dir='ltr'><strong><em>thuia</em></strong></span> <span class='ocrx_word' id='word_1_512' title='bbox 1361 4063 1535 4133; x_wconf 89' lang='lat' dir='ltr'><strong><em>hujus</em></strong></span> <span class='ocrx_word' id='word_1_513' title='bbox 1563 4065 1949 4120; x_wconf 90' lang='lat' dir='ltr'><strong><em>dissensionis</em></strong></span> 
     </span>
    </p>
   </div>
   <div class='ocr_carea' id='block_1_74' title="bbox 296 4150 1946 4224">
    <p class='ocr_par' dir='ltr' id='par_1_74' title="bbox 296 4150 1946 4224">
     <span class='ocr_line' id='line_1_74' title="bbox 296 4150 1946 4224; baseline 0.001 -18"><span class='ocrx_word' id='word_1_514' title='bbox 296 4150 508 4206; x_wconf 89' lang='lat' dir='ltr'><strong><em>seditio</em></strong></span> <span class='ocrx_word' id='word_1_515' title='bbox 532 4151 683 4221; x_wconf 89' lang='lat' dir='ltr'><strong><em>apud</em></strong></span> <span class='ocrx_word' id='word_1_516' title='bbox 728 4152 884 4221; x_wconf 91' lang='lat' dir='ltr'><strong><em>ipsas</em></strong></span> <span class='ocrx_word' id='word_1_517' title='bbox 930 4155 1118 4222; x_wconf 87' lang='lat' dir='ltr'><strong><em>partes</em></strong></span> <span class='ocrx_word' id='word_1_518' title='bbox 1147 4152 1448 4206; x_wconf 85' lang='lat' dir='ltr'><strong><em>terminari</em></strong></span> <span class='ocrx_word' id='word_1_519' title='bbox 1498 4165 1609 4208; x_wconf 92' lang='lat' dir='ltr'><strong><em>non</em></strong></span> <span class='ocrx_word' id='word_1_520' title='bbox 1664 4157 1946 4224; x_wconf 90' lang='lat' dir='ltr'><strong><em>potuerat,</em></strong></span> 
     </span>
    </p>
   </div>
   <div class='ocr_carea' id='block_1_75' title="bbox 301 4240 1946 4312">
    <p class='ocr_par' dir='ltr' id='par_1_75' title="bbox 301 4240 1946 4312">
     <span class='ocr_line' id='line_1_75' title="bbox 301 4240 1946 4312; baseline 0.002 -19"><span class='ocrx_word' id='word_1_521' title='bbox 301 4243 543 4310; x_wconf 90' lang='lat' dir='ltr'><strong><em>uterque</em></strong></span> <span class='ocrx_word' id='word_1_522' title='bbox 572 4242 894 4296; x_wconf 81' lang='lat' dir='ltr'><strong><em>Ravennam</em></strong></span> <span class='ocrx_word' id='word_1_523' title='bbox 926 4241 996 4296; x_wconf 91' lang='lat' dir='ltr'><strong><em>ad</em></strong></span> <span class='ocrx_word' id='word_1_524' title='bbox 1024 4240 1246 4311; x_wconf 88' lang='lat' dir='ltr'><strong><em>regium</em></strong></span> <span class='ocrx_word' id='word_1_525' title='bbox 1273 4240 1562 4310; x_wconf 88' lang='lat' dir='ltr'><strong><em>judicium</em></strong></span> <span class='ocrx_word' id='word_1_526' title='bbox 1589 4240 1749 4296; x_wconf 87' lang='lat' dir='ltr'><strong><em>missi</em></strong></span> <span class='ocrx_word' id='word_1_527' title='bbox 1777 4246 1946 4312; x_wconf 78' lang='lat' dir='ltr'><strong><em>sunt;</em></strong></span> 
     </span>
    </p>
   </div>
   <div class='ocr_carea' id='block_1_76' title="bbox 296 4328 1947 4400">
    <p class='ocr_par' dir='ltr' id='par_1_76' title="bbox 296 4328 1947 4400">
     <span class='ocr_line' id='line_1_76' title="bbox 296 4328 1947 4400; baseline 0.002 -17"><span class='ocrx_word' id='word_1_528' title='bbox 296 4328 394 4384; x_wconf 86' lang='lat' dir='ltr'><strong><em>sed</em></strong></span> <span class='ocrx_word' id='word_1_529' title='bbox 435 4329 806 4399; x_wconf 88' lang='lat' dir='ltr'><strong><em>Symmachus</em></strong></span> <span class='ocrx_word' id='word_1_530' title='bbox 836 4329 1175 4386; x_wconf 90' lang='lat' dir='ltr'><strong><em>Theodorici</em></strong></span> <span class='ocrx_word' id='word_1_531' title='bbox 1205 4329 1356 4400; x_wconf 90' lang='lat' dir='ltr'><strong><em>regis</em></strong></span> <span class='ocrx_word' id='word_1_532' title='bbox 1394 4329 1618 4398; x_wconf 87' lang='lat' dir='ltr'><strong><em>judicio</em></strong></span> <span class='ocrx_word' id='word_1_533' title='bbox 1652 4330 1711 4386; x_wconf 90' lang='lat' dir='ltr'><strong><em>in</em></strong></span> <span class='ocrx_word' id='word_1_534' title='bbox 1759 4331 1947 4386; x_wconf 89' lang='lat' dir='ltr'><strong><em>sedem</em></strong></span> 
     </span>
    </p>
   </div>
   <div class='ocr_carea' id='block_1_77' title="bbox 2060 3164 3708 3237">
    <p class='ocr_par' dir='ltr' id='par_1_77' title="bbox 2060 3164 3708 3237">
     <span class='ocr_line' id='line_1_77' title="bbox 2060 3164 3708 3237; baseline 0.003 -19"><span class='ocrx_word' id='word_1_535' title='bbox 2060 3164 2335 3234; x_wconf 87' lang='lat' dir='ltr'><strong><em>privetur.</em></strong></span> <span class='ocrx_word' id='word_1_536' title='bbox 2367 3164 2426 3218; x_wconf 91' lang='lat' dir='ltr'><strong><em>Si</em></strong></span> <span class='ocrx_word' id='word_1_537' title='bbox 2457 3177 2608 3236; x_wconf 89' lang='lat' dir='ltr'><strong><em>vero,</em></strong></span> <span class='ocrx_word' id='word_1_538' title='bbox 2641 3165 2791 3234; x_wconf 91' lang='lat' dir='ltr'><strong><em>quod</em></strong></span> <span class='ocrx_word' id='word_1_539' title='bbox 2823 3164 2996 3235; x_wconf 88' lang='lat' dir='ltr'><strong><em>absit,</em></strong></span> <span class='ocrx_word' id='word_1_540' title='bbox 3027 3166 3310 3221; x_wconf 89' lang='lat' dir='ltr'><strong><em>transitus</em></strong></span> <span class='ocrx_word' id='word_1_541' title='bbox 3337 3180 3494 3236; x_wconf 88' lang='lat' dir='ltr'><strong><em>papa</em></strong></span> <span class='ocrx_word' id='word_1_542' title='bbox 3525 3168 3708 3237; x_wconf 89' lang='lat' dir='ltr'><strong><em>inopi-</em></strong></span> 
     </span>
    </p>
   </div>
   <div class='ocr_carea' id='block_1_78' title="bbox 2061 3251 3712 3325">
    <p class='ocr_par' dir='ltr' id='par_1_78' title="bbox 2061 3251 3712 3325">
     <span class='ocr_line' id='line_1_78' title="bbox 2061 3251 3712 3325; baseline 0.002 -18"><span class='ocrx_word' id='word_1_543' title='bbox 2061 3257 2231 3308; x_wconf 90' lang='lat' dir='ltr'><strong><em>natus</em></strong></span> <span class='ocrx_word' id='word_1_544' title='bbox 2259 3253 2512 3309; x_wconf 90' lang='lat' dir='ltr'><strong><em>evenerit</em></strong></span> <span class='ocrx_word' id='word_1_545' title='bbox 2535 3252 2710 3323; x_wconf 86' lang='lat' dir='ltr'><strong><em>(dist.</em></strong></span> <span class='ocrx_word' id='word_1_546' title='bbox 2736 3251 2830 3318; x_wconf 87' lang='lat'><strong><em>79,</em></strong></span> <span class='ocrx_word' id='word_1_547' title='bbox 2860 3268 2908 3309; x_wconf 92' lang='lat' dir='ltr'><strong><em>c.</em></strong></span> <span class='ocrx_word' id='word_1_548' title='bbox 2943 3253 3005 3308; x_wconf 85' lang='lat' dir='ltr'><strong><em>Si</em></strong></span> <span class='ocrx_word' id='word_1_549' title='bbox 3034 3255 3300 3308; x_wconf 89' lang='lat' dir='ltr'><strong><em>transitus</em></strong></span> <span class='ocrx_word' id='word_1_550' title='bbox 3308 3256 3357 3325; x_wconf 81' lang='lat'><strong><em>),</em></strong></span> <span class='ocrx_word' id='word_1_551' title='bbox 3388 3259 3454 3311; x_wconf 93' lang='lat' dir='ltr'><strong><em>ut</em></strong></span> <span class='ocrx_word' id='word_1_552' title='bbox 3486 3256 3557 3310; x_wconf 91' lang='lat' dir='ltr'><strong><em>de</em></strong></span> <span class='ocrx_word' id='word_1_553' title='bbox 3587 3268 3712 3312; x_wconf 90' lang='lat' dir='ltr'><strong><em>suc-</em></strong></span> 
     </span>
    </p>
   </div>
   <div class='ocr_carea' id='block_1_79' title="bbox 2058 3341 3708 3416">
    <p class='ocr_par' dir='ltr' id='par_1_79' title="bbox 2058 3341 3708 3416">
     <span class='ocr_line' id='line_1_79' title="bbox 2058 3341 3708 3416; baseline 0.002 -18"><span class='ocrx_word' id='word_1_554' title='bbox 2058 3343 2306 3399; x_wconf 90' lang='lat' dir='ltr'><strong><em>cessoris</em></strong></span> <span class='ocrx_word' id='word_1_555' title='bbox 2330 3343 2421 3399; x_wconf 89' lang='lat' dir='ltr'><strong><em>sui</em></strong></span> <span class='ocrx_word' id='word_1_556' title='bbox 2448 3341 2726 3399; x_wconf 90' lang='lat' dir='ltr'><strong><em>electione</em></strong></span> <span class='ocrx_word' id='word_1_557' title='bbox 2751 3357 2862 3399; x_wconf 92' lang='lat' dir='ltr'><strong><em>non</em></strong></span> <span class='ocrx_word' id='word_1_558' title='bbox 2904 3344 3088 3413; x_wconf 90' lang='lat' dir='ltr'><strong><em>possit</em></strong></span> <span class='ocrx_word' id='word_1_559' title='bbox 3115 3347 3247 3399; x_wconf 92' lang='lat' dir='ltr'><strong><em>ante</em></strong></span> <span class='ocrx_word' id='word_1_560' title='bbox 3287 3345 3612 3416; x_wconf 87' lang='lat' dir='ltr'><strong><em>decernere,</em></strong></span> <span class='ocrx_word' id='word_1_561' title='bbox 3657 3347 3708 3401; x_wconf 90' lang='lat' dir='ltr'><strong><em>si</em></strong></span> 
     </span>
    </p>
   </div>
   <div class='ocr_carea' id='block_1_80' title="bbox 2061 3432 3712 3504">
    <p class='ocr_par' dir='ltr' id='par_1_80' title="bbox 2061 3432 3712 3504">
     <span class='ocr_line' id='line_1_80' title="bbox 2061 3432 3712 3504; baseline 0.001 -16"><span class='ocrx_word' id='word_1_562' title='bbox 2061 3432 2291 3504; x_wconf 88' lang='lat' dir='ltr'><strong><em>quidem</em></strong></span> <span class='ocrx_word' id='word_1_563' title='bbox 2330 3432 2388 3487; x_wconf 91' lang='lat' dir='ltr'><strong><em>in</em></strong></span> <span class='ocrx_word' id='word_1_564' title='bbox 2419 3446 2596 3489; x_wconf 91' lang='lat' dir='ltr'><strong><em>unum</em></strong></span> <span class='ocrx_word' id='word_1_565' title='bbox 2628 3446 2688 3489; x_wconf 92' lang='lat' dir='ltr'><strong><em>se</em></strong></span> <span class='ocrx_word' id='word_1_566' title='bbox 2713 3433 2894 3489; x_wconf 88' lang='lat' dir='ltr'><strong><em>totius</em></strong></span> <span class='ocrx_word' id='word_1_567' title='bbox 2924 3433 3302 3489; x_wconf 86' lang='lat' dir='ltr'><strong><em>ecclesiastici</em></strong></span> <span class='ocrx_word' id='word_1_568' title='bbox 3329 3433 3555 3489; x_wconf 88' lang='lat' dir='ltr'><strong><em>ordinis</em></strong></span> <span class='ocrx_word' id='word_1_569' title='bbox 3587 3435 3712 3491; x_wconf 90' lang='lat' dir='ltr'><strong><em>ele-</em></strong></span> 
     </span>
    </p>
   </div>
   <div class='ocr_carea' id='block_1_81' title="bbox 2057 3523 3708 3596">
    <p class='ocr_par' dir='ltr' id='par_1_81' title="bbox 2057 3523 3708 3596">
     <span class='ocr_line' id='line_1_81' title="bbox 2057 3523 3708 3596; baseline 0.001 -18"><span class='ocrx_word' id='word_1_570' title='bbox 2057 3524 2173 3579; x_wconf 87' lang='lat' dir='ltr'><strong><em>ctio</em></strong></span> <span class='ocrx_word' id='word_1_571' title='bbox 2204 3523 2591 3595; x_wconf 90' lang='lat' dir='ltr'><strong><em>inclinaverit,</em></strong></span> <span class='ocrx_word' id='word_1_572' title='bbox 2631 3528 2998 3579; x_wconf 87' lang='lat' dir='ltr'><strong><em>consecretur</em></strong></span> <span class='ocrx_word' id='word_1_573' title='bbox 3025 3523 3242 3579; x_wconf 91' lang='lat' dir='ltr'><strong><em>electus</em></strong></span> <span class='ocrx_word' id='word_1_574' title='bbox 3273 3523 3624 3596; x_wconf 87' lang='lat' dir='ltr'><strong><em>episcopus;</em></strong></span> <span class='ocrx_word' id='word_1_575' title='bbox 3657 3525 3708 3581; x_wconf 92' lang='lat' dir='ltr'><strong><em>si</em></strong></span> 
     </span>
    </p>
   </div>
   <div class='ocr_carea' id='block_1_82' title="bbox 2058 3611 3711 3684">
    <p class='ocr_par' dir='ltr' id='par_1_82' title="bbox 2058 3611 3711 3684">
     <span class='ocr_line' id='line_1_82' title="bbox 2058 3611 3711 3684; baseline 0.001 -16"><span class='ocrx_word' id='word_1_576' title='bbox 2058 3613 2231 3684; x_wconf 92' lang='lat' dir='ltr'><strong><em>enim,</em></strong></span> <span class='ocrx_word' id='word_1_577' title='bbox 2266 3617 2329 3668; x_wconf 91' lang='lat' dir='ltr'><strong><em>ut</em></strong></span> <span class='ocrx_word' id='word_1_578' title='bbox 2353 3611 2476 3668; x_wconf 80' lang='lat' dir='ltr'><strong><em>ﬁeri</em></strong></span> <span class='ocrx_word' id='word_1_579' title='bbox 2506 3613 2734 3684; x_wconf 89' lang='lat' dir='ltr'><strong><em>assolet,</em></strong></span> <span class='ocrx_word' id='word_1_580' title='bbox 2779 3613 2974 3669; x_wconf 90' lang='lat' dir='ltr'><strong><em>studia</em></strong></span> <span class='ocrx_word' id='word_1_581' title='bbox 3019 3613 3297 3683; x_wconf 79' lang='lat' dir='ltr'><strong><em>caperint</em></strong></span> <span class='ocrx_word' id='word_1_582' title='bbox 3334 3627 3458 3670; x_wconf 90' lang='lat' dir='ltr'><strong><em>esse</em></strong></span> <span class='ocrx_word' id='word_1_583' title='bbox 3485 3614 3711 3670; x_wconf 89' lang='lat' dir='ltr'><strong><em>diversa</em></strong></span> 
     </span>
    </p>
   </div>
   <div class='ocr_carea' id='block_1_83' title="bbox 2058 3703 3714 3775">
    <p class='ocr_par' dir='ltr' id='par_1_83' title="bbox 2058 3703 3714 3775">
     <span class='ocr_line' id='line_1_83' title="bbox 2058 3703 3714 3775; baseline 0.001 -18"><span class='ocrx_word' id='word_1_584' title='bbox 2058 3715 2276 3768; x_wconf 87' lang='lat' dir='ltr'><strong><em>eorum,</em></strong></span> <span class='ocrx_word' id='word_1_585' title='bbox 2322 3703 2392 3758; x_wconf 90' lang='lat' dir='ltr'><strong><em>de</em></strong></span> <span class='ocrx_word' id='word_1_586' title='bbox 2433 3703 2648 3773; x_wconf 91' lang='lat' dir='ltr'><strong><em>quibus</em></strong></span> <span class='ocrx_word' id='word_1_587' title='bbox 2676 3707 2960 3758; x_wconf 87' lang='lat' dir='ltr'><strong><em>certamen</em></strong></span> <span class='ocrx_word' id='word_1_588' title='bbox 3002 3703 3319 3775; x_wconf 90' lang='lat' dir='ltr'><strong><em>emerserit,</em></strong></span> <span class='ocrx_word' id='word_1_589' title='bbox 3353 3703 3546 3760; x_wconf 90' lang='lat' dir='ltr'><strong><em>vincat</em></strong></span> <span class='ocrx_word' id='word_1_590' title='bbox 3575 3716 3714 3759; x_wconf 88' lang='lat' dir='ltr'><strong><em>sen-</em></strong></span> 
     </span>
    </p>
   </div>
   <div class='ocr_carea' id='block_1_84' title="bbox 2059 3790 3713 3862">
    <p class='ocr_par' dir='ltr' id='par_1_84' title="bbox 2059 3790 3713 3862">
     <span class='ocr_line' id='line_1_84' title="bbox 2059 3790 3713 3862; baseline 0.001 -16"><span class='ocrx_word' id='word_1_591' title='bbox 2059 3790 2239 3847; x_wconf 89' lang='lat' dir='ltr'><strong><em>tentia</em></strong></span> <span class='ocrx_word' id='word_1_592' title='bbox 2276 3790 2694 3862; x_wconf 79' lang='lat' dir='ltr'><strong><em>plurimorum;</em></strong></span> <span class='ocrx_word' id='word_1_593' title='bbox 2749 3791 2834 3847; x_wconf 91' lang='lat' dir='ltr'><strong><em>sic</em></strong></span> <span class='ocrx_word' id='word_1_594' title='bbox 2877 3795 3085 3862; x_wconf 87' lang='lat' dir='ltr'><strong><em>tamen,</em></strong></span> <span class='ocrx_word' id='word_1_595' title='bbox 3137 3795 3201 3847; x_wconf 92' lang='lat' dir='ltr'><strong><em>ut</em></strong></span> <span class='ocrx_word' id='word_1_596' title='bbox 3247 3792 3567 3848; x_wconf 90' lang='lat' dir='ltr'><strong><em>sacerdotio</em></strong></span> <span class='ocrx_word' id='word_1_597' title='bbox 3607 3804 3713 3847; x_wconf 89' lang='lat' dir='ltr'><strong><em>ca-</em></strong></span> 
     </span>
    </p>
   </div>
   <div class='ocr_carea' id='block_1_85' title="bbox 2061 3879 3710 3951">
    <p class='ocr_par' dir='ltr' id='par_1_85' title="bbox 2061 3879 3710 3951">
     <span class='ocr_line' id='line_1_85' title="bbox 2061 3879 3710 3951; baseline 0.001 -17"><span class='ocrx_word' id='word_1_598' title='bbox 2061 3883 2200 3950; x_wconf 89' lang='lat' dir='ltr'><strong><em>reat,</em></strong></span> <span class='ocrx_word' id='word_1_599' title='bbox 2240 3880 2340 3949; x_wconf 85' lang='lat' dir='ltr'><strong><em>qui</em></strong></span> <span class='ocrx_word' id='word_1_600' title='bbox 2372 3885 2576 3951; x_wconf 89' lang='lat' dir='ltr'><strong><em>captus</em></strong></span> <span class='ocrx_word' id='word_1_601' title='bbox 2617 3880 3020 3951; x_wconf 87' lang='lat' dir='ltr'><strong><em>promissione,</em></strong></span> <span class='ocrx_word' id='word_1_602' title='bbox 3055 3893 3166 3937; x_wconf 90' lang='lat' dir='ltr'><strong><em>non</em></strong></span> <span class='ocrx_word' id='word_1_603' title='bbox 3199 3886 3352 3937; x_wconf 90' lang='lat' dir='ltr'><strong><em>recto</em></strong></span> <span class='ocrx_word' id='word_1_604' title='bbox 3377 3880 3603 3951; x_wconf 91' lang='lat' dir='ltr'><strong><em>judicio</em></strong></span> <span class='ocrx_word' id='word_1_605' title='bbox 3639 3879 3710 3936; x_wconf 91' lang='lat' dir='ltr'><strong><em>de</em></strong></span> 
     </span>
    </p>
   </div>
   <div class='ocr_carea' id='block_1_86' title="bbox 2059 3968 2689 4025">
    <p class='ocr_par' dir='ltr' id='par_1_86' title="bbox 2059 3968 2689 4025">
     <span class='ocr_line' id='line_1_86' title="bbox 2059 3968 2689 4025; baseline -0.002 -1"><span class='ocrx_word' id='word_1_606' title='bbox 2059 3968 2337 4024; x_wconf 88' lang='lat' dir='ltr'><strong><em>electione</em></strong></span> <span class='ocrx_word' id='word_1_607' title='bbox 2359 3969 2689 4025; x_wconf 85' lang='lat' dir='ltr'><strong><em>decreverit.</em></strong></span> 
     </span>
    </p>
   </div>
   <div class='ocr_carea' id='block_1_87' title="bbox 2133 4056 3711 4129">
    <p class='ocr_par' dir='ltr' id='par_1_87' title="bbox 2133 4056 3711 4129">
     <span class='ocr_line' id='line_1_87' title="bbox 2133 4056 3711 4129; baseline 0.001 -18"><span class='ocrx_word' id='word_1_608' title='bbox 2133 4059 2267 4111; x_wconf 86' lang='lat' dir='ltr'><strong><em>Item</em></strong></span> <span class='ocrx_word' id='word_1_609' title='bbox 2304 4057 2613 4126; x_wconf 88' lang='lat' dir='ltr'><strong><em>pradictus</em></strong></span> <span class='ocrx_word' id='word_1_610' title='bbox 2655 4071 2798 4129; x_wconf 89' lang='lat' dir='ltr'><strong><em>papa</em></strong></span> <span class='ocrx_word' id='word_1_611' title='bbox 2843 4058 2902 4114; x_wconf 93' lang='lat' dir='ltr'><strong><em>in</em></strong></span> <span class='ocrx_word' id='word_1_612' title='bbox 2943 4057 3207 4128; x_wconf 90' lang='lat' dir='ltr'><strong><em>epistola,</em></strong></span> <span class='ocrx_word' id='word_1_613' title='bbox 3249 4070 3420 4128; x_wconf 92' lang='lat' dir='ltr'><strong><em>quam</em></strong></span> <span class='ocrx_word' id='word_1_614' title='bbox 3464 4056 3711 4113; x_wconf 86' lang='lat' dir='ltr'><strong><em>Casario</em></strong></span> 
     </span>
    </p>
   </div>
   <div class='ocr_carea' id='block_1_88' title="bbox 2059 4145 3708 4216">
    <p class='ocr_par' dir='ltr' id='par_1_88' title="bbox 2059 4145 3708 4216">
     <span class='ocr_line' id='line_1_88' title="bbox 2059 4145 3708 4216; baseline 0 -16"><span class='ocrx_word' id='word_1_615' title='bbox 2059 4145 2325 4216; x_wconf 91' lang='lat' dir='ltr'><strong><em>episcopo</em></strong></span> <span class='ocrx_word' id='word_1_616' title='bbox 2373 4147 2629 4216; x_wconf 89' lang='lat' dir='ltr'><strong><em>scripsit,</em></strong></span> <span class='ocrx_word' id='word_1_617' title='bbox 2663 4148 2733 4201; x_wconf 91' lang='lat' dir='ltr'><strong><em>de</em></strong></span> <span class='ocrx_word' id='word_1_618' title='bbox 2763 4147 2964 4203; x_wconf 90' lang='lat' dir='ltr'><strong><em>multis</em></strong></span> <span class='ocrx_word' id='word_1_619' title='bbox 2994 4146 3246 4216; x_wconf 86' lang='lat' dir='ltr'><strong><em>ejusdem</em></strong></span> <span class='ocrx_word' id='word_1_620' title='bbox 3295 4145 3708 4202; x_wconf 89' lang='lat' dir='ltr'><strong><em>consultationi</em></strong></span> 
     </span>
    </p>
   </div>
   <div class='ocr_carea' id='block_1_89' title="bbox 2061 4231 3726 4314">
    <p class='ocr_par' dir='ltr' id='par_1_89' title="bbox 2061 4231 3726 4314">
     <span class='ocr_line' id='line_1_89' title="bbox 2061 4231 3726 4314; baseline -0.001 -25"><span class='ocrx_word' id='word_1_621' title='bbox 2061 4236 2377 4307; x_wconf 87' lang='lat' dir='ltr'><strong><em>respondit,</em></strong></span> <span class='ocrx_word' id='word_1_622' title='bbox 2412 4236 2491 4291; x_wconf 85' lang='lat' dir='ltr'><strong><em>ita</em></strong></span> <span class='ocrx_word' id='word_1_623' title='bbox 2519 4235 2750 4291; x_wconf 87' lang='lat' dir='ltr'><strong><em>dicens:</em></strong></span> <span class='ocrx_word' id='word_1_624' title='bbox 2784 4233 2832 4289; x_wconf 93' lang='grc'><strong>4.</strong></span> <span class='ocrx_word' id='word_1_625' title='bbox 2860 4237 3226 4290; x_wconf 90' lang='lat' dir='ltr'><strong><em>Possessiones</em></strong></span> <span class='ocrx_word' id='word_1_626' title='bbox 3257 4251 3380 4303; x_wconf 90' lang='lat' dir='ltr'><strong><em>ergo</em></strong></span> <span class='ocrx_word' id='word_1_627' title='bbox 3402 4240 3424 4306; x_wconf 71' lang='grc' dir='ltr'><em>ί</em></span> <span class='ocrx_word' id='word_1_628' title='bbox 3445 4233 3529 4302; x_wconf 83' lang='grc'><strong><em>46,</em></strong></span> <span class='ocrx_word' id='word_1_629' title='bbox 3565 4250 3622 4304; x_wconf 90' lang='lat' dir='ltr'><strong><em>q,</em></strong></span> <span class='ocrx_word' id='word_1_630' title='bbox 3658 4231 3726 4314; x_wconf 10' lang='grc'><strong><em>4,»</em></strong></span> 
     </span>
    </p>
   </div>
   <div class='ocr_carea' id='block_1_90' title="bbox 2072 4323 3712 4395">
    <p class='ocr_par' dir='ltr' id='par_1_90' title="bbox 2072 4323 3712 4395">
     <span class='ocr_line' id='line_1_90' title="bbox 2072 4323 3712 4395; baseline -0.005 -10"><span class='ocrx_word' id='word_1_631' title='bbox 2072 4349 2116 4386; x_wconf 90' lang='lat' dir='ltr'><strong><em>c.</em></strong></span> <span class='ocrx_word' id='word_1_632' title='bbox 2151 4325 2572 4395; x_wconf 88' lang='lat' dir='ltr'><strong><em>Possessiones),</em></strong></span> <span class='ocrx_word' id='word_1_633' title='bbox 2626 4339 2763 4394; x_wconf 89' lang='lat' dir='ltr'><strong><em>quas</em></strong></span> <span class='ocrx_word' id='word_1_634' title='bbox 2793 4325 3170 4392; x_wconf 88' lang='lat' dir='ltr'><strong><em>unusquisque</em></strong></span> <span class='ocrx_word' id='word_1_635' title='bbox 3215 4325 3449 4378; x_wconf 80' lang='lat' dir='ltr'><strong><em>ecclesia</em></strong></span> <span class='ocrx_word' id='word_1_636' title='bbox 3488 4323 3712 4392; x_wconf 86' lang='lat' dir='ltr'><strong><em>proprio</em></strong></span> 
     </span>
    </p>
   </div>
   <div class='ocr_carea' id='block_1_91' title="bbox 299 4411 3712 4492">
    <p class='ocr_par' dir='ltr' id='par_1_91' title="bbox 299 4411 3712 4492">
     <span class='ocr_line' id='line_1_91' title="bbox 299 4411 3712 4492; baseline -0.002 -20"><span class='ocrx_word' id='word_1_637' title='bbox 299 4417 568 4474; x_wconf 90' lang='lat' dir='ltr'><strong><em>reductus</em></strong></span> <span class='ocrx_word' id='word_1_638' title='bbox 589 4424 676 4475; x_wconf 89' lang='lat' dir='ltr'><strong><em>est</em></strong></span> <span class='ocrx_word' id='word_1_639' title='bbox 706 4425 762 4475; x_wconf 91' lang='lat' dir='ltr'><strong><em>et</em></strong></span> <span class='ocrx_word' id='word_1_640' title='bbox 791 4419 1051 4476; x_wconf 82' lang='lat' dir='ltr'><strong><em>ﬁrmatus</em></strong></span> <span class='ocrx_word' id='word_1_641' title='bbox 1091 4432 1156 4474; x_wconf 88' lang='lat' dir='ltr'><strong><em>eo</em></strong></span> <span class='ocrx_word' id='word_1_642' title='bbox 1205 4420 1357 4490; x_wconf 87' lang='lat' dir='ltr'><strong><em>quod</em></strong></span> <span class='ocrx_word' id='word_1_643' title='bbox 1413 4419 1594 4489; x_wconf 89' lang='lat' dir='ltr'><strong><em>major</em></strong></span> <span class='ocrx_word' id='word_1_644' title='bbox 1619 4423 1675 4474; x_wconf 91' lang='lat' dir='ltr'><strong><em>et</em></strong></span> <span class='ocrx_word' id='word_1_645' title='bbox 1715 4419 1950 4492; x_wconf 89' lang='lat' dir='ltr'><strong><em>dignior</em></strong></span> <span class='ocrx_word' id='word_1_646' title='bbox 1977 4421 2030 4482; x_wconf 93' lang='lat' dir='ltr'><strong>D</strong></span> <span class='ocrx_word' id='word_1_647' title='bbox 2063 4420 2215 4475; x_wconf 85' lang='lat' dir='ltr'><strong><em>dedit</em></strong></span> <span class='ocrx_word' id='word_1_648' title='bbox 2240 4422 2338 4473; x_wconf 88' lang='lat' dir='ltr'><strong><em>aut</em></strong></span> <span class='ocrx_word' id='word_1_649' title='bbox 2367 4416 2591 4485; x_wconf 86' lang='lat' dir='ltr'><strong><em>reliquit</em></strong></span> <span class='ocrx_word' id='word_1_650' title='bbox 2625 4414 2876 4483; x_wconf 85' lang='lat' dir='ltr'><strong><em>arbitrio,</em></strong></span> <span class='ocrx_word' id='word_1_651' title='bbox 2910 4413 3154 4467; x_wconf 87' lang='lat' dir='ltr'><strong><em>alienare</em></strong></span> <span class='ocrx_word' id='word_1_652' title='bbox 3184 4412 3514 4481; x_wconf 87' lang='lat' dir='ltr'><strong><em>quibuslibet</em></strong></span> <span class='ocrx_word' id='word_1_653' title='bbox 3536 4411 3712 4464; x_wconf 85' lang='lat' dir='ltr'><strong><em>titulis</em></strong></span> 
     </span>
    </p>
   </div>
   <div class='ocr_carea' id='block_1_92' title="bbox 298 4508 1952 4579">
    <p class='ocr_par' dir='ltr' id='par_1_92' title="bbox 298 4508 1952 4579">
     <span class='ocr_line' id='line_1_92' title="bbox 298 4508 1952 4579; baseline 0.002 -17"><span class='ocrx_word' id='word_1_654' title='bbox 298 4520 430 4577; x_wconf 90' lang='lat' dir='ltr'><strong><em>pars</em></strong></span> <span class='ocrx_word' id='word_1_655' title='bbox 452 4508 590 4564; x_wconf 89' lang='lat' dir='ltr'><strong><em>cleri</em></strong></span> <span class='ocrx_word' id='word_1_656' title='bbox 617 4513 673 4564; x_wconf 92' lang='lat' dir='ltr'><strong><em>et</em></strong></span> <span class='ocrx_word' id='word_1_657' title='bbox 706 4508 888 4579; x_wconf 90' lang='lat' dir='ltr'><strong><em>plebis</em></strong></span> <span class='ocrx_word' id='word_1_658' title='bbox 917 4523 1036 4565; x_wconf 89' lang='lat' dir='ltr'><strong><em>sua</em></strong></span> <span class='ocrx_word' id='word_1_659' title='bbox 1064 4508 1332 4564; x_wconf 88' lang='lat' dir='ltr'><strong><em>electioni</em></strong></span> <span class='ocrx_word' id='word_1_660' title='bbox 1360 4513 1759 4565; x_wconf 86' lang='lat' dir='ltr'><strong><em>consenserat:</em></strong></span> <span class='ocrx_word' id='word_1_661' title='bbox 1796 4511 1952 4565; x_wconf 88' lang='lat' dir='ltr'><strong><em>Lau-</em></strong></span> 
     </span>
    </p>
   </div>
   <div class='ocr_carea' id='block_1_93' title="bbox 300 4597 1951 4668">
    <p class='ocr_par' dir='ltr' id='par_1_93' title="bbox 300 4597 1951 4668">
     <span class='ocr_line' id='line_1_93' title="bbox 300 4597 1951 4668; baseline 0.001 -16"><span class='ocrx_word' id='word_1_662' title='bbox 300 4597 524 4654; x_wconf 89' lang='lat' dir='ltr'><strong><em>rentius</em></strong></span> <span class='ocrx_word' id='word_1_663' title='bbox 571 4602 759 4656; x_wconf 90' lang='lat' dir='ltr'><strong><em>autem</em></strong></span> <span class='ocrx_word' id='word_1_664' title='bbox 808 4611 842 4654; x_wconf 89' lang='lat' dir='ltr'><strong><em>a</em></strong></span> <span class='ocrx_word' id='word_1_665' title='bbox 891 4598 1226 4668; x_wconf 89' lang='lat' dir='ltr'><strong><em>Symmacho</em></strong></span> <span class='ocrx_word' id='word_1_666' title='bbox 1285 4602 1479 4668; x_wconf 89' lang='lat' dir='ltr'><strong><em>postea</em></strong></span> <span class='ocrx_word' id='word_1_667' title='bbox 1540 4597 1951 4654; x_wconf 89' lang='lat' dir='ltr'><strong><em>misericordia</em></strong></span> 
     </span>
    </p>
   </div>
   <div class='ocr_carea' id='block_1_94' title="bbox 301 4685 1950 4757">
    <p class='ocr_par' dir='ltr' id='par_1_94' title="bbox 301 4685 1950 4757">
     <span class='ocr_line' id='line_1_94' title="bbox 301 4685 1950 4757; baseline 0.002 -17"><span class='ocrx_word' id='word_1_668' title='bbox 301 4686 521 4742; x_wconf 88' lang='lat' dir='ltr'><strong><em>intuitu</em></strong></span> <span class='ocrx_word' id='word_1_669' title='bbox 554 4686 814 4743; x_wconf 86' lang='lat' dir='ltr'><strong><em>Nuceria</em></strong></span> <span class='ocrx_word' id='word_1_670' title='bbox 843 4688 1148 4757; x_wconf 86' lang='lat' dir='ltr'><strong><em>episcopus</em></strong></span> <span class='ocrx_word' id='word_1_671' title='bbox 1176 4687 1576 4743; x_wconf 88' lang='lat' dir='ltr'><strong><em>constituitur.</em></strong></span> <span class='ocrx_word' id='word_1_672' title='bbox 1613 4685 1716 4743; x_wconf 88' lang='lat' dir='ltr'><strong><em>Sed</em></strong></span> <span class='ocrx_word' id='word_1_673' title='bbox 1751 4691 1950 4744; x_wconf 89' lang='lat' dir='ltr'><strong><em>trans-</em></strong></span> 
     </span>
    </p>
   </div>
   <div class='ocr_carea' id='block_1_95' title="bbox 297 4776 1947 4848">
    <p class='ocr_par' dir='ltr' id='par_1_95' title="bbox 297 4776 1947 4848">
     <span class='ocr_line' id='line_1_95' title="bbox 297 4776 1947 4848; baseline 0.001 -18"><span class='ocrx_word' id='word_1_674' title='bbox 297 4781 425 4831; x_wconf 88' lang='lat' dir='ltr'><strong><em>acto</em></strong></span> <span class='ocrx_word' id='word_1_675' title='bbox 453 4788 602 4832; x_wconf 89' lang='lat' dir='ltr'><strong><em>anno</em></strong></span> <span class='ocrx_word' id='word_1_676' title='bbox 631 4789 663 4831; x_wconf 90' lang='lat' dir='ltr'><strong><em>a</em></strong></span> <span class='ocrx_word' id='word_1_677' title='bbox 701 4776 798 4832; x_wconf 87' lang='lat' dir='ltr'><strong><em>die</em></strong></span> <span class='ocrx_word' id='word_1_678' title='bbox 847 4776 1237 4832; x_wconf 88' lang='lat' dir='ltr'><strong><em>ordinationis</em></strong></span> <span class='ocrx_word' id='word_1_679' title='bbox 1267 4791 1386 4832; x_wconf 83' lang='lat' dir='ltr'><strong><em>sua</em></strong></span> <span class='ocrx_word' id='word_1_680' title='bbox 1439 4783 1664 4847; x_wconf 87' lang='lat' dir='ltr'><strong><em>quarto,</em></strong></span> <span class='ocrx_word' id='word_1_681' title='bbox 1715 4777 1947 4848; x_wconf 88' lang='lat' dir='ltr'><strong><em>quidam</em></strong></span> 
     </span>
    </p>
   </div>
   <div class='ocr_carea' id='block_1_96' title="bbox 299 4865 1950 4938">
    <p class='ocr_par' dir='ltr' id='par_1_96' title="bbox 299 4865 1950 4938">
     <span class='ocr_line' id='line_1_96' title="bbox 299 4865 1950 4938; baseline 0.001 -17"><span class='ocrx_word' id='word_1_682' title='bbox 299 4865 418 4921; x_wconf 88' lang='lat' dir='ltr'><strong><em>zelo</em></strong></span> <span class='ocrx_word' id='word_1_683' title='bbox 453 4866 684 4922; x_wconf 88' lang='lat' dir='ltr'><strong><em>invidia</em></strong></span> <span class='ocrx_word' id='word_1_684' title='bbox 713 4867 896 4938; x_wconf 90' lang='lat' dir='ltr'><strong><em>ducti,</em></strong></span> <span class='ocrx_word' id='word_1_685' title='bbox 924 4865 1203 4922; x_wconf 86' lang='lat' dir='ltr'><strong><em>adulterii</em></strong></span> <span class='ocrx_word' id='word_1_686' title='bbox 1234 4865 1479 4921; x_wconf 88' lang='lat' dir='ltr'><strong><em>crimine</em></strong></span> <span class='ocrx_word' id='word_1_687' title='bbox 1503 4871 1559 4921; x_wconf 92' lang='lat' dir='ltr'><strong><em>et</em></strong></span> <span class='ocrx_word' id='word_1_688' title='bbox 1586 4866 1726 4921; x_wconf 90' lang='lat' dir='ltr'><strong><em>aliis</em></strong></span> <span class='ocrx_word' id='word_1_689' title='bbox 1750 4866 1950 4922; x_wconf 91' lang='lat' dir='ltr'><strong><em>multis</em></strong></span> 
     </span>
    </p>
   </div>
   <div class='ocr_carea' id='block_1_97' title="bbox 297 4955 1952 5028">
    <p class='ocr_par' dir='ltr' id='par_1_97' title="bbox 297 4955 1952 5028">
     <span class='ocr_line' id='line_1_97' title="bbox 297 4955 1952 5028; baseline 0.001 -18"><span class='ocrx_word' id='word_1_690' title='bbox 297 4955 450 5026; x_wconf 88' lang='lat' dir='ltr'><strong><em>apud</em></strong></span> <span class='ocrx_word' id='word_1_691' title='bbox 483 4970 668 5028; x_wconf 88' lang='lat' dir='ltr'><strong><em>regem</em></strong></span> <span class='ocrx_word' id='word_1_692' title='bbox 714 4969 844 5012; x_wconf 90' lang='lat' dir='ltr'><strong><em>eum</em></strong></span> <span class='ocrx_word' id='word_1_693' title='bbox 887 4956 1355 5012; x_wconf 77' lang='lat' dir='ltr'><strong><em>diﬁamaverunt:</em></strong></span> <span class='ocrx_word' id='word_1_694' title='bbox 1417 4956 1488 5011; x_wconf 92' lang='lat' dir='ltr'><strong><em>ad</em></strong></span> <span class='ocrx_word' id='word_1_695' title='bbox 1535 4956 1685 5027; x_wconf 90' lang='lat' dir='ltr'><strong><em>quod</em></strong></span> <span class='ocrx_word' id='word_1_696' title='bbox 1734 4956 1952 5013; x_wconf 82' lang='lat' dir='ltr'><strong><em>contir-</em></strong></span> 
     </span>
    </p>
   </div>
   <div class='ocr_carea' id='block_1_98' title="bbox 302 5044 1948 5116">
    <p class='ocr_par' dir='ltr' id='par_1_98' title="bbox 302 5044 1948 5116">
     <span class='ocr_line' id='line_1_98' title="bbox 302 5044 1948 5116; baseline 0.001 -16"><span class='ocrx_word' id='word_1_697' title='bbox 302 5046 568 5101; x_wconf 89' lang='lat' dir='ltr'><strong><em>mandum</em></strong></span> <span class='ocrx_word' id='word_1_698' title='bbox 601 5044 775 5102; x_wconf 88' lang='lat' dir='ltr'><strong><em>falsos</em></strong></span> <span class='ocrx_word' id='word_1_699' title='bbox 801 5050 973 5102; x_wconf 90' lang='lat' dir='ltr'><strong><em>testes</em></strong></span> <span class='ocrx_word' id='word_1_700' title='bbox 993 5045 1470 5116; x_wconf 91' lang='lat' dir='ltr'><strong><em>subornaverunt,</em></strong></span> <span class='ocrx_word' id='word_1_701' title='bbox 1498 5052 1554 5101; x_wconf 90' lang='lat' dir='ltr'><strong><em>et</em></strong></span> <span class='ocrx_word' id='word_1_702' title='bbox 1577 5047 1948 5104; x_wconf 90' lang='lat' dir='ltr'><strong><em>Laurentium</em></strong></span> 
     </span>
    </p>
   </div>
   <div class='ocr_carea' id='block_1_99' title="bbox 301 5135 1951 5205">
    <p class='ocr_par' dir='ltr' id='par_1_99' title="bbox 301 5135 1951 5205">
     <span class='ocr_line' id='line_1_99' title="bbox 301 5135 1951 5205; baseline 0 -13"><span class='ocrx_word' id='word_1_703' title='bbox 301 5139 724 5205; x_wconf 86' lang='lat' dir='ltr'><strong><em>revocaverunt,</em></strong></span> <span class='ocrx_word' id='word_1_704' title='bbox 779 5139 836 5190; x_wconf 90' lang='lat' dir='ltr'><strong><em>et</em></strong></span> <span class='ocrx_word' id='word_1_705' title='bbox 877 5135 1128 5192; x_wconf 87' lang='lat' dir='ltr'><strong><em>chrisma</em></strong></span> <span class='ocrx_word' id='word_1_706' title='bbox 1184 5148 1314 5191; x_wconf 90' lang='lat' dir='ltr'><strong><em>eum</em></strong></span> <span class='ocrx_word' id='word_1_707' title='bbox 1361 5148 1696 5191; x_wconf 87' lang='lat' dir='ltr'><strong><em>consecrare</em></strong></span> <span class='ocrx_word' id='word_1_708' title='bbox 1745 5135 1951 5192; x_wconf 80' lang='lat' dir='ltr'><strong><em>ell‘ece-</em></strong></span> 
     </span>
    </p>
   </div>
   <div class='ocr_carea' id='block_1_100' title="bbox 301 5225 1950 5297">
    <p class='ocr_par' dir='ltr' id='par_1_100' title="bbox 301 5225 1950 5297">
     <span class='ocr_line' id='line_1_100' title="bbox 301 5225 1950 5297; baseline 0.001 -16"><span class='ocrx_word' id='word_1_709' title='bbox 301 5229 454 5281; x_wconf 87' lang='lat' dir='ltr'><strong><em>runt.</em></strong></span> <span class='ocrx_word' id='word_1_710' title='bbox 480 5226 550 5280; x_wconf 89' lang='lat' dir='ltr'><strong><em>Et</em></strong></span> <span class='ocrx_word' id='word_1_711' title='bbox 577 5225 766 5281; x_wconf 91' lang='lat' dir='ltr'><strong><em>clerus</em></strong></span> <span class='ocrx_word' id='word_1_712' title='bbox 789 5230 845 5280; x_wconf 90' lang='lat' dir='ltr'><strong><em>et</em></strong></span> <span class='ocrx_word' id='word_1_713' title='bbox 877 5225 1124 5295; x_wconf 82' lang='lat' dir='ltr'><strong><em>pepulus</em></strong></span> <span class='ocrx_word' id='word_1_714' title='bbox 1159 5226 1367 5282; x_wconf 89' lang='lat' dir='ltr'><strong><em>iterum</em></strong></span> <span class='ocrx_word' id='word_1_715' title='bbox 1397 5225 1642 5295; x_wconf 91' lang='lat' dir='ltr'><strong><em>divisus,</em></strong></span> <span class='ocrx_word' id='word_1_716' title='bbox 1671 5225 1776 5281; x_wconf 88' lang='lat' dir='ltr'><strong><em>alii</em></strong></span> <span class='ocrx_word' id='word_1_717' title='bbox 1799 5227 1950 5297; x_wconf 90' lang='lat' dir='ltr'><strong><em>Sym-</em></strong></span> 
     </span>
    </p>
   </div>
   <div class='ocr_carea' id='block_1_101' title="bbox 300 5315 1951 5388">
    <p class='ocr_par' dir='ltr' id='par_1_101' title="bbox 300 5315 1951 5388">
     <span class='ocr_line' id='line_1_101' title="bbox 300 5315 1951 5388; baseline 0.003 -17"><span class='ocrx_word' id='word_1_718' title='bbox 300 5315 520 5385; x_wconf 89' lang='lat' dir='ltr'><strong><em>macho,</em></strong></span> <span class='ocrx_word' id='word_1_719' title='bbox 543 5315 646 5370; x_wconf 90' lang='lat' dir='ltr'><strong><em>alii</em></strong></span> <span class='ocrx_word' id='word_1_720' title='bbox 667 5315 1035 5371; x_wconf 89' lang='lat' dir='ltr'><strong><em>adharebant</em></strong></span> <span class='ocrx_word' id='word_1_721' title='bbox 1063 5315 1370 5371; x_wconf 89' lang='lat' dir='ltr'><strong><em>Laurentio</em></strong></span> <span class='ocrx_word' id='word_1_722' title='bbox 1393 5332 1408 5384; x_wconf 83' lang='lat'><strong>;</strong></span> <span class='ocrx_word' id='word_1_723' title='bbox 1430 5320 1486 5370; x_wconf 91' lang='lat' dir='ltr'><strong><em>et</em></strong></span> <span class='ocrx_word' id='word_1_724' title='bbox 1510 5316 1675 5386; x_wconf 90' lang='lat' dir='ltr'><strong><em>quasi</em></strong></span> <span class='ocrx_word' id='word_1_725' title='bbox 1712 5317 1782 5372; x_wconf 89' lang='lat' dir='ltr'><strong><em>ad</em></strong></span> <span class='ocrx_word' id='word_1_726' title='bbox 1816 5331 1951 5388; x_wconf 79' lang='lat' dir='ltr'><strong><em>pra.</em></strong></span> 
     </span>
    </p>
   </div>
   <div class='ocr_carea' id='block_1_102' title="bbox 296 5405 1952 5479">
    <p class='ocr_par' dir='ltr' id='par_1_102' title="bbox 296 5405 1952 5479">
     <span class='ocr_line' id='line_1_102' title="bbox 296 5405 1952 5479; baseline 0.003 -19"><span class='ocrx_word' id='word_1_727' title='bbox 296 5405 467 5461; x_wconf 82' lang='lat' dir='ltr'><strong><em>dicta</em></strong></span> <span class='ocrx_word' id='word_1_728' title='bbox 495 5405 881 5462; x_wconf 87' lang='lat' dir='ltr'><strong><em>dissensionis</em></strong></span> <span class='ocrx_word' id='word_1_729' title='bbox 918 5405 1194 5474; x_wconf 89' lang='lat' dir='ltr'><strong><em>impetum</em></strong></span> <span class='ocrx_word' id='word_1_730' title='bbox 1246 5405 1757 5477; x_wconf 89' lang='lat' dir='ltr'><strong><em>comprimendum,</em></strong></span> <span class='ocrx_word' id='word_1_731' title='bbox 1811 5410 1952 5479; x_wconf 89' lang='lat' dir='ltr'><strong><em>qui-</em></strong></span> 
     </span>
    </p>
   </div>
   <div class='ocr_carea' id='block_1_103' title="bbox 300 5492 1959 5566">
    <p class='ocr_par' dir='ltr' id='par_1_103' title="bbox 300 5492 1959 5566">
     <span class='ocr_line' id='line_1_103' title="bbox 300 5492 1959 5566; baseline 0.006 -16"><span class='ocrx_word' id='word_1_732' title='bbox 300 5495 540 5552; x_wconf 88' lang='lat' dir='ltr'><strong><em>busdam</em></strong></span> <span class='ocrx_word' id='word_1_733' title='bbox 558 5494 831 5555; x_wconf 81' lang='lat' dir='ltr'><strong><em>Romanis</em></strong></span> <span class='ocrx_word' id='word_1_734' title='bbox 849 5493 906 5550; x_wconf 90' lang='lat' dir='ltr'><strong><em>id</em></strong></span> <span class='ocrx_word' id='word_1_735' title='bbox 925 5492 1328 5566; x_wconf 86' lang='lat' dir='ltr'><strong><em>eﬁicientibus,</em></strong></span> <span class='ocrx_word' id='word_1_736' title='bbox 1350 5497 1550 5552; x_wconf 87' lang='lat' dir='ltr'><strong><em>Petrus</em></strong></span> <span class='ocrx_word' id='word_1_737' title='bbox 1562 5495 1773 5553; x_wconf 87' lang='lat' dir='ltr'><strong><em>Altina</em></strong></span> <span class='ocrx_word' id='word_1_738' title='bbox 1792 5498 1959 5560; x_wconf 89' lang='lat' dir='ltr'><strong><em>urbis</em></strong></span> 
     </span>
    </p>
   </div>
   <div class='ocr_carea' id='block_1_104' title="bbox 2062 4503 3712 4579">
    <p class='ocr_par' dir='ltr' id='par_1_104' title="bbox 2062 4503 3712 4579">
     <span class='ocr_line' id='line_1_104' title="bbox 2062 4503 3712 4579; baseline -0.008 -14"><span class='ocrx_word' id='word_1_739' title='bbox 2062 4515 2226 4579; x_wconf 90' lang='lat' dir='ltr'><strong><em>atque</em></strong></span> <span class='ocrx_word' id='word_1_740' title='bbox 2268 4505 2738 4568; x_wconf 87' lang='lat' dir='ltr'><strong><em>distractionibus,</em></strong></span> <span class='ocrx_word' id='word_1_741' title='bbox 2791 4503 2877 4557; x_wconf 91' lang='lat' dir='ltr'><strong><em>vel</em></strong></span> <span class='ocrx_word' id='word_1_742' title='bbox 2918 4515 3238 4571; x_wconf 87' lang='lat' dir='ltr'><strong><em>quocunque</em></strong></span> <span class='ocrx_word' id='word_1_743' title='bbox 3263 4503 3580 4568; x_wconf 87' lang='lat' dir='ltr'><strong><em>argumento</em></strong></span> <span class='ocrx_word' id='word_1_744' title='bbox 3604 4514 3712 4554; x_wconf 90' lang='lat' dir='ltr'><strong><em>non</em></strong></span> 
     </span>
    </p>
   </div>
   <div class='ocr_carea' id='block_1_105' title="bbox 2055 4589 3714 4670">
    <p class='ocr_par' dir='ltr' id='par_1_105' title="bbox 2055 4589 3714 4670">
     <span class='ocr_line' id='line_1_105' title="bbox 2055 4589 3714 4670; baseline -0.005 -17"><span class='ocrx_word' id='word_1_745' title='bbox 2055 4600 2325 4670; x_wconf 89' lang='lat' dir='ltr'><strong><em>patimur,</em></strong></span> <span class='ocrx_word' id='word_1_746' title='bbox 2357 4597 2467 4649; x_wconf 90' lang='lat' dir='ltr'><strong><em>nisi</em></strong></span> <span class='ocrx_word' id='word_1_747' title='bbox 2490 4596 2683 4662; x_wconf 84' lang='lat' dir='ltr'><strong><em>forsan</em></strong></span> <span class='ocrx_word' id='word_1_748' title='bbox 2708 4596 2807 4648; x_wconf 91' lang='lat' dir='ltr'><strong><em>aut</em></strong></span> <span class='ocrx_word' id='word_1_749' title='bbox 2829 4591 3038 4647; x_wconf 88' lang='lat' dir='ltr'><strong><em>clericis</em></strong></span> <span class='ocrx_word' id='word_1_750' title='bbox 3084 4590 3347 4644; x_wconf 88' lang='lat' dir='ltr'><strong><em>honorum</em></strong></span> <span class='ocrx_word' id='word_1_751' title='bbox 3382 4589 3590 4643; x_wconf 84' lang='lat' dir='ltr'><strong><em>meritis</em></strong></span> <span class='ocrx_word' id='word_1_752' title='bbox 3615 4593 3714 4644; x_wconf 87' lang='lat' dir='ltr'><strong><em>aut</em></strong></span> 
     </span>
    </p>
   </div>
   <div class='ocr_carea' id='block_1_106' title="bbox 2060 4681 3710 4754">
    <p class='ocr_par' dir='ltr' id='par_1_106' title="bbox 2060 4681 3710 4754">
     <span class='ocr_line' id='line_1_106' title="bbox 2060 4681 3710 4754; baseline -0.004 -13"><span class='ocrx_word' id='word_1_753' title='bbox 2060 4687 2426 4754; x_wconf 88' lang='lat' dir='ltr'><strong><em>monasteriis,</em></strong></span> <span class='ocrx_word' id='word_1_754' title='bbox 2458 4685 2738 4751; x_wconf 87' lang='lat' dir='ltr'><strong><em>religionis</em></strong></span> <span class='ocrx_word' id='word_1_755' title='bbox 2790 4683 3019 4743; x_wconf 89' lang='lat' dir='ltr'><strong><em>intuitu,</em></strong></span> <span class='ocrx_word' id='word_1_756' title='bbox 3070 4684 3170 4734; x_wconf 92' lang='lat' dir='ltr'><strong><em>aut</em></strong></span> <span class='ocrx_word' id='word_1_757' title='bbox 3194 4683 3335 4734; x_wconf 87' lang='lat' dir='ltr'><strong><em>certe</em></strong></span> <span class='ocrx_word' id='word_1_758' title='bbox 3379 4681 3710 4751; x_wconf 86' lang='lat' dir='ltr'><strong><em>peregrinis,</em></strong></span> 
     </span>
    </p>
   </div>
   <div class='ocr_carea' id='block_1_107' title="bbox 2059 4768 3712 4839">
    <p class='ocr_par' dir='ltr' id='par_1_107' title="bbox 2059 4768 3712 4839">
     <span class='ocr_line' id='line_1_107' title="bbox 2059 4768 3712 4839; baseline -0.004 -9"><span class='ocrx_word' id='word_1_759' title='bbox 2059 4779 2108 4830; x_wconf 90' lang='lat' dir='ltr'><strong><em>si</em></strong></span> <span class='ocrx_word' id='word_1_760' title='bbox 2133 4776 2422 4829; x_wconf 89' lang='lat' dir='ltr'><strong><em>necessitas</em></strong></span> <span class='ocrx_word' id='word_1_761' title='bbox 2453 4773 2648 4839; x_wconf 87' lang='lat' dir='ltr'><strong><em>largiri</em></strong></span> <span class='ocrx_word' id='word_1_762' title='bbox 2686 4772 2958 4826; x_wconf 87' lang='lat' dir='ltr'><strong><em>suaserit:</em></strong></span> <span class='ocrx_word' id='word_1_763' title='bbox 3000 4771 3078 4824; x_wconf 90' lang='lat' dir='ltr'><strong><em>sic</em></strong></span> <span class='ocrx_word' id='word_1_764' title='bbox 3123 4773 3326 4832; x_wconf 89' lang='lat' dir='ltr'><strong><em>tamen,</em></strong></span> <span class='ocrx_word' id='word_1_765' title='bbox 3353 4773 3416 4823; x_wconf 91' lang='lat' dir='ltr'><strong><em>ut</em></strong></span> <span class='ocrx_word' id='word_1_766' title='bbox 3456 4768 3564 4824; x_wconf 80' lang='lat' dir='ltr'><strong><em>hac</em></strong></span> <span class='ocrx_word' id='word_1_767' title='bbox 3588 4771 3712 4838; x_wconf 87' lang='lat' dir='ltr'><strong><em>ipsa</em></strong></span> 
     </span>
    </p>
   </div>
   <div class='ocr_carea' id='block_1_108' title="bbox 2060 4856 3708 4935">
    <p class='ocr_par' dir='ltr' id='par_1_108' title="bbox 2060 4856 3708 4935">
     <span class='ocr_line' id='line_1_108' title="bbox 2060 4856 3708 4935; baseline -0.004 -14"><span class='ocrx_word' id='word_1_768' title='bbox 2060 4882 2168 4921; x_wconf 88' lang='lat' dir='ltr'><strong><em>non</em></strong></span> <span class='ocrx_word' id='word_1_769' title='bbox 2191 4867 2472 4935; x_wconf 87' lang='lat' dir='ltr'><strong><em>perpetue,</em></strong></span> <span class='ocrx_word' id='word_1_770' title='bbox 2503 4861 2596 4916; x_wconf 91' lang='lat' dir='ltr'><strong><em>sed</em></strong></span> <span class='ocrx_word' id='word_1_771' title='bbox 2627 4861 2995 4930; x_wconf 87' lang='lat' dir='ltr'><strong><em>temporaliter</em></strong></span> <span class='ocrx_word' id='word_1_772' title='bbox 3018 4861 3408 4930; x_wconf 87' lang='lat' dir='ltr'><strong><em>perfruantur.</em></strong></span> <span class='ocrx_word' id='word_1_773' title='bbox 3441 4856 3497 4914; x_wconf 73' lang='grc'><strong><em>2.</em></strong></span> <span class='ocrx_word' id='word_1_774' title='bbox 3550 4861 3708 4930; x_wconf 83' lang='lat' dir='ltr'><strong><em>Item,</em></strong></span> 
     </span>
    </p>
   </div>
   <div class='ocr_carea' id='block_1_109' title="bbox 2064 4947 3715 5019">
    <p class='ocr_par' dir='ltr' id='par_1_109' title="bbox 2064 4947 3715 5019">
     <span class='ocr_line' id='line_1_109' title="bbox 2064 4947 3715 5019; baseline -0.005 -7"><span class='ocrx_word' id='word_1_775' title='bbox 2064 4957 2123 5012; x_wconf 91' lang='lat' dir='ltr'><strong><em>in</em></strong></span> <span class='ocrx_word' id='word_1_776' title='bbox 2154 4955 2345 5011; x_wconf 91' lang='lat' dir='ltr'><strong><em>eadem</em></strong></span> <span class='ocrx_word' id='word_1_777' title='bbox 2385 4955 2724 5018; x_wconf 90' lang='lat' dir='ltr'><strong><em>commonet,</em></strong></span> <span class='ocrx_word' id='word_1_778' title='bbox 2761 4952 2824 5005; x_wconf 92' lang='lat' dir='ltr'><strong><em>ut</em></strong></span> <span class='ocrx_word' id='word_1_779' title='bbox 2854 4947 2967 5019; x_wconf 89' lang='lat' dir='ltr'><strong><em>illi,</em></strong></span> <span class='ocrx_word' id='word_1_780' title='bbox 3005 4948 3106 5018; x_wconf 90' lang='lat' dir='ltr'><strong><em>qui</em></strong></span> <span class='ocrx_word' id='word_1_781' title='bbox 3143 4961 3333 5004; x_wconf 89' lang='lat' dir='ltr'><strong><em>rerum</em></strong></span> <span class='ocrx_word' id='word_1_782' title='bbox 3367 4947 3715 5006; x_wconf 88' lang='lat' dir='ltr'><strong><em>ecclesiasti-</em></strong></span> 
     </span>
    </p>
   </div>
   <div class='ocr_carea' id='block_1_110' title="bbox 2061 5037 3714 5114">
    <p class='ocr_par' dir='ltr' id='par_1_110' title="bbox 2061 5037 3714 5114">
     <span class='ocr_line' id='line_1_110' title="bbox 2061 5037 3714 5114; baseline -0.005 -12"><span class='ocrx_word' id='word_1_783' title='bbox 2061 5058 2256 5102; x_wconf 89' lang='lat' dir='ltr'><strong><em>carum</em></strong></span> <span class='ocrx_word' id='word_1_784' title='bbox 2281 5040 2661 5114; x_wconf 89' lang='lat' dir='ltr'><strong><em>promissione</em></strong></span> <span class='ocrx_word' id='word_1_785' title='bbox 2692 5038 2984 5109; x_wconf 89' lang='lat' dir='ltr'><strong><em>pramissa</em></strong></span> <span class='ocrx_word' id='word_1_786' title='bbox 3014 5037 3082 5093; x_wconf 89' lang='lat' dir='ltr'><strong><em>ad</em></strong></span> <span class='ocrx_word' id='word_1_787' title='bbox 3111 5037 3493 5094; x_wconf 88' lang='lat' dir='ltr'><strong><em>sacerdotium</em></strong></span> <span class='ocrx_word' id='word_1_788' title='bbox 3522 5038 3714 5094; x_wconf 89' lang='lat' dir='ltr'><strong><em>nitun-</em></strong></span> 
     </span>
    </p>
   </div>
   <div class='ocr_carea' id='block_1_111' title="bbox 2063 5125 3705 5202">
    <p class='ocr_par' dir='ltr' id='par_1_111' title="bbox 2063 5125 3705 5202">
     <span class='ocr_line' id='line_1_111' title="bbox 2063 5125 3705 5202; baseline -0.007 -11"><span class='ocrx_word' id='word_1_789' title='bbox 2063 5139 2160 5191; x_wconf 92' lang='lat' dir='ltr'><strong><em>tur</em></strong></span> <span class='ocrx_word' id='word_1_790' title='bbox 2181 5133 2466 5202; x_wconf 89' lang='lat' dir='ltr'><strong><em>accedere,</em></strong></span> <span class='ocrx_word' id='word_1_791' title='bbox 2495 5127 2914 5186; x_wconf 86' lang='lat' dir='ltr'><strong><em>desideriorum</em></strong></span> <span class='ocrx_word' id='word_1_792' title='bbox 2944 5126 3147 5182; x_wconf 89' lang='lat' dir='ltr'><strong><em>talium</em></strong></span> <span class='ocrx_word' id='word_1_793' title='bbox 3171 5127 3469 5196; x_wconf 90' lang='lat' dir='ltr'><strong><em>priventur</em></strong></span> <span class='ocrx_word' id='word_1_794' title='bbox 3487 5125 3705 5182; x_wconf 70' lang='lat' dir='ltr'><strong><em>eti‘ectu.</em></strong></span> 
     </span>
    </p>
   </div>
   <div class='ocr_carea' id='block_1_112' title="bbox 2063 5212 3707 5294">
    <p class='ocr_par' dir='ltr' id='par_1_112' title="bbox 2063 5212 3707 5294">
     <span class='ocr_line' id='line_1_112' title="bbox 2063 5212 3707 5294; baseline -0.006 -14"><span class='ocrx_word' id='word_1_795' title='bbox 2063 5223 2115 5281; x_wconf 89' lang='lat'><strong><em>3.</em></strong></span> <span class='ocrx_word' id='word_1_796' title='bbox 2145 5227 2306 5294; x_wconf 90' lang='lat' dir='ltr'><strong><em>Item,</em></strong></span> <span class='ocrx_word' id='word_1_797' title='bbox 2341 5224 2598 5292; x_wconf 85' lang='lat' dir='ltr'><strong><em>raptores</em></strong></span> <span class='ocrx_word' id='word_1_798' title='bbox 2627 5219 2929 5274; x_wconf 86' lang='lat' dir='ltr'><strong><em>viduarum</em></strong></span> <span class='ocrx_word' id='word_1_799' title='bbox 2977 5216 3062 5273; x_wconf 90' lang='lat' dir='ltr'><strong><em>vel</em></strong></span> <span class='ocrx_word' id='word_1_800' title='bbox 3093 5216 3384 5288; x_wconf 88' lang='lat' dir='ltr'><strong><em>virginum</em></strong></span> <span class='ocrx_word' id='word_1_801' title='bbox 3412 5213 3532 5284; x_wconf 86' lang='lat'><strong><em>(36,</em></strong></span> <span class='ocrx_word' id='word_1_802' title='bbox 3566 5230 3620 5284; x_wconf 92' lang='lat' dir='ltr'><strong><em>q.</em></strong></span> <span class='ocrx_word' id='word_1_803' title='bbox 3651 5212 3707 5283; x_wconf 74' lang='lat'><strong><em>2,</em></strong></span> 
     </span>
    </p>
   </div>
   <div class='ocr_carea' id='block_1_113' title="bbox 2063 5303 3713 5384">
    <p class='ocr_par' dir='ltr' id='par_1_113' title="bbox 2063 5303 3713 5384">
     <span class='ocr_line' id='line_1_113' title="bbox 2063 5303 3713 5384; baseline -0.008 -13"><span class='ocrx_word' id='word_1_804' title='bbox 2063 5331 2112 5372; x_wconf 94' lang='lat' dir='ltr'><strong><em>c.</em></strong></span> <span class='ocrx_word' id='word_1_805' title='bbox 2135 5317 2394 5384; x_wconf 82' lang='lat' dir='ltr'><strong><em>Raptores</em></strong></span> <span class='ocrx_word' id='word_1_806' title='bbox 2405 5312 2432 5383; x_wconf 89' lang='lat'><em>)</em></span> <span class='ocrx_word' id='word_1_807' title='bbox 2463 5309 2534 5366; x_wconf 93' lang='lat' dir='ltr'><strong><em>ob</em></strong></span> <span class='ocrx_word' id='word_1_808' title='bbox 2557 5307 2968 5364; x_wconf 86' lang='lat' dir='ltr'><strong><em>immanitatem</em></strong></span> <span class='ocrx_word' id='word_1_809' title='bbox 2991 5306 3137 5363; x_wconf 89' lang='lat' dir='ltr'><strong><em>tanti</em></strong></span> <span class='ocrx_word' id='word_1_810' title='bbox 3175 5303 3451 5362; x_wconf 88' lang='lat' dir='ltr'><strong><em>facinoris</em></strong></span> <span class='ocrx_word' id='word_1_811' title='bbox 3473 5303 3713 5357; x_wconf 89' lang='lat' dir='ltr'><strong><em>detesta-</em></strong></span> 
     </span>
    </p>
   </div>
   <div class='ocr_carea' id='block_1_114' title="bbox 2063 5389 3718 5468">
    <p class='ocr_par' dir='ltr' id='par_1_114' title="bbox 2063 5389 3718 5468">
     <span class='ocr_line' id='line_1_114' title="bbox 2063 5389 3718 5468; baseline -0.01 -6"><span class='ocrx_word' id='word_1_812' title='bbox 2063 5411 2160 5462; x_wconf 89' lang='lat' dir='ltr'><strong><em>tur</em></strong></span> <span class='ocrx_word' id='word_1_813' title='bbox 2190 5403 2323 5460; x_wconf 89' lang='lat' dir='ltr'><strong><em>illos</em></strong></span> <span class='ocrx_word' id='word_1_814' title='bbox 2351 5398 2744 5457; x_wconf 88' lang='lat' dir='ltr'><strong><em>vehementius</em></strong></span> <span class='ocrx_word' id='word_1_815' title='bbox 2776 5396 3183 5468; x_wconf 89' lang='lat' dir='ltr'><strong><em>persequendo,</em></strong></span> <span class='ocrx_word' id='word_1_816' title='bbox 3215 5393 3315 5463; x_wconf 91' lang='lat' dir='ltr'><strong><em>qui</em></strong></span> <span class='ocrx_word' id='word_1_817' title='bbox 3343 5403 3502 5445; x_wconf 89' lang='lat' dir='ltr'><strong><em>sacra</em></strong></span> <span class='ocrx_word' id='word_1_818' title='bbox 3539 5389 3718 5460; x_wconf 86' lang='lat' dir='ltr'><strong><em>virgi-</em></strong></span> 
     </span>
    </p>
   </div>
   <div class='ocr_carea' id='block_1_115' title="bbox 2064 5478 3712 5554">
    <p class='ocr_par' dir='ltr' id='par_1_115' title="bbox 2064 5478 3712 5554">
     <span class='ocr_line' id='line_1_115' title="bbox 2064 5478 3712 5554; baseline -0.012 0"><span class='ocrx_word' id='word_1_819' title='bbox 2064 5508 2164 5554; x_wconf 85' lang='lat' dir='ltr'><strong><em>nes</em></strong></span> <span class='ocrx_word' id='word_1_820' title='bbox 2193 5492 2443 5550; x_wconf 90' lang='lat' dir='ltr'><strong><em>volentes</em></strong></span> <span class='ocrx_word' id='word_1_821' title='bbox 2469 5489 2557 5547; x_wconf 91' lang='lat' dir='ltr'><strong><em>vel</em></strong></span> <span class='ocrx_word' id='word_1_822' title='bbox 2581 5489 2792 5546; x_wconf 88' lang='lat' dir='ltr'><strong><em>invitas</em></strong></span> <span class='ocrx_word' id='word_1_823' title='bbox 2812 5501 2916 5545; x_wconf 90' lang='lat' dir='ltr'><strong><em>suo</em></strong></span> <span class='ocrx_word' id='word_1_824' title='bbox 2957 5480 3326 5543; x_wconf 88' lang='lat' dir='ltr'><strong><em>matrimonio</em></strong></span> <span class='ocrx_word' id='word_1_825' title='bbox 3354 5478 3574 5535; x_wconf 89' lang='lat' dir='ltr'><strong><em>sociare</em></strong></span> <span class='ocrx_word' id='word_1_826' title='bbox 3594 5482 3712 5536; x_wconf 89' lang='lat' dir='ltr'><strong><em>ten-</em></strong></span> 
     </span>
    </p>
   </div>
   <div class='ocr_carea' id='block_1_116' title="bbox 367 5583 2087 5662">
    <p class='ocr_par' dir='ltr' id='par_1_116' title="bbox 367 5583 2087 5662">
     <span class='ocr_line' id='line_1_116' title="bbox 367 5583 2087 5662; baseline 0.002 -22"><span class='ocrx_word' id='word_1_827' title='bbox 367 5595 398 5626; x_wconf 76' lang='grc' dir='ltr'><strong><em>ι</em></strong></span> <span class='ocrx_word' id='word_1_828' title='bbox 424 5585 632 5656; x_wconf 83' lang='lat' dir='ltr'><strong><em>Synod.</em></strong></span> <span class='ocrx_word' id='word_1_829' title='bbox 669 5597 732 5641; x_wconf 85' lang='grc' dir='ltr'><strong><em>ιι.</em></strong></span> <span class='ocrx_word' id='word_1_830' title='bbox 765 5585 925 5641; x_wconf 85' lang='lat' dir='ltr'><strong><em>Rom.</em></strong></span> <span class='ocrx_word' id='word_1_831' title='bbox 963 5613 1037 5626; x_wconf 90' lang='grc'><strong>--</strong></span> <span class='ocrx_word' id='word_1_832' title='bbox 1065 5583 1212 5642; x_wconf 85' lang='lat' dir='ltr'><strong><em>Vide</em></strong></span> <span class='ocrx_word' id='word_1_833' title='bbox 1260 5587 1397 5642; x_wconf 89' lang='lat' dir='ltr'><strong><em>tom.</em></strong></span> <span class='ocrx_word' id='word_1_834' title='bbox 1450 5587 1497 5642; x_wconf 89' lang='lat' dir='ltr'><strong><em>ll</em></strong></span> <span class='ocrx_word' id='word_1_835' title='bbox 1546 5586 1763 5644; x_wconf 85' lang='lat' dir='ltr'><strong><em>Concll.</em></strong></span> <span class='ocrx_word' id='word_1_836' title='bbox 1801 5604 1932 5662; x_wconf 85' lang='lat' dir='ltr'><strong><em>pag.</em></strong></span> <span class='ocrx_word' id='word_1_837' title='bbox 1963 5587 2087 5648; x_wconf 72' lang='lat'>329.</span> 
     </span>
    </p>
   </div>
  </div>
