4082 6168
406 253 545 313 4249

1193 249 1486 309 APPEND.
1527 251 1623 308 AD
1654 251 1814 310 SEO.
1857 251 1954 308 lX.
2007 281 2082 293 —
2113 248 2471 310 AUCTORES
2506 253 2677 312 ANNI
2712 253 3006 312 INCERTI.

3674 253 3814 314 4290

403 381 671 453 taverint,
691 378 1305 451 quosacommunione
1317 379 1479 449 jubet
1499 377 1793 448 suspendi.
1817 373 1868 432 4.
1889 375 2050 449 Item,
2083 376 2142 436 A
2173 378 2327 448 Item,
2362 375 2640 435 inferius:
2668 377 3006 434 Generaliter
3030 392 3155 432 vero
3202 374 3324 449 (46,
3352 393 3406 448 q.
3454 374 3504 432 4.
3558 392 3608 433 c.
3652 377 3817 433 Gene-

403 472 614 527 viduas
642 467 763 542 (2'7,
818 487 871 542 q.
923 467 971 541 4,
1006 484 1054 525 c.
1088 469 1318 539 Neque),
1348 483 1475 540 qua:
1517 468 1577 523 in
1612 467 1886 538 religioso
1933 480 2058 536 pro-

405 561 592 630 posito
607 561 820 617 diurna
847 558 1242 616 observatione
1261 557 1697 627 permanserint,
1723 556 1970 612 transire
1986 556 2055 611 ad

404 651 637 719 nuptias
681 649 962 720 prohibet.
999 647 1287 703 Similiter
1313 652 1370 701 et
1409 646 1684 718 virgines,
1717 659 1860 716 quas
1889 645 2058 701 annis

406 737 676 809 plurimis
706 738 766 793 in
794 737 1159 793 monasteriis
1180 735 1368 807 egisse
1393 740 1612 791 aetatem
1644 735 1975 806 contigerit.
2000 732 2056 790 5·

403 831 536 883 ltem
563 841 631 884 ne
663 826 821 884 ullus
848 840 946 897 per
971 825 1247 882 ambitum
1281 825 1350 881 ad
1384 825 1750 895 episcopatus
1789 824 2056 880 honorem

407 916 776 986 permittatur
799 917 1065 973 accedere
1088 911 1174 986 (4,
1207 931 1262 986 q.
1315 913 1365 986 4,
1398 930 1446 970 c.
1478 913 1721 986 Nullus),
1756 918 1814 969 et
1853 918 2060 984 poten-

406 1011 491 1062 tes
518 1020 786 1077 personas
818 1005 1054 1062 minime
1084 1004 1510 1076 suﬁ'ragatric‘es
1535 1003 1824 1073 adhibeat,
1854 1016 1956 1058 nec
1985 1003 2055 1058 ad

405 1095 693 1152 decretum
720 1095 833 1152 sibi
867 1093 1192 1150 faciendum
1224 1093 1465 1149 clericos
1495 1092 1579 1148 vel
1611 1092 1765 1148 cives
1793 1091 2058 1148 subscri-

407 1184 558 1255 bere,
590 1184 854 1240 adhibito
884 1183 1199 1253 cujuslibet
1225 1183 1452 1256 generis
1473 1182 1698 1253 timore,
1731 1180 2053 1252 compellat,

405 1272 491 1328 vel
517 1272 772 1342 praemiis
797 1271 1159 1342 quibuslibet
1187 1272 1449 1328 hortetur
1472 1267 1545 1342 (4,
1570 1286 1624 1342 q.
1650 1269 1702 1330 6.
1737 1284 1787 1326 c.
1811 1270 1872 1325 Si
1891 1267 2055 1343 quis).

403 1362 704 1417 Decretum
736 1362 862 1417 sine
893 1361 1187 1418 testatoris
1221 1357 1610 1436 [visitatoris]
1639 1359 1938 1430 praesentia
1970 1371 2062 1416 ne.

405 1462 495 1505 mo
520 1449 807 1522 conﬁciat,
825 1451 994 1520 cujus
1010 1450 1404 1507 testimonium
1428 1450 1620 1506 clerus
1635 1454 1692 1505 et
1712 1448 1926 1506 civium
1951 1461 2059 1518 po-

405 1543 515 1595 test
545 1540 903 1596 unanimitas
927 1539 1236 1596 declarare.

473 1629 634 1698 Item,
659 1629 810 1685 idem
836 1629 893 1684 in
925 1629 1039 1684 alia
1070 1629 1285 1700 synodo
1320 1624 1600 1699 (Romana
1625 1627 1698 1702 v)
1726 1628 1797 1684 de
1820 1626 2062 1684 oblatio-

2168 467 2362 521 raliter
2374 469 2422 538 ),
2448 471 2760 539 quicunque
2791 484 2876 524 res
2911 469 3144 523 ecclesia
3175 471 3485 538 conﬁscare,
3529 471 3629 522 aut
3671 483 3819 522 com-

2162 560 2364 624 petere,
2387 561 2485 612 aut
2501 558 2800 628 pervadere
2839 558 3151 627 periculosa
3189 562 3284 611 aut
3322 573 3422 612 sua
3468 559 3821 624 infestatione

2162 650 2587 716 praesumpserit,
2632 649 2743 702 nisi
2781 664 2837 703 se
2867 649 3123 702 citissime
3152 663 3253 718 per
3281 648 3532 717 ecclesiae,
3594 648 3664 702 de
3715 665 3820 717 qua

2171 738 2376 803 agitur,
2399 739 2830 805 satisfactionem
2859 739 3174 801 correxerit,
3195 742 3454 808 perpetuo
3475 738 3822 793 anathemate

2167 826 2426 892 feriatur.
2477 825 2741 881 Similiter
2779 831 2829 881 et
2865 826 2942 896 hi,
2990 829 3086 895 qui
3131 841 3218 880 res
3269 827 3496 880 ecclesix
3530 827 3700 894 jussu
3739 829 3824 881 vel

2171 915 2460 982 largitione
2480 917 2818 987 principum,
2859 916 2944 971 vel
2986 915 3348 986 quorumdam
3389 920 3695 986 potentum,
3721 923 3822 971 aut

2169 1004 2411 1072 quadam
2449 1007 2752 1069 inuasione,
2795 1009 2892 1060 aut
2936 1007 3230 1073 tyrannica
3250 1009 3517 1074 potestate
3570 1009 3824 1060 retinue-

2167 1094 2301 1156 rint,
2332 1098 2382 1147 et
2421 1094 2552 1164 ﬁliis
2598 1095 2683 1148 vel
2721 1094 3026 1149 heredibus
3069 1095 3184 1148 suis
3242 1094 3622 1149 hxreditarias
3681 1096 3822 1149 reli-

2169 1183 2407 1251 querint,
2429 1185 2540 1237 nisi
2567 1186 2671 1238 cito
2694 1198 2780 1238 res
2806 1185 2926 1247 Dei,
2958 1199 2992 1237 a
3015 1185 3271 1254 pontifice
3294 1183 3586 1246 admoniti,
3629 1187 3817 1252 agnita

2171 1275 2394 1328 veritate
2425 1273 2789 1341 reddiderint,
2819 1278 3085 1344 perpetuo
3133 1274 3474 1328 anathemate
3517 1277 3815 1342 feriantur.

2169 1363 2332 1416 Ferro
2375 1364 2516 1417 enim
2545 1363 2918 1419 abscindenda
2956 1368 3085 1418 sunt
3123 1363 3376 1434 vulnera,
3413 1379 3534 1433 quae
3577 1366 3820 1431 fomenta

2169 1466 2280 1506 non
2321 1454 2563 1507 sentiunt
2602 1450 2710 1524 (46,
2756 1468 2812 1524 q.
2869 1451 2920 1516 4,
2979 1466 3029 1508 c.
3081 1453 3279 1525 Ferro).
3309 1452 3466 1522 Item,
3532 1451 3816 1508 inferius:

2171 1539 2337 1594 Omne
2384 1541 2532 1609 quod
2573 1541 3048 1612 irrcprehensibile
3095 1547 3216 1605 est.,
3263 1541 3530 1597 catholica
3573 1541 3822 1609 defendit

2167 1629 2429 1684 Ecclesia.
2459 1630 2582 1686 Non
2613 1630 2735 1685 licet
2780 1645 2904 1698 ergo
2933 1632 3253 1701 imperatori
3279 1627 3446 1701 (dist.
3481 1627 3569 1693 40,
3611 1645 3663 1685 c.
3701 1632 3822 1684 Non

403 1717 578 1775 nibus
599 1718 877 1788 ﬁdelium,
901 1723 956 1774 et
976 1719 1045 1774 de
1068 1719 1269 1774 multis
1292 1721 1567 1788 praecepta
1585 1717 1893 1774 decretalia
1912 1730 2060 1773 com-
2090 1719 2140 1780 Β
2169 1717 2351 1789 licet),
2379 1719 2468 1773 vel
2491 1720 2751 1790 cuiquam
2785 1722 3045 1790 pietatem
3075 1719 3424 1782 custodienti,
3455 1719 3677 1790 aliquid
3703 1735 3822 1774 con~

406 1808 618 1879 posuit,
669 1809 749 1863 ita
799 1808 1040 1863 dicens:
1109 1807 1368 1862 Omnibus
1431 1822 1765 1877 summopere
1811 1807 2059 1861 convenit

407 1899 709 1960 obversare,
738 1901 799 1951 ut
823 1897 1118 1951 oblationes
1156 1897 1400 1966 ﬁdelium
1431 1913 1464 1950 a
1489 1898 1700 1952 nemine
1723 1910 2061 1966 praesuman-

409 1991 519 2049 tur,
553 1991 603 2040 et
627 1987 831 2054 absque
856 2001 1117 2040 consensu
1146 1990 1196 2040 et
1224 1986 1500 2040 voluntate
1544 1987 1797 2056 episcopi,
1819 1987 1879 2039 in
1899 1985 2058 2054 cujus

379 2076 802 2143 'dignoscuntur
831 2089 942 2130 esse
962 2075 1246 2144 parochia,
1280 2075 1556 2144 possideri
1609 2075 1694 2129 vel
1718 2074 1908 2129 haberi
1932 2080 2060 2129 ten-

403 2169 608 2225 tentur.
647 2166 907 2234 quoniam
955 2165 1117 2218 multi
1171 2179 1426 2218 memores
1475 2165 1563 2217 sui
1601 2179 1706 2234 pro
1743 2165 2058 2219 remissione

402 2258 749 2325 peccatorum
800 2269 1043 2316 suorum,
1077 2257 1128 2309 et
1147 2269 1252 2324 pro
1300 2259 1516 2308 xternae
1558 2256 1684 2309 vitx
1709 2255 2052 2318 mercatione,

403 2345 470 2399 de
500 2345 766 2412 facultate
790 2359 892 2398 sua
939 2348 1050 2398 tam
1091 2359 1274 2398 rerum
1300 2344 1582 2398 mobilium
1607 2360 1772 2414 quam
1809 2345 2054 2400 immobi-

405 2433 541 2488 lium
570 2433 821 2503 quaedam
844 2448 946 2503 per
987 2434 1290 2502 scripturas
1339 2433 1575 2488 ecclesiis
1607 2433 1978 2496 tradiderunt,
2006 2435 2056 2489 et

403 2523 512 2575 Deo
557 2523 789 2576 creatori
839 2537 937 2576 suo
991 2522 1388 2591 perpetualiter
1459 2522 1711 2577 habenda
1764 2522 2052 2578 dederunt.

409 2599 536 2674 Quae
565 2614 614 2664 et
643 2614 836 2664 caetera
857 2626 892 2663 a
921 2610 1152 2665 diversis
1176 2612 1358 2665 minus
1403 2613 1575 2666 Deum
1616 2612 1928 2666 timentibus
1953 2627 2056 2666 ea-

402 2702 561 2752 tenus
589 2700 875 2766 mortifera
904 2698 1208 2755 calliditate
1239 2704 1508 2764 tenentur,
1540 2703 1602 2754 ut
1630 2701 1865 2754 aliorum
1893 2701 2055 2755 obla-

402 2790 478 2842 tio
507 2788 622 2843 illis
648 2789 926 2857 pertineat
959 2788 1033 2842 ad
1073 2790 1317 2853 ruinam,
1369 2805 1465 2844 nec
1489 2791 1692 2843 intueri
1721 2790 1877 2844 corde
1912 2806 2054 2860 pos-

403 2882 534 2932 sunt
560 2878 700 2932 diem
716 2876 946 2945 judicii,
988 2877 1118 2932 dum
1148 2880 1328 2934 nimix
1361 2879 1680 2948 cupiditatis
1713 2879 2054 2935 delectantur

403 2965 638 3020 ardore:
677 2965 824 3020 unde
866 2967 974 3021 tale
1006 2967 1288 3035 judicium
1334 2983 1498 3038 super
1549 2982 1634 3022 eos
1681 2971 1798 3037 fiat,
1848 2973 1911 3023 ut
1954 2975 2053 3025 aut

2170 1813 2254 1862 ira
2274 1808 2539 1863 mandata
2569 1809 2760 1863 divina
2790 1825 3142 1879 praesumere,
3167 1825 3264 1864 nec
3309 1810 3637 1879 quidquam,
3677 1811 3822 1879 quod

2168 1899 2493 1966 euangelicis
2514 1901 2958 1969 prapheticisque
2975 1904 3026 1954 et
3044 1900 3354 1969 apostolicis
3381 1900 3589 1966 regulis
3617 1900 3818 1962 obviat,

2168 2003 2345 2055 agere.
2379 1988 2656 2056 Injustum
2675 1991 2816 2044 enim
2835 1989 3114 2058 judicium
3135 1987 3258 2060 (44,
3283 2005 3335 2060 q.
3376 1986 3429 2050 3,
3453 2002 3501 2043 c.
3522 1989 3819 2060 Injustum)

2169 2082 2218 2131 et
2257 2077 2519 2147 dif/initio
2553 2078 2764 2147 iniusta
2791 2081 2939 2148 regio
2967 2083 3112 2133 metu
3148 2079 3232 2133 vel
3268 2080 3436 2147 jussu
3465 2093 3502 2132 α
3528 2078 3820 2147 judicibus

2168 2165 2445 2238 ordinata,
2476 2183 2586 2221 non
2603 2169 2768 2232 valet,
2791 2184 2887 2223 nec
2916 2169 3221 2239 quidquam
3255 2169 3400 2238 quod
3429 2172 3623 2222 contra
3648 2183 3822 2222 euan-

2167 2255 2418 2326 gelicum,
2443 2256 2528 2310 vel
2550 2257 2946 2327 propheticam,
2974 2262 3073 2312 aut
3115 2259 3468 2327 apostolicam
3511 2256 3828 2311 doctrinam

2167 2347 2661 2401 constitutionemve
2685 2362 2893 2411 eorum,
2923 2348 3036 2401 sive
3086 2352 3396 2402 sanctorum
3421 2347 3678 2413 Patrum,
3723 2363 3817 2400 ac-

2169 2438 2280 2489 tum
2299 2437 2495 2503 fuerit,
2518 2437 2687 2492 stabit
2708 2456 2726 2505 ;
2747 2442 2798 2492 et
2817 2438 2964 2508 quod
2981 2438 3050 2492 ab
3079 2438 3392 2508 inﬁdelibus
3413 2442 3514 2492 aut
3552 2438 3818 2492 haereticis

2164 2526 2372 2592 factum
2391 2527 2583 2597 fuerit,
2611 2529 2827 2582 omnino
2867 2528 3192 2584 cassabitur.

2627 2673 2757 2728 LIV.
2783 2701 2856 2712 -—-
2891 2672 2947 2728 S.
2981 2671 3351 2727 HORMISDA.

2661 2779 2861 2850 (Anno
2899 2779 3099 2835 Christi
3132 2779 3255 2836 5H.
3292 2780 3316 2848 )

2234 2887 2558 2960 Hormisda,
2611 2888 2844 2946 natione
2892 2889 3232 2960 Campanus,
3287 2903 3355 2945 ex
3422 2892 3586 2960 patre
3641 2892 3823 2961 Justo,

2164 2975 2314 3032 sedit
2343 2989 2523 3034 annos
2549 2991 2765 3049 novem,
2797 2978 2924 3035 dies
2953 2979 3407 3049 quatuordecim.
3452 2982 3591 3037 Fuit
3633 2987 3822 3039 autem

406 3057 697 3124 manifeste
736 3056 993 3122 harelici.
1023 3059 1158 3126 quia
1203 3057 1500 3112 Ecclesium
1541 3058 1640 3112 Dei
1687 3058 1967 3123 εοίηάαητ,
2004 3063 2054 3114 et
2085 3053 2131 3114 Ο
2165 3065 2520 3136 temporibus
2542 3067 2695 3139 regis
2712 3068 3054 3124 Theodorici
3077 3072 3132 3124 et
3168 3069 3459 3126 Anastasii
3487 3070 3768 3143 Augusti,
3795 3085 3822 3126 a

401 3145 873 3209 anuthematizati,
915 3150 1082 3215 atque
1111 3146 1180 3199 ab
1222 3146 1463 3200 Ecclesia
1514 3148 1612 3200 Dei
1658 3150 1898 3202 extorres
1945 3149 2056 3204 ha-

404 3233 669 3301 beantur;
695 3238 793 3288 aut
813 3250 913 3304 per
939 3235 1370 3301 satisfactionem
1398 3235 1650 3291 Ecclesiae
1680 3235 1750 3290 ab
1779 3239 2056 3306 poeniten-

402 3324 536 3377 tiam
579 3327 629 3378 et
661 3323 896 3386 demum,
936 3322 1109 3391 juxta
1150 3322 1370 3390 regulas
1419 3324 1806 3380 ecclesiasticas
1842 3327 1918 3381 ad
1957 3343 2056 3383 re-

401 3413 832 3468 conciliationem
838 3436 862 3476 ι
878 3417 948 3479 et,
981 3413 1030 3467 si
1049 3412 1206 3480 digni
1236 3413 1448 3468 inventi
1468 3416 1701 3482 fuerint,
1724 3416 1800 3470 ad
1829 3431 2058 3472 commu-

402 3502 600 3557 tionem
623 3503 984 3572 recipiantur,
1029 3503 1166 3557 Item
1193 3518 1204 3555 :
1241 3501 1346 3567 Qui
1382 3518 1470 3558 res
1496 3505 1752 3559 Ecclesix
1775 3505 2053 3577 delegatus

400 3596 452 3647 et
474 3593 700 3647 Domino
725 3593 935 3646 oblatas
956 3591 1159 3661 absque
1187 3595 1410 3663 preprii
1438 3595 1671 3664 episcopi
1687 3595 1856 3664 jussu
1871 3597 2052 3666 possi-

401 3681 556 3743 dens,
573 3682 986 3751 prxsumpserit
1004 3681 1254 3758 deinceps
1279 3686 1457 3736 tenere
1477 3697 1811 3751 quocumque
1830 3685 1888 3737 in
1919 3684 2050 3748 loco,

401 3774 453 3824 et
475 3771 706 3823 veritate
744 3773 1013 3839 comperta
1043 3769 1491 3831 dissimulaverit,
1525 3775 1622 3824 aut
1664 3773 1909 3826 renuerit
1955 3789 2055 3829 re-

399 3859 660 3924 formare,
691 3872 726 3910 a
756 3857 1037 3910 liminibus
1064 3856 1307 3924 ejusdem
1334 3853 1540 3928 [limin.
1569 3858 1802 3914 ecclesiae
1835 3861 1904 3914 ab
1929 3864 2055 3931 epi-

400 3958 558 4012 scopo
590 3940 803 4016 ejusd.]
856 3943 957 3995 loci
979 3945 1142 4012 prius
1188 3948 1458 3998 arceatur.
1504 3947 1668 4001 Debet
1719 3963 1830 4004 esse
1872 3954 2053 4007 tamen

396 4033 659 4101 provisio,
687 4035 749 4084 ut
767 4031 1066 4086 vindictam
1095 4032 1392 4087 admonitio
1430 4038 1725 4104 manifesta
1756 4041 2050 4114 praecedat,

400 4125 451 4175 et
468 4135 554 4175 res
575 4124 872 4191 usurpatas
887 4121 1092 4189 injuste
1113 4123 1212 4191 qui
1225 4122 1472 4191 abstulit,
1501 4131 1599 4180 aut
1615 4127 1819 4196 injuste
1839 4130 2054 4185 ablatas

401 4211 617 4273 retinet,
641 4211 896 4279 aequitate
905 4212 1290 4278 patrocinante
1316 4213 1521 4280 legibus
1541 4217 1813 4271 restituat.
1839 4217 1994 4282 Quod
2007 4220 2057 4274 si

399 4300 722 4366 neglexerit,
751 4304 802 4354 et
829 4301 1119 4355 necessitas
1143 4303 1479 4371 compulerit,
1511 4304 1724 4359 demum
1741 4308 2053 4376 prxdonem

399 4389 756 4444 sacerdotalis
781 4389 1051 4444 districtio
1106 4395 1388 4446 maturata
1425 4393 1709 4461 percellat.
1755 4397 1914 4465 Item,
1954 4398 2053 4454 in—

400 4475 612 4534 ferius:
673 4477 846 4533 Valde
895 4480 1151 4549 iniquum
1211 4484 1261 4534 et
1300 4483 1493 4549 ingens
1539 4484 1888 4553 sacrilegium
1951 4493 2049 4552 est,

398 4569 459 4620 ut
489 4581 834 4637 quaecumque
860 4569 945 4623 vel
962 4585 1063 4638 pro
1100 4569 1335 4624 remedio
1371 4576 1730 4644 peccatorum,
1753 4576 1838 4630 vel
1878 4578 2054 4633 salute

396 4658 494 4707 aut
526 4657 714 4731 requie
742 4657 1055 4711 animarum
1084 4672 1312 4711 suarum
1346 4663 1720 4732 unusquisque
1753 4668 2055 4734 venerabili

397 4741 630 4796 ecclesix
655 4745 966 4815 contulerit,
995 4749 1093 4800 aut
1122 4749 1260 4800 certe
1288 4747 1592 4822 reliquerit,
1617 4753 1687 4806 ab
1715 4753 1820 4818 his,
1853 4758 2051 4824 quibus

400 4829 512 4884 hxc
548 4833 786 4886 maxime
825 4835 1036 4888 servari
1072 4837 1336 4900 convenit,
1363 4838 1426 4892 id
1475 4844 1574 4904 est,
1623 4841 1969 4909 Christianis,
2001 4852 2053 4902 et

398 4921 566 4974 Deum
588 4921 902 4977 timentibus
930 4923 1258 4989 hominibus,
1295 4930 1344 4981 et
1372 4943 1537 4998 super
1564 4934 1747 4986 omnia
1766 4949 1802 4988 a
1826 4937 2052 5004 princi-

2166 3156 2468 3212 consulatu
2490 3156 2802 3226 Senatoris,
2824 3170 3007 3228 usque
3025 3157 3092 3212 ad
3113 3159 3475 3215 consulatum
3495 3159 3818 3230 Symmachi

2164 3248 2220 3300 et
2262 3245 2463 3300 Boetii.
2521 3245 2624 3300 Hic
2677 3245 2969 3301 ordinavit
3033 3246 3332 3318 episc0pos
3395 3248 3820 3321 quinquaginta

2166 3333 2442 3404 quinque,
2479 3333 2838 3405 presbyteros
2865 3334 3074 3406 viginti
3111 3342 3167 3391 et
3208 3349 3404 3392 unum.
3438 3337 3606 3393 Obiit
3634 3344 3819 3394 autem

2165 3422 2464 3479 catholicae
2489 3423 2621 3480 ﬁdei
2652 3422 2920 3481 defensor
2941 3437 3045 3480 vm
3079 3425 3216 3482 Idus
3239 3426 3508 3498 Augusti.
3543 3428 3651 3482 Hic
3681 3441 3821 3484 con-

2167 3525 2338 3569 sensu
2364 3516 2419 3568 et
2443 3512 2690 3570 consilio
2722 3513 2875 3586 regis
2901 3513 3262 3584 Theodorici,
3296 3515 3512 3587 legatos
3555 3531 3699 3573 suos
3725 3517 3819 3573 di-

2167 3601 2317 3657 rexit
2346 3602 2405 3657 in
2447 3602 2746 3673 Graeciam,
2775 3604 2919 3659 dans
2948 3603 3072 3659 illis
3115 3604 3442 3660 mandatum
3477 3612 3542 3662 ut
3570 3607 3816 3675 Graecos,

2170 3696 2402 3761 pr0pter
2453 3693 2680 3749 Petrum
2732 3692 3182 3749 Alexandrinum
3211 3697 3266 3749 et
3313 3694 3623 3750 Achatium
3671 3697 3818 3752 Con-

2165 3779 2766 3851 stantinopolitanum,
2801 3781 3014 3851 quibus
3042 3782 3553 3852 participaverunt,
3595 3786 3821 3840 anathe-

2166 3868 2334 3924 matis
2351 3869 2584 3925 vinculo
2601 3869 2884 3942 obligatos
2899 3869 3010 3926 sub
3025 3870 3421 3927 satisfactione
3437 3871 3814 3929 absolverent.

2163 3957 2266 4012 Sed
2299 3957 2446 4012 nihil
2470 3965 2729 4029 egerunt,
2757 3959 2893 4029 quia
2921 3959 3260 4016 Anastasius
3296 3960 3598 4032 Augustus
3626 3961 3819 4018 libello

2166 4050 2331 4101 rectae
2361 4046 2491 4102 ﬁdei
2523 4049 2847 4104 consentire
2879 4049 3090 4120 noluit,
3122 4063 3186 4106 eo
3218 4051 3367 4120 quod
3397 4057 3454 4106 et
3481 4051 3607 4121 ipse
3643 4053 3819 4122 Euty-

2165 4135 2409 4192 chianus
2441 4142 2582 4193 erat.
2614 4139 2811 4208 Itaque
2861 4137 3144 4196 Romanos
3186 4139 3402 4212 legatos
3433 4140 3502 4196 ad
3539 4140 3676 4196 ﬁdei
3710 4156 3819 4198 sua

2164 4237 2412 4280 errorem
2446 4225 2729 4282 inclinare
2747 4227 3101 4300 desiderans,
3128 4229 3465 4285 muneribus
3483 4229 3705 4287 oblatis
3730 4246 3820 4288 eos

2162 4327 2526 4385 corrumpere
2555 4315 2864 4372 nitebatur.
2894 4317 2986 4372 Illi
3017 4325 3226 4390 autem,
3260 4320 3608 4390 contemptis
3631 4335 3821 4378 mune-

2079 4413 2133 4474 D
2163 4402 2345 4474 ribus,
2377 4403 2448 4460 de
2480 4404 2877 4462 haereticorum
2913 4408 3357 4479 participatione
3386 4408 3658 4465 Romana:
3700 4411 3817 4467 sedi

2163 4490 2612 4552 satisfactionem
2643 4494 2848 4550 debere
2885 4495 3010 4552 ﬁeri
3045 4496 3404 4553 insistebant.
3439 4497 3599 4554 Unde
3631 4499 3820 4569 impe—

2165 4587 2322 4639 rator
2350 4581 2547 4641 furore
2575 4597 2869 4656 accensus,
2910 4587 3135 4643 eosdem
3168 4601 3268 4657 per
3306 4587 3657 4657 posterulam
3701 4590 3820 4658 eje-

2163 4676 2305 4741 ctos,
2319 4678 2376 4729 et
2389 4673 2721 4743 periculosa:
2735 4676 2862 4732 navi
2881 4676 3200 4748 impositos,
3217 4678 3460 4747 remisit;
3474 4679 3819 4748 praecipiens

2165 4765 2230 4817 ut
2251 4761 2468 4818 nullam
2490 4764 2780 4820 civitatem
2805 4765 3261 4837 ingrederentur,
3288 4779 3357 4822 ne
3382 4766 3513 4823 ﬁdei
3539 4768 3816 4838 epistolas

2163 4849 2363 4908 saltem
2396 4852 2457 4908 in
2484 4854 2735 4910 transitu
2761 4854 3066 4912 catholicis
3095 4856 3392 4912 ostendere
3423 4865 3681 4926 possent.
3712 4859 3812 4913 Sed

2163 4941 2300 5013 quia
2329 4955 2424 4998 eas
2451 4955 2551 5014 per
2571 4957 2769 5000 omnes
2813 4945 3078 5002 civitates
3106 4946 3395 5016 expositas
3441 4959 3473 5001 a
3501 4960 3628 5003 com
3638 4947 3814 5017 plici-

395 5008 579 5078 pibus,
602 5014 716 5106 _‘et_
725 5012 925 5080 primis
977 5015 1278 5106 regionum,
1321 5018 1383 5070 in
1421 5018 1580 5074 aliud
1633 5025 1930 5091 transferri
1964 5025 2048 5080 vel
2160 5008 2268 5087 bus
2320 5008 2670 5102 suis-postea
2701 5034 2998 5105 comperit,
3032 5008 3352 5092 commotus
3379 5035 3441 5090 in
3475 5008 3671 5106 ipsum
3699 5039 3818 5094 Ro—

397 5101 652 5155 converti.
676 5101 990 5174 PrOpterea,
1019 5105 1118 5173 qui
1156 5104 1266 5160 haec
1293 5121 1403 5161 non
1429 5110 1766 5178 praeciderit,
1807 5118 1859 5168 et
1885 5115 2049 5171 aliter

2168 5133 2388 5178 manum
2444 5101 2768 5192 pontiﬁcem
2822 5101 3007 5180 fertur
3044 5125 3098 5180 ei
3155 5101 3608 5196 scripsissefita
3668 5127 3817 5182 inter

396 5203 561 5290 quam
597 5190 862 5290 scriptum
906 5196 1003 5290 (ξεί,
1043 5193 1524 5290 przdiaecclesiis
1545 5201 1770 5290 tradita
1800 5205 2043 5272 petierit,
2157 5190 2950 5270 cxteradicenszlubereuos
2969 5213 3253 5284 volumus,
3275 5190 3386 5271 non
3408 5190 3812 5286 nobisjuberi.

393 5279 489 5380 uel.
525 5280 926 5380 acceperittvel
952 5283 1298 5380 possederit,
1345 5288 1432 5342 vel
1467 5288 1672 5357 injuste
1716 5291 2041 5359 defenderit,
2155 5302 2259 5358 Sed
2286 5301 2478 5358 eodem
2506 5307 2757 5375 tempore
2798 5304 3087 5361 divinitus
3111 5279 3356 5361 fulmine
3387 5279 3706 5376 percussus
3736 5310 3817 5366 in-

393 5371 492 5422 aut
541 5371 850 5430 retinuerit.
900 5372 1013 5425 nisi
1066 5387 1122 5427 se
1178 5377 1283 5429 cito
1329 5379 1644 5450 correxerit,
1696 5397 1802 5449 quo
1865 5384 2044 5440 iratus

2168 5391 2336 5448 teriit.
2363 5371 2837 5463 Sumpsitautem
2864 5399 2992 5465 post
3022 5393 3187 5451 illum
3217 5371 3522 5464 imperium
3542 5397 3817 5455 Justinus

393 5459 536 5511 Deus
591 5459 807 5512 animas
849 5460 1102 5528 perculit,
1166 5465 1508 5522 anathemate
1547 5469 1805 5534 feriatur,
1869 5476 2045 5544 sitque

2168 5459 2538 5554 irthodoxus;
2559 5497 2674 5554 quo
2692 5459 3017 5556 adiuvante,
3045 5459 3404 5554 postmodum
3426 5484 3617 5543 erci
3640 5489 3820 5558 pumi-

393 5548 702 5619 αοοίΡῖεηείτ
753 5552 802 5603 ει
855 5548 1035 5615 dan“,
1100 5553 1187 5608 υθι
1228 5548 1356 5626 [et]
1389 5556 1698 5625 possidenti
1752 5564 2041 5622 anathema
2147 5571 2328 5628 tentia
2351 5573 2422 5630 de
2449 5548 2642 5631 errore
2661 5548 2854 5631 Acacii
2883 5548 3168 5647 suscepta,
3192 5575 3262 5632 ad
3295 5575 3450 5633 sedis
3468 5548 3815 5648 apostolicx
