4082 6168
260 256 385 320 4224

1106 257 1373 316 PSEUDO
1426 256 1846 315 LUITPBANDI
1885 257 2013 316 LIB.
2054 257 2147 317 DE
2183 259 2359 317 VITIS
2393 259 2562 319 ROM.
2601 261 2799 320 PONT.

257 383 709 441 communionem
749 383 1061 440 redierunt.
1103 383 1208 439 Hic
1233 383 1449 441 clerum
1478 379 1805 449 constituit,
1846 380 1904 435 et
1929 372 2190 437 Aomnes
2234 384 2323 439 ira
2362 385 2462 440 Dei
2505 384 2724 440 desaevit
2771 386 2958 455 (Num.
3021 401 3141 453 1m,
3185 387 3294 464 22).
3338 394 3415 447 De
3454 394 3658 450 talibus

262 473 492 544 psalmis
509 472 787 530 erudivit;

325 562 504 618 Hicin
529 562 795 634 epistola,
815 575 983 633 quam
1004 561 1293 618 universis
1320 558 1905 633 HispanimepiscOpis

257 652 565 709 destinavit
589 650 763 721 (epist.
809 648 880 723 4),
914 656 979 708 ut
1006 651 1064 706 in
1084 652 1373 722 episcopis
1396 650 1737 707 ordinandis
1764 659 1904 704 cura

259 740 578 797 adhibenda
610 741 688 796 sit
710 741 1033 812 perspicua,
1066 740 1359 797 evidenter
1387 740 1639 797 ostendit
1666 739 1897 794 dicens:

258 830 758 900 Irreprehensibiles
801 844 912 885 esse
945 831 1213 893 convenit,
1259 845 1392 899 quos
1433 843 1665 900 praeesse
1692 842 1902 883 necesse

2009 471 2075 526 B.
2114 471 2421 542 Cyprianus
2452 478 2668 544 martyr
2695 476 2776 530 ita
2806 476 2971 532 dicit:
3006 478 3111 543 Qui
3142 485 3452 550 peccantem
3480 484 3658 539 verbis

2011 561 2370 618 adulantibus
2401 565 2619 635 palpat,
2651 566 2921 635 peccandi
2964 569 3207 633 fomitem
3258 571 3655 637 subministrat,

2011 666 2106 705 nec
2131 654 2383 722 reprimit
2417 655 2510 708 ille
2548 654 2767 718 delicta,
2806 656 2903 710 sed
2941 658 3103 724 fovet.
3139 659 3293 730 Item,
3335 661 3484 717 idem
3517 675 3658 732 papa

2014 739 2291 799 inferius:
2333 745 2448 811 Ego
2475 759 2559 799 me
2596 747 2659 799 in
2686 745 2783 800 hoc
2802 747 3050 816 periculo
3071 748 3282 803 mittere
3310 753 3528 805 omnino
3550 766 3659 805 non

2009 831 2205 895 audeo,
2246 834 2380 902 quia
2423 849 2519 889 nec
2562 835 2701 889 talia
2743 840 2872 891 sunt
2908 838 3105 892 merita
3144 852 3286 901 mea,
3327 844 3389 893 ut
3427 841 3660 896 aliorum

258 924 333 974 est
386 919 744 986 corrigendis,
804 934 899 973 nec
956 918 1262 989 quidquam
1306 918 1396 973 illi
1437 919 1615 973 deesse
1653 931 1903 988 persona
2003 925 2230 989 peccata
2256 923 2317 975 in
2364 937 2447 977 me
2484 924 2729 1002 excipere
2766 939 3114 996 prasumam,
3155 941 3251 981 nec
3294 931 3503 982 tantum
3542 930 3660 984 elo-

253 1022 414 1079 penes
456 1023 621 1077 quam
657 1012 737 1063 est
772 1009 1040 1076 religiosae
1088 1002 1409 1081 [religionis]
1451 1021 1663 1062 summa
1689 1010 1741 1061 et
1766 1006 1907 1061 sub-

256 1099 463 1152 stantia
527 1097 849 1168 disciplinas.
903 1098 1191 1152 Emistimet
1234 1098 1615 1167 unusquisque
1665 1098 1908 1166 pretium

256 1188 521 1243 Dominici
545 1189 751 1255 gregis;
778 1191 841 1241 ut
884 1188 1041 1249 sciat,
1090 1186 1238 1256 quod
1265 1188 1516 1242 meritum
1536 1184 1911 1241 constituendi

259 1277 446 1332 debeat
474 1292 585 1332 esse
615 1279 881 1347 pastoris.
921 1278 1099 1333 Item:
1150 1277 1338 1343 Longa
1375 1276 1529 1331 debet
1554 1278 1724 1331 vitam
1752 1290 1908 1330 suam

252 1366 571 1436 probatione
605 1370 930 1429 monstrare,
961 1367 1050 1421 cui
1093 1365 1464 1433 gubernacula
1498 1366 1908 1419 committuntur

257 1455 520 1510 Ecclesiae.
561 1457 733 1511 Item:
776 1455 1218 1510 Emendatiorem
1254 1456 1504 1510 convenit
1543 1469 1654 1508 esse
1675 1454 1902 1524 papulo,

258 1560 415 1614 quem
443 1560 653 1600 necesse
690 1550 770 1600 est
796 1560 954 1600 orare
988 1560 1090 1615 pro
1116 1544 1338 1614 populo.
1382 1547 1516 1600 Item
1551 1543 1817 1614 prohibet
1838 1557 1907 1599 ne

258 1633 594 1690 beneﬁcium
645 1647 743 1704 per
772 1634 1201 1704 impositionem
1248 1646 1470 1702 manus,
1519 1646 1643 1703 qua:
1673 1632 1904 1688 Domini

2012 1011 2289 1077 quentiam
2316 1011 2504 1075 habeo,
2531 1016 2593 1067 ut
2618 1017 2746 1068 ante
2769 1014 3015 1069 tribunal
3035 1014 3238 1071 Christi
3263 1021 3452 1072 contra
3482 1021 3661 1073 tantos

2014 1112 2080 1153 ac
2117 1100 2253 1154 tales
2298 1100 2620 1173 sacerdotes,
2670 1104 2768 1172 qui
2809 1118 3039 1158 canones
3078 1108 3409 1170 statuerunt,
3467 1121 3662 1162 causas

2019 1188 2194 1242 dicere
2212 1192 2443 1258 possim.
2475 1192 2633 1261 Item,
2678 1191 2827 1248 idem
2857 1191 3189 1264 subjungit:
3232 1195 3294 1251 Si
3320 1195 3523 1256 clerici.
3566 1197 3664 1266 qui

2015 1276 2091 1330 ad
2136 1292 2333 1333 umores
2354 1281 2615 1349 proprias
2646 1279 2895 1351 redeunt,
2928 1281 2997 1335 ab
3027 1283 3205 1351 officio
3228 1285 3660 1353 suspenduntur,

2013 1368 2065 1419 et
2095 1365 2299 1433 bigami
2342 1382 2453 1421 non
2496 1368 2850 1432 ordinantur,
2896 1369 3011 1438 sed,
3069 1372 3119 1424 si
3146 1371 3391 1426 ordinati
3428 1374 3660 1440 fuerint,

2012 1452 2391 1521 dejiciuntur:
2435 1457 2700 1525 quomodo
2753 1457 2868 1520 ille,
2922 1460 3022 1527 qui
3065 1459 3400 1515 adulterium
3434 1464 3665 1517 commi—

2013 1544 2163 1609 serit,
2208 1545 2406 1598 iterum
2433 1545 2509 1598 ad
2540 1546 2794 1600 honorem
2839 1546 3019 1602 redire
3039 1551 3291 1618 poterit?
3331 1551 3455 1607 Non
3481 1556 3664 1606 tamen

2014 1632 2463 1696 misericordiam,
2491 1648 2613 1703 qua:
2663 1634 2830 1689 dicit:
2867 1654 2893 1686 α
2940 1636 3078 1692 Nolo
3105 1641 3329 1691 mortem
3361 1640 3663 1707 peccatoris

257 1736 380 1778 esse
411 1719 630 1797 [divina
659 1721 803 1797 esse]
829 1723 1105 1794 creditur,
1131 1723 1315 1794 pretio
1340 1726 1736 1793 comparetur:
1769 1721 1904 1793 quia
1937 1719 1988 1781 Β
2018 1718 2229 1787 (Ezech.
2264 1734 2474 1784 χχχιιι,
2529 1718 2639 1792 Η),
2686 1739 2713 1773 ι»
2746 1727 2798 1777 et
2822 1723 2937 1778 alia
2973 1723 3310 1793 huiusmodi,
3367 1740 3424 1780 se
3467 1742 3665 1796 negare

257 1817 390 1868 ante
426 1812 626 1869 oculos
666 1826 791 1870 esse
815 1813 1101 1882 convenit,
1126 1826 1237 1884 qua
1275 1813 1470 1869 Simon
1497 1814 1695 1883 Magus
1712 1811 1906 1881 Spiri—

259 1904 380 1957 tum
410 1907 671 1959 sanctum
711 1902 904 1958 volens
927 1901 1312 1971 redemptione
1356 1900 1616 1970 mercari,
1658 1898 1904 1970 apostoli

258 1988 436 2048 fuerit
474 1990 853 2048 detestatione
910 1990 1216 2060 percusSus
1255 1988 1397 2061 (Act.
1456 1988 1599 2061 VIII).
1651 1991 1788 2045 Item
1836 1988 1907 2044 de

260 2079 388 2145 illo,
408 2079 509 2150 qui
536 2093 649 2136 non
671 2079 886 2149 vendit,
922 2080 1016 2147 sed
1047 2080 1312 2137 vendenti
1335 2079 1642 2147 consentit,
1670 2078 1753 2136 ita
1778 2076 1904 2134 sub-

255 2169 486 2240 jungit:
534 2168 678 2234 Quid
706 2170 933 2240 prodest
956 2171 1046 2224 illi
1076 2184 1173 2224 suo
1216 2184 1397 2223 errore
1436 2183 1546 2222 non
1584 2167 1780 2236 pollui,
1812 2167 1910 2236 qui

260 2273 578 2313 consensum
592 2263 821 2329 praestat
847 2262 1101 2314 erranti?
1128 2257 1325 2313 Procul
1347 2256 1514 2312 dubio
1543 2260 1734 2311 contra
1760 2271 1912 2311 man-

259 2346 397 2401 data
442 2349 742 2419 committit,
788 2352 838 2403 et
879 2349 978 2418 qui
1006 2347 1166 2402 habet
1206 2350 1483 2417 peccatum
1512 2347 1825 2416 proprium,
1860 2350 1911 2401 et

257 2437 361 2505 qui
432 2439 679 2506 sequitur
741 2438 1010 2492 alienum.
1091 2438 1375 2492 Incassum
1434 2437 1643 2491 resistit
1714 2434 1910 2490 avidus

254 2524 544 2601 [animus],
571 2527 886 2597 cupiditati,
918 2528 969 2582 si
1001 2542 1112 2582 non
1140 2528 1345 2582 resistit
1381 2530 1432 2581 et
1460 2527 1660 2581 timori.

336 2616 487 2685 Item,
520 2615 580 2672 in
604 2616 719 2672 alia
740 2616 1004 2688 epistola,
1032 2628 1202 2687 quam
1253 2614 1600 2686 presbyteris
1627 2617 1684 2670 et
1705 2613 1912 2669 diaco-

256 2705 438 2761 nibus
464 2710 523 2761 et
549 2705 1023 2762 archimandritis
1064 2704 1385 2775 Coelesyriae
1417 2704 1655 2774 direxit,
1680 2704 1751 2760 de
1787 2701 1912 2758 cle-

252 2795 405 2850 ricis
458 2795 518 2850 in
578 2795 863 2852 adulterio
914 2794 1307 2865 deprehensis,
1383 2793 1464 2849 ita
1538 2793 1718 2849 dicit:
1777 2793 1911 2847 Ecce

247 2886 703 2952 manifestissime
746 2888 973 2947 constat,
1013 2886 1145 2953 quia
1179 2883 1477 2940 secundum
1514 2883 1661 2952 quod
1688 2888 1738 2937 et
1762 2883 1913 2937 tituli

228 2976 620 3042 antiquorum
653 2973 878 3027 Patrum
908 2989 943 3026 a
972 2973 1034 3044 S_.
1089 2975 1297 3029 Joanne
1320 2989 1471 3043 papa
1500 2974 1835 3043 transmissi,
1862 2976 1913 3026 et

2017 1808 2193 1876 dicit;
2231 1810 2328 1864 sed
2370 1810 2747 1879 deﬁnitissime
2774 1812 3011 1875 credere,
3059 1814 3208 1882 quod
3254 1816 3353 1883 qui
3393 1830 3567 1885 usque
3590 1816 3668 1872 ad

2008 1900 2173 1967 finem
2193 1900 2321 1953 vita
2355 1914 2469 1954 sum
2499 1901 2875 1969 paenitentiam
2903 1904 3091 1968 egerit,
3119 1918 3244 1983 non
3271 1904 3446 1958 solum
3468 1905 3667 1960 indul-

2012 1988 2254 2054 gentiam
2294 1989 2538 2057 accipiet,
2560 1988 2656 2043 sed
2683 1989 2758 2042 ad
2779 1991 2949 2045 vitam
2972 1995 3229 2046 aeternam
3260 1995 3559 2062 perveniet.
3589 1997 3667 2050 De

2015 2075 2130 2130 illis
2160 2080 2341 2130 autem
2369 2077 2596 2140 clericis,
2623 2078 2721 2146 qui
2744 2077 2820 2132 ad
2865 2093 3061 2134 umores
3089 2079 3338 2150 redeunt,
3366 2082 3500 2137 dicit
3526 2097 3671 2138 san.

2017 2167 2134 2218 etus
2176 2165 2413 2219 Faustus
2459 2167 2521 2220 in
2544 2166 2773 2235 epistola
2800 2180 2940 2221 sua:
2982 2168 3234 2224 Perdidit
3259 2172 3499 2238 gratiam
3529 2186 3668 2227 con—

2017 2254 2233 2319 secrati,
2265 2255 2362 2323 qui
2386 2254 2567 2309 adhuc
2602 2255 2722 2309 vult
2746 2257 2986 2326 officium
3015 2272 3258 2314 exercere
3294 2262 3500 2315 mariti.
3527 2262 3666 2318 Item

2020 2341 2330 2412 praedictus
2364 2356 2507 2413 papa
2550 2343 2759 2399 iterum
2789 2344 3037 2402 inferius
3076 2345 3255 2403 dicit:
3292 2348 3465 2403 Valde
3491 2354 3668 2406 metuo

2019 2435 2070 2485 et
2095 2434 2442 2487 contremisco
2470 2433 2627 2487 illam
2662 2433 3089 2499 damnationem,
3133 2452 3299 2506 quam
3326 2439 3453 2493 Heli
3479 2454 3670 2494 sacer-

1930 2562 1933 2563 ν
2020 2519 2115 2574 dos
2152 2524 2379 2590 propter
2431 2521 2657 2576 stultam
2700 2522 3102 2591 indulgentiam
3146 2528 3387 2596 accipere
3429 2530 3667 2596 meruit;

2020 2609 2120 2677 qui
2143 2624 2250 2678 pro
2273 2624 2351 2680 eo,
2386 2610 2535 2678 quod
2577 2611 2719 2680 filios
2749 2626 2873 2666 suos
2905 2613 3095 2668 leviter
3131 2617 3441 2684 castigavit,
3487 2621 3538 2672 et
3583 2631 3670 2672 eos

2017 2713 2115 2753 nec
2143 2698 2343 2753 cadere
2393 2714 2490 2753 nec
2536 2702 2999 2756 emcommunicare
3027 2703 3295 2767 voluerat,
3339 2708 3390 2759 et
3416 2706 3528 2775 ipsi
3565 2706 3672 2776 ﬁlii

2018 2801 2127 2841 uno
2156 2785 2245 2841 die
2271 2788 2434 2842 occisi
2460 2792 2610 2852 sunt,
2632 2793 2683 2843 et
2709 2790 2941 2858 triginta
2978 2791 3159 2846 millia
3180 2793 3247 2847 de
3266 2794 3471 2864 papula
3490 2797 3673 2849 inter-

2018 2877 2161 2943 fecta
2201 2885 2351 2941 sunt,
2377 2882 2429 2931 et
2470 2878 2622 2933 Area
2672 2881 2978 2934 testamenti
3009 2880 3084 2935 ad
3109 2884 3478 2951 captivitatem
3506 2883 3673 2939 ducta

2019 2969 2118 3028 est,
2163 2968 2215 3019 et
2243 2967 2357 3034 ipse
2396 2969 2543 3020 retro
2574 2967 2793 3030 cadens,
2830 2970 3030 3035 fractis
3080 2971 3379 3026 cervicibus
3422 2977 3671 3030 mortuus

247 3066 625 3119 trecentorum
673 3067 723 3117 et
751 3062 1038 3118 octodecim
1079 3065 1450 3134 episcOporum
1493 3062 1784 3123 sententia,
1817 3060 1913 3115 sed
1942 3045 1991 3108 Ο
2021 3056 2119 3115 εει,
2174 3056 2224 3106 εί
2277 3068 2470 3107 nomen
2507 3055 2684 3123 ipsius
2732 3054 2797 3108 de
2846 3055 2984 3109 libro
3022 3058 3149 3111 vita:
3195 3058 3431 3115 deletum
3471 3066 3569 3116 est.
3601 3065 3675 3118 Et

245 3156 307 3207 et
362 3165 591 3205 canones
653 3150 928 3207 Gallicani
985 3155 1258 3207 continere
1303 3150 1580 3213 videntur,
1629 3151 1812 3204 clerici
1854 3150 1915 3203 in

244 3240 534 3295 adulterio
585 3239 924 3310 deprehensi,
982 3246 1034 3295 et
1085 3244 1183 3295 aut
1223 3240 1334 3309 ipsi
1388 3239 1639 3309 confessi,
1688 3244 1787 3294 aut
1845 3239 1915 3294 ab

244 3330 392 3386 aliis
431 3330 639 3400 revicti,
687 3329 764 3382 ad
809 3330 1063 3384 honorem
1106 3328 1289 3381 redire
1338 3343 1449 3383 non
1484 3330 1739 3397 possunt,
1775 3330 1826 3382 et
1866 3329 1917 3383 si

248 3419 359 3489 qui
387 3422 539 3481 sunt,
562 3418 759 3487 quibus
788 3417 1165 3487 suprascripta
1192 3419 1503 3471 sanctorum
1519 3417 1748 3471 Patrum
1769 3430 1913 3473 seve-

246 3512 402 3565 ritas
446 3508 669 3562 minime
693 3506 892 3576 placet,
931 3507 1110 3561 sciant
1154 3520 1211 3561 se
1260 3520 1445 3561 eorum
1483 3507 1781 3562 sententias
1818 3521 1932 3581 re-O

243 3596 594 3669 prehendere
615 3596 702 3650 vel
733 3594 1123 3650 condemnare:
1155 3609 1276 3650 cum
1304 3595 1402 3650 hoc
1423 3598 1604 3664 facere
1622 3610 1732 3650 non
1758 3597 1833 3650 sit
1855 3598 1917 3651 in

249 3688 338 3742 eis
370 3685 786 3750 misericordia;
834 3684 929 3739 sed
956 3689 1036 3739 est
1070 3686 1180 3739 ista
1210 3684 1518 3753 benignitas
1528 3685 1772 3753 justitiz
1798 3686 1919 3740 ini-

248 3776 427 3837 mica,
474 3773 722 3828 videlicet
750 3774 1064 3828 criminosos
1101 3773 1354 3844 palpare,
1385 3777 1436 3827 et
1479 3773 1709 3828 vulnera
1735 3789 1919 3829 eorum

252 3877 438 3932 usque
473 3863 534 3916 in
589 3862 732 3916 diem
783 3862 992 3930 judicii
1043 3864 1299 3917 incurata
1344 3877 1578 3917 servare.
1640 3861 1701 3917 Si
1738 3867 1921 3918 autem
2027 3855 2179 3913 sedit
2215 3867 2396 3911 annos
2422 3854 2589 3924 duos,
2620 3867 2840 3910 menses
2886 3858 3034 3925 octo,
3079 3855 3206 3912 dies
3244 3856 3511 3914 sedecim.
3543 3859 3676 3917 Fuit

251 3967 351 4008 eos
404 3950 759 4006 durissimum
786 3951 1169 4020 pamitentiam
1203 3966 1305 4020 per
1329 3951 1523 4020 plures
1557 3966 1729 4006 annos
1761 3967 1921 4019 agere
2027 3950 2216 4001 autem
2243 3942 2598 4013 temporibus
2625 3943 2964 4000 Theodorici
2989 3946 3141 4016 regis
3168 3950 3224 4002 et
3246 3947 3461 4003 Justini
3487 3947 3678 4022 Augu-

250 4042 531 4104 videmus,
561 4042 698 4111 ipsis
736 4045 787 4095 et
823 4041 994 4095 saluti
1019 4054 1202 4094 eorum
1230 4041 1526 4104 consulere,
1566 4046 1618 4095 es
1654 4056 1921 4097 canonum
2030 4032 2105 4089 sti
2138 4031 2432 4087 catholici.
2459 4031 2763 4087 Ordinavit
2780 4038 2972 4088 autem
2999 4034 3300 4104 episcopos
3321 4035 3672 4106 quindecim.

250 4135 476 4187 statuta
518 4129 767 4184 debemus
796 4132 1032 4184 servare.
1083 4128 1215 4183 Cum
1254 4144 1379 4184 vero
1408 4130 1467 4184 in
1502 4129 1781 4198 aliquibus
1807 4145 1924 4185 neo-
2032 4120 2134 4177 Hic
2164 4133 2267 4189 pro
2290 4119 2568 4191 religione
2595 4120 2903 4190 catholica,
2928 4125 2987 4177 et
3012 4136 3114 4191 pro
3138 4124 3478 4181 Theodorici
3503 4139 3677 4185 causa

254 4220 625 4290 compunctio,
656 4234 753 4273 nec
795 4218 1096 4289 humilitas,
1138 4234 1234 4273 nec
1266 4218 1466 4274 orandi
1502 4233 1600 4273 nec
1615 4218 1925 4289 plangendi
2033 4208 3155 4282 negotiiConstantinopolimvenit;ubi,
3176 4213 3403 4272 Justino
3417 4216 3677 4288 Augusto

255 4310 539 4364 instantia
559 4312 884 4381 appareant,
910 4322 1201 4378 possumus
1226 4322 1537 4377 agnoscere,
1567 4309 1617 4363 si
1644 4308 1720 4362 ad
1747 4308 1925 4362 hono-
2033 4297 2811 4369 patrocinante,<Arianorum
2834 4297 3108 4355 ecclesias
3131 4301 3447 4359 catholicas
3469 4317 3679 4360 conse—

254 4415 383 4454 rem
423 4400 724 4469 pristinum
768 4398 1052 4461 redierint,
1095 4413 1217 4452 cum
1260 4402 1473 4467 quanta
1501 4397 1832 4466 negligentia
1873 4400 1925 4452 et
1946 4416 2003 4479 D
2031 4388 2231 4479 oravit.
2264 4389 2393 4479 Hoc
2421 4385 2664 4479 audiens
2714 4385 3128 4459 Theodoricus,
3170 4391 3443 4460 quoniam
3474 4397 3531 4447 et
3556 4393 3678 4462 ipse

254 4489 496 4544 εηξηαίοα
553 4490 751 4543 anim
817 4488 1106 4544 securitate
1154 4491 1551 4558 permaneant;
1626 4487 1920 4552 credentes,
1946 4473 1994 4479 '
2031 4482 2155 4533 erat
2203 4476 2526 4546 haereticus,
2584 4473 2780 4531 furore
2827 4486 3124 4547 accensus,
3183 4490 3406 4534 omnem
3453 4479 3676 4536 Italiam

254 4578 419 4650 quod
440 4580 519 4633 sic
546 4581 623 4633 eis
651 4593 762 4634 non
807 4581 931 4632 acta
958 4577 1121 4646 digne
1160 4577 1486 4647 pamitentia
1516 4576 1726 4632 dimisi:
1756 4579 1922 4641 Deus,
2032 4566 2226 4639 gladio
2244 4572 2300 4622 et
2330 4566 2458 4637 igne
2488 4564 2722 4635 perdere
2739 4564 3042 4635 aestuabat,
3072 4570 3304 4636 propter
3331 4567 3677 4626 Arianorum

254 4668 538 4739 quomodo
577 4666 877 4723 sacerdotes
927 4666 1224 4721 indulsisse
1264 4667 1543 4721 videntur.
1580 4666 1734 4737 ,Vere
1781 4667 1923 4733 dico,
2031 4654 2322 4723 ecclesms,
2347 4667 2592 4724 quarum
2621 4654 2680 4710 in
2701 4653 2868 4710 Italia
2896 4654 3090 4711 multa:
3113 4662 3308 4727 erant;
3331 4671 3477 4729 quas
3504 4658 3678 4716 etiam

254 4759 406 4828 quia
442 4757 530 4811 illi
557 4758 687 4826 ipsi,
718 4756 1040 4826 quibuscum
1075 4755 1385 4824 periculosa
1427 4760 1479 4810 et
1515 4756 1665 4823 falsa
1704 4757 1925 4812 miseri—
2031 4744 2347 4801 catholicas
2397 4754 2807 4813 usquequaque
2866 4744 3192 4802 consecrari
3252 4746 3497 4804 Joannes
3536 4748 3687 4828 papa

254 4824 462 4904 cordia
502 4824 789 4913 indulgere
822 4844 1091 4906 videmus,
1137 4859 1259 4899 cum
1291 4847 1418 4899 ante
1446 4843 1693 4899 tribunal
1725 4845 1927 4901 Christi
2035 4838 2410 4904 praeceperat;
2458 4834 2517 4886 et
2559 4830 2707 4887 duos
2756 4831 2913 4889 viros
2967 4834 3197 4891 exsules
3250 4839 3308 4892 et
3340 4824 3675 4912 catholicos,

248 4950 373 5007 pro
402 4936 571 4989 tantis
609 4935 852 5003 peccatis
891 4933 1199 4987 damnandi
1239 4933 1579 4995 advenerim,
1615 4936 1805 4989 contra
1828 4949 1925 4990 nos

258 5028 421 5096 ipsos
458 5037 651 5077 causas
698 5022 903 5076 dicturi
943 5026 1093 5085 sunt,
1139 5021 1397 5084 dicentes,
1445 5020 1611 5090 quod,
1652 5021 1784 5076 dum
1830 5027 1927 5077 aut
2034 5020 2091 5071 et
2129 5008 2436 5069 interfecit.
2471 5011 2663 5079 Ipsum
2713 5014 2904 5065 autem
2932 5010 3259 5081 pontiﬁcem
3297 5027 3584 5074 reversum
3618 5018 3678 5073 in

252 5113 624 5183 asperitatem
649 5112 852 5179 lingua?
880 5127 1063 5167 eorum
1087 5113 1426 5182 expavimus,
1459 5114 1557 5164 aut
1577 5110 1729 5177 falsa
1760 5111 1928 5167 blan—
2033 5100 2299 5159 custodia
2324 5101 2599 5155 Ravennae
2631 5097 2909 5171 detinuit,
2938 5099 2999 5156 in
3025 5115 3140 5172 qua
3156 5102 3384 5161 duriter
3406 5105 3673 5177 amictus,

254 5204 519 5260 diruenta
568 5205 619 5255 et
671 5200 1009 5271 periculosas
1064 5201 1410 5255 adulationes
1457 5213 1643 5254 eorum
1696 5201 1925 5258 libenter
2035 5192 2261 5249 tandem
2275 5187 2586 5246 defunctus
2603 5192 2692 5246 est
2709 5201 2785 5244 xv
2812 5188 3047 5245 Kalend.
3071 5191 3350 5250 Januarii.
3370 5196 3473 5251 Sed
3493 5206 3681 5251 nona-

254 5293 592 5362 accipimus,
619 5306 717 5345 nos
741 5305 849 5355 eos,
876 5290 1009 5345 dum
1034 5290 1147 5344 illis
1176 5289 1448 5345 inutiliter
1487 5287 1834 5357 indulgemus
1862 5294 1923 5347 in
2032 5282 2249 5356 gesimo
2279 5286 2336 5337 et
2371 5283 2567 5335 octavo
2590 5278 2686 5336 die
2715 5284 2844 5349 post
2871 5280 3180 5339 transitum
3208 5282 3465 5353 pradicti
3498 5294 3674 5353 papa,

250 5381 506 5453 peccatis
546 5394 890 5450 permanere,
939 5383 1037 5433 aut
1082 5380 1203 5447 ipsa
1245 5381 1469 5447 peccata
1510 5379 1676 5433 etiam
1723 5395 1924 5448 augere
2031 5378 2089 5429 et
2117 5373 2241 5442 ipse
2269 5383 2367 5426 rex
2390 5368 2694 5425 haereticus
2720 5369 3054 5428 divinitatis
3078 5369 3325 5429 fulmine
3346 5382 3674 5442 percussus,

246 5471 700 5542 permiserimus,
748 5484 859 5524 non
880 5466 1225 5524 recordantes
1254 5466 1417 5530 illud,
1463 5467 1612 5537 quod
1633 5470 1693 5523 in
1742 5470 1923 5527 Veteri
2031 5462 2227 5522 subito
2249 5466 2425 5519 morte
2452 5472 2559 5518 sua
2581 5458 2804 5516 Italiam
2844 5460 3130 5518 liberavit.

244 5560 619 5632 _Testamento
657 5560 924 5629 scriptum
950 5560 1061 5612 est:
1107 5558 1260 5626 quia,
1293 5571 1402 5611 uno
1429 5561 1710 5628 peccante,
1742 5565 1933 5621 contra
2102 5554 2207 5610 Hic
2253 5550 2535 5609 Zachariae
2583 5549 2856 5621 episcopo
2901 5547 3204 5620 epistolam
3244 5545 3574 5620 destinavit,
3615 5548 3673 5607 in

2014 3230 2231 3298 pariter
2256 3230 2549 3297 interfecit,
2581 3232 2632 3284 et
2656 3233 2827 3284 totum
2863 3231 3130 3300 populum
3160 3234 3280 3297 Dei,
3312 3236 3411 3289 Dei
3437 3237 3675 3291 iracun-

2022 3406 2200 3463 dictis
2223 3407 2482 3476 corporis
2525 3410 2762 3463 mortem
2804 3408 3009 3464 mereri
3032 3408 3295 3481 debeant,
3324 3411 3419 3467 sed
3442 3416 3676 3470 caveant

2024 3509 2096 3554 ne
2119 3501 2247 3568 post
2282 3496 2543 3567 corporis
2572 3502 2807 3553 mortem
2832 3497 2902 3554 ad
2934 3497 3221 3568 supplicia
3248 3501 3598 3570 perveniant.

2487 3587 2592 3642 LV.
2638 3616 2708 3625 —
2757 3587 2812 3643 S.
2879 3585 3203 3644 JOANNES.

2536 3673 2718 3746 (Anno
2775 3675 2978 3731 Christi
3026 3673 3176 3750 523.)
3652 3720 3657 3729 .

2103 3766 2366 3835 Joannes,
2400 3764 2634 3821 natione
2675 3765 2914 3836 Tuscus,
2965 3778 3034 3821 ex
3082 3772 3240 3837 patre
3274 3766 3671 3844 Constantino,

2031 4922 2431 4995 Symmachum
2457 4924 2514 4976 et
2559 4918 2840 4990 Boetium,
2870 4927 3001 4977 ante
3030 4923 3278 4980 reditum
3310 4938 3467 4995 papa:
3492 4929 3682 4985 tenuit

2022 3144 2240 3195 econtra
2275 3141 2501 3196 Phinees
2545 3142 2657 3195 zelo
2706 3144 2806 3197 Dei
2843 3145 3155 3207 commotus,
3210 3146 3346 3201 duos
3394 3149 3672 3205 adulteros
3776 3166 3783 3175 ί

2024 3317 2121 3372 dia
2160 3317 2427 3372 liberavit.
2482 3319 2591 3373 Nec
2621 3317 2727 3375 hoc
2754 3317 2882 3375 ideo
2927 3319 3096 3391 dicit,
3129 3326 3194 3377 ut
3217 3322 3442 3380 similes
3460 3338 3675 3395 supra-
3774 3322 3777 3323 ⁷
