4046 6182
420 253 561 314 4223

1220 248 1507 306 APPEND.
1549 247 1643 306 AD
1679 246 1841 306 SEC.
1893 248 1988 306 IX.
2033 275 2108 292 -ο
2141 245 2496 306 AUCTORES
2531 247 2701 306 ANNI
2740 245 3029 305 INCERTI.

3701 244 3840 306 4224

421 393 532 450 qua
570 393 724 450 eum,
755 379 825 435 de
863 375 1207 449 quibusdam
1230 375 1550 439 consultus,
1585 375 1884 445 instruxit,
1921 375 2072 430 inter
2095 375 2152 436 A
2183 375 2370 444 ipsum
2422 375 2712 431 decretum
2765 374 2980 431 muniri
3017 374 3216 444 jussit.
3265 374 3425 444 Quod
3458 374 3604 445 quia
3642 380 3840 430 contra

419 475 621 526 caetera
661 470 900 525 dicens:
948 469 1024 522 De
1059 467 1282 522 occultis
1325 466 1503 520 cordis
1542 466 1712 519 alieni
1751 471 1940 519 temere
1963 465 2072 533 ju-

421 559 604 614 dicare
636 561 889 628 iniquum
933 562 1030 620 est,
1063 560 1114 610 et
1155 571 1274 610 eum
1303 555 1460 624 cujus
1499 570 1660 624 opera
1685 569 1794 608 non
1817 553 2072 607 videntur

420 651 531 703 nisi
577 650 735 712 bona,
775 652 1058 718 peccatum
1105 651 1184 700 est
1213 661 1281 699 ea:
1310 646 1616 714 suspicione
1662 643 2066 713 reprehendere.

418 737 488 792 Et
524 738 688 794 addit
729 737 786 792 in
831 736 1044 804 eadem,
1108 749 1234 805 quae
1284 746 1668 804 saepenumero
1714 732 1869 788 dicta
1911 736 2066 803 sunt,

414 826 702 895 videlicet,
733 826 880 897 quod
911 837 1045 881 oves
1071 829 1352 894 pastorem
1380 836 1668 894 accusare,
1693 822 1806 878 nisi
1834 835 1935 892 pro
1963 821 2070 877 fide

417 928 529 970 non
550 915 825 972 debeant:
859 920 914 970 et
955 914 1079 983 ipse
1103 913 1427 982 episcOpus,
1459 925 1560 968 nec
1583 911 1774 967 vocari
1797 915 1898 966 aut
1917 910 2073 980 judi-

418 1005 537 1060 cari
561 1010 768 1075 potest,
797 1004 1135 1075 priusquam
1159 1015 1286 1072 quae
1310 1001 1500 1057 ablata
1527 1001 1665 1070 sint,
1699 1000 1814 1056 sibi
1844 999 2070 1071 legibus

414 1094 832 1162 restituantur;
875 1096 931 1148 et
992 1091 1122 1148 ideo
1169 1091 1264 1146 hic
1318 1089 1801 1160 prietermittenda
1856 1087 2069 1144 existi-

417 1195 660 1239 mamus.

877 1269 1005 1324 LVI.
1051 1297 1125 1308 —
1151 1267 1205 1323 S.
1259 1267 1466 1322 FELIX
1515 1267 1601 1322 IV.

913 1356 1097 1427 (Anno
1155 1356 1358 1412 Christi
1421 1352 1569 1428 526.)

492 1447 670 1519 Felix,
701 1447 934 1503 natione
958 1445 1290 1516 Sanmnius,
1322 1459 1390 1501 ex
1422 1450 1582 1514 patre
1603 1442 1884 1513 Castorio,
1916 1442 2068 1499 sedit

415 1551 597 1594 annos
643 1541 909 1608 quatuor,
956 1549 1177 1591 menses
1221 1535 1386 1604 duos,
1429 1534 1554 1590 dies
1596 1533 1918 1590 duodecim.
1965 1532 2069 1589 Hic

415 1629 586 1698 jussu
614 1625 952 1682 Theodorici
987 1625 1140 1696 regis
1170 1624 1474 1680 ordinatus
1497 1628 1603 1691 est,
1625 1628 1682 1678 et
1704 1621 1921 1692 absque
1941 1635 2070 1678 con-

418 1717 692 1774 tentione.
762 1715 864 1770 Hic
932 1713 1224 1770 ordinavit
1282 1714 1582 1784 epiSCOpOS
1650 1711 2066 1783 undetriginta,
2102 1709 2154 1771 B

416 1807 778 1878 presbyteros
791 1804 1214 1875 quinquaginta
1229 1803 1546 1874 quinque,d
1557 1802 1785 1858 iaconos
1798 1807 2063 1872 quatuor.

417 1895 581 1952 Obiit
619 1901 808 1950 autem
848 1893 1045 1949 Idibus
1083 1891 1369 1958 Octobris,
1405 1890 1734 1946 Athalarico
1778 1895 2064 1962 regnante.

421 1984 526 2039 Hic
554 1988 743 2039 autem
780 1983 981 2039 multis
1005 1981 1296 2051 episcopis
1327 1993 1425 2050 per
1453 1979 1712 2035 diversas
1745 1979 2068 2049 provincias

415 2072 754 2130 constitutis
791 2071 1108 2142 rescripsit,
1143 2070 1493 2140 respondens
1521 2068 1732 2125 eisdem
1761 2068 1830 2123 de
1880 2067 2069 2123 eccle-

413 2164 635 2220 siarum
665 2161 1112 2230 consecratione,
1141 2166 1196 2216 et
1224 2160 1294 2216 de
1320 2159 1625 2215 missarum
1655 2157 2071 2213 celebrationi-

416 2252 526 2308 bus
574 2252 653 2307 ita
681 2249 767 2322 (de
815 2251 972 2317 Cons,
1019 2251 1074 2306 d.
1125 2246 1175 2314 4,
1235 2264 1285 2304 c.
1326 2248 1479 2302 Sicut
1522 2246 1686 2320 non):
1736 2248 1858 2302 Non
1907 2247 2064 2310 alibi,

419 2358 582 2412 quam
603 2345 664 2396 in
693 2343 924 2396 sacratis
944 2341 1171 2394 Domino
1198 2340 1328 2392 locis
1357 2339 1563 2407 absque
1605 2351 1805 2404 magna
1847 2337 2073 2391 necessi-

414 2437 524 2488 tate
541 2433 661 2502 ﬁeri
690 2431 879 2485 debere
911 2431 1078 2499 liquet
1101 2429 1370 2498 omnibus,
1401 2427 1599 2496 quibus
1626 2430 1755 2479 nota
1776 2429 1904 2478 sunt
1932 2426 2072 2481 Novi

415 2526 464 2574 et
499 2521 707 2575 Veteris
764 2520 1091 2574 Testamenti
1128 2519 1418 2588 praecepta,
1445 2520 1502 2570 et
1528 2513 1691 2584 ponit
1716 2512 1836 2583 illa,
1869 2514 1925 2566 et
1947 2509 2069 2564 illis

418 2608 644 2678 positis,
686 2609 868 2664 dicit:
905 2608 966 2661 Si
1001 2607 1182 2662 Judaei
1223 2608 1320 2660 hoc
1360 2605 1656 2673 faciebant,
1687 2603 1857 2657 multo
1894 2601 2068 2667 magis

415 2711 512 2751 nos
559 2696 812 2751 debemus
854 2697 1054 2765 templa
1097 2695 1386 2763 mdiﬁcare,
1436 2699 1484 2747 et
1509 2706 1725 2752 ornare,
1753 2695 1802 2744 et
1849 2705 2068 2744 sacrare

416 2790 467 2840 et
495 2801 603 2840 non
641 2785 768 2839 aliis
798 2787 858 2838 in
889 2786 1038 2846 locis,
1071 2798 1236 2852 quam
1275 2784 1382 2836 Deo
1416 2781 1486 2835 ab
1531 2781 1792 2849 episcopis
1833 2779 2066 2832 sacratis

412 2876 609 2928 missas
653 2873 939 2935 celebrare,
972 2887 1067 2926 nec
1120 2872 1390 2940 sacriﬁcia
1429 2870 1656 2924 Domino
1700 2867 1914 2936 offerre,
1955 2868 2067 2922 nisi

414 2962 511 3016 hoc
561 2977 772 3016 summa
820 2962 1112 3016 necessitas
1159 2961 1360 3028 exigat.
1419 2960 1488 3013 Et
1516 2959 1692 3012 satius
1737 2960 1816 3010 est
1843 2957 2067 3011 missam

2179 479 2425 522 canones
2449 469 2729 522 statutum
2756 463 2961 535 fuerat,
2991 478 3024 520 a
3064 465 3507 536 congregatione
3538 464 3757 519 iterum
3783 464 3835 519 in

2180 555 2394 624 synodo
2424 555 2822 625 episcOporum
2847 555 3069 610 ratione
3088 559 3377 610 cassatum
3398 558 3520 623 est;
3551 558 3612 608 et
3636 553 3839 608 chiro-

2179 644 2479 714 graphum,
2525 644 2673 714 quod
2719 644 2851 700 inde
2890 642 3101 699 factum
3136 642 3346 715 fuerat,
3381 643 3517 714 igne
3561 655 3839 697 consum-

2182 737 2340 802 ptum
2365 737 2469 788 est.

2249 820 2353 876 Hic
2375 821 2603 878 Eulalio
2624 821 3022 878 Alexandrina:
3039 820 3307 877 Ecclesiae
3325 820 3603 890 episcopo
3618 819 3839 889 episto-

2179 910 2290 966 lam
2320 911 2578 982 scripsit,
2628 911 2686 966 in
2727 923 2840 981 qua
2871 911 2924 966 ei
2954 910 3487 992 Carthaginiensem
3521 908 3834 964 Ecclesiam

2178 1000 2245 1056 ad
2297 1001 2562 1056 Romana
2608 999 2875 1056 Ecclesia:
2905 997 3364 1056 communionem
3397 1011 3690 1054 reversam
3718 1012 3840 1054 esse

2177 1089 2484 1160 significat,
2509 1103 2635 1160 quae
2652 1102 2685 1144 a
2707 1093 2960 1157 tempore
2984 1087 3207 1145 Aurelii
3232 1088 3304 1143 ab
3328 1087 3834 1158 ipsadiscesserat.

2173 1177 2447 1234 Aurelius
2470 1178 2622 1233 enim
2656 1177 2902 1248 praefatae
2922 1177 3190 1233 Ecclesiae
3217 1177 3354 1233 olim
3379 1177 3697 1248 episcopus
3715 1190 3836 1231 cum

2173 1267 2414 1339 collegis
2442 1267 2587 1338 suis,
2620 1267 2933 1338 instigante
2961 1267 3214 1337 diabolo,
3245 1267 3551 1337 superbire
3577 1267 3841 1336 tempori-

2173 1355 2283 1412 bus
2332 1357 2808 1426 praedecessorum
2881 1360 3229 1426 nostrorum,
3276 1354 3564 1412 Bonifacii
3613 1370 3680 1410 ac
3717 1355 3838 1412 Cte-

2178 1446 2396 1513 lestini,
2443 1449 2639 1502 contra
2670 1446 2977 1501 Romanam
3021 1446 3331 1502 Ecclesiam
3363 1445 3562 1516 coepit.
3600 1445 3708 1500 Hic
3737 1444 3838 1500 de-

2178 1533 2411 1593 functus
2439 1539 2527 1591 est
2558 1548 2654 1590 xv:
2686 1534 2921 1590 Kalend.
2951 1536 3248 1592 Novembr.

2644 1625 2794 1679 LVII.
2837 1654 2907 1663 —
2957 1624 3259 1681 JOANNES
3298 1626 3364 1681 II.

2690 1713 2876 1784 (Anno
2923 1713 3129 1769 Christi
3169 1711 3320 1787 531.)

2248 1803 2509 1873 Joannes,
2544 1803 2775 1858 natione
2800 1803 3107 1875 Romanus,
3137 1818 3205 1860 ex
3239 1809 3396 1875 patre
3427 1805 3715 1873 Projecto,
3747 1817 3835 1859 se-

2178 1892 2267 1949 dit
2281 1906 2462 1949 annos
2482 1892 2651 1962 duos,
2677 1905 2896 1948 menses
2919 1894 3186 1962 quatuor,
3210 1889 3337 1944 dies
3353 1902 3471 1944 sex.
3498 1889 3641 1944 Fuit
3654 1895 3836 1944 autem

2178 1981 2496 2038 Athalarici
2530 1982 2682 2054 regis
2711 1987 2767 2037 et
2801 1980 3115 2056 Justiniani
3163 1979 3407 2050 Augusti
3454 1977 3831 2048 temporibus.

2177 2070 2483 2127 Ordinavit
2511 2077 2698 2127 autem
2726 2071 3025 2140 episcopos
3041 2068 3250 2141 viginti
3282 2073 3337 2123 et
3362 2081 3571 2137 unum,
3603 2067 3840 2137 presby-

2180 2165 2332 2215 teros
2362 2159 2712 2230 quindecim.
2747 2158 2908 2214 Obiit
2937 2163 3126 2214 autem
3159 2172 3213 2212 v1
3247 2157 3484 2212 Kalend.
3518 2157 3708 2212 Junii.
3740 2157 3838 2211 Hic

2179 2249 2406 2305 Valerio
2448 2249 2716 2318 episcopo
2769 2247 3071 2318 epistolam
3105 2247 3284 2316 misit,
3321 2246 3382 2301 in
3413 2259 3532 2316 qua
3563 2245 3833 2314 ostendit,

2178 2342 2234 2394 et
2261 2338 2480 2394 ratione
2503 2342 2558 2394 et
2587 2338 2930 2393 auctoritate
2963 2337 3272 2394 multorum
3297 2335 3592 2406 probavit,
3630 2335 3835 2391 Filium

2181 2428 2457 2484 minorem
2506 2427 2735 2498 quidem
2783 2441 2907 2485 esse
2948 2429 3112 2483 Patre
3153 2427 3210 2482 in
3241 2425 3528 2496 assumpti
3585 2425 3839 2482 hominis

2181 2517 2381 2588 forma,
2415 2517 2687 2588 aequalem
2719 2530 2850 2574 vero
2894 2518 3046 2574 Patri
3088 2531 3211 2574 esse
3243 2517 3301 2572 in
3341 2516 3591 2572 deitatis
3623 2521 3840 2570 natura:

2179 2607 2541 2664 substantia:
2603 2613 2660 2663 et
2689 2607 2795 2663 hoc
2840 2605 2977 2663 fecit
3030 2607 3178 2678 ideo,
3221 2607 3360 2677 quia
3400 2606 3649 2676 quidam
3682 2610 3840 2660 erant

2177 2697 2327 2768 apud
2357 2710 2487 2754 eum
2520 2696 2620 2768 qui
2651 2697 2930 2770 negabant
2955 2696 3168 2753 Filium
3199 2695 3352 2751 Patri
3371 2709 3500 2752 esse
3529 2694 3835 2766 aequalem.

2604 2785 2744 2840 LIX.
2791 2815 2861 2825 —
2904 2785 2958 2840 S.
3019 2782 3393 2840 AGAPE'I'US.

2711 2873 2894 2942 (Anno
2921 2872 3123 2927 Christi
3146 2869 3293 2944 535.)

2245 2961 2551 3035 Agapetus,
2599 2962 2832 3019 natione
2875 2964 3182 3032 Romanus,
3225 2975 3294 3017 ex
3343 2965 3507 3032 patre
3538 2961 3837 3018 Gordiano

413 3067 523 3106 non
554 3056 798 3114 cantare.
831 3054 928 3104 aut
957 3065 1064 3104 non
1106 3049 1322 3113 audire.
1371 3063 1539 3118 quam
1567 3049 1628 3100 in
1663 3047 1747 3100 his
1771 3047 1899 3100 locis
1924 3047 2062 3116 ﬁeri,
2095 3039 2143 3102 C
2178 3051 2524 3123 presbytero,
2548 3052 2699 3108 sedit
2720 3066 2940 3109 menses
2965 3051 3398 3121 undecim,dies
3415 3051 3829 3107 novemdecim.

415 3144 474 3196 in
520 3141 719 3211 quibus
764 3142 884 3211 ﬁeri
936 3155 1044 3194 non
1082 3143 1312 3210 oportet.
1371 3137 1782 3194 Solemnitates.
1808 3149 1939 3192 vero
1982 3132 2067 3206 (de

412 3231 569 3288 Cons.
602 3231 659 3286 d.
709 3227 758 3299 4,
804 3245 852 3286 c.
888 3228 1284 3298 Solemnitates)
1313 3226 1744 3284 dedicationum
1789 3224 2068 3281 ecclesia-

415 3335 565 3392 rum,
599 3324 655 3377 et
684 3319 1042 3377 sacerdotum
1077 3332 1175 3389 per
1200 3317 1461 3389 singulos
1491 3330 1673 3372 annos
1697 3313 2066 3371 celebrandas

411 3424 535 3468 esse
573 3410 865 3480 asseruit;
912 3409 971 3465 in
1015 3409 1209 3464 eadem
1253 3408 1470 3478 dicens,
1524 3405 1714 3477 ipsum
1758 3403 2063 3460 Dominum

411 3500 668 3571 exempla
693 3499 944 3570 dedisse,
972 3498 1073 3570 qui
1104 3498 1173 3553 ad
1206 3495 1412 3553 festum
1445 3494 1832 3552 dedicationis
1863 3492 2060 3563 templi

412 3591 569 3647 venit
611 3589 897 3659 (Joan.x);
938 3593 994 3643 et
1023 3586 1172 3658 quod
1205 3592 1332 3642 octo
1375 3585 1600 3641 dierum
1641 3583 1762 3638 sint
1804 3580 2062 3638 encmnia

413 3679 775 3749 celebranda,
810 3676 948 3733 libri
974 3676 1189 3748 Regum
1220 3675 1582 3731 dedicatione
1608 3671 1806 3740 templi
1837 3675 2061 3740 peracta

409 3770 724 3826 ostendunt
751 3767 862 3836 (III
886 3769 1014 3834 Reg.
1049 3765 1195 3834 VIII).
1221 3766 1306 3819 De
1334 3762 1704 3818 ecclesiarum
1747 3773 1879 3815 vero
1917 3773 2063 3816 con-

411 3857 731 3913 secratione
761 3855 841 3910 ita
873 3853 1143 3924 praecepit
1170 3871 1182 3906 :
1213 3852 1642 3919 Quotiescunque
1671 3849 1977 3912 dubitatur,
2010 3853 2061 3904 et

408 3961 504 4002 nec
530 3949 674 3999 certa
698 3945 992 4013 scriptura,
1047 3957 1142 3996 nec
1172 3942 1304 3996 certi
1333 3943 1490 3995 testes
1509 3941 1772 4009 existunt,
1803 3955 1836 3992 a
1861 3938 2057 4008 quibus

408 4035 738 4092 consecratio
760 4035 988 4094 sciatur,
1013 4031 1217 4100 absque
1242 4029 1359 4083 ulla
1388 4028 1727 4083 dubitatione
1751 4029 1934 4082 scitote
1967 4042 2058 4082 eas

407 4142 520 4181 esse
553 4123 882 4180 sacrandus:
918 4137 1012 4176 nec
1043 4121 1170 4175 talis
1209 4119 1500 4190 trepidatio
1536 4122 1633 4189 ﬁat
1670 4119 1736 4174 de
1773 4120 2058 4173 iteratione

416 4210 610 4288 [faciat
668 4207 1198 4284 deteriorationem];
1264 4211 1522 4280 quoniam
1567 4225 1676 4264 non
1721 4212 2058 4264 monstratur

412 4319 524 4360 esse
547 4305 825 4366 iteratum,
859 4300 1004 4372 quod
1055 4301 1296 4354 nescitur
1330 4302 1557 4368 factum.

839 4393 996 4449 LVII.
1023 4421 1091 4430 —
1122 4387 1522 4444 BONIFACIUS
1561 4389 1624 4440 II.

934 4478 1117 4552 (Anno
1147 4477 1350 4532 Christi
1377 4472 1526 4546 530.)

482 4569 832 4641 Bonifacius,
873 4568 1107 4624 natione
1135 4567 1443 4634 Romanus,
1475 4575 1544 4620 ex
1587 4567 1744 4633 patre
1771 4565 2060 4624 Dehaben-

411 4661 534 4716 tino
566 4654 939 4733 [Sigibuldo],
966 4655 1115 4711 sedit
1145 4665 1327 4708 annos
1353 4651 1519 4723 duos,
1549 4652 1676 4709 dies
1703 4654 1850 4713 duos
1877 4661 1936 4713 et
1963 4657 2059 4713 vi-

412 4747 581 4817 ginti.
611 4748 744 4802 Fuit
767 4751 957 4801 autem
981 4740 1338 4812 temporibus
1361 4741 1676 4799 Athalaricl
1706 4745 1860 4816 regis
1889 4745 2056 4802 haere-

411 4834 537 4901 tici,
586 4837 643 4889 et
668 4833 883 4890 Justini
929 4831 1196 4905 Augusti.
1249 4830 1352 4887 Hic
1393 4829 1542 4888 facta
1585 4832 1947 4891 dissensione
1995 4836 2054 4893 in

411 4923 563 4979 clero
591 4927 648 4979 et
671 4926 894 4994 senatu,
924 4922 983 4978 in
1015 4922 1380 4979 contentione
1412 4922 1718 4979 ordinatur
1755 4938 1885 4980 cum
1909 4925 2056 4982 Dio-

411 5026 608 5070 scoro:
644 5013 738 5068 sed
767 5013 1080 5070 Dioscorus
1110 5025 1223 5068 non
1252 5012 1434 5069 multo
1460 5018 1587 5082 post
1611 5011 1920 5070 defunctus
1945 5020 2049 5072 est.

407 5105 566 5162 Unde
593 5102 920 5161 Bonifacius
945 5105 1061 5173 jam
1095 5102 1328 5174 paciﬂce
1357 5102 1544 5160 sedem
1576 5103 1842 5174 adeptus,
1885 5106 2050 5176 quasi

409 5197 689 5252 damnans
718 5192 1083 5262 Dioscorum,
1125 5192 1316 5248 noluit
1353 5192 1589 5263 clerum,
1641 5193 1738 5263 qui
1782 5193 2052 5251 Dioscoro

411 5283 644 5355 faverat,
704 5281 820 5337 nisi
867 5281 937 5336 de
979 5280 1213 5338 vinculo
1257 5280 1655 5351 anathematis,
1702 5280 2053 5351 paenitentia:

409 5373 804 5432 satisfactione
826 5369 1139 5442 praemissa,
1169 5370 1230 5424 in
1256 5369 1711 5426 communionem
1736 5371 2046 5442 suscipere.

406 5466 516 5535 Qui
542 5468 735 5536 postea
755 5464 1094 5534 congregata
1119 5460 1333 5530 synodo
1353 5459 1640 5516 decretum
1666 5458 1820 5533 fecit,
1846 5466 1911 5517 ut
1935 5461 2048 5518 sibi

407 5566 801 5612 successorum
821 5551 1048 5610 deberet
1073 5550 1304 5624 eligere,
1332 5554 1388 5607 et
1413 5549 1629 5620 scripto
1648 5554 1704 5607 et
1725 5550 2049 5622 juramento

2174 3142 2278 3198 Hic
2303 3142 2595 3199 ordinavit
2615 3143 2914 3214 episcopos
2941 3142 3226 3209 undecim,
3259 3142 3539 3198 diaconos
3563 3149 3830 3212 quatuor.

2171 3231 2552 3288 Hiclibellum
2575 3232 2958 3289 anathematis
2985 3233 3044 3287 in
3075 3232 3432 3299 Dioscorum,
3462 3231 3564 3286 cui
3601 3229 3836 3286 Bonifa-

2173 3320 2302 3377 cius
2348 3320 2581 3376 invidiae
2629 3320 2868 3378 stimulo
2904 3322 3114 3378 ductus
3165 3319 3527 3395 presbyteros
3575 3327 3635 3376 et
3663 3321 3832 3376 etiam

2172 3411 2472 3480 episcopos
2525 3410 2813 3467 subscribi
2881 3411 3253 3482 compulerat,
3323 3410 3600 3467 incendio
3651 3399 3829 3467 dedit.

2172 3499 2540 3555 Justinianus
2568 3499 3075 3556 autem'Theodato
3104 3500 3221 3572 regi
3251 3497 3438 3555 fuerat
3468 3499 3826 3571 indignatus,

2172 3601 2238 3644 eo
2269 3589 2418 3658 quod
2450 3588 2570 3658 ipse
2592 3589 2844 3661 reginam
2874 3588 3285 3645 Amalasintam
3305 3589 3652 3645 Theodorici
3682 3589 3832 3660 regis

2172 3677 2348 3738 tiliam
2388 3677 2501 3733 sibi
2543 3678 2992 3735 commendatam
3019 3679 3324 3736 occiderat.
3358 3678 3520 3734 Unde
3553 3693 3652 3734 rex
3683 3694 3833 3749 pra:—

2168 3766 2380 3836 dictus,
2428 3767 2636 3822 timens
2681 3767 3135 3840 indignationem
3177 3768 3448 3840 Augusti,
3485 3768 3829 3838 praedictum

2170 3867 2370 3924 papam
2404 3856 2958 3926 Constantinopolim
3010 3858 3078 3912 ad
3129 3857 3527 3927 imperatorem
3571 3856 3829 3912 direxit:

2169 3944 2327 4014 quia
2355 3944 2682 4002 Iustiniano
2709 3945 2969 4018 Augusto
2993 3945 3310 4001 honorifice
3334 3953 3663 4016 susceptus,
3704 3953 3834 4015 post

2168 4031 2393 4103 longam
2427 4025 2854 4090 altercationem
2909 4035 3242 4090 Anthimum
3282 4036 3536 4104 ejusdem
3569 4035 3834 4091 civitatis

2165 4123 2517 4194 episcopum,
2553 4124 2612 4178 in
2638 4125 2867 4180 Christo
2892 4124 3038 4180 duas
3064 4128 3300 4180 naturas
3327 4129 3648 4195 negantem.
3685 4139 3836 4180 con-

2164 4211 2325 4283 vicit,
2354 4217 2410 4268 et
2452 4226 2484 4268 a
2522 4213 2923 4269 communione
2968 4213 3433 4270 Christianorum
3476 4216 3828 4285 suspendit:

2165 4304 2223 4355 et
2253 4299 2362 4356 isto
2391 4301 2448 4355 in
2479 4300 2749 4356 exsilium
2781 4302 3099 4371 deportato,
3127 4301 3307 4358 alium
3341 4301 3676 4373 episcopum
3725 4318 3836 4361 no-

2089 4407 2141 4469 ι)
2169 4389 2324 4445 mine
2352 4392 2630 4463 Mennam,
2663 4392 2851 4447 virum
2883 4391 3254 4463 catholicum,
3285 4391 3343 4447 in
3372 4393 3498 4461 ejus
3525 4392 3653 4450 loco
3685 4409 3836 4451 cou—

2166 4481 2428 4537 secravit.
2462 4483 2593 4538 Post
2623 4496 2753 4560 vero
2799 4483 3144 4555 aegritudine
3172 4489 3394 4554 captus,
3429 4483 3648 4540 ibidem
3677 4486 3829 4541 idem

2165 4569 2659 4642 Constantinopoli
2686 4586 2722 4626 x
2751 4573 2985 4628 Kalend.
3010 4573 3148 4629 Maii
3188 4579 3275 4630 est
3304 4572 3640 4630 defunctus.
3671 4577 3827 4631 Idem

2168 4672 2329 4730 papa,
2358 4664 2664 4732 antequam
2693 4662 2913 4719 veniret
2950 4662 3007 4718 in
3052 4663 3352 4730 Graeciam,
3382 4662 3664 4720 Anthimo
3697 4665 3830 4735 epi-

2163 4749 2367 4805 stolam
2401 4750 2582 4820 misit,
2609 4751 2670 4806 in
2701 4764 2814 4822 qua
2846 4752 3034 4823 ipsum
3061 4752 3132 4808 ab
3152 4765 3345 4809 errore
3368 4767 3476 4809 suo
3506 4753 3576 4808 ad
3607 4754 3826 4810 verita—

2165 4843 2276 4896 tem
2305 4839 2602 4896 catholicae
2626 4840 2756 4898 fidei
2789 4842 2975 4898 redire
3002 4842 3286 4900 hortando
3318 4844 3639 4914 prudenter
3662 4859 3827 4901 com—

2164 4929 2411 4986 monuit.

2627 5021 2740 5076 LX.
2769 5049 2844 5060 —
2870 5020 2926 5076 S.
2977 5021 3350 5078 SILVERIUS.

2696 5107 2880 5180 (Anno
2912 5110 3103 5166 Christi
3131 5109 3281 5182 536.)

2230 5196 2529 5267 Silverius,
2582 5199 2812 5255 natione
2841 5200 3182 5273 Campanus,
3231 5215 3301 5257 ex
3346 5205 3508 5272 patre
3559 5203 3826 5261 Ormisda

2161 5285 2350 5343 Romae
2389 5287 2677 5358 episcopo,
2713 5289 2864 5345 sedit
2887 5302 3099 5346 annum
3133 5305 3334 5362 unum,
3371 5305 3600 5349 menses
3643 5295 3827 5366 quin-

2163 5389 2291 5446 que,
2321 5375 2446 5432 dies
2466 5377 2864 5449 quadraginta.
2898 5379 3000 5434 llic
3021 5379 3313 5437 ordinavit
3328 5381 3641 5453 episcopos
3659 5390 3830 5439 octo—

2159 5465 2366 5537 decim,
2402 5465 2758 5537 presbyteros
2778 5469 3231 5539 quatuordecim.
3268 5471 3368 5526 Hic
3393 5472 3526 5528 sine
3544 5472 3834 5528 delibera-

2145 5554 2318 5612 tione
2365 5555 2579 5614 decreti
2625 5569 2660 5614 a
2701 5557 2987 5616 Theodato
3035 5565 3276 5631 tyranno
3333 5563 3700 5621 constitutus
3741 5568 3832 5620 est
