4046 6182
265 340 411 400 4225

1130 339 1387 402 PSEUDO
1428 329 1856 403 LUITPRANDI
1895 347 2022 404 LIB.
2072 347 2161 404 DE
2199 347 2372 405 vms
2409 346 2576 406 nou.
2619 348 2818 408 PONT.

3535 355 3672 417 4226

260 463 374 533 Qui
401 473 711 540 corruptus
733 474 992 544 pecunia,
1020 475 1184 532 talem
1203 477 1354 532 clero
1375 463 1607 528 induxit
1628 469 1912 535 timorem,
1941 462 1997 522 A
2027 470 2250 539 pienter
2261 474 2618 548 promiserat,
2638 480 3004 548 responditse
3021 496 3310 554 nunquam
3325 483 3375 540 ei
3391 485 3674 541 consenti-

265 559 332 609 ut
364 555 462 625 qui
495 558 622 627 ejus
641 559 997 616 ordinationi
1023 575 1135 618 non
1158 563 1561 632 consensisset,
1591 560 1717 617 sine
1736 558 1916 615 dubio

261 642 456 714 gladio
479 647 804 715 puniretur.
831 651 1028 721 Itaque
1052 652 1294 710 Silverio
1319 652 1426 709 sub
1457 651 1511 707 vi
1533 655 1588 706 et
1620 654 1772 705 metu
1798 649 1914 718 jam

260 732 550 806 ordinato,
585 738 809 793 tandem
855 741 1324 814 subscripserunt
1362 744 1420 798 in
1453 742 1579 812 ejus
1606 738 1917 795 conﬁrma-

262 823 477 879 tionem
517 828 830 884 secundum
889 845 1099 888 morem
1152 832 1487 903 presbyteri.
1533 833 1664 886 Post
1692 840 1914 883 menses

259 919 451 970 autem
481 915 648 988 duos,
673 919 983 987 praedictus
1008 928 1287 994 tyrannus
1311 927 1457 979 nutu
1481 921 1681 977 divino
1701 917 1914 974 exstin-

261 1003 481 1073 guitur.
528 1007 738 1064 Dolens
767 1017 957 1067 autem
995 1025 1060 1068 eo
1105 1013 1165 1068 in
1191 1017 1444 1082 tempore
1465 1009 1759 1065 Theodora
1787 1007 1914 1062 Au-

261 1099 430 1162 gusta
480 1095 818 1154 Anthimum
849 1100 1232 1169 patriarcham
1273 1113 1305 1156 a
1343 1101 1403 1155 B.
1435 1099 1683 1171 Agapeto
1731 1094 1914 1152 fuisse

259 1180 608 1256 depositum,
649 1192 704 1242 et
737 1187 794 1242 in
843 1189 968 1258 ejus
1004 1189 1191 1246 locum
1223 1191 1482 1245 Mennam
1514 1179 1908 1257 subrogatum,

261 1273 511 1330 consilio
539 1290 670 1332 cum
693 1277 908 1349 Vigilio
937 1279 1183 1336 diacono
1216 1280 1384 1351 inito,
1412 1277 1720 1336 Silverium
1747 1275 1914 1330 litte-

263 1363 351 1418 ris
386 1363 723 1436 obsecravit,
752 1374 816 1423 ut
845 1367 929 1424 vel
959 1369 1028 1425 ad
1070 1383 1130 1426 se
1175 1368 1513 1425 festinanter
1541 1366 1779 1436 veniret,
1813 1366 1914 1420 aut

263 1452 648 1521 patriarcham
697 1456 1031 1515 Anthimum
1075 1459 1138 1514 in
1167 1459 1354 1514 locum
1387 1460 1671 1513 revocaret
1703 1453 1914 1524 pristi-

263 1554 423 1596 num.
455 1542 563 1611 Qui
589 1545 725 1600 dum
754 1545 920 1602 lectis
940 1547 1174 1619 litteris,
1200 1546 1603 1618 quamvisvitae
1625 1544 1790 1599 ﬁnem
1814 1554 1913 1612 per

264 1629 442 1700 hujus
497 1645 681 1689 causa:
722 1637 1076 1693 occasionem
1127 1637 1370 1706 timeret,
1405 1640 1592 1691 tamen
1643 1632 1910 1688 ﬁduciam

263 1720 482 1778 habens
525 1722 583 1778 in
613 1725 871 1794 Domino,
907 1727 1205 1796 rescripsit
1231 1725 1502 1798 Augusta:
1533 1735 1825 1794 nunquam
1853 1734 1912 1777 se

2028 573 2106 629 re,
2135 565 2194 615 ut
2211 560 2496 619 hominem
2519 565 2868 640 haereticum,
2892 576 2991 625 eta
3012 573 3397 629 sanctissimis
3417 573 3667 645 Agapeto

2024 649 2337 707 etSilverio
2361 652 2692 711 damnatum
2717 663 3022 714 revocaret.
3051 660 3129 715 Eo
3148 665 3398 732 tempore
3430 662 3668 718 Romani

2023 736 2280 794 dolentes
2334 744 2485 810 quod
2535 743 2816 802 Silverius
2860 747 3108 803 consilio
3140 749 3340 819 Vigilii
3372 750 3669 818 depositus

2023 822 2229 897 fuerat,
2275 829 2529 886 videntes
2561 834 2724 889 modo
2768 836 3279 908 Opportunitatem,
3308 836 3454 893 duos
3485 839 3672 894 inter-

2022 916 2228 973 emisse
2239 931 2366 974 eum
2379 921 2530 990 apud
2545 924 2855 994 Augustam
2871 932 3301 983 accusaverunt.
3316 927 3476 996 Quoa
3488 927 3670 997 udito,

2021 1005 2278 1077 Augusta
2296 1007 2526 1064 Romam
2545 1011 2874 1070 Scribonem
2891 1015 3071 1086 misit,
3087 1015 3188 1086 qui
3207 1016 3482 1088 Vigilium
3496 1016 3669 1087 cepit,

2022 1094 2149 1149 etin
2164 1095 2292 1151 navi
2313 1097 2563 1167 positum
2574 1100 3129 1173 ConstantinOpolim
3147 1103 3336 1161 duxit.
3357 1105 3467 1174 Qui
3483 1109 3672 1160 tamen

2021 1183 2092 1238 ab
2112 1185 2470 1260 imperatore,
2497 1195 2559 1245 ut
2589 1191 2843 1248 vicarius
2865 1193 2922 1246 Β.
2946 1193 3118 1264 Petri,
3148 1195 3334 1264 primo
3358 1194 3672 1252 honoriﬁce

2022 1281 2323 1344 susceptus
2375 1281 2480 1347 est,
2537 1284 2593 1335 et
2623 1279 2856 1337 biennio
2905 1283 3022 1351 jam
3053 1288 3249 1340 exacto
3286 1284 3584 1357 Augustus
3613 1290 3670 1340 et

2020 1363 2276 1436 Augusta
2328 1367 2651 1424 cautionem
2707 1383 2910 1426 manus
2941 1386 3058 1428 sum
3099 1373 3151 1430 ei
3185 1374 3565 1444 ostendentes,
3598 1374 3669 1430 de

2021 1452 2292 1510 Anthimo
2326 1457 2659 1529 revocando,
2689 1459 3036 1517 obsecrando
3058 1466 3114 1517 et
3136 1461 3465 1518 altercando
3497 1462 3667 1518 insti-

2023 1545 2235 1597 terunt.
2265 1542 2520 1614 Vigilius
2539 1549 2727 1602 autem
2759 1555 3026 1604 constans
3051 1550 3121 1605 ad
3152 1552 3345 1606 omnia
3376 1552 3516 1622 pati,
3546 1551 3673 1607 nul-

2024 1628 2250 1688 latenus
2277 1646 2474 1689 eorum
2507 1635 2775 1704 petitioni
2806 1637 3116 1710 acquievit,
3151 1643 3208 1694 et
3253 1640 3480 1695 tandem
3509 1640 3673 1697 cola-

2023 1719 2308 1792 phizatus,
2375 1723 2513 1792 quia
2576 1737 2687 1780 non
2739 1726 3129 1783 Iustinianum
3191 1731 3249 1784 et
3319 1728 3669 1784 Theodoram

263 1815 659 1868 revocaturum
709 1814 996 1870 hominem
1029 1816 1360 1872 hmreticum
1401 1815 1462 1870 in
1505 1827 1611 1871 sua
1651 1811 1912 1882 nequitia
1938 1807 1990 1870 Β
2023 1809 2338 1881 piissimos,
2369 1812 2464 1867 sed
2494 1812 2917 1870 Diocletianum
2941 1820 2998 1870 et
3020 1815 3347 1872 Lutheriam
3372 1812 3672 1890 [Eleuthe-

261 1899 593 1956 damnatum
634 1903 805 1972 juste.
853 1903 1010 1960 Unde
1056 1905 1355 1977 indignata
1384 1905 1642 1976 Augusta
1689 1903 1912 1958 Belisa—

263 1989 356 2044 rio
387 1989 631 2058 patricio
657 1992 835 2060 jussit
865 1999 930 2050 ut
957 1993 1265 2051 Silverium
1319 1994 1618 2050 occasione
1647 2004 1914 2063 quacun-

263 2093 375 2148 que
408 2079 633 2136 inventa
662 2082 986 2153 deponeret,
1020 2089 1077 2140 et
1109 2085 1383 2158 Vigilium
1414 2082 1908 2150 archidiaconum,

263 2168 366 2237 qui
425 2168 760 2226 Anthimum
812 2186 1072 2230 revocare
1105 2174 1463 2244 promiserat,
1526 2172 1586 2227 in
1616 2171 1741 2240 ejus
1788 2169 1913 2225 loco

262 2256 660 2314 substitueret.
691 2259 800 2328 Qui
830 2259 954 2333 (hac
985 2263 1211 2319 tandem
1243 2263 1541 2319 occasione
1570 2261 1816 2329 inventa,
1851 2261 1918 2312 ut

263 2346 574 2402 Romanam
616 2349 812 2404 urbem
863 2351 1068 2407 Gothis
1109 2352 1328 2408 tradere
1373 2349 1559 2421 vellet)
1589 2361 1718 2405 eum
1759 2345 1826 2400 ad
1859 2358 1918 2400 se

261 2440 548 2505 vocatum,
578 2442 635 2493 et
663 2438 814 2495 clero
839 2445 894 2495 et
915 2440 1125 2510 p0pulo
1151 2441 1220 2496 ad
1244 2440 1490 2510 primum
1524 2443 1580 2494 et
1608 2435 1919 2493 secundum

262 2524 451 2580 velum
494 2527 750 2595 retentis,
802 2529 1006 2584 stolam
1038 2535 1094 2584 et
1117 2529 1303 2585 albam
1343 2527 1480 2584 fecit
1514 2527 1566 2582 ei
1599 2523 1837 2592 auferri,
1865 2522 1922 2577 et

266 2618 422 2668 veste
449 2616 781 2672 monachica
810 2617 974 2672 indui
997 2618 1194 2686 jussit.
1230 2619 1299 2672 Et
1331 2617 1436 2672 hoc
1459 2615 1686 2688 negotio
1708 2612 1923 2682 impie-

266 2702 408 2757 tatis
433 2702 653 2774 audito,
693 2705 774 2775 hi,
812 2706 911 2776 qui
941 2720 1070 2762 cum
1107 2721 1172 2762 eo
1209 2710 1496 2775 venerant,
1533 2703 1832 2776 fugerunt:
1866 2703 1922 2757 et

266 2791 525 2863 Vigilius
553 2793 1018 2864 archidiaconus,
1042 2795 1206 2865 quasi
1242 2795 1302 2850 in
1327 2808 1430 2850 sua
1459 2793 1566 2849 ﬁde
1587 2806 1715 2848 eum
1743 2790 1924 2847 susci-

268 2881 459 2951 piens,
493 2881 550 2935 in
578 2881 815 2938 Pontum
843 2883 1050 2940 exsilio
1081 2883 1354 2956 relegavit
1382 2902 1393 2936 :
1430 2881 1528 2938 ubi
1558 2894 1700 2951 pane
1726 2879 1925 2935 tribu-

269 2970 511 3026 lationis
539 2977 595 3025 et
622 2984 770 3042 aqua
800 2973 1081 3045 augustiae
1110 2977 1486 3043 sustentatus,
1521 2971 1747 3026 tandem
1773 2969 1922 3026 deﬁ-

267 3061 449 3131 ciens,
486 3060 544 3116 in
573 3061 766 3117 eodem
799 3060 923 3118 loco
945 3076 1027 3118 xu
1059 3063 1293 3119 Kalend.
1321 3061 1463 3118 Julii
1495 3059 1786 3117 confessor
1815 3060 1924 3116 de-

269 3147 510 3206 functus
538 3154 660 3206 est:
698 3149 795 3206 ubi
819 3152 956 3224 aegri
991 3152 1159 3209 multi
1192 3156 1490 3208 sanantur.

341 3239 446 3295 Hic
475 3239 774 3310 epistolam
805 3242 1106 3311 rescripsit
1135 3240 1378 3297 amatori
1408 3239 1697 3311 episc0po,
1724 3239 1784 3294 in
1809 3251 1920 3309 qua

267 3332 326 3384 et
357 3328 463 3384 hoc
516 3329 852 3400 postulanti,
905 3330 1159 3401 qualiter
1197 3331 1352 3385 circa
1391 3343 1451 3385 se
1480 3332 1669 3384 actum
1712 3326 1918 3397 fuerat,

271 3417 518 3474 breviter
540 3419 848 3490 enarravit,
881 3424 938 3476 et
966 3419 1214 3476 oﬂicium
1242 3432 1409 3475 suum
1438 3431 1551 3474 non
1579 3418 1705 3472 ideo
1735 3416 1920 3472 dimi-

271 3508 438 3578 sisse,
467 3509 561 3564 sed
601 3509 962 3581 congregatis
991 3509 1300 3580 episcopis,
1353 3522 1498 3580 quos
1528 3507 1736 3578 potuit,
1768 3507 1921 3578 illos,

271 3599 371 3670 qui
393 3599 581 3669 ipsum
599 3599 1001 3668 deposuerant,
1028 3613 1088 3655 se
1111 3598 1495 3655 anathematis
1515 3597 1748 3653 vinculo
1769 3596 1927 3652 obli—

271 3688 753 3760 gassesigniﬁcat,
768 3693 1089 3759 etcaateros,
1108 3689 1207 3759 qui
1232 3689 1504 3758 deinceps
1517 3687 1700 3744 ullum
1714 3687 1928 3756 episco-

273 3791 475 3848 porum
500 3778 579 3833 ita
592 3779 939 3849 deciperent,
955 3778 1254 3834 anathema
1270 3777 1601 3833 maranatha
1615 3776 1735 3831 ﬁeri
1749 3775 1924 3842 dixit,

343 3869 499 3937 Item,
552 3867 767 3940 Vigilio
795 3870 911 3938 jam
958 3881 1116 3938 papa;
1169 3868 1487 3923 constituto
1527 3865 1832 3936 epistolam
1868 3865 1926 3920 in

269 3969 430 4011 suam
476 3957 901 4013 damnationem
936 3957 1119 4025 misit,
1175 3957 1255 4012 ita
1307 3956 1459 4011 inter
1500 3959 1701 4010 czetera
1727 3954 1929 4009 dicens

268 4043 381 4115 (23,
415 4061 471 4116 q.
506 4043 559 4116 4,
608 4061 660 4102 c.
707 4047 1069 4118 Belisarius):
1103 4047 1311 4101 Habeto
1348 4061 1473 4113 ergo
1513 4061 1634 4099 cum
1679 4045 1783 4113 his,
1832 4045 1930 4114 qui

268 4139 369 4192 tibi
385 4138 751 4200 consentiunt,
777 4153 949 4206 paena
977 4137 1350 4191 damnationis
1375 4137 1721 4196 sententiam,
1749 4135 1930 4188 subla-

268 4232 490 4297 tumque
528 4227 629 4282 tibi
671 4242 863 4282 nomen
896 4231 950 4281 et
988 4242 1187 4281 munus
1230 4226 1527 4280 ministerii
1572 4223 1930 4290 sacerdotalis

266 4331 518 4384 agnosce,
553 4315 794 4386 Spiritus
823 4317 999 4371 sancti
1045 4316 1260 4384 judicio
1290 4319 1342 4370 et
1383 4314 1679 4384 apostolica
1710 4328 1744 4367 a
1775 4312 1929 4366 nobis

268 4407 596 4460 auctoritate
652 4406 965 4460 damnatus.
1009 4404 1099 4459 Sic
1155 4407 1298 4458 enim
1328 4404 1475 4459 decet
1516 4400 1630 4473 (25,
1676 4418 1729 4473 q.
1771 4399 1827 4464 2,
1859 4415 1914 4457 c.

2023 1897 2187 1973 riam]
2235 1914 2294 1955 se
2334 1901 2621 1957 invenisse
2654 1903 2899 1974 dixerat,
2936 1906 3232 1974 respondit
3278 1907 3345 1960 ad
3397 1907 3665 1978 singula:

2021 1987 2210 2045 Facite
2243 1994 2306 2045 ut
2323 1990 2539 2061 vultis;
2571 1991 2745 2063 digna
2765 1993 2916 2048 enim
2941 1991 3111 2049 factis
3131 1994 3365 2065 recipio.
3391 1997 3460 2050 Et
3479 1997 3674 2054 volens

2023 2078 2197 2147 hujus
2225 2093 2491 2135 aerumna:
2521 2086 2783 2137 eventum
2812 2095 3042 2153 quoquo
3066 2084 3230 2139 modo
3261 2083 3459 2152 vitare,
3491 2085 3548 2140 in
3571 2099 3675 2140 ec—

2023 2168 2252 2224 clesiam
2293 2169 2349 2225 S.
2397 2170 2725 2240 Euphemiae
2782 2170 3028 2242 fugiens,
3087 2172 3292 2228 altaris
3345 2173 3670 2229 columnam

2025 2257 2291 2327 amplexu
2307 2258 2582 2314 astrinxit
2605 2279 2619 2329 ;
2643 2259 2738 2315 sed
2770 2259 2850 2314 ibi
2877 2265 3160 2334 arreptus,
3183 2267 3343 2317 extra
3371 2261 3672 2318 ecclesiam

2028 2345 2282 2416 ducitur,
2326 2345 2575 2418 tuncque
2604 2347 2752 2403 collo
2777 2349 2903 2418 ejus
2929 2349 3186 2420 alligato,
3237 2363 3335 2419 per
3379 2350 3670 2406 civitatem

2031 2449 2213 2507 usque
2229 2438 2297 2493 ad
2313 2450 2596 2507 vesperam
2611 2438 3062 2509 circumquaque
3080 2439 3448 2512 distrahitur,
3468 2441 3676 2497 deinde

2035 2526 2092 2581 in
2141 2527 2403 2583 custodia
2436 2533 2798 2595 reservatur;
2851 2527 3048 2584 clerici
3093 2543 3247 2601 vero,
3301 2531 3399 2601 qui
3432 2544 3561 2586 cum
3609 2544 3675 2585 eo

2033 2614 2393 2682 advenerant,
2415 2614 2664 2684 dispersi
2692 2615 2748 2670 in
2767 2615 2974 2670 exsilia
2989 2616 3338 2687 relegantur:
3373 2617 3467 2673 sed
3485 2621 3679 2687 postea

2031 2703 2283 2758 Romano
2311 2703 2464 2758 clero
2494 2709 2550 2758 et
2578 2709 2779 2760 senatu
2821 2704 3177 2775 rogantibus,
3211 2706 3473 2762 redditus
3502 2712 3559 2762 et
3584 2720 3683 2762 re-

2032 2790 2276 2847 stitutus
2300 2797 2386 2848 est
2406 2792 2669 2864 Vigilius.
2696 2793 2798 2848 Sed
2825 2793 2884 2848 in
2914 2793 3038 2862 ipso
3066 2794 3275 2864 reditu,
3313 2795 3372 2852 in
3401 2796 3680 2867 Syracusa

2031 2879 2300 2935 videlicet
2331 2880 2489 2950 urbe,
2514 2881 2722 2939 calculi
2755 2883 2952 2940 dolore
2980 2883 3155 2940 vitam
3183 2883 3392 2940 ﬁnivit.

2102 2969 2206 3024 Hic
2241 2970 2523 3025 Eucherio
2573 2967 2889 3044 [Eutherio]
2915 2973 3182 3043 episcopo
3215 2974 3556 3045 rescriptum
3581 2973 3680 3030 di-

2033 3059 2203 3131 rexit,
2239 3059 2298 3114 in
2321 3072 2435 3130 quo
2459 3073 2588 3114 eum
2623 3061 2924 3120 instruxit.
2959 3063 3100 3131 quid
3131 3063 3202 3117 de
3235 3062 3327 3118 his
3356 3067 3548 3119 tenere
3575 3063 3686 3119 de-

1954 3150 2002 3213 C
2032 3147 2178 3219 beat,
2214 3148 2315 3218 qui
2349 3148 2428 3204 ita
2444 3147 2850 3205 abstinentiam
2881 3149 3177 3221 simulant,
3206 3154 3269 3204 ut
3291 3164 3393 3205 esu
3420 3151 3682 3206 carnium

2032 3237 2346 3308 quemlibet
2376 3237 2557 3308 pollui
2589 3238 2860 3309 credant;
2905 3239 2985 3294 ita
3017 3245 3143 3309 post
3174 3239 3354 3296 multa
3389 3239 3681 3310 prtemissa

2033 3325 2425 3398 subjungens:
2473 3326 2810 3397 Quapropter
2859 3343 2956 3382 nec
2985 3328 3375 3382 abstinentiam
3412 3331 3519 3383 Deo
3545 3328 3685 3398 pla-

2035 3417 2195 3470 citam
2226 3417 2596 3485 reprobamus,
2634 3432 2729 3471 nec
2777 3432 2883 3483 eos,
2934 3418 3032 3486 qui
3059 3422 3412 3472 exsecrantur
3466 3419 3687 3472 Domini

2034 3510 2362 3567 creaturam,
2391 3507 2451 3558 in
2472 3509 2659 3560 nostra
2688 3507 2939 3560 societate
2968 3507 3279 3576 recipimus.
3307 3509 3466 3578 Item,
3490 3505 3560 3561 de
3592 3505 3686 3562 his

2038 3595 2136 3666 qui
2185 3595 2245 3650 in
2292 3594 2400 3650 ﬁne
2444 3594 2790 3664 psalmorum
2824 3594 3108 3651 subducta
3151 3609 3262 3652 una
3319 3595 3686 3665 conjunctiva

2037 3683 2256 3754 syllaba
2280 3683 2484 3739 dicunt
2509 3703 2520 3738 :
2556 3683 2742 3738 Gloria
2761 3684 2937 3747 Patri,
2969 3685 3108 3738 Filio
3129 3689 3179 3738 et
3208 3685 3444 3754 Spiritui
3469 3688 3682 3739 sancto:

2037 3775 2185 3843 etjta
2207 3773 2470 3842 dicendo,
2489 3772 3061 3842 perfectmTrinitatis
3073 3772 3410 3829 vocabulum
3432 3773 3689 3829 minuere

2037 3861 2656 3934 conantur,jsubjungit
2672 3863 2894 3918 dicens:
2923 3862 3076 3928 Quod
3097 3864 3213 3916 siin
3235 3878 3413 3915 errore
3427 3878 3688 3932 perman-

2038 3953 2228 4014 serint,
2275 3953 2405 4004 socii
2442 3953 2595 4004 nobis
2646 3967 2757 4005 esse
2796 3967 2903 4005 non
2945 3955 3197 4019 possunt.
3230 3951 3307 4005 De
3349 3950 3440 4006 his
3489 3952 3589 4020 qui
3616 3951 3688 4006 ab

2039 4039 2272 4095 Arianis
2293 4039 2629 4108 rebaptizati
2653 4047 2808 4110 sunt,
2831 4040 3084 4110 qualiter
3100 4040 3220 4095 sint
3245 4039 3586 4110 recipiendi,
3604 4040 3690 4095 di-

2039 4129 2143 4183 cit:
2172 4127 2408 4193 Quorum
2430 4129 2815 4190 reconciliatio,
2847 4144 2956 4182 non
2971 4145 3072 4198 per
3113 4129 3269 4182 illam
3293 4129 3689 4197 impositioncm

2037 4233 2252 4280 manus,
2307 4232 2427 4287 quae
2474 4232 2576 4285 per
2630 4218 2807 4270 sancti
2861 4216 3102 4286 Spiritus
3150 4219 3543 4271 invocationem
3603 4219 3684 4286 ﬁt,

2038 4312 2331 4377 operatur;
2384 4306 2480 4360 sed
2529 4320 2634 4375 per
2682 4305 2858 4368 illam,
2918 4322 3030 4374 qua
3086 4307 3423 4375 paenitentia
3470 4308 3686 4371 fructus

2037 4398 2364 4465 acquiritur,
2412 4399 2463 4450 et
2520 4394 2907 4448 communionis
2941 4389 3163 4466 [sanctae
3210 4393 3364 4462 com.]
3413 4392 3682 4445 restitutio

268 4494 359 4549 Sic
381 4493 547 4566 decet)
569 4495 730 4565 ﬁdem
762 4499 1072 4549 sanctorum
1112 4495 1339 4549 Patrum
1365 4491 1424 4547 in
1448 4494 1687 4548 Ecclesia
1717 4493 1926 4546 servari
1953 4508 2008 4570 D
2029 4489 2337 4560 perﬁcitur.
2394 4487 2564 4541 Item:
2618 4486 2695 4538 De
2739 4483 2957 4551 fabrica
3005 4481 3298 4550 cujuslibet
3336 4481 3587 4570 ecclesiae,
3613 4481 3681 4570 Asi

267 4565 559 4649 catholica,
599 4589 680 4649 ut,
721 4586 868 4655 quod
925 4585 1117 4639 habuit
1160 4586 1396 4646 amittat,
1452 4584 1549 4652 qui
1577 4581 1926 4652 improbabili
1954 4565 1996 4570 _
2034 4578 2259 4646 dirupta
2311 4576 2502 4642 fuerit,
2565 4571 2936 4628 instauranda
2988 4571 3076 4640 (de
3119 4570 3276 4626 Cons.
3319 4569 3376 4624 d.
3422 4565 3473 4632 4,
3522 4581 3571 4623 c.
3604 4568 3682 4622 De

269 4677 590 4746 temeritate,
617 4674 764 4745 quod
784 4689 892 4728 non
911 4677 1208 4744 acceperat,
1232 4673 1603 4743 assumpserit.

799 4763 936 4818 LXI.
968 4791 1042 4802 -—-
1085 4762 1396 4818 VIGILIUS.

795 4851 978 4923 (Anno
1018 4851 1222 4907 Christi
1250 4849 1398 4923 540.)

343 4941 617 5014 Vigilius,
644 4941 876 4998 natione
901 4942 1209 5010 Romanus,
1242 4955 1309 4996 ex
1341 4945 1497 5010 patre
1518 4940 1749 5010 Joanne,
1779 4952 1924 4996 con—

266 5030 419 5100 sule,
463 5031 612 5087 sedit
658 5044 840 5087 annos
888 5031 1313 5102 septemdecim,
1362 5043 1582 5086 menses
1635 5043 1751 5099 sex,
1795 5029 1923 5086 dies

265 5119 482 5192 viginti
517 5121 791 5192 quinque.
827 5121 930 5176 Hic
973 5120 1265 5177 ordinavit
1293 5121 1592 5191 episcopos
1634 5120 1923 5192 octoginta

264 5216 325 5267 et
357 5224 560 5281 unum,
594 5210 955 5282 presbyteros
976 5211 1358 5282 quadraginta
1389 5224 1506 5280 sex,
1539 5210 1813 5267 diaconos
1843 5225 1925 5267 se-

262 5299 478 5356 decim.
525 5296 603 5357 Eo
631 5303 821 5358 autem
866 5307 1136 5374 tempore,
1172 5315 1284 5372 quo
1333 5300 1626 5357 Theodora
1665 5301 1922 5374 Augusta

264 5388 552 5460 Vigilium
577 5390 637 5445 in
655 5390 786 5446 sede
802 5390 1138 5460 apostolica,
1161 5390 1314 5446 sicut
1341 5389 1464 5460 ipsa
1485 5389 1757 5460 jusserat,
1778 5404 1927 5446 con-

263 5479 541 5535 stitutum
561 5477 742 5536 fuisse
757 5481 1011 5551 accepit;
1039 5481 1092 5536 ei
1119 5480 1374 5551 scripsit,
1398 5492 1602 5550 rogans
1621 5484 1682 5534 ut
1710 5480 1830 5549 ipse
1850 5481 1919 5537 ad

264 5581 328 5624 se
340 5569 583 5638 veniret,
601 5575 676 5640 et,
692 5570 842 5640 quod
867 5569 1013 5626 bona
1026 5569 1319 5627 voluntate
1339 5570 1408 5626 de
1423 5567 1698 5624 Anthimo
1717 5569 1924 5640 promi-

264 5663 442 5731 serat,
456 5657 608 5717 adim
617 5657 816 5731 pleret.
836 5658 1091 5731 Vigilius
1101 5663 1312 5731 autem,
1330 5657 1592 5731 quamvis
1605 5658 1769 5730 prius
1781 5657 1920 5716 insi-

656 5768 890 5826 Pnnon.
942 5767 1193 5827 CXXIX.

2030 4665 2271 4736 fabrica)
2298 4682 2315 4730 ;
2342 4667 2392 4718 et
2429 4665 2479 4717 si
2497 4664 2558 4718 in
2601 4678 2658 4718 eo
2697 4662 3113 4718 consecrationis
3151 4659 3464 4714 solemnitas
3489 4656 3683 4712 debeat

2030 4756 2244 4816 iterari,
2275 4756 2335 4808 in
2369 4768 2474 4823 quo
2502 4755 2823 4808 sanctuaria
2850 4768 2959 4808 non
2995 4751 3225 4820 fuerint,
3265 4749 3406 4804 nihil
3442 4747 3682 4817 judica—

2030 4847 2206 4900 vimus
2236 4845 2468 4914 ofﬁcere,
2506 4845 2556 4898 si
2592 4857 2754 4912 super
2790 4857 2907 4896 eam
2937 4842 3158 4896 minime
3199 4854 3350 4910 aqua
3375 4839 3681 4893 eccorcizata

2022 4934 2285 5004 jactetur,
2318 4935 2450 5003 quia
2485 4933 2936 4988 consecrationem
2986 4929 3277 4997 cujuslibet
3319 4928 3568 4996 ecclesiae,
3618 4929 3680 4980 in

2033 5039 2142 5094 qua
2186 5024 2422 5094 Spiritui
2461 5026 2646 5077 sancto
2692 5035 2792 5074 ara
2829 5035 2939 5073 non
2985 5020 3232 5088 ponitur,
3273 5017 3681 5072 celebrationem

2036 5109 2437 5190 [celebritatem]
2481 5119 2694 5169 tantum
2722 5112 2920 5166 scimus
2951 5125 3061 5164 esse
3089 5110 3417 5163 missarum:
3459 5111 3509 5160 et
3537 5105 3676 5165 ideo,

2032 5205 2082 5257 si
2106 5220 2216 5273 qua
2240 5208 2550 5258 sanctorum
2596 5202 2822 5257 basilica
2847 5217 2881 5254 a
2921 5199 3299 5268 fundamentis
3325 5198 3485 5252 etiam
3506 5192 3679 5259 fuerit

2031 5298 2314 5359 innovata,
2346 5297 2463 5349 sine
2480 5295 2671 5364 aliqua
2700 5293 3060 5361 dubitatione,
3082 5305 3201 5344 cum
3225 5290 3284 5340 in
3304 5302 3366 5339 ea
3386 5284 3675 5337 missarum

2031 5388 2344 5443 solemnitas
2398 5386 2572 5452 fuerit
2608 5383 2894 5446 celebrata,
2955 5382 3118 5436 totius
3169 5372 3484 5440 sanctiﬁctio
3539 5381 3676 5421 con—

2028 5477 2345 5533 secrationis
2375 5474 2706 5544 implebitur.
2752 5474 2813 5528 Si
2835 5487 2957 5527 vero
2983 5464 3318 5524 sanctuaria,
3354 5473 3474 5528 qum
3511 5456 3674 5510 habe-

2035 5569 2146 5632 bat,
2186 5567 2376 5622 abluta
2403 5568 2535 5637 sint,
2567 5580 2762 5620 rursus
2786 5577 2964 5617 eorum
3002 5553 3344 5624 repositione,
3387 5551 3438 5601 et
3465 5547 3672 5637 missa-

2030 5673 2156 5716 rum
2178 5636 2534 5724 solemnitate,
2566 5654 2919 5712 reverentiam
2959 5637 3404 5712 sanctiﬁcationis
3426 5636 3671 5705 accipiet.
