4082 6168
418 295 555 359 4227

415 427 588 483 Item:
626 424 880 480 Ordinem
927 439 1140 493 quoque
1169 440 1394 494 precum
1427 427 1485 480 in
1521 427 1872 482 celebratione
1916 428 2058 481 mis-
2093 433 2153 494 Α

414 532 600 571 sarum
625 516 778 570 nullo
819 528 916 568 nos
948 519 1180 583 tempore
1225 516 1384 568 nulla
1407 518 1704 584 festivitate
1735 517 1930 571 habere
1963 517 2060 571 di—

414 622 650 669 uersum,
708 603 803 658 sed
848 619 1054 673 semper
1107 603 1287 657 eodem
1327 609 1506 659 tenore
1559 605 1742 660 oblata
1797 609 1903 660 Deo
1931 621 2062 660 mu—

415 713 550 751 nera
594 709 930 750 consecrare.
987 695 1161 748 Item:
1211 694 1272 747 Si
1319 697 1442 763 quis
1479 711 1587 750 non
1628 697 1979 766 baptizauerit
2001 697 2062 750 in

413 787 629 840 nomine
652 785 854 848 Patris,
887 787 937 836 et
971 783 1122 844 Filii,
1164 787 1212 836 et
1242 783 1482 853 Spiritus
1511 787 1706 849 sancti,
1731 786 2064 856 projiciatur

417 880 574 931 extra
627 874 920 929 ecclesiam.

914 981 1078 1036 LXII.
1108 1010 1176 1019 —
1206 979 1556 1037 PELAGIUS.

945 1084 1126 1157 (Anno
1173 1086 1377 1141 Christi
1399 1085 1526 1158 555)

486 1194 769 1266 Pelagius,
804 1192 1036 1247 natione
1083 1194 1390 1264 Romanus,
1435 1207 1503 1248 ex
1535 1198 1692 1263 patre
1718 1193 1930 1249 Joanne
1952 1192 2061 1249 Vi-

414 1285 592 1354 cario,
642 1282 791 1338 sedit
831 1295 1011 1337 annos
1063 1281 1349 1352 undecim,
1413 1295 1632 1338 menses
1669 1283 1881 1352 decem,
1931 1282 2057 1338 dies

415 1371 818 1430 novemdecim.
876 1371 1002 1440 Hic,
1057 1370 1194 1425 dum
1241 1385 1352 1427 non
1408 1376 1597 1427 essent
1643 1371 1898 1442 episcopi
1953 1371 2055 1442 qui

409 1476 538 1519 eum
595 1459 866 1516 deberent
928 1459 1215 1529 ordinare,
1276 1460 1579 1516 ordinatus
1615 1465 1700 1516 est
1759 1474 1792 1515 a
1845 1461 2058 1516 Joanne

411 1549 710 1620 Perusino,
755 1554 813 1604 et
853 1561 884 1602 a
943 1549 1094 1603 Bono
1150 1548 1480 1620 Furentino,
1525 1549 1832 1619 episcopis,
1884 1553 1940 1603 et
1986 1547 2059 1603 ab

411 1639 530 1698 And
541 1652 633 1696 rea
645 1637 895 1694 Ostiensi
911 1636 1255 1707 presbytero.
1285 1637 1368 1690 Ab
1388 1637 1561 1707 hujus
1580 1643 1768 1693 autem
1795 1650 2060 1692 commu-

411 1730 583 1786 nione
628 1727 796 1784 multi
851 1739 919 1781 ex
969 1731 1216 1796 utroque
1269 1727 1474 1782 ordine
1532 1726 1790 1798 religiosi
1838 1725 1948 1782 viri
1998 1738 2058 1781 se

409 1819 851 1876 subtraxerunt:
887 1815 1244 1886 imponentes
1281 1815 1335 1870 ei
1363 1816 1513 1886 quod
1545 1815 1609 1871 in
1646 1821 1823 1872 morte
1849 1815 2053 1887 Vigilii

411 1909 591 1965 tantis
639 1907 823 1977 poenis
865 1904 1062 1961 aﬁlicti
1106 1919 1166 1961 se
1223 1905 1562 1962 immiscuit.
1604 1905 1762 1962 Unde
1791 1905 2056 1977 Pelagius

410 2002 641 2068 accepto
689 1996 840 2052 libro
881 1995 1338 2067 Evangeliorum,
1403 1999 1460 2050 et
1511 2000 1806 2066 assumpta
1864 2008 2052 2064 cruce,

412 2089 566 2145 clero
603 2092 658 2142 et
706 2084 918 2156 populo
966 2085 1024 2140 in
1081 2083 1322 2140 ecclesia
1365 2085 1423 2140 B.
1470 2084 1620 2140 Petri
1675 2084 2054 2156 congregatis,

411 2180 736 2248 juramento
752 2175 823 2232 de
846 2174 1118 2244 praedicto
1139 2172 1696 2245 criminesatisfecit,
1720 2178 1776 2230 et
1801 2173 2057 2229 omnium

414 2269 795 2323 Romanorum
826 2264 1142 2320 assertione
1172 2263 1439 2334 ﬁrmavit,
1481 2269 1543 2318 ut
1587 2263 1786 2319 nullus
1815 2262 2063 2318 clericus

414 2356 598 2427 pretio
639 2353 901 2426 quolibet
936 2358 1038 2408 aut
1086 2352 1467 2422 promissione
1497 2353 1566 2408 ad
1599 2365 1791 2408 sacros
1829 2352 2062 2409 ordines

415 2445 840 2515 proveheretur.

485 2534 588 2588 Hic
612 2531 859 2603 Virgilio
897 2526 1152 2605 [Vigilio]
1183 2529 1450 2600 episcopo
1488 2528 1706 2586 direxit
1734 2529 2056 2600 epistolam,

420 2622 480 2676 in
524 2632 636 2690 qua
667 2632 795 2674 eum
853 2618 1096 2688 pleniter
1136 2618 1320 2689 docet,
1354 2623 1410 2673 et
1459 2619 1768 2687 prudenter
1798 2618 2058 2688 instruit,

415 2709 666 2781 qualiter
695 2707 1035 2777 respondere
1076 2712 1131 2762 et
1159 2707 1497 2762 convincere
1537 2706 1738 2762 debeat
1766 2706 2062 2762 haereticos

417 2798 551 2854 illos
599 2797 697 2868 qui
750 2796 1018 2868 garriunt
1069 2797 1288 2850 Patrem
1331 2799 1387 2849 et
1435 2794 1646 2849 Filium
1676 2807 1852 2850 unum
1883 2796 2059 2850 Deum

412 2900 536 2942 esse
558 2899 668 2942 non
700 2897 884 2955 posse.
913 2883 1014 2938 Hic
1039 2883 1330 2938 ordinavit
1356 2883 1655 2953 episcopos
1685 2883 2062 2955 quadraginta

416 2987 634 3045 novem,
690 2971 1050 3044 presbyteros
1103 2971 1313 3042 viginti
1347 2985 1467 3043 sex,
1514 2971 1790 3029 diaconos
1838 2985 2057 3029 novem.

412 3063 574 3122 Obiit
591 3070 782 3122 autem
803 3076 858 3117 vr
881 3063 1070 3116 Nonas
1094 3061 1348 3118 Martias.

859 3153 1048 3208 LXIII.
1079 3181 1153 3192 —
1191 3151 1494 3208 JOANNES
1523 3153 1614 3208 IlI.

927 3256 1109 3330 (Anno
1161 3257 1363 3314 Christi
1403 3255 1554 3329 559.)

478 3369 744 3438 Joannes,
791 3366 1022 3423 natione
1070 3367 1379 3437 Romanus,
1429 3379 1498 3420 ex
1538 3370 1696 3435 patre
1731 3364 2055 3436 Anastasio,

410 3458 560 3516 sedit
579 3471 760 3514 annos
778 3455 1104 3524 duodecim,
1138 3468 1358 3510 menses
1377 3454 1664 3526 undecim,
1687 3453 1813 3510 dies
1844 3453 2054 3526 viginti

407 3562 522 3606 sex.
558 3548 662 3602 Hic
708 3545 922 3602 amavit
963 3550 1018 3600 et
1062 3544 1322 3600 restituit
1358 3543 1680 3600 caemeteria
1729 3548 2057 3599 sanctorum

410 3640 742 3707 Martyrum,
775 3640 832 3689 et
851 3632 1159 3690 constituit
1187 3632 1507 3690 oblationes
1529 3637 1582 3687 et
1609 3631 1920 3688 luminaria
1954 3631 2059 3685 ibi-

406 3727 532 3782 dem
557 3739 654 3795 per
675 3723 936 3795 singulas
957 3721 1287 3778 Dominicas
1302 3721 1372 3776 de
1390 3720 1686 3776 Lateranis
1710 3719 2052 3774 ministrari.

408 3816 588 3883 Hujus
610 3810 966 3881 temporibus
991 3812 1196 3864 Narses
1227 3823 1259 3864 a
1289 3807 1561 3862 Romanis
1591 3807 1739 3877 apud
1766 3807 2058 3863 Justinia-

410 3916 544 3958 num
577 3905 631 3955 et
655 3899 924 3969 Sophiam
957 3899 1271 3968 Augustam
1297 3901 1622 3965 accusatus,
1656 3896 2056 3968 Longobardos

407 3991 475 4046 ad
502 3988 886 4058 occupandam
914 3992 970 4042 et
992 3985 1389 4055 possidendam
1418 3984 1639 4040 Italiam
1671 3986 1920 4042 vocavit:
1955 3987 2054 4058 qui

406 4093 518 4134 non
566 4076 745 4132 multo
794 4080 1044 4143 tempore
1093 4079 1218 4143 post
1248 4074 1436 4128 Roma:
1473 4073 1782 4130 defunctus
1817 4080 1922 4130 est.
1953 4075 2056 4130 Hic

407 4166 696 4223 universis
741 4163 1059 4220 Germania:
1099 4167 1156 4218 et
1191 4162 1393 4219 Gallia:
1418 4163 1707 4234 episcopis
1753 4163 2055 4234 epistolam

403 4255 741 4312 decretalem
765 4252 1108 4320 transmisit,
1135 4252 1194 4307 in
1219 4265 1348 4324 qua,
1382 4253 1812 4309 evidentissima
1835 4253 2058 4310 ratione

405 4352 461 4403 et
527 4343 860 4401 ﬁrmissima
913 4342 1224 4398 multorum
1290 4342 1655 4410 auctoritate,
1727 4341 2058 4410 comprobat

404 4435 844 4506 chorepiscopos
882 4432 1182 4502 episc0pos
1242 4443 1354 4486 non
1403 4443 1544 4499 esse,
1601 4443 1700 4485 nec
1729 4430 1954 4501 aliquid
1987 4431 2056 4486 de

407 4523 710 4595 privilegio
759 4519 1076 4592 pontiﬁcali
1120 4518 1325 4574 debere
1353 4530 1551 4588 agere;
1583 4522 1640 4572 et
1668 4518 1737 4573 ad
1781 4518 1884 4574 hoc
1917 4532 2057 4589 pro-

406 4613 654 4668 bandum
719 4608 1038 4665 introducit
1099 4607 1302 4662 Linum
1364 4609 1421 4660 et
1483 4605 1723 4675 Cletum,
1793 4608 2054 4678 quamvis

405 4701 696 4768 adjutores
748 4697 894 4752 Petri
943 4695 1210 4762 fuissent,
1252 4693 1468 4750 nullam
1503 4699 1688 4750 tamen
1721 4701 2052 4766 potestatem

409 4786 790 4857 pontiﬁcalem
832 4783 1123 4852 habuisse,
1165 4783 1260 4838 sed
1305 4783 1589 4839 exteriora
1617 4791 1836 4840 tantum
1873 4785 2057 4840 mini—

406 4881 618 4931 strasse
641 4875 709 4930 Et
740 4873 876 4944 quia
906 4873 1244 4928 sententiam
1277 4878 1332 4928 et
1361 4873 1529 4930 verba
1558 4874 1680 4944 ipsa
1707 4875 2049 4944 notavimus,

407 4979 537 5021 cum
564 4965 633 5020 de
677 4963 984 5020 Clementis
1027 4962 1227 5018 ordine
1267 4967 1322 5017 et
1367 4962 1592 5018 actione
1652 4964 1707 5018 in
1765 4963 2054 5034 principio

411 5055 586 5125 hujus
632 5053 896 5123 opusculi
928 5053 1271 5124 scripsimus
1313 5052 1382 5108 ad
1436 5059 1638 5108 caetera
1669 5068 1793 5124 qua:
1838 5055 2056 5109 instant

410 5143 660 5201 transire
727 5156 837 5197 non
883 5143 1262 5213 incongruum
1321 5155 1443 5198 esse
1497 5142 1913 5198 existimamus.
1951 5142 2053 5197 Hic

408 5232 701 5291 ordinavit
771 5231 1070 5301 episc'0pos
1144 5231 1609 5304 undesexaginta,
1697 5231 2055 5302 presbyteros

407 5321 859 5393 duodetriginta,
906 5319 1179 5376 diaconos
1224 5321 1548 5392 duodecim,
1578 5319 1740 5376 Obiit
1767 5324 1956 5375 autem
2010 5334 2050 5377 ιι

407 5414 542 5471 Idus
566 5413 729 5470 Julii.

477 5536 501 5564 ι
518 5519 848 5578 Immediate
874 5518 945 5575 ad
971 5517 1232 5590 gloriam.

536 5590 917 5664 Approbando
945 5589 1014 5646 ad
1046 5589 1309 5662 gloriam,

1193 297 1488 356 APPEND.
1526 298 1620 356 AD
1661 299 1824 356 SEC.
1883 300 1986 358 IX.
2034 328 2109 342 -—
2136 298 2489 357 AUCTORES
2527 299 2698 357 ANNI
2732 297 3027 355 INCERTI.

2090 1771 2210 1832 Bq

3689 296 3822 355 4228

2604 427 2790 483 LXIV.
2842 456 2910 465 —
2953 421 3390 479 BENEDICTUS.

2706 514 2889 586 (Anno
2914 513 3117 570 Christi
3138 508 3289 582 573.)

2248 604 2604 673 Benedictus,
2637 605 2866 660 natione
2891 604 3198 671 Romanus,
3227 615 3295 657 ex
3320 604 3476 670 patre
3506 598 3824 671 Bonifacio,

2177 691 2329 749 sedit
2364 707 2546 750 annos
2575 699 2842 766 quatuor,
2905 704 3152 748 mensem
3197 705 3397 759 unum,
3438 691 3566 746 dies
3615 691 3825 762 viginti

2178 788 2326 838 octo.
2379 783 2625 854 Scripsit
2659 792 2850 838 autem
2904 782 3012 837 iste
3047 778 3225 835 David
3256 779 3548 850 episc0po,
3597 784 3657 836 et
3696 781 3827 837 illos

2179 870 2280 941 qui
2328 871 2595 927 dicebant
2637 872 2917 928 neminem
2976 870 3036 926 in
3085 868 3324 926 veritate
3374 881 3539 939 posse
3588 869 3827 939 probare

2175 960 2515 1017 Trinitatem
2563 961 2842 1018 unitatem
2893 959 3037 1030 ﬁeri,
3074 973 3207 1016 cum
3249 972 3431 1030 neque
3476 963 3594 1014 tres
3622 973 3821 1029 unum,

2179 1062 2361 1120 neque
2391 1064 2569 1107 unum
2599 1051 2657 1106 in
2689 1049 2879 1107 tribus
2906 1049 3088 1120 possit
3112 1063 3145 1106 a
3171 1061 3459 1120 quoquam
3491 1048 3821 1118 approbari.

2172 1137 2354 1206 jussit
2393 1144 2456 1194 ut
2483 1140 2552 1194 ad
2582 1145 2790 1195 rectam
2840 1137 3004 1194 ﬁdem
3053 1137 3312 1193 converti
3353 1136 3585 1204 faceret,
3617 1145 3721 1193 aut
3757 1137 3826 1192 ab

2174 1226 2428 1282 Ecclesia
2461 1227 2777 1297 repelleret.
2806 1229 2874 1283 Et
2899 1226 3103 1283 multis
3125 1226 3312 1282 modis
3339 1224 3620 1296 probavit,
3656 1231 3714 1280 et
3736 1239 3829 1281 au-

2174 1315 2440 1370 ctoritate
2470 1316 2782 1372 multorum
2834 1315 3104 1384 ﬁrmavit,
3161 1315 3438 1370 unitatem
3487 1313 3826 1370 substantia

2174 1415 2296 1458 esse
2321 1403 2379 1458 in
2413 1417 2782 1474 personarum
2813 1404 3096 1470 trinitate,
3119 1409 3176 1459 et
3201 1415 3576 1472 personarum
3605 1403 3826 1458 trinita-

2175 1495 2286 1547 tem
2330 1505 2454 1549 esse
2499 1494 2558 1548 in
2590 1493 2928 1550 substantia:
2973 1493 3216 1549 unitate.
3269 1491 3450 1561 Hujus
3471 1491 3828 1561 temporibus

2175 1579 2365 1636 valida
2414 1579 2559 1637 fame
2610 1581 2859 1639 amictus
2914 1586 3000 1638 est
3059 1579 3308 1652 p0pulus
3364 1580 3674 1636 Romanus.
3727 1579 3826 1634 Hic

2176 1669 2467 1726 ordinavit
2524 1671 2824 1742 episcopos
2856 1684 3035 1727 unum
3087 1675 3150 1726 et
3191 1668 3422 1742 viginti,
3469 1667 3829 1738 presbyteros

2217 1758 2527 1832 uindecim,
2546 1761 2820 1817 diaconos
2837 1765 3103 1832 quatuor.
3129 1758 3292 1816 Obiit
3309 1763 3497 1815 autem
3519 1772 3566 1814 ιι
3589 1758 3823 1814 Kalend.

2171 1847 2438 1920 Augusti.

2637 1939 2797 1995 LXV.
2821 1968 2891 1980 -ο
2921 1935 3252 1994 PELAGIUS
3281 1938 3356 1993 II.

2698 2027 2882 2098 (Anno
2914 2027 3116 2083 Christi
3152 2023 3301 2095 576.)

2247 2113 2532 2186 Pelagius,
2568 2115 2797 2172 natione
2825 2117 3134 2185 Romanus,
3169 2129 3237 2171 ex
3287 2118 3444 2185 patre
3503 2112 3822 2186 Vinigildo,

2179 2201 2329 2259 sedit
2352 2217 2532 2260 annos
2561 2205 2773 2273 decem,
2829 2218 3049 2261 menses
3085 2205 3252 2271 duos,
3295 2205 3419 2260 dies
3466 2203 3684 2258 decem.
3727 2203 3826 2258 Hic

2180 2292 2483 2350 ordinatus
2523 2299 2609 2350 est
2654 2293 2870 2366 absque
2919 2294 3203 2364 principis
3239 2293 3521 2363 jussione,
3571 2307 3639 2348 eo
3677 2293 3824 2363 quod

2180 2381 2537 2454 Longobardi
2617 2382 2948 2440 obsiderent
3015 2382 3306 2438 civitatem
3368 2382 3700 2437 Romanam.
3753 2381 3827 2437 Eo

2181 2474 2433 2542 tempore
2475 2477 2646 2528 tanta:
2695 2472 2906 2543 pluvia:
2945 2470 3203 2542 fuerunt,
3233 2478 3296 2526 ut
3324 2484 3520 2527 omnes
3544 2471 3825 2526 dicerent.

2181 2559 2330 2630 quod
2362 2574 2524 2632 aquae
2552 2561 2764 2618 diluvii
2812 2562 3357 2632 superinundarent,
3385 2565 3443 2616 et
3471 2559 3608 2616 talis
3636 2559 3830 2615 clades

2180 2646 2312 2717 fuit,
2348 2650 2573 2720 qualem
2619 2665 2652 2707 a
2704 2651 2933 2708 saeculis
2969 2651 3167 2708 nullus
3196 2649 3377 2706 fuisse
3409 2649 3691 2705 meminit.
3728 2649 3832 2704 Hic

2178 2737 2574 2796 Orientalibus
2599 2741 2886 2811 episcOpis
2913 2741 3224 2809 universis,
3256 2753 3400 2810 quos
3425 2739 3669 2795 Joannes
3692 2738 3833 2794 Con-

2180 2827 2732 2898 stantinopolitanus
2761 2831 3064 2902 episcopus
3110 2829 3512 2900 prasumptive
3546 2828 3619 2883 ad
3652 2841 3831 2897 syno-

2178 2915 2316 2971 dum
2350 2925 2772 2990 convocaverat,
2829 2919 3034 2976 scribit
3061 2919 3236 2988 (epist.
3275 2915 3318 2981 l)
3357 2923 3414 2974 et
3439 2916 3670 2972 mandat
3721 2917 3828 2979 eis,

2181 3003 2231 3060 si
2255 3003 2443 3060 nolint
2467 3019 2597 3062 cum
2620 3007 2893 3076 praedicto
2907 3008 3120 3064 Joanne
3135 3006 3393 3063 damnari
3417 3005 3831 3061 consentiendo

2100 3113 2149 3176 ρ
2179 3091 2254 3160 ei,
2287 3106 2319 3148 a
2349 3094 2594 3164 superba
2634 3096 3080 3167 praasumptione
3111 3096 3396 3165 recedant,
3433 3099 3491 3151 et
3535 3097 3832 3164 pazniten-

2180 3181 2320 3236 tiam
2364 3195 2531 3255 agere
2574 3184 2860 3254 studeant,
2918 3185 3054 3256 quia
3099 3197 3326 3241 necesse
3368 3189 3454 3239 est
3499 3196 3567 3238 ea
3613 3183 3826 3238 cassari

2181 3283 2306 3339 qua:
2358 3278 2553 3329 contra
2607 3273 2865 3329 ordinem
2926 3280 2983 3330 et
3043 3273 3442 3330 auctoritatem
3501 3270 3652 3328 facta
3710 3285 3830 3327 esse

2179 3365 2513 3417 noscuntur.
2558 3361 2854 3418 Scribebat
2881 3361 3035 3419 enim
3063 3375 3123 3418 se
3160 3375 3284 3417 esse
3311 3360 3650 3432 episcOpum
3689 3361 3831 3416 uni-

2176 3449 2470 3520 versalem,
2505 3455 2562 3507 et
2589 3463 2658 3506 ex
2709 3451 2812 3506 hac
2842 3465 2947 3508 sua
3004 3451 3448 3522 praesumptione
3482 3449 3827 3506 convocabat

2176 3539 2454 3610 synodum
2487 3540 2827 3612 generalem,
2861 3555 2990 3596 cum
3019 3540 3335 3613 generalem
3369 3539 3654 3609 synodum
3686 3552 3828 3594 con-

2174 3627 2412 3683 vocandi
2463 3629 2781 3684 auctoritas
2810 3629 3142 3700 apostolica‘.
3183 3628 3304 3684 sedi
3336 3627 3487 3684 beati
3516 3627 3672 3683 Petri
3705 3627 3827 3697 pri-

2174 3715 2384 3787 vilegio
2432 3717 2718 3790 singulari
2772 3719 2852 3774 sit
2898 3718 3129 3774 tradita.
3169 3720 3327 3788 Item,
3374 3716 3603 3773 eosdem
3649 3716 3826 3772 dubi-

2174 3807 2378 3876 tantes,
2413 3821 2539 3877 qua:
2576 3807 2819 3864 dicenda
2847 3813 2996 3864 esset
3025 3813 3179 3863 certa
3206 3807 3522 3878 provincia,
3554 3804 3826 3862 informat

2172 3899 2228 3948 et
2256 3894 2516 3968 instruit,
2567 3897 2799 3953 dicens:
2838 3897 3035 3953 Scitote
3085 3897 3158 3968 (6,
3191 3913 3245 3968 q.
3276 3895 3330 3960 3,
3363 3911 3412 3952 c.
3442 3896 3670 3966 Scitote)
3708 3912 3826 3950 cer-

2175 3986 2285 4036 tam
2313 3987 2658 4054 provinciam
2703 4002 2833 4050 esse,
2881 4002 3000 4057 quas
3041 3987 3200 4041 habet
3239 3986 3416 4039 decem
3451 3985 3540 4038 vel
3573 3984 3822 4038 undecim

2174 4073 2418 4128 civitates
2441 4079 2491 4128 et
2531 4091 2701 4130 unum
2753 4091 2948 4147 regem,
2999 4080 3048 4130 et
3076 4075 3294 4130 tot-idem
3317 4075 3552 4128 minores
3580 4077 3824 4128 civitates

2178 4158 2508 4238 [potestates]
2544 4165 2643 4219 sub
2669 4181 2743 4228 se,
2775 4169 2825 4219 et
2869 4181 3038 4219 unum
3067 4166 3394 4235 episcopum,
3423 4164 3677 4232 aliosque
3700 4165 3825 4228 suf-

2173 4253 2469 4320 fraganeos
2497 4248 2933 4328 [suffragatores]
2965 4255 3143 4309 decem
3171 4254 3255 4307 vel
3274 4252 3527 4306 undecim
3552 4254 3823 4322 episcopos

2165 4339 2424 4407 judices;
2453 4342 2528 4396 ad
2555 4358 2787 4411 quorum
2807 4343 3088 4411 judicium
3123 4357 3302 4396 omnes
3336 4356 3515 4396 causae
3543 4343 3819 4410 episcopo-

2096 4457 2150 4519 D
2174 4446 2298 4485 rum
2343 4435 2393 4485 et
2421 4432 2755 4502 reliquorum
2783 4433 3124 4487 sacerdotum
3147 4448 3211 4486 ac
3239 4433 3524 4494 civitatum
3563 4432 3822 4497 referam

2174 4523 2286 4582 tur,
2336 4524 2396 4575 ut
2433 4520 2504 4575 ab
2551 4521 2636 4575 his
2684 4521 2930 4576 omnibus
2957 4522 3111 4590 juste
3162 4535 3397 4575 consona
3438 4534 3562 4574 uoce
3612 4519 3825 4573 discer-

2172 4613 2399 4664 nuntur.

2243 4699 2401 4766 Item,
2415 4696 2665 4769 Benigno
2681 4697 3116 4770 archiepiscopo
3136 4698 3207 4754 de
3222 4697 3628 4768 episcoporum
3648 4701 3826 4752 trans-

2173 4786 2488 4842 mutatione
2517 4787 2838 4843 consulenti
2867 4785 3518 4857 transmisitepistolam
3542 4787 3725 4854 (epist.
3755 4781 3824 4854 Ξ).

2175 4875 2233 4930 ἱη
2265 4889 2376 4946 qua
2406 4889 2556 4945 eum,
2591 4876 2840 4948 qualiter
2888 4876 3232 4948 regulariter
3280 4875 3690 4944 transmutari,
3741 4871 3823 4928 vel

2174 4977 2285 5019 non
2313 4964 2552 5035 possint,
2593 4965 2926 5034 plenissime
2953 4965 3215 5020 instruit.
3243 4965 3311 5018 Et
3340 4964 3456 5018 hac
3477 4963 3597 5032 jam
3652 4973 3822 5032 supra

2173 5054 2513 5110 notavimus.
2550 5057 2708 5126 Item,
2745 5056 2801 5110 in
2835 5055 3027 5111 cadem
3056 5054 3390 5125 praedictum
3423 5052 3828 5123 archiepisco-

2174 5157 2308 5214 pum
2352 5144 2420 5199 ad
2447 5144 2737 5213 justitiam
2765 5144 3089 5199 sectandam
3137 5143 3417 5199 hortando
3446 5141 3637 5197 dicit:
3675 5144 3825 5196 Dona

2172 5233 2488 5301 iniquorum
2532 5249 2641 5287 non
2667 5234 2868 5303 probat
2913 5233 3234 5288 Altissimus
3266 5241 3312 5302 ι,
3369 5247 3464 5285 nec
3510 5232 3738 5300 respicit
3770 5231 3828 5282 in

2172 5323 2540 5377 oblationibus
2563 5325 2881 5394 iniquorum
2918 5322 2947 5364 δ
2981 5365 2995 5391 ,
3019 5339 3116 5378 nec
3153 5324 3211 5376 in
3248 5320 3605 5376 multitudine
3621 5321 3829 5389 sacriﬁ-

2172 5413 2377 5467 ciorum
2417 5428 2599 5468 eorum
2629 5415 2866 5484 peccatis
2911 5411 3304 5483 propitiabitur
3333 5420 3358 5450 ο
3385 5409 3584 5480 (Eccli.
3619 5422 3828 5481 xxxxv,

2243 5531 2268 5560 ο
2297 5520 2369 5576 Ut
2396 5534 2464 5579 ex
2490 5520 2694 5578 merito
2725 5518 3032 5592 condigno.
