  <div class='ocr_page' id='page_1' title='image "/cluster/home/n/w/nwhite01/storage/ocr_20150623/129/hvd.32044054759907/620.png"; bbox 0 0 4046 6182; ppageno 0'>
   <div class='ocr_carea' id='block_1_1' title="bbox 285 326 430 388">
    <p class='ocr_par' dir='ltr' id='par_1_1' title="bbox 285 326 430 388">
     <span class='ocr_line' id='line_1_1' title="bbox 285 326 430 388; baseline 0.014 -2"><span class='ocrx_word' id='word_1_1' title='bbox 285 326 430 388; x_wconf 69' lang='grc'><strong>4229</strong></span> 
     </span>
    </p>
   </div>
   <div class='ocr_carea' id='block_1_2' title="bbox 1156 307 2824 392">
    <p class='ocr_par' dir='ltr' id='par_1_2' title="bbox 1156 307 2824 392">
     <span class='ocr_line' id='line_1_2' title="bbox 1156 307 2824 392; baseline 0.002 -3"><span class='ocrx_word' id='word_1_2' title='bbox 1156 328 1408 389; x_wconf 81' lang='lat' dir='ltr'><strong><em>PSEUDO</em></strong></span> <span class='ocrx_word' id='word_1_3' title='bbox 1446 307 1881 388; x_wconf 74' lang='lat' dir='ltr'><strong><em>LUITPRANDI</em></strong></span> <span class='ocrx_word' id='word_1_4' title='bbox 1916 331 2046 391; x_wconf 82' lang='lat' dir='ltr'><strong>LIB.</strong></span> <span class='ocrx_word' id='word_1_5' title='bbox 2081 333 2172 389; x_wconf 81' lang='lat' dir='ltr'><strong><em>nn</em></strong></span> <span class='ocrx_word' id='word_1_6' title='bbox 2208 333 2380 390; x_wconf 85' lang='lat' dir='ltr'><strong><em>vms</em></strong></span> <span class='ocrx_word' id='word_1_7' title='bbox 2415 333 2585 392; x_wconf 72' lang='lat' dir='ltr'><strong><em>non.</em></strong></span> <span class='ocrx_word' id='word_1_8' title='bbox 2627 334 2824 392; x_wconf 73' lang='lat' dir='ltr'><strong><em>pom.</em></strong></span> 
     </span>
    </p>
   </div>
   <div class='ocr_carea' id='block_1_3' title="bbox 3555 339 3694 400">
    <p class='ocr_par' dir='ltr' id='par_1_3' title="bbox 3555 339 3694 400">
     <span class='ocr_line' id='line_1_3' title="bbox 3555 339 3694 400; baseline 0.014 -2"><span class='ocrx_word' id='word_1_9' title='bbox 3555 339 3694 400; x_wconf 75' lang='grc'><strong><em>4230</em></strong></span> 
     </span>
    </p>
   </div>
   <div class='ocr_carea' id='block_1_4' title="bbox 282 451 3690 536">
    <p class='ocr_par' dir='ltr' id='par_1_4' title="bbox 282 451 3690 536">
     <span class='ocr_line' id='line_1_4' title="bbox 282 451 3690 536; baseline 0.004 -26"><span class='ocrx_word' id='word_1_10' title='bbox 282 451 392 523; x_wconf 76' lang='grc'>23).</span> <span class='ocrx_word' id='word_1_11' title='bbox 430 456 567 510; x_wconf 91' lang='lat' dir='ltr'><strong><em>Item</em></strong></span> <span class='ocrx_word' id='word_1_12' title='bbox 600 471 613 509; x_wconf 90' lang='lat'><strong>:</strong></span> <span class='ocrx_word' id='word_1_13' title='bbox 651 453 755 520; x_wconf 81' lang='lat' dir='ltr'><strong><em>Qui</em></strong></span> <span class='ocrx_word' id='word_1_14' title='bbox 787 454 945 525; x_wconf 72' lang='lat' dir='ltr'><strong><em>offert</em></strong></span> <span class='ocrx_word' id='word_1_15' title='bbox 981 459 1305 528; x_wconf 77' lang='lat' dir='ltr'><strong><em>sacriﬁcium</em></strong></span> <span class='ocrx_word' id='word_1_16' title='bbox 1347 457 1411 514; x_wconf 87' lang='lat' dir='ltr'><strong><em>de</em></strong></span> <span class='ocrx_word' id='word_1_17' title='bbox 1439 453 1755 514; x_wconf 80' lang='lat' dir='ltr'><strong><em>substantia</em></strong></span> <span class='ocrx_word' id='word_1_18' title='bbox 1782 475 1936 529; x_wconf 86' lang='lat' dir='ltr'><strong><em>pau-</em></strong></span> <span class='ocrx_word' id='word_1_19' title='bbox 1963 454 2022 515; x_wconf 88' lang='lat' dir='ltr'><strong>A</strong></span> <span class='ocrx_word' id='word_1_20' title='bbox 2049 458 2220 515; x_wconf 87' lang='lat' dir='ltr'><strong><em>etiam</em></strong></span> <span class='ocrx_word' id='word_1_21' title='bbox 2252 461 2321 531; x_wconf 93' lang='lat' dir='ltr'><strong><em>(c.</em></strong></span> <span class='ocrx_word' id='word_1_22' title='bbox 2354 458 2426 532; x_wconf 80' lang='lat'><strong><em>5),</em></strong></span> <span class='ocrx_word' id='word_1_23' title='bbox 2458 464 2514 516; x_wconf 93' lang='lat' dir='ltr'><strong><em>et</em></strong></span> <span class='ocrx_word' id='word_1_24' title='bbox 2543 461 2650 518; x_wconf 91' lang='lat' dir='ltr'><strong><em>sub</em></strong></span> <span class='ocrx_word' id='word_1_25' title='bbox 2678 462 2909 519; x_wconf 89' lang='lat' dir='ltr'><strong><em>vinculo</em></strong></span> <span class='ocrx_word' id='word_1_26' title='bbox 2947 465 3327 522; x_wconf 89' lang='lat' dir='ltr'><strong><em>anathematis</em></strong></span> <span class='ocrx_word' id='word_1_27' title='bbox 3369 467 3690 536; x_wconf 82' lang='lat' dir='ltr'><strong><em>prohibuit,</em></strong></span> 
     </span>
    </p>
   </div>
   <div class='ocr_carea' id='block_1_5' title="bbox 277 546 1940 619">
    <p class='ocr_par' dir='ltr' id='par_1_5' title="bbox 277 546 1940 619">
     <span class='ocr_line' id='line_1_5' title="bbox 277 546 1940 619; baseline 0.003 -21"><span class='ocrx_word' id='word_1_28' title='bbox 277 560 501 614; x_wconf 87' lang='lat' dir='ltr'><strong><em>perum,</em></strong></span> <span class='ocrx_word' id='word_1_29' title='bbox 555 546 718 614; x_wconf 90' lang='lat' dir='ltr'><strong><em>quasi</em></strong></span> <span class='ocrx_word' id='word_1_30' title='bbox 780 546 840 599; x_wconf 90' lang='lat' dir='ltr'><strong><em>in</em></strong></span> <span class='ocrx_word' id='word_1_31' title='bbox 891 552 1175 617; x_wconf 88' lang='lat' dir='ltr'><strong><em>conspectu</em></strong></span> <span class='ocrx_word' id='word_1_32' title='bbox 1223 550 1401 618; x_wconf 82' lang='lat' dir='ltr'><strong><em>patris</em></strong></span> <span class='ocrx_word' id='word_1_33' title='bbox 1457 546 1706 603; x_wconf 78' lang='lat' dir='ltr'><strong><em>victimat</em></strong></span> <span class='ocrx_word' id='word_1_34' title='bbox 1763 550 1940 619; x_wconf 77' lang='lat' dir='ltr'><strong><em>ﬁlium</em></strong></span> 
     </span>
    </p>
   </div>
   <div class='ocr_carea' id='block_1_6' title="bbox 287 629 1942 706">
    <p class='ocr_par' dir='ltr' id='par_1_6' title="bbox 287 629 1942 706">
     <span class='ocr_line' id='line_1_6' title="bbox 287 629 1942 706; baseline 0.004 -20"><span class='ocrx_word' id='word_1_35' title='bbox 287 633 481 702; x_wconf 70' lang='lat' dir='ltr'><strong><em>(Ibid,</em></strong></span> <span class='ocrx_word' id='word_1_36' title='bbox 511 629 624 703; x_wconf 70' lang='lat'><strong><em>24).</em></strong></span> <span class='ocrx_word' id='word_1_37' title='bbox 655 635 791 689; x_wconf 89' lang='lat' dir='ltr'><strong><em>Item</em></strong></span> <span class='ocrx_word' id='word_1_38' title='bbox 825 652 838 689; x_wconf 89' lang='lat'><strong>:</strong></span> <span class='ocrx_word' id='word_1_39' title='bbox 869 633 973 700; x_wconf 88' lang='lat' dir='ltr'><strong><em>Qui</em></strong></span> <span class='ocrx_word' id='word_1_40' title='bbox 1003 635 1311 706; x_wconf 81' lang='lat' dir='ltr'><strong><em>baptizatur</em></strong></span> <span class='ocrx_word' id='word_1_41' title='bbox 1339 653 1373 691; x_wconf 89' lang='lat' dir='ltr'><strong><em>a</em></strong></span> <span class='ocrx_word' id='word_1_42' title='bbox 1401 641 1632 700; x_wconf 87' lang='lat' dir='ltr'><strong><em>mortuo,</em></strong></span> <span class='ocrx_word' id='word_1_43' title='bbox 1665 641 1717 693; x_wconf 91' lang='lat' dir='ltr'><strong><em>et</em></strong></span> <span class='ocrx_word' id='word_1_44' title='bbox 1742 640 1942 692; x_wconf 78' lang='lat' dir='ltr'><strong><em>iterum</em></strong></span> 
     </span>
    </p>
   </div>
   <div class='ocr_carea' id='block_1_7' title="bbox 287 724 1941 795">
    <p class='ocr_par' dir='ltr' id='par_1_7' title="bbox 287 724 1941 795">
     <span class='ocr_line' id='line_1_7' title="bbox 287 724 1941 795; baseline 0.002 -19"><span class='ocrx_word' id='word_1_45' title='bbox 287 724 469 790; x_wconf 89' lang='lat' dir='ltr'><strong><em>tangit</em></strong></span> <span class='ocrx_word' id='word_1_46' title='bbox 508 727 782 778; x_wconf 88' lang='lat' dir='ltr'><strong><em>mortuum</em></strong></span> <span class='ocrx_word' id='word_1_47' title='bbox 820 742 838 790; x_wconf 86' lang='lat'><strong><em>;</em></strong></span> <span class='ocrx_word' id='word_1_48' title='bbox 883 724 1020 792; x_wconf 89' lang='lat' dir='ltr'><strong><em>quid</em></strong></span> <span class='ocrx_word' id='word_1_49' title='bbox 1059 729 1276 795; x_wconf 78' lang='lat' dir='ltr'><strong><em>proﬁcit</em></strong></span> <span class='ocrx_word' id='word_1_50' title='bbox 1315 728 1517 782; x_wconf 85' lang='lat' dir='ltr'><strong><em>lavatio</em></strong></span> <span class='ocrx_word' id='word_1_51' title='bbox 1565 726 1683 795; x_wconf 83' lang='lat' dir='ltr'><strong><em>ejus</em></strong></span> <span class='ocrx_word' id='word_1_52' title='bbox 1712 729 1740 781; x_wconf 90' lang='lat'><strong><em>?</em></strong></span> <span class='ocrx_word' id='word_1_53' title='bbox 1775 728 1854 781; x_wconf 87' lang='lat' dir='ltr'><strong><em>sic</em></strong></span> <span class='ocrx_word' id='word_1_54' title='bbox 1889 729 1941 781; x_wconf 91' lang='lat' dir='ltr'><strong><em>et</em></strong></span> 
     </span>
    </p>
   </div>
   <div class='ocr_carea' id='block_1_8' title="bbox 287 810 1942 883">
    <p class='ocr_par' dir='ltr' id='par_1_8' title="bbox 287 810 1942 883">
     <span class='ocr_line' id='line_1_8' title="bbox 287 810 1942 883; baseline 0.005 -20"><span class='ocrx_word' id='word_1_55' title='bbox 287 810 442 864; x_wconf 89' lang='lat' dir='ltr'><strong><em>homo</em></strong></span> <span class='ocrx_word' id='word_1_56' title='bbox 495 813 594 880; x_wconf 88' lang='lat' dir='ltr'><strong><em>qui</em></strong></span> <span class='ocrx_word' id='word_1_57' title='bbox 633 811 860 880; x_wconf 86' lang='lat' dir='ltr'><strong><em>jejunat</em></strong></span> <span class='ocrx_word' id='word_1_58' title='bbox 907 814 968 867; x_wconf 91' lang='lat' dir='ltr'><strong><em>in</em></strong></span> <span class='ocrx_word' id='word_1_59' title='bbox 1012 818 1248 883; x_wconf 83' lang='lat' dir='ltr'><strong><em>peccatis</em></strong></span> <span class='ocrx_word' id='word_1_60' title='bbox 1311 818 1447 879; x_wconf 83' lang='lat' dir='ltr'><strong><em>suis,</em></strong></span> <span class='ocrx_word' id='word_1_61' title='bbox 1505 817 1703 870; x_wconf 82' lang='lat' dir='ltr'><strong><em>iterum</em></strong></span> <span class='ocrx_word' id='word_1_62' title='bbox 1756 815 1942 870; x_wconf 87' lang='lat' dir='ltr'><strong><em>eadem</em></strong></span> 
     </span>
    </p>
   </div>
   <div class='ocr_carea' id='block_1_9' title="bbox 288 901 1940 973">
    <p class='ocr_par' dir='ltr' id='par_1_9' title="bbox 288 901 1940 973">
     <span class='ocr_line' id='line_1_9' title="bbox 288 901 1940 973; baseline 0.004 -21"><span class='ocrx_word' id='word_1_63' title='bbox 288 901 522 968; x_wconf 80' lang='lat' dir='ltr'><strong><em>faciens,</em></strong></span> <span class='ocrx_word' id='word_1_64' title='bbox 563 901 702 970; x_wconf 90' lang='lat' dir='ltr'><strong><em>quid</em></strong></span> <span class='ocrx_word' id='word_1_65' title='bbox 730 903 950 971; x_wconf 81' lang='lat' dir='ltr'><strong><em>proﬁcit</em></strong></span> <span class='ocrx_word' id='word_1_66' title='bbox 991 902 1332 959; x_wconf 89' lang='lat' dir='ltr'><strong><em>humiliando</em></strong></span> <span class='ocrx_word' id='word_1_67' title='bbox 1361 921 1417 960; x_wconf 92' lang='lat' dir='ltr'><strong><em>se</em></strong></span> <span class='ocrx_word' id='word_1_68' title='bbox 1441 908 1470 959; x_wconf 87' lang='lat'><strong><em>?</em></strong></span> <span class='ocrx_word' id='word_1_69' title='bbox 1497 907 1794 960; x_wconf 90' lang='lat' dir='ltr'><strong><em>orationem</em></strong></span> <span class='ocrx_word' id='word_1_70' title='bbox 1821 904 1940 973; x_wconf 86' lang='lat' dir='ltr'><strong><em>ejus</em></strong></span> 
     </span>
    </p>
   </div>
   <div class='ocr_carea' id='block_1_10' title="bbox 287 990 1942 1065">
    <p class='ocr_par' dir='ltr' id='par_1_10' title="bbox 287 990 1942 1065">
     <span class='ocr_line' id='line_1_10' title="bbox 287 990 1942 1065; baseline 0.004 -22"><span class='ocrx_word' id='word_1_71' title='bbox 287 991 415 1059; x_wconf 90' lang='lat' dir='ltr'><strong><em>quis</em></strong></span> <span class='ocrx_word' id='word_1_72' title='bbox 444 991 703 1045; x_wconf 90' lang='lat' dir='ltr'><strong><em>exaudiet</em></strong></span> <span class='ocrx_word' id='word_1_73' title='bbox 729 993 758 1045; x_wconf 82' lang='lat'><strong><em>?</em></strong></span> <span class='ocrx_word' id='word_1_74' title='bbox 785 990 974 1062; x_wconf 88' lang='lat' dir='ltr'><strong><em>(1bid.,</em></strong></span> <span class='ocrx_word' id='word_1_75' title='bbox 1005 990 1096 1064; x_wconf 90' lang='lat'><strong><em>30,</em></strong></span> <span class='ocrx_word' id='word_1_76' title='bbox 1133 990 1219 1048; x_wconf 77' lang='grc'><strong><em>31.</em></strong></span> <span class='ocrx_word' id='word_1_77' title='bbox 1221 994 1248 1065; x_wconf 85' lang='grc'><strong><em>)</em></strong></span> <span class='ocrx_word' id='word_1_78' title='bbox 1275 996 1343 1049; x_wconf 93' lang='lat' dir='ltr'><strong><em>In</em></strong></span> <span class='ocrx_word' id='word_1_79' title='bbox 1371 995 1518 1049; x_wconf 89' lang='lat' dir='ltr'><strong><em>omni</em></strong></span> <span class='ocrx_word' id='word_1_80' title='bbox 1555 995 1682 1049; x_wconf 90' lang='lat' dir='ltr'><strong><em>dato</em></strong></span> <span class='ocrx_word' id='word_1_81' title='bbox 1711 995 1942 1049; x_wconf 78' lang='lat' dir='ltr'><strong><em>hilarem</em></strong></span> 
     </span>
    </p>
   </div>
   <div class='ocr_carea' id='block_1_11' title="bbox 286 1079 1942 1154">
    <p class='ocr_par' dir='ltr' id='par_1_11' title="bbox 286 1079 1942 1154">
     <span class='ocr_line' id='line_1_11' title="bbox 286 1079 1942 1154; baseline 0.004 -23"><span class='ocrx_word' id='word_1_82' title='bbox 286 1079 383 1145; x_wconf 86' lang='lat' dir='ltr'><strong><em>fac</em></strong></span> <span class='ocrx_word' id='word_1_83' title='bbox 405 1079 618 1133; x_wconf 79' lang='lat' dir='ltr'><strong><em>uultum</em></strong></span> <span class='ocrx_word' id='word_1_84' title='bbox 647 1084 820 1143; x_wconf 89' lang='lat' dir='ltr'><strong><em>tuum,</em></strong></span> <span class='ocrx_word' id='word_1_85' title='bbox 848 1085 899 1135; x_wconf 92' lang='lat' dir='ltr'><strong><em>et</em></strong></span> <span class='ocrx_word' id='word_1_86' title='bbox 925 1082 985 1135; x_wconf 88' lang='lat' dir='ltr'><strong><em>in</em></strong></span> <span class='ocrx_word' id='word_1_87' title='bbox 1013 1082 1374 1138; x_wconf 69' lang='lat' dir='ltr'><strong><em>exsultatione</em></strong></span> <span class='ocrx_word' id='word_1_88' title='bbox 1403 1085 1683 1154; x_wconf 81' lang='lat' dir='ltr'><strong><em>sanctiﬁca</em></strong></span> <span class='ocrx_word' id='word_1_89' title='bbox 1706 1082 1942 1138; x_wconf 82' lang='lat' dir='ltr'><strong><em>decimas</em></strong></span> 
     </span>
    </p>
   </div>
   <div class='ocr_carea' id='block_1_12' title="bbox 289 1166 996 1240">
    <p class='ocr_par' dir='ltr' id='par_1_12' title="bbox 289 1166 996 1240">
     <span class='ocr_line' id='line_1_12' title="bbox 289 1166 996 1240; baseline 0 -16"><span class='ocrx_word' id='word_1_90' title='bbox 289 1173 416 1224; x_wconf 87' lang='lat' dir='ltr'><strong><em>tuas</em></strong></span> <span class='ocrx_word' id='word_1_91' title='bbox 445 1168 635 1238; x_wconf 85' lang='lat' dir='ltr'><strong><em>(Eccli.</em></strong></span> <span class='ocrx_word' id='word_1_92' title='bbox 670 1182 850 1240; x_wconf 83' lang='lat' dir='ltr'><strong>xxxv,</strong></span> <span class='ocrx_word' id='word_1_93' title='bbox 886 1166 996 1240; x_wconf 79' lang='grc' dir='ltr'><strong><em>Μ).</em></strong></span> 
     </span>
    </p>
   </div>
   <div class='ocr_carea' id='block_1_13' title="bbox 362 1257 1943 1332">
    <p class='ocr_par' dir='ltr' id='par_1_13' title="bbox 362 1257 1943 1332">
     <span class='ocr_line' id='line_1_13' title="bbox 362 1257 1943 1332; baseline 0.001 -20"><span class='ocrx_word' id='word_1_94' title='bbox 362 1259 500 1312; x_wconf 89' lang='lat' dir='ltr'><strong><em>Item</em></strong></span> <span class='ocrx_word' id='word_1_95' title='bbox 531 1257 818 1314; x_wconf 86' lang='lat' dir='ltr'><strong><em>universis</em></strong></span> <span class='ocrx_word' id='word_1_96' title='bbox 843 1258 1150 1330; x_wconf 88' lang='lat' dir='ltr'><strong><em>episcopis,</em></strong></span> <span class='ocrx_word' id='word_1_97' title='bbox 1183 1264 1239 1316; x_wconf 91' lang='lat' dir='ltr'><strong><em>et</em></strong></span> <span class='ocrx_word' id='word_1_98' title='bbox 1263 1260 1592 1332; x_wconf 82' lang='lat' dir='ltr'><strong><em>specialiter</em></strong></span> <span class='ocrx_word' id='word_1_99' title='bbox 1621 1260 1943 1331; x_wconf 65' lang='lat' dir='ltr'><strong><em>Campaniae</em></strong></span> 
     </span>
    </p>
   </div>
   <div class='ocr_carea' id='block_1_14' title="bbox 287 1345 1945 1422">
    <p class='ocr_par' dir='ltr' id='par_1_14' title="bbox 287 1345 1945 1422">
     <span class='ocr_line' id='line_1_14' title="bbox 287 1345 1945 1422; baseline 0.001 -20"><span class='ocrx_word' id='word_1_100' title='bbox 287 1350 348 1402; x_wconf 86' lang='lat' dir='ltr'><strong><em>et</em></strong></span> <span class='ocrx_word' id='word_1_101' title='bbox 373 1345 549 1401; x_wconf 65' lang='lat' dir='ltr'><strong><em>Italiae</em></strong></span> <span class='ocrx_word' id='word_1_102' title='bbox 578 1346 866 1416; x_wconf 88' lang='lat' dir='ltr'><strong><em>episcopis</em></strong></span> <span class='ocrx_word' id='word_1_103' title='bbox 895 1348 1133 1418; x_wconf 79' lang='lat' dir='ltr'><strong><em>scripsit</em></strong></span> <span class='ocrx_word' id='word_1_104' title='bbox 1163 1348 1343 1419; x_wconf 84' lang='lat' dir='ltr'><strong><em>(epist.</em></strong></span> <span class='ocrx_word' id='word_1_105' title='bbox 1377 1347 1448 1422; x_wconf 93' lang='lat'><strong><em>3),</em></strong></span> <span class='ocrx_word' id='word_1_106' title='bbox 1479 1353 1536 1405; x_wconf 91' lang='lat' dir='ltr'><strong><em>et</em></strong></span> <span class='ocrx_word' id='word_1_107' title='bbox 1563 1350 1633 1406; x_wconf 90' lang='lat' dir='ltr'><strong><em>ad</em></strong></span> <span class='ocrx_word' id='word_1_108' title='bbox 1662 1348 1945 1405; x_wconf 90' lang='lat' dir='ltr'><strong><em>monitio-</em></strong></span> 
     </span>
    </p>
   </div>
   <div class='ocr_carea' id='block_1_15' title="bbox 292 1435 1946 1508">
    <p class='ocr_par' dir='ltr' id='par_1_15' title="bbox 292 1435 1946 1508">
     <span class='ocr_line' id='line_1_15' title="bbox 292 1435 1946 1508; baseline 0.002 -18"><span class='ocrx_word' id='word_1_109' title='bbox 292 1448 418 1490; x_wconf 91' lang='lat' dir='ltr'><strong><em>nem</em></strong></span> <span class='ocrx_word' id='word_1_110' title='bbox 452 1435 870 1506; x_wconf 91' lang='lat' dir='ltr'><strong><em>episcoporum,</em></strong></span> <span class='ocrx_word' id='word_1_111' title='bbox 917 1451 1042 1507; x_wconf 71' lang='lat' dir='ltr'><strong><em>quae</em></strong></span> <span class='ocrx_word' id='word_1_112' title='bbox 1082 1451 1468 1508; x_wconf 76' lang='lat' dir='ltr'><strong><em>saepenumero</em></strong></span> <span class='ocrx_word' id='word_1_113' title='bbox 1496 1451 1529 1493; x_wconf 90' lang='lat' dir='ltr'><strong><em>a</em></strong></span> <span class='ocrx_word' id='word_1_114' title='bbox 1561 1438 1946 1508; x_wconf 56' lang='lat' dir='ltr'><strong><em>praedecesso-</em></strong></span> 
     </span>
    </p>
   </div>
   <div class='ocr_carea' id='block_1_16' title="bbox 293 1524 1942 1598">
    <p class='ocr_par' dir='ltr' id='par_1_16' title="bbox 293 1524 1942 1598">
     <span class='ocr_line' id='line_1_16' title="bbox 293 1524 1942 1598; baseline 0.001 -19"><span class='ocrx_word' id='word_1_115' title='bbox 293 1524 459 1580; x_wconf 91' lang='lat' dir='ltr'><strong><em>ribus</em></strong></span> <span class='ocrx_word' id='word_1_116' title='bbox 474 1524 600 1580; x_wconf 88' lang='lat' dir='ltr'><strong><em>suis</em></strong></span> <span class='ocrx_word' id='word_1_117' title='bbox 623 1524 808 1594; x_wconf 88' lang='lat' dir='ltr'><strong><em>posita</em></strong></span> <span class='ocrx_word' id='word_1_118' title='bbox 827 1531 883 1580; x_wconf 93' lang='lat' dir='ltr'><strong><em>et</em></strong></span> <span class='ocrx_word' id='word_1_119' title='bbox 898 1527 1167 1596; x_wconf 89' lang='lat' dir='ltr'><strong><em>superius</em></strong></span> <span class='ocrx_word' id='word_1_120' title='bbox 1186 1531 1455 1583; x_wconf 87' lang='lat' dir='ltr'><strong><em>annotata</em></strong></span> <span class='ocrx_word' id='word_1_121' title='bbox 1477 1532 1631 1598; x_wconf 89' lang='lat' dir='ltr'><strong><em>sunt,</em></strong></span> <span class='ocrx_word' id='word_1_122' title='bbox 1656 1526 1942 1595; x_wconf 83' lang='lat' dir='ltr'><strong><em>videlicet,</em></strong></span> 
     </span>
    </p>
   </div>
   <div class='ocr_carea' id='block_1_17' title="bbox 290 1613 1947 1686">
    <p class='ocr_par' dir='ltr' id='par_1_17' title="bbox 290 1613 1947 1686">
     <span class='ocr_line' id='line_1_17' title="bbox 290 1613 1947 1686; baseline 0.002 -17"><span class='ocrx_word' id='word_1_123' title='bbox 290 1614 362 1670; x_wconf 90' lang='lat' dir='ltr'><strong><em>de</em></strong></span> <span class='ocrx_word' id='word_1_124' title='bbox 386 1613 820 1670; x_wconf 87' lang='lat' dir='ltr'><strong><em>accusatoribus</em></strong></span> <span class='ocrx_word' id='word_1_125' title='bbox 851 1620 904 1670; x_wconf 91' lang='lat' dir='ltr'><strong><em>et</em></strong></span> <span class='ocrx_word' id='word_1_126' title='bbox 933 1615 1156 1670; x_wconf 78' lang='lat' dir='ltr'><strong><em>exteris</em></strong></span> <span class='ocrx_word' id='word_1_127' title='bbox 1187 1615 1434 1686; x_wconf 88' lang='lat' dir='ltr'><strong><em>pleniter</em></strong></span> <span class='ocrx_word' id='word_1_128' title='bbox 1463 1615 1677 1686; x_wconf 86' lang='lat' dir='ltr'><strong><em>posuit,</em></strong></span> <span class='ocrx_word' id='word_1_129' title='bbox 1709 1622 1764 1670; x_wconf 89' lang='lat' dir='ltr'><strong><em>et</em></strong></span> <span class='ocrx_word' id='word_1_130' title='bbox 1795 1616 1947 1672; x_wconf 88' lang='lat' dir='ltr'><strong><em>inter</em></strong></span> 
     </span>
    </p>
   </div>
   <div class='ocr_carea' id='block_1_18' title="bbox 291 1701 1940 1776">
    <p class='ocr_par' dir='ltr' id='par_1_18' title="bbox 291 1701 1940 1776">
     <span class='ocr_line' id='line_1_18' title="bbox 291 1701 1940 1776; baseline 0.002 -20"><span class='ocrx_word' id='word_1_131' title='bbox 291 1705 498 1757; x_wconf 74' lang='lat' dir='ltr'><strong><em>extera</em></strong></span> <span class='ocrx_word' id='word_1_132' title='bbox 525 1702 595 1757; x_wconf 91' lang='lat' dir='ltr'><strong><em>de</em></strong></span> <span class='ocrx_word' id='word_1_133' title='bbox 641 1702 938 1758; x_wconf 88' lang='lat' dir='ltr'><strong><em>monachis</em></strong></span> <span class='ocrx_word' id='word_1_134' title='bbox 980 1703 1168 1760; x_wconf 89' lang='lat' dir='ltr'><strong><em>dicit:</em></strong></span> <span class='ocrx_word' id='word_1_135' title='bbox 1202 1705 1510 1774; x_wconf 84' lang='lat' dir='ltr'><strong><em>Nullusque</em></strong></span> <span class='ocrx_word' id='word_1_136' title='bbox 1546 1705 1841 1759; x_wconf 84' lang='lat' dir='ltr'><strong><em>monachus</em></strong></span> <span class='ocrx_word' id='word_1_137' title='bbox 1868 1701 1940 1776; x_wconf 74' lang='lat'><strong><em>(2,</em></strong></span> 
     </span>
    </p>
   </div>
   <div class='ocr_carea' id='block_1_19' title="bbox 294 1788 1946 1864">
    <p class='ocr_par' dir='ltr' id='par_1_19' title="bbox 294 1788 1946 1864">
     <span class='ocr_line' id='line_1_19' title="bbox 294 1788 1946 1864; baseline 0.001 -19"><span class='ocrx_word' id='word_1_138' title='bbox 294 1807 350 1861; x_wconf 88' lang='lat' dir='ltr'><strong><em>q.</em></strong></span> <span class='ocrx_word' id='word_1_139' title='bbox 383 1788 440 1855; x_wconf 86' lang='lat'><strong><em>7,</em></strong></span> <span class='ocrx_word' id='word_1_140' title='bbox 467 1804 518 1846; x_wconf 89' lang='lat' dir='ltr'><strong><em>c.</em></strong></span> <span class='ocrx_word' id='word_1_141' title='bbox 544 1792 768 1860; x_wconf 86' lang='lat' dir='ltr'><strong><em>Nullus)</em></strong></span> <span class='ocrx_word' id='word_1_142' title='bbox 794 1792 931 1846; x_wconf 87' lang='lat' dir='ltr'><strong><em>talia</em></strong></span> <span class='ocrx_word' id='word_1_143' title='bbox 959 1808 1349 1863; x_wconf 86' lang='lat' dir='ltr'><strong><em>usquequaque</em></strong></span> <span class='ocrx_word' id='word_1_144' title='bbox 1379 1795 1636 1864; x_wconf 57' lang='lat' dir='ltr'><strong><em>arripiat,</em></strong></span> <span class='ocrx_word' id='word_1_145' title='bbox 1667 1809 1763 1847; x_wconf 89' lang='lat' dir='ltr'><strong><em>nec</em></strong></span> <span class='ocrx_word' id='word_1_146' title='bbox 1784 1807 1946 1847; x_wconf 75' lang='lat' dir='ltr'><strong><em>saecu-</em></strong></span> 
     </span>
    </p>
   </div>
   <div class='ocr_carea' id='block_1_20' title="bbox 295 1879 1943 1952">
    <p class='ocr_par' dir='ltr' id='par_1_20' title="bbox 295 1879 1943 1952">
     <span class='ocr_line' id='line_1_20' title="bbox 295 1879 1943 1952; baseline 0.002 -19"><span class='ocrx_word' id='word_1_147' title='bbox 295 1879 441 1934; x_wconf 88' lang='lat' dir='ltr'><strong><em>laria</em></strong></span> <span class='ocrx_word' id='word_1_148' title='bbox 479 1884 577 1934; x_wconf 91' lang='lat' dir='ltr'><strong><em>aut</em></strong></span> <span class='ocrx_word' id='word_1_149' title='bbox 624 1880 986 1936; x_wconf 89' lang='lat' dir='ltr'><strong><em>ecclesiastica</em></strong></span> <span class='ocrx_word' id='word_1_150' title='bbox 1032 1884 1250 1950; x_wconf 90' lang='lat' dir='ltr'><strong><em>negotia</em></strong></span> <span class='ocrx_word' id='word_1_151' title='bbox 1291 1883 1588 1952; x_wconf 89' lang='lat' dir='ltr'><strong><em>pertubare</em></strong></span> <span class='ocrx_word' id='word_1_152' title='bbox 1627 1885 1943 1952; x_wconf 71' lang='lat' dir='ltr'><strong><em>praesumat,</em></strong></span> 
     </span>
    </p>
   </div>
   <div class='ocr_carea' id='block_1_21' title="bbox 294 1971 1462 2040">
    <p class='ocr_par' dir='ltr' id='par_1_21' title="bbox 294 1971 1462 2040">
     <span class='ocr_line' id='line_1_21' title="bbox 294 1971 1462 2040; baseline 0.003 -17"><span class='ocrx_word' id='word_1_153' title='bbox 294 1972 429 2040; x_wconf 85' lang='lat' dir='ltr'><strong><em>quia</em></strong></span> <span class='ocrx_word' id='word_1_154' title='bbox 457 1985 563 2024; x_wconf 74' lang='lat' dir='ltr'><strong><em>vox</em></strong></span> <span class='ocrx_word' id='word_1_155' title='bbox 591 1985 772 2024; x_wconf 90' lang='lat' dir='ltr'><strong><em>eorum</em></strong></span> <span class='ocrx_word' id='word_1_156' title='bbox 801 1973 860 2024; x_wconf 89' lang='lat' dir='ltr'><strong><em>in</em></strong></span> <span class='ocrx_word' id='word_1_157' title='bbox 889 1971 1092 2027; x_wconf 90' lang='lat' dir='ltr'><strong><em>talibus</em></strong></span> <span class='ocrx_word' id='word_1_158' title='bbox 1122 1977 1201 2027; x_wconf 90' lang='lat' dir='ltr'><strong><em>est</em></strong></span> <span class='ocrx_word' id='word_1_159' title='bbox 1229 1977 1462 2027; x_wconf 86' lang='lat' dir='ltr'><strong><em>mortua.</em></strong></span> 
     </span>
    </p>
   </div>
   <div class='ocr_carea' id='block_1_22' title="bbox 367 2058 1947 2131">
    <p class='ocr_par' dir='ltr' id='par_1_22' title="bbox 367 2058 1947 2131">
     <span class='ocr_line' id='line_1_22' title="bbox 367 2058 1947 2131; baseline 0.001 -19"><span class='ocrx_word' id='word_1_160' title='bbox 367 2060 505 2113; x_wconf 86' lang='lat' dir='ltr'><strong><em>Item</em></strong></span> <span class='ocrx_word' id='word_1_161' title='bbox 535 2058 822 2129; x_wconf 90' lang='lat' dir='ltr'><strong><em>episcopis</em></strong></span> <span class='ocrx_word' id='word_1_162' title='bbox 851 2060 1148 2131; x_wconf 85' lang='lat' dir='ltr'><strong><em>regionum</em></strong></span> <span class='ocrx_word' id='word_1_163' title='bbox 1186 2059 1506 2117; x_wconf 75' lang='lat' dir='ltr'><strong><em>Germaniae</em></strong></span> <span class='ocrx_word' id='word_1_164' title='bbox 1530 2064 1586 2116; x_wconf 90' lang='lat' dir='ltr'><strong><em>et</em></strong></span> <span class='ocrx_word' id='word_1_165' title='bbox 1613 2058 1815 2116; x_wconf 67' lang='lat' dir='ltr'><strong><em>Galliae</em></strong></span> <span class='ocrx_word' id='word_1_166' title='bbox 1846 2059 1947 2114; x_wconf 91' lang='lat' dir='ltr'><strong><em>in-</em></strong></span> 
     </span>
    </p>
   </div>
   <div class='ocr_carea' id='block_1_23' title="bbox 296 2147 1948 2219">
    <p class='ocr_par' dir='ltr' id='par_1_23' title="bbox 296 2147 1948 2219">
     <span class='ocr_line' id='line_1_23' title="bbox 296 2147 1948 2219; baseline -0.001 -16"><span class='ocrx_word' id='word_1_167' title='bbox 296 2147 446 2203; x_wconf 90' lang='lat' dir='ltr'><strong><em>strui</em></strong></span> <span class='ocrx_word' id='word_1_168' title='bbox 475 2147 807 2219; x_wconf 88' lang='lat' dir='ltr'><strong><em>rogantibus</em></strong></span> <span class='ocrx_word' id='word_1_169' title='bbox 838 2147 1236 2218; x_wconf 69' lang='lat' dir='ltr'><strong><em>praefationum</em></strong></span> <span class='ocrx_word' id='word_1_170' title='bbox 1262 2149 1516 2205; x_wconf 88' lang='lat' dir='ltr'><strong><em>ordinem</em></strong></span> <span class='ocrx_word' id='word_1_171' title='bbox 1553 2161 1720 2219; x_wconf 85' lang='lat' dir='ltr'><strong><em>quem</em></strong></span> <span class='ocrx_word' id='word_1_172' title='bbox 1747 2147 1948 2202; x_wconf 87' lang='lat' dir='ltr'><strong><em>Eccle-</em></strong></span> 
     </span>
    </p>
   </div>
   <div class='ocr_carea' id='block_1_24' title="bbox 295 2234 1942 2310">
    <p class='ocr_par' dir='ltr' id='par_1_24' title="bbox 295 2234 1942 2310">
     <span class='ocr_line' id='line_1_24' title="bbox 295 2234 1942 2310; baseline -0.001 -17"><span class='ocrx_word' id='word_1_173' title='bbox 295 2238 384 2293; x_wconf 86' lang='lat' dir='ltr'><strong><em>sia</em></strong></span> <span class='ocrx_word' id='word_1_174' title='bbox 409 2237 659 2292; x_wconf 85' lang='lat' dir='ltr'><strong><em>Romana</em></strong></span> <span class='ocrx_word' id='word_1_175' title='bbox 685 2241 954 2308; x_wconf 84' lang='lat' dir='ltr'><strong><em>servaret,</em></strong></span> <span class='ocrx_word' id='word_1_176' title='bbox 977 2239 1279 2309; x_wconf 88' lang='lat' dir='ltr'><strong><em>rescripsit</em></strong></span> <span class='ocrx_word' id='word_1_177' title='bbox 1302 2236 1477 2310; x_wconf 84' lang='lat' dir='ltr'><strong><em>(epist.</em></strong></span> <span class='ocrx_word' id='word_1_178' title='bbox 1507 2234 1578 2310; x_wconf 82' lang='grc'><strong><em>4),</em></strong></span> <span class='ocrx_word' id='word_1_179' title='bbox 1609 2237 1689 2293; x_wconf 90' lang='lat' dir='ltr'><strong><em>ita</em></strong></span> <span class='ocrx_word' id='word_1_180' title='bbox 1707 2237 1942 2293; x_wconf 87' lang='lat' dir='ltr'><strong><em>dicens:</em></strong></span> 
     </span>
    </p>
   </div>
   <div class='ocr_carea' id='block_1_25' title="bbox 295 2325 1950 2398">
    <p class='ocr_par' dir='ltr' id='par_1_25' title="bbox 295 2325 1950 2398">
     <span class='ocr_line' id='line_1_25' title="bbox 295 2325 1950 2398; baseline -0.002 -15"><span class='ocrx_word' id='word_1_181' title='bbox 295 2328 525 2383; x_wconf 87' lang='lat' dir='ltr'><strong><em>Sacrum</em></strong></span> <span class='ocrx_word' id='word_1_182' title='bbox 553 2327 798 2382; x_wconf 89' lang='lat' dir='ltr'><strong><em>ordinem</em></strong></span> <span class='ocrx_word' id='word_1_183' title='bbox 824 2329 1124 2383; x_wconf 88' lang='lat' dir='ltr'><strong><em>Romanum</em></strong></span> <span class='ocrx_word' id='word_1_184' title='bbox 1151 2328 1241 2398; x_wconf 85' lang='lat' dir='ltr'><strong><em>(de</em></strong></span> <span class='ocrx_word' id='word_1_185' title='bbox 1270 2327 1426 2384; x_wconf 88' lang='lat' dir='ltr'><strong><em>Cons.</em></strong></span> <span class='ocrx_word' id='word_1_186' title='bbox 1458 2328 1598 2383; x_wconf 87' lang='lat' dir='ltr'><strong><em>dist.</em></strong></span> <span class='ocrx_word' id='word_1_187' title='bbox 1631 2325 1681 2397; x_wconf 77' lang='grc'><strong><em>4,</em></strong></span> <span class='ocrx_word' id='word_1_188' title='bbox 1705 2340 1754 2382; x_wconf 87' lang='lat' dir='ltr'><strong><em>c.</em></strong></span> <span class='ocrx_word' id='word_1_189' title='bbox 1783 2328 1950 2381; x_wconf 80' lang='lat' dir='ltr'><strong><em>Inve—</em></strong></span> 
     </span>
    </p>
   </div>
   <div class='ocr_carea' id='block_1_26' title="bbox 296 2416 1950 2486">
    <p class='ocr_par' dir='ltr' id='par_1_26' title="bbox 296 2416 1950 2486">
     <span class='ocr_line' id='line_1_26' title="bbox 296 2416 1950 2486; baseline -0.002 -15"><span class='ocrx_word' id='word_1_190' title='bbox 296 2416 524 2486; x_wconf 83' lang='lat' dir='ltr'><strong><em>nimus),</em></strong></span> <span class='ocrx_word' id='word_1_191' title='bbox 560 2431 826 2485; x_wconf 88' lang='lat' dir='ltr'><strong><em>sacraque</em></strong></span> <span class='ocrx_word' id='word_1_192' title='bbox 868 2419 1161 2471; x_wconf 87' lang='lat' dir='ltr'><strong><em>constituta</em></strong></span> <span class='ocrx_word' id='word_1_193' title='bbox 1204 2421 1514 2472; x_wconf 86' lang='lat' dir='ltr'><strong><em>nostrorum</em></strong></span> <span class='ocrx_word' id='word_1_194' title='bbox 1554 2420 1950 2470; x_wconf 86' lang='lat' dir='ltr'><strong><em>antecessorum</em></strong></span> 
     </span>
    </p>
   </div>
   <div class='ocr_carea' id='block_1_27' title="bbox 300 2504 1949 2574">
    <p class='ocr_par' dir='ltr' id='par_1_27' title="bbox 300 2504 1949 2574">
     <span class='ocr_line' id='line_1_27' title="bbox 300 2504 1949 2574; baseline -0.003 -13"><span class='ocrx_word' id='word_1_195' title='bbox 300 2506 524 2561; x_wconf 78' lang='lat' dir='ltr'><strong><em>solerter</em></strong></span> <span class='ocrx_word' id='word_1_196' title='bbox 551 2505 864 2573; x_wconf 86' lang='lat' dir='ltr'><strong><em>relegentes,</em></strong></span> <span class='ocrx_word' id='word_1_197' title='bbox 896 2507 1224 2568; x_wconf 73' lang='lat' dir='ltr'><strong><em>invenimus,</em></strong></span> <span class='ocrx_word' id='word_1_198' title='bbox 1255 2506 1355 2560; x_wconf 90' lang='lat' dir='ltr'><strong><em>has</em></strong></span> <span class='ocrx_word' id='word_1_199' title='bbox 1381 2520 1569 2559; x_wconf 80' lang='lat' dir='ltr'><strong><em>novem</em></strong></span> <span class='ocrx_word' id='word_1_200' title='bbox 1593 2504 1949 2574; x_wconf 76' lang='lat' dir='ltr'><strong><em>prxfationes</em></strong></span> 
     </span>
    </p>
   </div>
   <div class='ocr_carea' id='block_1_28' title="bbox 298 2592 1950 2664">
    <p class='ocr_par' dir='ltr' id='par_1_28' title="bbox 298 2592 1950 2664">
     <span class='ocr_line' id='line_1_28' title="bbox 298 2592 1950 2664; baseline -0.003 -16"><span class='ocrx_word' id='word_1_201' title='bbox 298 2597 359 2648; x_wconf 90' lang='lat' dir='ltr'><strong><em>in</em></strong></span> <span class='ocrx_word' id='word_1_202' title='bbox 397 2609 551 2648; x_wconf 86' lang='lat' dir='ltr'><strong><em>sacro</em></strong></span> <span class='ocrx_word' id='word_1_203' title='bbox 583 2595 828 2662; x_wconf 88' lang='lat' dir='ltr'><strong><em>catalogo</em></strong></span> <span class='ocrx_word' id='word_1_204' title='bbox 857 2593 1188 2648; x_wconf 89' lang='lat' dir='ltr'><strong><em>solummodo</em></strong></span> <span class='ocrx_word' id='word_1_205' title='bbox 1220 2593 1585 2664; x_wconf 88' lang='lat' dir='ltr'><strong><em>recipiendas,</em></strong></span> <span class='ocrx_word' id='word_1_206' title='bbox 1619 2607 1757 2662; x_wconf 89' lang='lat' dir='ltr'><strong><em>quas</em></strong></span> <span class='ocrx_word' id='word_1_207' title='bbox 1788 2592 1950 2658; x_wconf 88' lang='lat' dir='ltr'><strong><em>longa</em></strong></span> 
     </span>
    </p>
   </div>
   <div class='ocr_carea' id='block_1_29' title="bbox 297 2681 1947 2739">
    <p class='ocr_par' dir='ltr' id='par_1_29' title="bbox 297 2681 1947 2739">
     <span class='ocr_line' id='line_1_29' title="bbox 297 2681 1947 2739; baseline -0.002 -2"><span class='ocrx_word' id='word_1_208' title='bbox 297 2688 444 2739; x_wconf 87' lang='lat' dir='ltr'><strong><em>retro</em></strong></span> <span class='ocrx_word' id='word_1_209' title='bbox 472 2687 712 2738; x_wconf 80' lang='lat' dir='ltr'><strong><em>vetustas</em></strong></span> <span class='ocrx_word' id='word_1_210' title='bbox 737 2685 796 2736; x_wconf 90' lang='lat' dir='ltr'><strong><em>in</em></strong></span> <span class='ocrx_word' id='word_1_211' title='bbox 825 2683 1067 2738; x_wconf 85' lang='lat' dir='ltr'><strong><em>Romana</em></strong></span> <span class='ocrx_word' id='word_1_212' title='bbox 1103 2683 1337 2737; x_wconf 85' lang='lat' dir='ltr'><strong><em>Ecclesia</em></strong></span> <span class='ocrx_word' id='word_1_213' title='bbox 1373 2683 1633 2736; x_wconf 85' lang='lat' dir='ltr'><strong><em>hactenus</em></strong></span> <span class='ocrx_word' id='word_1_214' title='bbox 1672 2681 1947 2735; x_wconf 80' lang='lat' dir='ltr'><strong><em>servavit:</em></strong></span> 
     </span>
    </p>
   </div>
   <div class='ocr_carea' id='block_1_30' title="bbox 300 2769 1950 2838">
    <p class='ocr_par' dir='ltr' id='par_1_30' title="bbox 300 2769 1950 2838">
     <span class='ocr_line' id='line_1_30' title="bbox 300 2769 1950 2838; baseline -0.004 -11"><span class='ocrx_word' id='word_1_215' title='bbox 300 2789 490 2835; x_wconf 86' lang='lat' dir='ltr'><strong><em>unam,</em></strong></span> <span class='ocrx_word' id='word_1_216' title='bbox 539 2773 599 2826; x_wconf 86' lang='lat' dir='ltr'><strong><em>in</em></strong></span> <span class='ocrx_word' id='word_1_217' title='bbox 649 2771 810 2826; x_wconf 88' lang='lat' dir='ltr'><strong><em>Albis</em></strong></span> <span class='ocrx_word' id='word_1_218' title='bbox 856 2771 1232 2838; x_wconf 89' lang='lat' dir='ltr'><strong><em>Paschalibus,</em></strong></span> <span class='ocrx_word' id='word_1_219' title='bbox 1287 2771 1456 2825; x_wconf 89' lang='lat' dir='ltr'><strong><em>aliam</em></strong></span> <span class='ocrx_word' id='word_1_220' title='bbox 1503 2770 1568 2825; x_wconf 89' lang='lat' dir='ltr'><strong><em>de</em></strong></span> <span class='ocrx_word' id='word_1_221' title='bbox 1618 2769 1950 2824; x_wconf 84' lang='lat' dir='ltr'><strong><em>Ascensione</em></strong></span> 
     </span>
    </p>
   </div>
   <div class='ocr_carea' id='block_1_31' title="bbox 300 2857 1952 2928">
    <p class='ocr_par' dir='ltr' id='par_1_31' title="bbox 300 2857 1952 2928">
     <span class='ocr_line' id='line_1_31' title="bbox 300 2857 1952 2928; baseline -0.005 -12"><span class='ocrx_word' id='word_1_222' title='bbox 300 2861 537 2924; x_wconf 88' lang='lat' dir='ltr'><strong><em>Domini,</em></strong></span> <span class='ocrx_word' id='word_1_223' title='bbox 573 2862 790 2915; x_wconf 87' lang='lat' dir='ltr'><strong><em>tertiam</em></strong></span> <span class='ocrx_word' id='word_1_224' title='bbox 819 2859 885 2914; x_wconf 88' lang='lat' dir='ltr'><strong><em>de</em></strong></span> <span class='ocrx_word' id='word_1_225' title='bbox 911 2861 1235 2923; x_wconf 87' lang='lat' dir='ltr'><strong><em>Pentecoste,</em></strong></span> <span class='ocrx_word' id='word_1_226' title='bbox 1273 2863 1528 2928; x_wconf 83' lang='lat' dir='ltr'><strong><em>quartam</em></strong></span> <span class='ocrx_word' id='word_1_227' title='bbox 1557 2858 1623 2912; x_wconf 90' lang='lat' dir='ltr'><strong><em>de</em></strong></span> <span class='ocrx_word' id='word_1_228' title='bbox 1649 2857 1952 2913; x_wconf 83' lang='lat' dir='ltr'><strong><em>Nativitate</em></strong></span> 
     </span>
    </p>
   </div>
   <div class='ocr_carea' id='block_1_32' title="bbox 301 2944 1953 3020">
    <p class='ocr_par' dir='ltr' id='par_1_32' title="bbox 301 2944 1953 3020">
     <span class='ocr_line' id='line_1_32' title="bbox 301 2944 1953 3020; baseline -0.004 -16"><span class='ocrx_word' id='word_1_229' title='bbox 301 2951 538 3013; x_wconf 84' lang='lat' dir='ltr'><strong><em>Domini,</em></strong></span> <span class='ocrx_word' id='word_1_230' title='bbox 584 2951 834 3020; x_wconf 85' lang='lat' dir='ltr'><strong><em>quintam</em></strong></span> <span class='ocrx_word' id='word_1_231' title='bbox 871 2950 938 3005; x_wconf 82' lang='lat' dir='ltr'><strong><em>dc</em></strong></span> <span class='ocrx_word' id='word_1_232' title='bbox 964 2948 1330 3019; x_wconf 85' lang='lat' dir='ltr'><strong><em>Apparitione</em></strong></span> <span class='ocrx_word' id='word_1_233' title='bbox 1361 2949 1600 3010; x_wconf 86' lang='lat' dir='ltr'><strong><em>Domini,</em></strong></span> <span class='ocrx_word' id='word_1_234' title='bbox 1643 2950 1853 3000; x_wconf 89' lang='lat' dir='ltr'><strong><em>sextam</em></strong></span> <span class='ocrx_word' id='word_1_235' title='bbox 1887 2944 1953 2998; x_wconf 90' lang='lat' dir='ltr'><strong><em>de</em></strong></span> 
     </span>
    </p>
   </div>
   <div class='ocr_carea' id='block_1_33' title="bbox 302 3035 1954 3110">
    <p class='ocr_par' dir='ltr' id='par_1_33' title="bbox 302 3035 1954 3110">
     <span class='ocr_line' id='line_1_33' title="bbox 302 3035 1954 3110; baseline -0.003 -15"><span class='ocrx_word' id='word_1_236' title='bbox 302 3039 598 3110; x_wconf 78' lang='lat' dir='ltr'><strong><em>Apostolis,</em></strong></span> <span class='ocrx_word' id='word_1_237' title='bbox 641 3041 922 3110; x_wconf 87' lang='lat' dir='ltr'><strong><em>septimam</em></strong></span> <span class='ocrx_word' id='word_1_238' title='bbox 951 3040 1018 3095; x_wconf 90' lang='lat' dir='ltr'><strong><em>de</em></strong></span> <span class='ocrx_word' id='word_1_239' title='bbox 1050 3043 1241 3094; x_wconf 88' lang='lat' dir='ltr'><strong><em>sancta</em></strong></span> <span class='ocrx_word' id='word_1_240' title='bbox 1285 3039 1573 3100; x_wconf 87' lang='lat' dir='ltr'><strong><em>Trinitate,</em></strong></span> <span class='ocrx_word' id='word_1_241' title='bbox 1615 3041 1860 3091; x_wconf 82' lang='lat' dir='ltr'><strong><em>octavam</em></strong></span> <span class='ocrx_word' id='word_1_242' title='bbox 1888 3035 1954 3091; x_wconf 86' lang='lat' dir='ltr'><strong><em>de</em></strong></span> 
     </span>
    </p>
   </div>
   <div class='ocr_carea' id='block_1_34' title="bbox 2051 549 3692 626">
    <p class='ocr_par' dir='ltr' id='par_1_34' title="bbox 2051 549 3692 626">
     <span class='ocr_line' id='line_1_34' title="bbox 2051 549 3692 626; baseline 0.006 -23"><span class='ocrx_word' id='word_1_243' title='bbox 2051 561 2119 604; x_wconf 92' lang='lat' dir='ltr'><strong><em>ne</em></strong></span> <span class='ocrx_word' id='word_1_244' title='bbox 2143 549 2368 620; x_wconf 90' lang='lat' dir='ltr'><strong><em>aliquid</em></strong></span> <span class='ocrx_word' id='word_1_245' title='bbox 2399 551 2470 606; x_wconf 92' lang='lat' dir='ltr'><strong><em>de</em></strong></span> <span class='ocrx_word' id='word_1_246' title='bbox 2493 551 2981 622; x_wconf 84' lang='lat' dir='ltr'><strong><em>ordinationibus,</em></strong></span> <span class='ocrx_word' id='word_1_247' title='bbox 3015 560 3116 609; x_wconf 89' lang='lat' dir='ltr'><strong><em>aut</em></strong></span> <span class='ocrx_word' id='word_1_248' title='bbox 3143 569 3211 611; x_wconf 90' lang='lat' dir='ltr'><strong><em>ex</em></strong></span> <span class='ocrx_word' id='word_1_249' title='bbox 3239 556 3473 612; x_wconf 90' lang='lat' dir='ltr'><strong><em>datione</em></strong></span> <span class='ocrx_word' id='word_1_250' title='bbox 3506 557 3692 626; x_wconf 88' lang='lat' dir='ltr'><strong><em>pallii,</em></strong></span> 
     </span>
    </p>
   </div>
   <div class='ocr_carea' id='block_1_35' title="bbox 2047 639 3690 718">
    <p class='ocr_par' dir='ltr' id='par_1_35' title="bbox 2047 639 3690 718">
     <span class='ocr_line' id='line_1_35' title="bbox 2047 639 3690 718; baseline 0.005 -25"><span class='ocrx_word' id='word_1_251' title='bbox 2047 645 2147 694; x_wconf 89' lang='lat' dir='ltr'><strong><em>aut</em></strong></span> <span class='ocrx_word' id='word_1_252' title='bbox 2183 652 2251 694; x_wconf 88' lang='lat' dir='ltr'><strong><em>ex</em></strong></span> <span class='ocrx_word' id='word_1_253' title='bbox 2295 639 2608 696; x_wconf 86' lang='lat' dir='ltr'><strong><em>traditione</em></strong></span> <span class='ocrx_word' id='word_1_254' title='bbox 2652 642 2980 698; x_wconf 87' lang='lat' dir='ltr'><strong><em>chartarum</em></strong></span> <span class='ocrx_word' id='word_1_255' title='bbox 3028 644 3509 713; x_wconf 83' lang='lat' dir='ltr'><strong><em>accipiaturzsed</em></strong></span> <span class='ocrx_word' id='word_1_256' title='bbox 3541 647 3590 701; x_wconf 88' lang='lat' dir='ltr'><strong><em>si</em></strong></span> <span class='ocrx_word' id='word_1_257' title='bbox 3620 647 3690 718; x_wconf 92' lang='lat' dir='ltr'><strong><em>is,</em></strong></span> 
     </span>
    </p>
   </div>
   <div class='ocr_carea' id='block_1_36' title="bbox 2048 724 3694 802">
    <p class='ocr_par' dir='ltr' id='par_1_36' title="bbox 2048 724 3694 802">
     <span class='ocr_line' id='line_1_36' title="bbox 2048 724 3694 802; baseline 0.006 -23"><span class='ocrx_word' id='word_1_258' title='bbox 2048 724 2148 795; x_wconf 89' lang='lat' dir='ltr'><strong><em>qui</em></strong></span> <span class='ocrx_word' id='word_1_259' title='bbox 2176 726 2477 784; x_wconf 89' lang='lat' dir='ltr'><strong><em>ordinatus</em></strong></span> <span class='ocrx_word' id='word_1_260' title='bbox 2506 733 2610 799; x_wconf 91' lang='lat' dir='ltr'><strong><em>est,</em></strong></span> <span class='ocrx_word' id='word_1_261' title='bbox 2635 734 2760 798; x_wconf 91' lang='lat' dir='ltr'><strong><em>post</em></strong></span> <span class='ocrx_word' id='word_1_262' title='bbox 2783 734 3042 799; x_wconf 89' lang='lat' dir='ltr'><strong><em>acceptas</em></strong></span> <span class='ocrx_word' id='word_1_263' title='bbox 3069 729 3295 786; x_wconf 87' lang='lat' dir='ltr'><strong><em>chartas</em></strong></span> <span class='ocrx_word' id='word_1_264' title='bbox 3325 746 3426 788; x_wconf 89' lang='lat' dir='ltr'><strong><em>seu</em></strong></span> <span class='ocrx_word' id='word_1_265' title='bbox 3453 732 3694 802; x_wconf 88' lang='lat' dir='ltr'><strong><em>pallium</em></strong></span> 
     </span>
    </p>
   </div>
   <div class='ocr_carea' id='block_1_37' title="bbox 2047 813 3694 889">
    <p class='ocr_par' dir='ltr' id='par_1_37' title="bbox 2047 813 3694 889">
     <span class='ocr_line' id='line_1_37' title="bbox 2047 813 3694 889; baseline 0.005 -21"><span class='ocrx_word' id='word_1_266' title='bbox 2047 813 2270 884; x_wconf 89' lang='lat' dir='ltr'><strong><em>aliquid</em></strong></span> <span class='ocrx_word' id='word_1_267' title='bbox 2295 815 2495 872; x_wconf 87' lang='lat' dir='ltr'><strong><em>oﬁ‘erre</em></strong></span> <span class='ocrx_word' id='word_1_268' title='bbox 2515 817 2780 888; x_wconf 89' lang='lat' dir='ltr'><strong><em>voluerit,</em></strong></span> <span class='ocrx_word' id='word_1_269' title='bbox 2807 818 3003 889; x_wconf 72' lang='lat' dir='ltr'><strong><em>gratia:</em></strong></span> <span class='ocrx_word' id='word_1_270' title='bbox 3028 821 3418 876; x_wconf 87' lang='lat' dir='ltr'><strong><em>tantummodo</em></strong></span> <span class='ocrx_word' id='word_1_271' title='bbox 3441 835 3613 877; x_wconf 90' lang='lat' dir='ltr'><strong><em>causa</em></strong></span> <span class='ocrx_word' id='word_1_272' title='bbox 3637 821 3694 877; x_wconf 89' lang='lat' dir='ltr'><strong><em>id</em></strong></span> 
     </span>
    </p>
   </div>
   <div class='ocr_carea' id='block_1_38' title="bbox 2048 905 3695 979">
    <p class='ocr_par' dir='ltr' id='par_1_38' title="bbox 2048 905 3695 979">
     <span class='ocr_line' id='line_1_38' title="bbox 2048 905 3695 979; baseline 0.004 -20"><span class='ocrx_word' id='word_1_273' title='bbox 2048 905 2446 974; x_wconf 89' lang='lat' dir='ltr'><strong><em>accipiendum</em></strong></span> <span class='ocrx_word' id='word_1_274' title='bbox 2463 921 2584 964; x_wconf 90' lang='lat' dir='ltr'><strong><em>esse</em></strong></span> <span class='ocrx_word' id='word_1_275' title='bbox 2602 921 2712 963; x_wconf 90' lang='lat' dir='ltr'><strong><em>non</em></strong></span> <span class='ocrx_word' id='word_1_276' title='bbox 2732 915 2930 979; x_wconf 85' lang='lat' dir='ltr'><strong><em>negat;</em></strong></span> <span class='ocrx_word' id='word_1_277' title='bbox 2951 908 3088 979; x_wconf 89' lang='lat' dir='ltr'><strong><em>quia</em></strong></span> <span class='ocrx_word' id='word_1_278' title='bbox 3103 909 3230 978; x_wconf 91' lang='lat' dir='ltr'><strong><em>ejus</em></strong></span> <span class='ocrx_word' id='word_1_279' title='bbox 3245 908 3460 966; x_wconf 88' lang='lat' dir='ltr'><strong><em>oblatio</em></strong></span> <span class='ocrx_word' id='word_1_280' title='bbox 3480 911 3695 966; x_wconf 88' lang='lat' dir='ltr'><strong><em>nullam</em></strong></span> 
     </span>
    </p>
   </div>
   <div class='ocr_carea' id='block_1_39' title="bbox 2049 993 3697 1068">
    <p class='ocr_par' dir='ltr' id='par_1_39' title="bbox 2049 993 3697 1068">
     <span class='ocr_line' id='line_1_39' title="bbox 2049 993 3697 1068; baseline 0.004 -19"><span class='ocrx_word' id='word_1_281' title='bbox 2049 993 2231 1064; x_wconf 65' lang='lat' dir='ltr'><strong><em>culpae</em></strong></span> <span class='ocrx_word' id='word_1_282' title='bbox 2263 995 2541 1051; x_wconf 87' lang='lat' dir='ltr'><strong><em>maculam</em></strong></span> <span class='ocrx_word' id='word_1_283' title='bbox 2582 996 2813 1068; x_wconf 86' lang='lat' dir='ltr'><strong><em>ingerit,</em></strong></span> <span class='ocrx_word' id='word_1_284' title='bbox 2849 1011 2973 1067; x_wconf 69' lang='lat' dir='ltr'><strong><em>qua:</em></strong></span> <span class='ocrx_word' id='word_1_285' title='bbox 3003 1011 3071 1054; x_wconf 91' lang='lat' dir='ltr'><strong><em>ex</em></strong></span> <span class='ocrx_word' id='word_1_286' title='bbox 3104 997 3446 1068; x_wconf 87' lang='lat' dir='ltr'><strong><em>accipientis</em></strong></span> <span class='ocrx_word' id='word_1_287' title='bbox 3474 998 3697 1056; x_wconf 89' lang='lat' dir='ltr'><strong><em>ambitu</em></strong></span> 
     </span>
    </p>
   </div>
   <div class='ocr_carea' id='block_1_40' title="bbox 2051 1085 2478 1154">
    <p class='ocr_par' dir='ltr' id='par_1_40' title="bbox 2051 1085 2478 1154">
     <span class='ocr_line' id='line_1_40' title="bbox 2051 1085 2478 1154; baseline 0.002 -16"><span class='ocrx_word' id='word_1_288' title='bbox 2051 1095 2162 1139; x_wconf 91' lang='lat' dir='ltr'><strong><em>non</em></strong></span> <span class='ocrx_word' id='word_1_289' title='bbox 2204 1085 2478 1154; x_wconf 88' lang='lat' dir='ltr'><strong><em>procedit.</em></strong></span> 
     </span>
    </p>
   </div>
   <div class='ocr_carea' id='block_1_41' title="bbox 2118 1172 3698 1246">
    <p class='ocr_par' dir='ltr' id='par_1_41' title="bbox 2118 1172 3698 1246">
     <span class='ocr_line' id='line_1_41' title="bbox 2118 1172 3698 1246; baseline 0.004 -19"><span class='ocrx_word' id='word_1_290' title='bbox 2118 1172 2222 1228; x_wconf 87' lang='lat' dir='ltr'><strong><em>Hic</em></strong></span> <span class='ocrx_word' id='word_1_291' title='bbox 2250 1172 2572 1244; x_wconf 81' lang='lat' dir='ltr'><strong><em>Augustino</em></strong></span> <span class='ocrx_word' id='word_1_292' title='bbox 2602 1173 2913 1246; x_wconf 85' lang='lat' dir='ltr'><strong><em>Anglorum</em></strong></span> <span class='ocrx_word' id='word_1_293' title='bbox 2942 1175 3209 1246; x_wconf 80' lang='lat' dir='ltr'><strong><em>episcOpo</em></strong></span> <span class='ocrx_word' id='word_1_294' title='bbox 3239 1177 3309 1232; x_wconf 91' lang='lat' dir='ltr'><strong><em>de</em></strong></span> <span class='ocrx_word' id='word_1_295' title='bbox 3331 1176 3532 1233; x_wconf 91' lang='lat' dir='ltr'><strong><em>multis</em></strong></span> <span class='ocrx_word' id='word_1_296' title='bbox 3555 1191 3698 1233; x_wconf 92' lang='lat' dir='ltr'><strong><em>con—</em></strong></span> 
     </span>
    </p>
   </div>
   <div class='ocr_carea' id='block_1_42' title="bbox 2051 1260 3698 1336">
    <p class='ocr_par' dir='ltr' id='par_1_42' title="bbox 2051 1260 3698 1336">
     <span class='ocr_line' id='line_1_42' title="bbox 2051 1260 3698 1336; baseline 0.004 -20"><span class='ocrx_word' id='word_1_297' title='bbox 2051 1260 2264 1316; x_wconf 90' lang='lat' dir='ltr'><strong><em>sulenti</em></strong></span> <span class='ocrx_word' id='word_1_298' title='bbox 2291 1273 2311 1298; x_wconf 80' lang='grc' dir='ltr'>ι</span> <span class='ocrx_word' id='word_1_299' title='bbox 2334 1263 2402 1318; x_wconf 88' lang='lat' dir='ltr'><strong><em>ad</em></strong></span> <span class='ocrx_word' id='word_1_300' title='bbox 2423 1263 2826 1334; x_wconf 86' lang='lat' dir='ltr'><strong><em>singulajuxta</em></strong></span> <span class='ocrx_word' id='word_1_301' title='bbox 2849 1263 3166 1320; x_wconf 86' lang='lat' dir='ltr'><strong><em>barbariem</em></strong></span> <span class='ocrx_word' id='word_1_302' title='bbox 3191 1266 3380 1336; x_wconf 89' lang='lat' dir='ltr'><strong><em>gentis</em></strong></span> <span class='ocrx_word' id='word_1_303' title='bbox 3395 1272 3451 1322; x_wconf 89' lang='lat' dir='ltr'><strong><em>et</em></strong></span> <span class='ocrx_word' id='word_1_304' title='bbox 3469 1267 3698 1324; x_wconf 88' lang='lat' dir='ltr'><strong><em>novita-</em></strong></span> 
     </span>
    </p>
   </div>
   <div class='ocr_carea' id='block_1_43' title="bbox 2054 1352 3699 1425">
    <p class='ocr_par' dir='ltr' id='par_1_43' title="bbox 2054 1352 3699 1425">
     <span class='ocr_line' id='line_1_43' title="bbox 2054 1352 3699 1425; baseline 0.004 -21"><span class='ocrx_word' id='word_1_305' title='bbox 2054 1355 2165 1405; x_wconf 90' lang='lat' dir='ltr'><strong><em>tem</em></strong></span> <span class='ocrx_word' id='word_1_306' title='bbox 2189 1363 2381 1406; x_wconf 88' lang='lat' dir='ltr'><strong><em>eorum</em></strong></span> <span class='ocrx_word' id='word_1_307' title='bbox 2405 1352 2797 1408; x_wconf 85' lang='lat' dir='ltr'><strong><em>conversionis</em></strong></span> <span class='ocrx_word' id='word_1_308' title='bbox 2820 1354 3137 1425; x_wconf 88' lang='lat' dir='ltr'><strong><em>rescripsit,</em></strong></span> <span class='ocrx_word' id='word_1_309' title='bbox 3165 1355 3399 1410; x_wconf 89' lang='lat' dir='ltr'><strong><em>dicens:</em></strong></span> <span class='ocrx_word' id='word_1_310' title='bbox 3427 1355 3699 1424; x_wconf 86' lang='lat' dir='ltr'><strong><em>Oportue—</em></strong></span> 
     </span>
    </p>
   </div>
   <div class='ocr_carea' id='block_1_44' title="bbox 2053 1439 3696 1514">
    <p class='ocr_par' dir='ltr' id='par_1_44' title="bbox 2053 1439 3696 1514">
     <span class='ocr_line' id='line_1_44' title="bbox 2053 1439 3696 1514; baseline 0.004 -22"><span class='ocrx_word' id='word_1_311' title='bbox 2053 1443 2143 1493; x_wconf 89' lang='lat' dir='ltr'><strong><em>rat</em></strong></span> <span class='ocrx_word' id='word_1_312' title='bbox 2158 1439 2394 1508; x_wconf 86' lang='lat' dir='ltr'><strong><em>quidem,</em></strong></span> <span class='ocrx_word' id='word_1_313' title='bbox 2413 1441 2663 1509; x_wconf 88' lang='lat' dir='ltr'><strong><em>quandiu</em></strong></span> <span class='ocrx_word' id='word_1_314' title='bbox 2673 1456 2728 1496; x_wconf 90' lang='lat' dir='ltr'><strong><em>se</em></strong></span> <span class='ocrx_word' id='word_1_315' title='bbox 2741 1448 3041 1509; x_wconf 89' lang='lat' dir='ltr'><strong><em>agnoscunt</em></strong></span> <span class='ocrx_word' id='word_1_316' title='bbox 3057 1446 3329 1513; x_wconf 81' lang='lat' dir='ltr'><strong><em>afﬁnitate</em></strong></span> <span class='ocrx_word' id='word_1_317' title='bbox 3341 1447 3696 1514; x_wconf 84' lang='lat' dir='ltr'><strong><em>prapinquos.</em></strong></span> 
     </span>
    </p>
   </div>
   <div class='ocr_carea' id='block_1_45' title="bbox 2054 1526 3699 1596">
    <p class='ocr_par' dir='ltr' id='par_1_45' title="bbox 2054 1526 3699 1596">
     <span class='ocr_line' id='line_1_45' title="bbox 2054 1526 3699 1596; baseline 0.005 -16"><span class='ocrx_word' id='word_1_318' title='bbox 2054 1526 2131 1580; x_wconf 87' lang='lat' dir='ltr'><strong><em>ad</em></strong></span> <span class='ocrx_word' id='word_1_319' title='bbox 2176 1528 2423 1596; x_wconf 88' lang='lat' dir='ltr'><strong><em>copulam</em></strong></span> <span class='ocrx_word' id='word_1_320' title='bbox 2472 1531 2810 1583; x_wconf 86' lang='lat' dir='ltr'><strong><em>matrimonii</em></strong></span> <span class='ocrx_word' id='word_1_321' title='bbox 2848 1546 2957 1584; x_wconf 92' lang='lat' dir='ltr'><strong><em>non</em></strong></span> <span class='ocrx_word' id='word_1_322' title='bbox 3007 1532 3254 1586; x_wconf 88' lang='lat' dir='ltr'><strong><em>accedere</em></strong></span> <span class='ocrx_word' id='word_1_323' title='bbox 3293 1551 3310 1586; x_wconf 90' lang='lat'><strong><em>:</em></strong></span> <span class='ocrx_word' id='word_1_324' title='bbox 3345 1533 3440 1587; x_wconf 89' lang='lat' dir='ltr'><strong><em>sed</em></strong></span> <span class='ocrx_word' id='word_1_325' title='bbox 3485 1536 3545 1586; x_wconf 91' lang='lat' dir='ltr'><strong><em>in</em></strong></span> <span class='ocrx_word' id='word_1_326' title='bbox 3589 1539 3699 1589; x_wconf 89' lang='lat' dir='ltr'><strong><em>tam</em></strong></span> 
     </span>
    </p>
   </div>
   <div class='ocr_carea' id='block_1_46' title="bbox 2057 1615 3696 1691">
    <p class='ocr_par' dir='ltr' id='par_1_46' title="bbox 2057 1615 3696 1691">
     <span class='ocr_line' id='line_1_46' title="bbox 2057 1615 3696 1691; baseline 0.004 -22"><span class='ocrx_word' id='word_1_327' title='bbox 2057 1615 2294 1670; x_wconf 89' lang='lat' dir='ltr'><strong><em>barbara</em></strong></span> <span class='ocrx_word' id='word_1_328' title='bbox 2347 1620 2500 1683; x_wconf 86' lang='lat' dir='ltr'><strong><em>gente</em></strong></span> <span class='ocrx_word' id='word_1_329' title='bbox 2547 1619 2721 1685; x_wconf 89' lang='lat' dir='ltr'><strong><em>magis</em></strong></span> <span class='ocrx_word' id='word_1_330' title='bbox 2764 1618 2946 1687; x_wconf 87' lang='lat' dir='ltr'><strong><em>placet</em></strong></span> <span class='ocrx_word' id='word_1_331' title='bbox 2989 1626 3260 1689; x_wconf 85' lang='lat' dir='ltr'><strong><em>respectus</em></strong></span> <span class='ocrx_word' id='word_1_332' title='bbox 3308 1624 3696 1691; x_wconf 71' lang='lat' dir='ltr'><strong><em>temperantix,</em></strong></span> 
     </span>
    </p>
   </div>
   <div class='ocr_carea' id='block_1_47' title="bbox 2055 1703 3701 1779">
    <p class='ocr_par' dir='ltr' id='par_1_47' title="bbox 2055 1703 3701 1779">
     <span class='ocr_line' id='line_1_47' title="bbox 2055 1703 3701 1779; baseline 0.004 -22"><span class='ocrx_word' id='word_1_333' title='bbox 2055 1719 2219 1773; x_wconf 91' lang='lat' dir='ltr'><strong><em>quam</em></strong></span> <span class='ocrx_word' id='word_1_334' title='bbox 2261 1703 2527 1760; x_wconf 85' lang='lat' dir='ltr'><strong><em>districtio</em></strong></span> <span class='ocrx_word' id='word_1_335' title='bbox 2577 1721 2860 1760; x_wconf 75' lang='lat' dir='ltr'><strong><em>censurae:</em></strong></span> <span class='ocrx_word' id='word_1_336' title='bbox 2895 1708 3291 1762; x_wconf 89' lang='lat' dir='ltr'><strong><em>concedendum</em></strong></span> <span class='ocrx_word' id='word_1_337' title='bbox 3333 1715 3432 1772; x_wconf 89' lang='lat' dir='ltr'><strong><em>est,</em></strong></span> <span class='ocrx_word' id='word_1_338' title='bbox 3479 1714 3541 1765; x_wconf 87' lang='lat' dir='ltr'><strong><em>ut</em></strong></span> <span class='ocrx_word' id='word_1_339' title='bbox 3580 1715 3701 1779; x_wconf 85' lang='lat' dir='ltr'><strong><em>post</em></strong></span> 
     </span>
    </p>
   </div>
   <div class='ocr_carea' id='block_1_48' title="bbox 1970 1796 3697 1888">
    <p class='ocr_par' dir='ltr' id='par_1_48' title="bbox 1970 1796 3697 1888">
     <span class='ocr_line' id='line_1_48' title="bbox 1970 1796 3697 1888; baseline 0.006 -42"><span class='ocrx_word' id='word_1_340' title='bbox 1970 1827 2022 1888; x_wconf 80' lang='grc' dir='ltr'>Β</span> <span class='ocrx_word' id='word_1_341' title='bbox 2054 1798 2308 1864; x_wconf 83' lang='lat' dir='ltr'><strong><em>quartam</em></strong></span> <span class='ocrx_word' id='word_1_342' title='bbox 2330 1796 2728 1888; x_wconf 77' lang='lat' dir='ltr'><strong><em>generationem</em></strong></span> <span class='ocrx_word' id='word_1_343' title='bbox 2737 1796 3074 1864; x_wconf 72' lang='lat' dir='ltr'><strong><em>fungantur.</em></strong></span> <span class='ocrx_word' id='word_1_344' title='bbox 3099 1797 3180 1852; x_wconf 85' lang='lat' dir='ltr'><strong><em>Ad</em></strong></span> <span class='ocrx_word' id='word_1_345' title='bbox 3206 1797 3309 1854; x_wconf 89' lang='lat' dir='ltr'><strong><em>hoc</em></strong></span> <span class='ocrx_word' id='word_1_346' title='bbox 3329 1804 3516 1854; x_wconf 85' lang='lat' dir='ltr'><strong><em>autem</em></strong></span> <span class='ocrx_word' id='word_1_347' title='bbox 3547 1800 3697 1869; x_wconf 90' lang='lat' dir='ltr'><strong><em>quod</em></strong></span> 
     </span>
    </p>
   </div>
   <div class='ocr_carea' id='block_1_49' title="bbox 2057 1881 3702 1953">
    <p class='ocr_par' dir='ltr' id='par_1_49' title="bbox 2057 1881 3702 1953">
     <span class='ocr_line' id='line_1_49' title="bbox 2057 1881 3702 1953; baseline 0.005 -16"><span class='ocrx_word' id='word_1_348' title='bbox 2057 1883 2341 1953; x_wconf 64' lang='lat' dir='ltr'><strong><em>quaesivit,</em></strong></span> <span class='ocrx_word' id='word_1_349' title='bbox 2371 1883 2419 1938; x_wconf 90' lang='lat' dir='ltr'><strong><em>si</em></strong></span> <span class='ocrx_word' id='word_1_350' title='bbox 2456 1881 2663 1938; x_wconf 89' lang='lat' dir='ltr'><strong><em>mulier</em></strong></span> <span class='ocrx_word' id='word_1_351' title='bbox 2692 1883 3034 1940; x_wconf 85' lang='lat' dir='ltr'><strong><em>inﬁrmatate</em></strong></span> <span class='ocrx_word' id='word_1_352' title='bbox 3053 1886 3279 1940; x_wconf 88' lang='lat' dir='ltr'><strong><em>detenta</em></strong></span> <span class='ocrx_word' id='word_1_353' title='bbox 3311 1900 3422 1942; x_wconf 93' lang='lat' dir='ltr'><strong><em>non</em></strong></span> <span class='ocrx_word' id='word_1_354' title='bbox 3453 1888 3702 1945; x_wconf 90' lang='lat' dir='ltr'><strong><em>valuerit</em></strong></span> 
     </span>
    </p>
   </div>
   <div class='ocr_carea' id='block_1_50' title="bbox 2053 1971 3700 2047">
    <p class='ocr_par' dir='ltr' id='par_1_50' title="bbox 2053 1971 3700 2047">
     <span class='ocr_line' id='line_1_50' title="bbox 2053 1971 3700 2047; baseline 0.004 -21"><span class='ocrx_word' id='word_1_355' title='bbox 2053 1971 2178 2026; x_wconf 86' lang='lat' dir='ltr'><strong><em>viro</em></strong></span> <span class='ocrx_word' id='word_1_356' title='bbox 2208 1971 2465 2026; x_wconf 90' lang='lat' dir='ltr'><strong><em>debitum</em></strong></span> <span class='ocrx_word' id='word_1_357' title='bbox 2495 1971 2734 2042; x_wconf 89' lang='lat' dir='ltr'><strong><em>solvere,</em></strong></span> <span class='ocrx_word' id='word_1_358' title='bbox 2771 1972 2910 2042; x_wconf 91' lang='lat' dir='ltr'><strong><em>quid</em></strong></span> <span class='ocrx_word' id='word_1_359' title='bbox 2944 1971 3116 2028; x_wconf 83' lang='lat' dir='ltr'><strong><em>faciat</em></strong></span> <span class='ocrx_word' id='word_1_360' title='bbox 3139 1973 3358 2043; x_wconf 88' lang='lat' dir='ltr'><strong><em>jugalis</em></strong></span> <span class='ocrx_word' id='word_1_361' title='bbox 3382 1975 3409 2028; x_wconf 83' lang='lat'><strong><em>?</em></strong></span> <span class='ocrx_word' id='word_1_362' title='bbox 3439 1976 3700 2047; x_wconf 80' lang='lat' dir='ltr'><strong><em>Respon-</em></strong></span> 
     </span>
    </p>
   </div>
   <div class='ocr_carea' id='block_1_51' title="bbox 2055 2056 3697 2130">
    <p class='ocr_par' dir='ltr' id='par_1_51' title="bbox 2055 2056 3697 2130">
     <span class='ocr_line' id='line_1_51' title="bbox 2055 2056 3697 2130; baseline 0.003 -17"><span class='ocrx_word' id='word_1_363' title='bbox 2055 2058 2162 2130; x_wconf 88' lang='lat' dir='ltr'><strong><em>dit,</em></strong></span> <span class='ocrx_word' id='word_1_364' title='bbox 2210 2059 2404 2114; x_wconf 89' lang='lat' dir='ltr'><strong><em>bonum</em></strong></span> <span class='ocrx_word' id='word_1_365' title='bbox 2442 2056 2658 2128; x_wconf 88' lang='lat' dir='ltr'><strong><em>quidem</em></strong></span> <span class='ocrx_word' id='word_1_366' title='bbox 2689 2075 2819 2122; x_wconf 90' lang='lat' dir='ltr'><strong><em>esse,</em></strong></span> <span class='ocrx_word' id='word_1_367' title='bbox 2860 2062 2910 2115; x_wconf 90' lang='lat' dir='ltr'><strong><em>si</em></strong></span> <span class='ocrx_word' id='word_1_368' title='bbox 2939 2063 3016 2115; x_wconf 89' lang='lat' dir='ltr'><strong><em>sic</em></strong></span> <span class='ocrx_word' id='word_1_369' title='bbox 3035 2067 3399 2130; x_wconf 84' lang='lat' dir='ltr'><strong><em>permaneret,</em></strong></span> <span class='ocrx_word' id='word_1_370' title='bbox 3432 2069 3494 2118; x_wconf 83' lang='lat' dir='ltr'><strong><em>ut</em></strong></span> <span class='ocrx_word' id='word_1_371' title='bbox 3518 2065 3697 2118; x_wconf 88' lang='lat' dir='ltr'><strong><em>absti—</em></strong></span> 
     </span>
    </p>
   </div>
   <div class='ocr_carea' id='block_1_52' title="bbox 2056 2149 3697 2218">
    <p class='ocr_par' dir='ltr' id='par_1_52' title="bbox 2056 2149 3697 2218">
     <span class='ocr_line' id='line_1_52' title="bbox 2056 2149 3697 2218; baseline 0.004 -18"><span class='ocrx_word' id='word_1_372' title='bbox 2056 2149 2253 2202; x_wconf 72' lang='lat' dir='ltr'><strong><em>nentix</em></strong></span> <span class='ocrx_word' id='word_1_373' title='bbox 2302 2154 2518 2203; x_wconf 82' lang='lat' dir='ltr'><strong><em>vacaret</em></strong></span> <span class='ocrx_word' id='word_1_374' title='bbox 2559 2151 2703 2204; x_wconf 90' lang='lat' dir='ltr'><strong><em>:sed</em></strong></span> <span class='ocrx_word' id='word_1_375' title='bbox 2749 2151 2881 2218; x_wconf 83' lang='lat' dir='ltr'><strong><em>quia</em></strong></span> <span class='ocrx_word' id='word_1_376' title='bbox 2931 2150 3028 2204; x_wconf 91' lang='lat' dir='ltr'><strong><em>hoc</em></strong></span> <span class='ocrx_word' id='word_1_377' title='bbox 3071 2165 3392 2217; x_wconf 87' lang='lat' dir='ltr'><strong><em>magnorum</em></strong></span> <span class='ocrx_word' id='word_1_378' title='bbox 3445 2156 3523 2206; x_wconf 88' lang='lat' dir='ltr'><strong><em>est</em></strong></span> <span class='ocrx_word' id='word_1_379' title='bbox 3556 2171 3573 2217; x_wconf 90' lang='lat'><strong><em>;</em></strong></span> <span class='ocrx_word' id='word_1_380' title='bbox 3604 2154 3697 2207; x_wconf 84' lang='lat' dir='ltr'><strong><em>ille</em></strong></span> 
     </span>
    </p>
   </div>
   <div class='ocr_carea' id='block_1_53' title="bbox 2057 2238 3698 2307">
    <p class='ocr_par' dir='ltr' id='par_1_53' title="bbox 2057 2238 3698 2307">
     <span class='ocr_line' id='line_1_53' title="bbox 2057 2238 3698 2307; baseline 0.004 -18"><span class='ocrx_word' id='word_1_381' title='bbox 2057 2238 2154 2305; x_wconf 87' lang='lat' dir='ltr'><strong><em>qui</em></strong></span> <span class='ocrx_word' id='word_1_382' title='bbox 2185 2251 2240 2290; x_wconf 88' lang='lat' dir='ltr'><strong><em>se</em></strong></span> <span class='ocrx_word' id='word_1_383' title='bbox 2273 2251 2381 2290; x_wconf 89' lang='lat' dir='ltr'><strong><em>non</em></strong></span> <span class='ocrx_word' id='word_1_384' title='bbox 2407 2241 2609 2307; x_wconf 88' lang='lat' dir='ltr'><strong><em>poterit</em></strong></span> <span class='ocrx_word' id='word_1_385' title='bbox 2638 2241 2928 2301; x_wconf 89' lang='lat' dir='ltr'><strong><em>continere,</em></strong></span> <span class='ocrx_word' id='word_1_386' title='bbox 2957 2238 3130 2292; x_wconf 89' lang='lat' dir='ltr'><strong><em>nubat</em></strong></span> <span class='ocrx_word' id='word_1_387' title='bbox 3156 2241 3354 2307; x_wconf 88' lang='lat' dir='ltr'><strong><em>magis,</em></strong></span> <span class='ocrx_word' id='word_1_388' title='bbox 3385 2256 3493 2294; x_wconf 91' lang='lat' dir='ltr'><strong><em>non</em></strong></span> <span class='ocrx_word' id='word_1_389' title='bbox 3519 2246 3698 2296; x_wconf 88' lang='lat' dir='ltr'><strong><em>tamen</em></strong></span> 
     </span>
    </p>
   </div>
   <div class='ocr_carea' id='block_1_54' title="bbox 2057 2325 3699 2400">
    <p class='ocr_par' dir='ltr' id='par_1_54' title="bbox 2057 2325 3699 2400">
     <span class='ocr_line' id='line_1_54' title="bbox 2057 2325 3699 2400; baseline 0.003 -20"><span class='ocrx_word' id='word_1_390' title='bbox 2057 2325 2293 2380; x_wconf 86' lang='lat' dir='ltr'><strong><em>subsidii</em></strong></span> <span class='ocrx_word' id='word_1_391' title='bbox 2316 2341 2465 2395; x_wconf 87' lang='lat' dir='ltr'><strong><em>opem</em></strong></span> <span class='ocrx_word' id='word_1_392' title='bbox 2485 2328 2772 2381; x_wconf 88' lang='lat' dir='ltr'><strong><em>subtrahat</em></strong></span> <span class='ocrx_word' id='word_1_393' title='bbox 2801 2328 2870 2381; x_wconf 89' lang='lat' dir='ltr'><strong><em>ab</em></strong></span> <span class='ocrx_word' id='word_1_394' title='bbox 2894 2329 3014 2391; x_wconf 86' lang='lat' dir='ltr'><strong><em>illa,</em></strong></span> <span class='ocrx_word' id='word_1_395' title='bbox 3045 2344 3209 2397; x_wconf 91' lang='lat' dir='ltr'><strong><em>quam</em></strong></span> <span class='ocrx_word' id='word_1_396' title='bbox 3233 2331 3524 2398; x_wconf 79' lang='lat' dir='ltr'><strong><em>inﬁrmitas</em></strong></span> <span class='ocrx_word' id='word_1_397' title='bbox 3546 2347 3699 2400; x_wconf 75' lang='lat' dir='ltr'><strong><em>prae-</em></strong></span> 
     </span>
    </p>
   </div>
   <div class='ocr_carea' id='block_1_55' title="bbox 2049 2415 3701 2490">
    <p class='ocr_par' dir='ltr' id='par_1_55' title="bbox 2049 2415 3701 2490">
     <span class='ocr_line' id='line_1_55' title="bbox 2049 2415 3701 2490; baseline 0.004 -22"><span class='ocrx_word' id='word_1_398' title='bbox 2049 2415 2226 2483; x_wconf 89' lang='lat' dir='ltr'><strong><em>pedit,</em></strong></span> <span class='ocrx_word' id='word_1_399' title='bbox 2264 2419 2313 2468; x_wconf 90' lang='lat' dir='ltr'><strong><em>et</em></strong></span> <span class='ocrx_word' id='word_1_400' title='bbox 2339 2431 2446 2470; x_wconf 91' lang='lat' dir='ltr'><strong><em>non</em></strong></span> <span class='ocrx_word' id='word_1_401' title='bbox 2477 2416 2809 2470; x_wconf 75' lang='lat' dir='ltr'><strong><em>detestabilis</em></strong></span> <span class='ocrx_word' id='word_1_402' title='bbox 2853 2417 3014 2486; x_wconf 83' lang='lat' dir='ltr'><strong><em>culpa</em></strong></span> <span class='ocrx_word' id='word_1_403' title='bbox 3051 2417 3311 2472; x_wconf 86' lang='lat' dir='ltr'><strong><em>excludit.</em></strong></span> <span class='ocrx_word' id='word_1_404' title='bbox 3354 2419 3431 2474; x_wconf 93' lang='lat' dir='ltr'><strong><em>De</em></strong></span> <span class='ocrx_word' id='word_1_405' title='bbox 3459 2420 3701 2490; x_wconf 78' lang='lat' dir='ltr'><strong><em>Presby—</em></strong></span> 
     </span>
    </p>
   </div>
   <div class='ocr_carea' id='block_1_56' title="bbox 2059 2505 3702 2575">
    <p class='ocr_par' dir='ltr' id='par_1_56' title="bbox 2059 2505 3702 2575">
     <span class='ocr_line' id='line_1_56' title="bbox 2059 2505 3702 2575; baseline 0.002 -17"><span class='ocrx_word' id='word_1_406' title='bbox 2059 2509 2178 2559; x_wconf 86' lang='lat' dir='ltr'><strong><em>tero</em></strong></span> <span class='ocrx_word' id='word_1_407' title='bbox 2208 2517 2338 2559; x_wconf 88' lang='lat' dir='ltr'><strong><em>vero</em></strong></span> <span class='ocrx_word' id='word_1_408' title='bbox 2369 2518 2400 2559; x_wconf 91' lang='lat' dir='ltr'><strong><em>a</em></strong></span> <span class='ocrx_word' id='word_1_409' title='bbox 2432 2505 2642 2575; x_wconf 90' lang='lat' dir='ltr'><strong><em>p0pulo</em></strong></span> <span class='ocrx_word' id='word_1_410' title='bbox 2671 2513 2937 2561; x_wconf 88' lang='lat' dir='ltr'><strong><em>accusato</em></strong></span> <span class='ocrx_word' id='word_1_411' title='bbox 2967 2506 3114 2561; x_wconf 89' lang='lat' dir='ltr'><strong><em>dicit</em></strong></span> <span class='ocrx_word' id='word_1_412' title='bbox 3141 2524 3154 2560; x_wconf 88' lang='lat'><strong>:</strong></span> <span class='ocrx_word' id='word_1_413' title='bbox 3189 2506 3250 2560; x_wconf 88' lang='lat' dir='ltr'><strong><em>Si</em></strong></span> <span class='ocrx_word' id='word_1_414' title='bbox 3273 2509 3407 2561; x_wconf 81' lang='lat' dir='ltr'><strong><em>certi</em></strong></span> <span class='ocrx_word' id='word_1_415' title='bbox 3434 2524 3541 2562; x_wconf 90' lang='lat' dir='ltr'><strong><em>non</em></strong></span> <span class='ocrx_word' id='word_1_416' title='bbox 3568 2511 3702 2575; x_wconf 85' lang='lat' dir='ltr'><strong><em>fue—</em></strong></span> 
     </span>
    </p>
   </div>
   <div class='ocr_carea' id='block_1_57' title="bbox 2057 2594 3701 2665">
    <p class='ocr_par' dir='ltr' id='par_1_57' title="bbox 2057 2594 3701 2665">
     <span class='ocr_line' id='line_1_57' title="bbox 2057 2594 3701 2665; baseline 0.003 -19"><span class='ocrx_word' id='word_1_417' title='bbox 2057 2594 2171 2646; x_wconf 86' lang='lat' dir='ltr'><strong><em>rint</em></strong></span> <span class='ocrx_word' id='word_1_418' title='bbox 2213 2597 2369 2647; x_wconf 88' lang='lat' dir='ltr'><strong><em>testes</em></strong></span> <span class='ocrx_word' id='word_1_419' title='bbox 2431 2596 2529 2662; x_wconf 89' lang='lat' dir='ltr'><strong><em>qui</em></strong></span> <span class='ocrx_word' id='word_1_420' title='bbox 2571 2596 2788 2648; x_wconf 90' lang='lat' dir='ltr'><strong><em>crimini</em></strong></span> <span class='ocrx_word' id='word_1_421' title='bbox 2840 2595 2995 2648; x_wconf 80' lang='lat' dir='ltr'><strong><em>illato</em></strong></span> <span class='ocrx_word' id='word_1_422' title='bbox 3050 2595 3350 2665; x_wconf 87' lang='lat' dir='ltr'><strong><em>approbent</em></strong></span> <span class='ocrx_word' id='word_1_423' title='bbox 3398 2599 3701 2660; x_wconf 76' lang='lat' dir='ltr'><strong><em>veritatem,</em></strong></span> 
     </span>
    </p>
   </div>
   <div class='ocr_carea' id='block_1_58' title="bbox 2047 2680 3705 2754">
    <p class='ocr_par' dir='ltr' id='par_1_58' title="bbox 2047 2680 3705 2754">
     <span class='ocr_line' id='line_1_58' title="bbox 2047 2680 3705 2754; baseline 0.003 -20"><span class='ocrx_word' id='word_1_424' title='bbox 2047 2680 2451 2749; x_wconf 85' lang='lat' dir='ltr'><strong><em>jusjurandum</em></strong></span> <span class='ocrx_word' id='word_1_425' title='bbox 2491 2684 2594 2736; x_wconf 88' lang='lat' dir='ltr'><strong><em>erit</em></strong></span> <span class='ocrx_word' id='word_1_426' title='bbox 2629 2685 2689 2736; x_wconf 90' lang='lat' dir='ltr'><strong><em>in</em></strong></span> <span class='ocrx_word' id='word_1_427' title='bbox 2717 2682 2893 2737; x_wconf 87' lang='lat' dir='ltr'><strong><em>medio</em></strong></span> <span class='ocrx_word' id='word_1_428' title='bbox 2924 2701 2941 2748; x_wconf 87' lang='lat'><strong><em>;</em></strong></span> <span class='ocrx_word' id='word_1_429' title='bbox 2968 2689 3018 2737; x_wconf 92' lang='lat' dir='ltr'><strong><em>et</em></strong></span> <span class='ocrx_word' id='word_1_430' title='bbox 3045 2684 3204 2738; x_wconf 84' lang='lat' dir='ltr'><strong><em>illum</em></strong></span> <span class='ocrx_word' id='word_1_431' title='bbox 3241 2688 3422 2738; x_wconf 87' lang='lat' dir='ltr'><strong><em>testem</em></strong></span> <span class='ocrx_word' id='word_1_432' title='bbox 3453 2688 3705 2754; x_wconf 84' lang='lat' dir='ltr'><strong><em>proferat</em></strong></span> 
     </span>
    </p>
   </div>
   <div class='ocr_carea' id='block_1_59' title="bbox 2060 2769 3706 2844">
    <p class='ocr_par' dir='ltr' id='par_1_59' title="bbox 2060 2769 3706 2844">
     <span class='ocr_line' id='line_1_59' title="bbox 2060 2769 3706 2844; baseline 0.004 -20"><span class='ocrx_word' id='word_1_433' title='bbox 2060 2769 2126 2824; x_wconf 87' lang='lat' dir='ltr'><strong><em>de</em></strong></span> <span class='ocrx_word' id='word_1_434' title='bbox 2155 2772 2475 2826; x_wconf 67' lang='lat' dir='ltr'><strong><em>innocentiae</em></strong></span> <span class='ocrx_word' id='word_1_435' title='bbox 2511 2786 2622 2826; x_wconf 77' lang='lat' dir='ltr'><strong><em>sux</em></strong></span> <span class='ocrx_word' id='word_1_436' title='bbox 2651 2773 2918 2841; x_wconf 89' lang='lat' dir='ltr'><strong><em>puritate,</em></strong></span> <span class='ocrx_word' id='word_1_437' title='bbox 2960 2774 3049 2826; x_wconf 90' lang='lat' dir='ltr'><strong><em>cui</em></strong></span> <span class='ocrx_word' id='word_1_438' title='bbox 3086 2773 3238 2827; x_wconf 90' lang='lat' dir='ltr'><strong><em>nuda</em></strong></span> <span class='ocrx_word' id='word_1_439' title='bbox 3272 2778 3322 2827; x_wconf 90' lang='lat' dir='ltr'><strong><em>et</em></strong></span> <span class='ocrx_word' id='word_1_440' title='bbox 3350 2778 3541 2844; x_wconf 85' lang='lat' dir='ltr'><strong><em>aperta</em></strong></span> <span class='ocrx_word' id='word_1_441' title='bbox 3578 2780 3706 2830; x_wconf 89' lang='lat' dir='ltr'><strong><em>sunt</em></strong></span> 
     </span>
    </p>
   </div>
   <div class='ocr_carea' id='block_1_60' title="bbox 2060 2861 3702 2933">
    <p class='ocr_par' dir='ltr' id='par_1_60' title="bbox 2060 2861 3702 2933">
     <span class='ocr_line' id='line_1_60' title="bbox 2060 2861 3702 2933; baseline 0.005 -21"><span class='ocrx_word' id='word_1_442' title='bbox 2060 2861 2263 2921; x_wconf 89' lang='lat' dir='ltr'><strong><em>omnia,</em></strong></span> <span class='ocrx_word' id='word_1_443' title='bbox 2291 2861 2475 2928; x_wconf 90' lang='lat' dir='ltr'><strong><em>sicque</em></strong></span> <span class='ocrx_word' id='word_1_444' title='bbox 2502 2865 2722 2915; x_wconf 89' lang='lat' dir='ltr'><strong><em>maneat</em></strong></span> <span class='ocrx_word' id='word_1_445' title='bbox 2749 2861 2810 2914; x_wconf 89' lang='lat' dir='ltr'><strong><em>in</em></strong></span> <span class='ocrx_word' id='word_1_446' title='bbox 2835 2863 3060 2931; x_wconf 85' lang='lat' dir='ltr'><strong><em>proprio</em></strong></span> <span class='ocrx_word' id='word_1_447' title='bbox 3089 2861 3289 2928; x_wconf 87' lang='lat' dir='ltr'><strong><em>gradu.</em></strong></span> <span class='ocrx_word' id='word_1_448' title='bbox 3322 2864 3459 2918; x_wconf 87' lang='lat' dir='ltr'><strong><em>Item</em></strong></span> <span class='ocrx_word' id='word_1_449' title='bbox 3492 2877 3702 2933; x_wconf 60' lang='lat' dir='ltr'><strong><em>praece-</em></strong></span> 
     </span>
    </p>
   </div>
   <div class='ocr_carea' id='block_1_61' title="bbox 2064 2946 3712 3022">
    <p class='ocr_par' dir='ltr' id='par_1_61' title="bbox 2064 2946 3712 3022">
     <span class='ocr_line' id='line_1_61' title="bbox 2064 2946 3712 3022; baseline 0.006 -22"><span class='ocrx_word' id='word_1_450' title='bbox 2064 2946 2148 3016; x_wconf 90' lang='lat' dir='ltr'><strong><em>pit</em></strong></span> <span class='ocrx_word' id='word_1_451' title='bbox 2174 2961 2243 3001; x_wconf 92' lang='lat' dir='ltr'><strong><em>ne</em></strong></span> <span class='ocrx_word' id='word_1_452' title='bbox 2272 2947 2358 3002; x_wconf 90' lang='lat' dir='ltr'><strong><em>eis</em></strong></span> <span class='ocrx_word' id='word_1_453' title='bbox 2396 2962 2540 3017; x_wconf 90' lang='lat' dir='ltr'><strong><em>quos</em></strong></span> <span class='ocrx_word' id='word_1_454' title='bbox 2581 2953 2738 3017; x_wconf 90' lang='lat' dir='ltr'><strong><em>pater</em></strong></span> <span class='ocrx_word' id='word_1_455' title='bbox 2766 2949 2851 3004; x_wconf 91' lang='lat' dir='ltr'><strong><em>vel</em></strong></span> <span class='ocrx_word' id='word_1_456' title='bbox 2900 2955 3076 3006; x_wconf 87' lang='lat' dir='ltr'><strong><em>mater</em></strong></span> <span class='ocrx_word' id='word_1_457' title='bbox 3111 2951 3277 3019; x_wconf 82' lang='lat' dir='ltr'><strong><em>juxta</em></strong></span> <span class='ocrx_word' id='word_1_458' title='bbox 3317 2956 3474 3022; x_wconf 91' lang='lat' dir='ltr'><strong><em>septa</em></strong></span> <span class='ocrx_word' id='word_1_459' title='bbox 3507 2967 3712 3010; x_wconf 90' lang='lat' dir='ltr'><strong><em>mona—</em></strong></span> 
     </span>
    </p>
   </div>
   <div class='ocr_carea' id='block_1_62' title="bbox 2061 3035 3712 3108">
    <p class='ocr_par' dir='ltr' id='par_1_62' title="bbox 2061 3035 3712 3108">
     <span class='ocr_line' id='line_1_62' title="bbox 2061 3035 3712 3108; baseline 0.006 -19"><span class='ocrx_word' id='word_1_460' title='bbox 2061 3035 2225 3090; x_wconf 90' lang='lat' dir='ltr'><strong><em>sterii</em></strong></span> <span class='ocrx_word' id='word_1_461' title='bbox 2273 3036 2330 3090; x_wconf 90' lang='lat' dir='ltr'><strong><em>in</em></strong></span> <span class='ocrx_word' id='word_1_462' title='bbox 2382 3035 2641 3091; x_wconf 63' lang='lat' dir='ltr'><strong><em>infantiae</em></strong></span> <span class='ocrx_word' id='word_1_463' title='bbox 2682 3037 2852 3092; x_wconf 90' lang='lat' dir='ltr'><strong><em>annis</em></strong></span> <span class='ocrx_word' id='word_1_464' title='bbox 2894 3037 3002 3092; x_wconf 93' lang='lat' dir='ltr'><strong><em>sub</em></strong></span> <span class='ocrx_word' id='word_1_465' title='bbox 3050 3039 3300 3108; x_wconf 88' lang='lat' dir='ltr'><strong><em>regulari</em></strong></span> <span class='ocrx_word' id='word_1_466' title='bbox 3348 3041 3712 3099; x_wconf 88' lang='lat' dir='ltr'><strong><em>tradiderunt</em></strong></span> 
     </span>
    </p>
   </div>
   <div class='ocr_carea' id='block_1_63' title="bbox 303 3121 3710 3199">
    <p class='ocr_par' dir='ltr' id='par_1_63' title="bbox 303 3121 3710 3199">
     <span class='ocr_line' id='line_1_63' title="bbox 303 3121 3710 3199; baseline 0 -15"><span class='ocrx_word' id='word_1_467' title='bbox 303 3128 494 3193; x_wconf 85' lang='lat' dir='ltr'><strong><em>Cruce,</em></strong></span> <span class='ocrx_word' id='word_1_468' title='bbox 530 3144 731 3184; x_wconf 89' lang='lat' dir='ltr'><strong><em>nonam</em></strong></span> <span class='ocrx_word' id='word_1_469' title='bbox 758 3129 825 3184; x_wconf 88' lang='lat' dir='ltr'><strong><em>de</em></strong></span> <span class='ocrx_word' id='word_1_470' title='bbox 864 3129 1082 3198; x_wconf 83' lang='lat' dir='ltr'><strong><em>Jejunio</em></strong></span> <span class='ocrx_word' id='word_1_471' title='bbox 1125 3127 1568 3196; x_wconf 78' lang='lat' dir='ltr'><strong><em>Quadragesimx</em></strong></span> <span class='ocrx_word' id='word_1_472' title='bbox 1608 3121 1728 3199; x_wconf 87' lang='lat' dir='ltr'><strong><em>[has</em></strong></span> <span class='ocrx_word' id='word_1_473' title='bbox 1760 3130 1954 3180; x_wconf 88' lang='lat' dir='ltr'><strong><em>tenen-</em></strong></span> <span class='ocrx_word' id='word_1_474' title='bbox 1985 3189 2024 3199; x_wconf 41' lang='grc' dir='ltr'><strong>Α</strong></span> <span class='ocrx_word' id='word_1_475' title='bbox 2061 3123 2398 3194; x_wconf 87' lang='lat' dir='ltr'><strong><em>disciplina,</em></strong></span> <span class='ocrx_word' id='word_1_476' title='bbox 2428 3123 2620 3194; x_wconf 86' lang='lat' dir='ltr'><strong><em>egredi</em></strong></span> <span class='ocrx_word' id='word_1_477' title='bbox 2655 3123 2843 3194; x_wconf 90' lang='lat' dir='ltr'><strong><em>liceat,</em></strong></span> <span class='ocrx_word' id='word_1_478' title='bbox 2889 3131 3188 3194; x_wconf 87' lang='lat' dir='ltr'><strong><em>postquam</em></strong></span> <span class='ocrx_word' id='word_1_479' title='bbox 3223 3126 3542 3195; x_wconf 88' lang='lat' dir='ltr'><strong><em>pubertatis</em></strong></span> <span class='ocrx_word' id='word_1_480' title='bbox 3573 3130 3710 3185; x_wconf 88' lang='lat' dir='ltr'><strong><em>anni</em></strong></span> 
     </span>
    </p>
   </div>
   <div class='ocr_carea' id='block_1_64' title="bbox 303 3189 3711 3294">
    <p class='ocr_par' dir='ltr' id='par_1_64' title="bbox 303 3189 3711 3294">
     <span class='ocr_line' id='line_1_64' title="bbox 303 3189 3711 3294; baseline 0 -21"><span class='ocrx_word' id='word_1_481' title='bbox 303 3218 404 3273; x_wconf 84' lang='lat' dir='ltr'><strong><em>das</em></strong></span> <span class='ocrx_word' id='word_1_482' title='bbox 428 3189 577 3273; x_wconf 81' lang='lat' dir='ltr'><strong><em>vobis</em></strong></span> <span class='ocrx_word' id='word_1_483' title='bbox 599 3189 969 3294; x_wconf 70' lang='lat' dir='ltr'><strong><em>mandamus].</em></strong></span> <span class='ocrx_word' id='word_1_484' title='bbox 999 3218 1061 3274; x_wconf 90' lang='lat' dir='ltr'><strong><em>Si</em></strong></span> <span class='ocrx_word' id='word_1_485' title='bbox 1083 3189 1206 3288; x_wconf 78' lang='lat' dir='ltr'><strong><em>quis</em></strong></span> <span class='ocrx_word' id='word_1_486' title='bbox 1226 3217 1310 3272; x_wconf 84' lang='lat' dir='ltr'><strong><em>his</em></strong></span> <span class='ocrx_word' id='word_1_487' title='bbox 1336 3189 1671 3286; x_wconf 70' lang='lat' dir='ltr'><strong><em>supradictis</em></strong></span> <span class='ocrx_word' id='word_1_488' title='bbox 1700 3215 1953 3284; x_wconf 88' lang='lat' dir='ltr'><strong><em>dempse-</em></strong></span> <span class='ocrx_word' id='word_1_489' title='bbox 1977 3189 2035 3254; x_wconf 66' lang='grc' dir='ltr'><strong><em>θ’</em></strong></span> <span class='ocrx_word' id='word_1_490' title='bbox 2064 3189 2422 3268; x_wconf 79' lang='lat' dir='ltr'><strong><em>inoleverint.</em></strong></span> <span class='ocrx_word' id='word_1_491' title='bbox 2447 3189 2601 3281; x_wconf 75' lang='lat' dir='ltr'><strong><em>Illos,</em></strong></span> <span class='ocrx_word' id='word_1_492' title='bbox 2629 3212 2730 3282; x_wconf 85' lang='lat' dir='ltr'><strong><em>qui</em></strong></span> <span class='ocrx_word' id='word_1_493' title='bbox 2757 3189 2971 3283; x_wconf 71' lang='lat' dir='ltr'><strong><em>absque</em></strong></span> <span class='ocrx_word' id='word_1_494' title='bbox 3001 3189 3450 3285; x_wconf 76' lang='lat' dir='ltr'><strong><em>interrogatione</em></strong></span> <span class='ocrx_word' id='word_1_495' title='bbox 3469 3216 3711 3272; x_wconf 88' lang='lat' dir='ltr'><strong><em>subdola</em></strong></span> 
     </span>
    </p>
   </div>
   <div class='ocr_carea' id='block_1_65' title="bbox 303 3304 1954 3373">
    <p class='ocr_par' dir='ltr' id='par_1_65' title="bbox 303 3304 1954 3373">
     <span class='ocr_line' id='line_1_65' title="bbox 303 3304 1954 3373; baseline -0.001 -11"><span class='ocrx_word' id='word_1_496' title='bbox 303 3309 379 3362; x_wconf 88' lang='lat' dir='ltr'><strong><em>rit</em></strong></span> <span class='ocrx_word' id='word_1_497' title='bbox 400 3309 487 3362; x_wconf 80' lang='lat' dir='ltr'><strong><em>vel</em></strong></span> <span class='ocrx_word' id='word_1_498' title='bbox 507 3308 806 3371; x_wconf 82' lang='lat' dir='ltr'><strong><em>addiderit,</em></strong></span> <span class='ocrx_word' id='word_1_499' title='bbox 838 3307 1127 3363; x_wconf 85' lang='lat' dir='ltr'><strong><em>anathema</em></strong></span> <span class='ocrx_word' id='word_1_500' title='bbox 1151 3309 1240 3361; x_wconf 89' lang='lat' dir='ltr'><strong><em>sit.</em></strong></span> <span class='ocrx_word' id='word_1_501' title='bbox 1276 3306 1379 3361; x_wconf 89' lang='lat' dir='ltr'><strong><em>Hic</em></strong></span> <span class='ocrx_word' id='word_1_502' title='bbox 1403 3304 1696 3362; x_wconf 87' lang='lat' dir='ltr'><strong><em>ordinavit</em></strong></span> <span class='ocrx_word' id='word_1_503' title='bbox 1721 3304 1954 3373; x_wconf 91' lang='lat' dir='ltr'><strong><em>episco—</em></strong></span> 
     </span>
    </p>
   </div>
   <div class='ocr_carea' id='block_1_66' title="bbox 304 3394 1950 3470">
    <p class='ocr_par' dir='ltr' id='par_1_66' title="bbox 304 3394 1950 3470">
     <span class='ocr_line' id='line_1_66' title="bbox 304 3394 1950 3470; baseline -0.002 -16"><span class='ocrx_word' id='word_1_504' title='bbox 304 3411 406 3468; x_wconf 90' lang='lat' dir='ltr'><strong><em>pos</em></strong></span> <span class='ocrx_word' id='word_1_505' title='bbox 427 3398 1061 3470; x_wconf 86' lang='lat' dir='ltr'><strong><em>duodequinquaginta,</em></strong></span> <span class='ocrx_word' id='word_1_506' title='bbox 1098 3395 1458 3468; x_wconf 88' lang='lat' dir='ltr'><strong><em>presbyteros</em></strong></span> <span class='ocrx_word' id='word_1_507' title='bbox 1487 3394 1696 3467; x_wconf 87' lang='lat' dir='ltr'><strong><em>viginti</em></strong></span> <span class='ocrx_word' id='word_1_508' title='bbox 1723 3399 1781 3450; x_wconf 92' lang='lat' dir='ltr'><strong><em>et</em></strong></span> <span class='ocrx_word' id='word_1_509' title='bbox 1800 3397 1950 3465; x_wconf 89' lang='lat' dir='ltr'><strong><em>octo,</em></strong></span> 
     </span>
    </p>
   </div>
   <div class='ocr_carea' id='block_1_67' title="bbox 302 3483 1791 3544">
    <p class='ocr_par' dir='ltr' id='par_1_67' title="bbox 302 3483 1791 3544">
     <span class='ocr_line' id='line_1_67' title="bbox 302 3483 1791 3544; baseline -0.003 -2"><span class='ocrx_word' id='word_1_510' title='bbox 302 3486 576 3544; x_wconf 88' lang='lat' dir='ltr'><strong><em>diaconos</em></strong></span> <span class='ocrx_word' id='word_1_511' title='bbox 606 3492 751 3544; x_wconf 92' lang='lat' dir='ltr'><strong><em>octo.</em></strong></span> <span class='ocrx_word' id='word_1_512' title='bbox 786 3486 945 3543; x_wconf 89' lang='lat' dir='ltr'><strong><em>Obiit</em></strong></span> <span class='ocrx_word' id='word_1_513' title='bbox 974 3490 1163 3542; x_wconf 90' lang='lat' dir='ltr'><strong><em>autem</em></strong></span> <span class='ocrx_word' id='word_1_514' title='bbox 1193 3499 1272 3540; x_wconf 84' lang='lat' dir='ltr'><strong><em>vn</em></strong></span> <span class='ocrx_word' id='word_1_515' title='bbox 1305 3485 1438 3541; x_wconf 87' lang='lat' dir='ltr'><strong><em>ldus</em></strong></span> <span class='ocrx_word' id='word_1_516' title='bbox 1470 3483 1791 3540; x_wconf 86' lang='lat' dir='ltr'><strong><em>Februarii.</em></strong></span> 
     </span>
    </p>
   </div>
   <div class='ocr_carea' id='block_1_68' title="bbox 717 3573 1536 3633">
    <p class='ocr_par' dir='ltr' id='par_1_68' title="bbox 717 3573 1536 3633">
     <span class='ocr_line' id='line_1_68' title="bbox 717 3573 1536 3633; baseline -0.007 0"><span class='ocrx_word' id='word_1_517' title='bbox 717 3576 902 3633; x_wconf 86' lang='lat' dir='ltr'><strong>LXVI.</strong></span> <span class='ocrx_word' id='word_1_518' title='bbox 934 3605 1009 3616; x_wconf 92' lang='lat'><strong><em>—</em></strong></span> <span class='ocrx_word' id='word_1_519' title='bbox 1033 3576 1088 3631; x_wconf 90' lang='lat' dir='ltr'><strong><em>S.</em></strong></span> <span class='ocrx_word' id='word_1_520' title='bbox 1122 3573 1536 3631; x_wconf 81' lang='lat' dir='ltr'><strong><em>GREGORIUS.</em></strong></span> 
     </span>
    </p>
   </div>
   <div class='ocr_carea' id='block_1_69' title="bbox 835 3662 1422 3737">
    <p class='ocr_par' dir='ltr' id='par_1_69' title="bbox 835 3662 1422 3737">
     <span class='ocr_line' id='line_1_69' title="bbox 835 3662 1422 3737; baseline -0.003 -17"><span class='ocrx_word' id='word_1_521' title='bbox 835 3664 1018 3737; x_wconf 82' lang='lat' dir='ltr'><strong><em>(Anno</em></strong></span> <span class='ocrx_word' id='word_1_522' title='bbox 1050 3665 1251 3720; x_wconf 88' lang='lat' dir='ltr'><strong><em>Christi</em></strong></span> <span class='ocrx_word' id='word_1_523' title='bbox 1272 3662 1422 3736; x_wconf 77' lang='lat'><strong><em>590.)</em></strong></span> 
     </span>
    </p>
   </div>
   <div class='ocr_carea' id='block_1_70' title="bbox 373 3750 1952 3828">
    <p class='ocr_par' dir='ltr' id='par_1_70' title="bbox 373 3750 1952 3828">
     <span class='ocr_line' id='line_1_70' title="bbox 373 3750 1952 3828; baseline -0.004 -15"><span class='ocrx_word' id='word_1_524' title='bbox 373 3756 709 3828; x_wconf 88' lang='lat' dir='ltr'><strong><em>Gregorius,</em></strong></span> <span class='ocrx_word' id='word_1_525' title='bbox 752 3755 985 3812; x_wconf 88' lang='lat' dir='ltr'><strong><em>natione</em></strong></span> <span class='ocrx_word' id='word_1_526' title='bbox 1013 3755 1322 3822; x_wconf 84' lang='lat' dir='ltr'><strong><em>Romanus,</em></strong></span> <span class='ocrx_word' id='word_1_527' title='bbox 1355 3767 1424 3810; x_wconf 88' lang='lat' dir='ltr'><strong><em>ex</em></strong></span> <span class='ocrx_word' id='word_1_528' title='bbox 1454 3757 1614 3823; x_wconf 86' lang='lat' dir='ltr'><strong><em>patre</em></strong></span> <span class='ocrx_word' id='word_1_529' title='bbox 1639 3750 1952 3821; x_wconf 90' lang='lat' dir='ltr'><strong><em>Gordiano,</em></strong></span> 
     </span>
    </p>
   </div>
   <div class='ocr_carea' id='block_1_71' title="bbox 302 3839 1959 3911">
    <p class='ocr_par' dir='ltr' id='par_1_71' title="bbox 302 3839 1959 3911">
     <span class='ocr_line' id='line_1_71' title="bbox 302 3839 1959 3911; baseline -0.006 -7"><span class='ocrx_word' id='word_1_530' title='bbox 302 3847 457 3905; x_wconf 88' lang='lat' dir='ltr'><strong><em>sedit</em></strong></span> <span class='ocrx_word' id='word_1_531' title='bbox 494 3858 676 3901; x_wconf 88' lang='lat' dir='ltr'><strong><em>annos</em></strong></span> <span class='ocrx_word' id='word_1_532' title='bbox 714 3844 1007 3911; x_wconf 88' lang='lat' dir='ltr'><strong><em>tredecim,</em></strong></span> <span class='ocrx_word' id='word_1_533' title='bbox 1053 3856 1272 3898; x_wconf 89' lang='lat' dir='ltr'><strong><em>menses</em></strong></span> <span class='ocrx_word' id='word_1_534' title='bbox 1302 3856 1418 3911; x_wconf 89' lang='lat' dir='ltr'><strong><em>sex,</em></strong></span> <span class='ocrx_word' id='word_1_535' title='bbox 1451 3841 1577 3896; x_wconf 91' lang='lat' dir='ltr'><strong><em>dies</em></strong></span> <span class='ocrx_word' id='word_1_536' title='bbox 1605 3841 1817 3897; x_wconf 92' lang='lat' dir='ltr'><strong><em>decem.</em></strong></span> <span class='ocrx_word' id='word_1_537' title='bbox 1855 3839 1959 3894; x_wconf 87' lang='lat' dir='ltr'><strong><em>Hic</em></strong></span> 
     </span>
    </p>
   </div>
   <div class='ocr_carea' id='block_1_72' title="bbox 303 3929 1961 4004">
    <p class='ocr_par' dir='ltr' id='par_1_72' title="bbox 303 3929 1961 4004">
     <span class='ocr_line' id='line_1_72' title="bbox 303 3929 1961 4004; baseline -0.005 -12"><span class='ocrx_word' id='word_1_538' title='bbox 303 3936 444 3992; x_wconf 87' lang='lat' dir='ltr'><strong><em>fecit</em></strong></span> <span class='ocrx_word' id='word_1_539' title='bbox 472 3933 742 3990; x_wconf 88' lang='lat' dir='ltr'><strong><em>homilias</em></strong></span> <span class='ocrx_word' id='word_1_540' title='bbox 783 3933 1183 4004; x_wconf 87' lang='lat' dir='ltr'><strong><em>quadraginta,</em></strong></span> <span class='ocrx_word' id='word_1_541' title='bbox 1220 3937 1275 3986; x_wconf 90' lang='lat' dir='ltr'><strong><em>et</em></strong></span> <span class='ocrx_word' id='word_1_542' title='bbox 1301 3931 1569 4000; x_wconf 83' lang='lat' dir='ltr'><strong><em>exposuit</em></strong></span> <span class='ocrx_word' id='word_1_543' title='bbox 1604 3929 1706 3985; x_wconf 86' lang='lat' dir='ltr'><strong><em>Job</em></strong></span> <span class='ocrx_word' id='word_1_544' title='bbox 1735 3934 1791 3984; x_wconf 91' lang='lat' dir='ltr'><strong><em>et</em></strong></span> <span class='ocrx_word' id='word_1_545' title='bbox 1817 3930 1961 3984; x_wconf 86' lang='lat' dir='ltr'><strong><em>Eze-</em></strong></span> 
     </span>
    </p>
   </div>
   <div class='ocr_carea' id='block_1_73' title="bbox 303 4017 1953 4093">
    <p class='ocr_par' dir='ltr' id='par_1_73' title="bbox 303 4017 1953 4093">
     <span class='ocr_line' id='line_1_73' title="bbox 303 4017 1953 4093; baseline -0.005 -12"><span class='ocrx_word' id='word_1_546' title='bbox 303 4025 549 4082; x_wconf 89' lang='lat' dir='ltr'><strong><em>chielem</em></strong></span> <span class='ocrx_word' id='word_1_547' title='bbox 576 4043 587 4077; x_wconf 89' lang='lat'>:</span> <span class='ocrx_word' id='word_1_548' title='bbox 612 4022 937 4093; x_wconf 90' lang='lat' dir='ltr'><strong><em>composuit</em></strong></span> <span class='ocrx_word' id='word_1_549' title='bbox 965 4021 1259 4093; x_wconf 81' lang='lat' dir='ltr'><strong><em>dialogum</em></strong></span> <span class='ocrx_word' id='word_1_550' title='bbox 1285 4026 1342 4075; x_wconf 89' lang='lat' dir='ltr'><strong><em>et</em></strong></span> <span class='ocrx_word' id='word_1_551' title='bbox 1364 4017 1704 4090; x_wconf 87' lang='lat' dir='ltr'><strong><em>pastoralem</em></strong></span> <span class='ocrx_word' id='word_1_552' title='bbox 1736 4031 1953 4074; x_wconf 88' lang='lat' dir='ltr'><strong><em>curam.</em></strong></span> 
     </span>
    </p>
   </div>
   <div class='ocr_carea' id='block_1_74' title="bbox 303 4107 1962 4184">
    <p class='ocr_par' dir='ltr' id='par_1_74' title="bbox 303 4107 1962 4184">
     <span class='ocr_line' id='line_1_74' title="bbox 303 4107 1962 4184; baseline -0.005 -14"><span class='ocrx_word' id='word_1_553' title='bbox 303 4114 552 4184; x_wconf 86' lang='lat' dir='ltr'><strong><em>Scripsit</em></strong></span> <span class='ocrx_word' id='word_1_554' title='bbox 585 4113 756 4169; x_wconf 89' lang='lat' dir='ltr'><strong><em>etiam</em></strong></span> <span class='ocrx_word' id='word_1_555' title='bbox 793 4125 1093 4167; x_wconf 90' lang='lat' dir='ltr'><strong><em>numerosa</em></strong></span> <span class='ocrx_word' id='word_1_556' title='bbox 1118 4109 1461 4166; x_wconf 90' lang='lat' dir='ltr'><strong><em>decretalia:</em></strong></span> <span class='ocrx_word' id='word_1_557' title='bbox 1502 4122 1626 4180; x_wconf 76' lang='lat' dir='ltr'><strong><em>qux</em></strong></span> <span class='ocrx_word' id='word_1_558' title='bbox 1657 4107 1794 4178; x_wconf 90' lang='lat' dir='ltr'><strong><em>quia</em></strong></span> <span class='ocrx_word' id='word_1_559' title='bbox 1823 4107 1962 4176; x_wconf 91' lang='lat' dir='ltr'><strong><em>plu—</em></strong></span> 
     </span>
    </p>
   </div>
   <div class='ocr_carea' id='block_1_75' title="bbox 306 4196 1962 4272">
    <p class='ocr_par' dir='ltr' id='par_1_75' title="bbox 306 4196 1962 4272">
     <span class='ocr_line' id='line_1_75' title="bbox 306 4196 1962 4272; baseline -0.006 -12"><span class='ocrx_word' id='word_1_560' title='bbox 306 4204 456 4260; x_wconf 88' lang='lat' dir='ltr'><strong><em>rima</em></strong></span> <span class='ocrx_word' id='word_1_561' title='bbox 487 4207 642 4272; x_wconf 89' lang='lat' dir='ltr'><strong><em>sunt,</em></strong></span> <span class='ocrx_word' id='word_1_562' title='bbox 685 4201 1013 4271; x_wconf 89' lang='lat' dir='ltr'><strong><em>separatim,</em></strong></span> <span class='ocrx_word' id='word_1_563' title='bbox 1047 4204 1103 4255; x_wconf 93' lang='lat' dir='ltr'><strong><em>et</em></strong></span> <span class='ocrx_word' id='word_1_564' title='bbox 1131 4213 1236 4255; x_wconf 90' lang='lat' dir='ltr'><strong><em>suo</em></strong></span> <span class='ocrx_word' id='word_1_565' title='bbox 1271 4199 1328 4254; x_wconf 92' lang='lat' dir='ltr'><strong><em>in</em></strong></span> <span class='ocrx_word' id='word_1_566' title='bbox 1369 4197 1514 4267; x_wconf 88' lang='lat' dir='ltr'><strong><em>loco,</em></strong></span> <span class='ocrx_word' id='word_1_567' title='bbox 1547 4199 1660 4253; x_wconf 91' lang='lat' dir='ltr'><strong><em>Deo</em></strong></span> <span class='ocrx_word' id='word_1_568' title='bbox 1685 4196 1877 4265; x_wconf 89' lang='lat' dir='ltr'><strong><em>dante,</em></strong></span> <span class='ocrx_word' id='word_1_569' title='bbox 1904 4199 1962 4250; x_wconf 92' lang='lat' dir='ltr'><strong><em>et</em></strong></span> 
     </span>
    </p>
   </div>
   <div class='ocr_carea' id='block_1_76' title="bbox 304 4283 1960 4358">
    <p class='ocr_par' dir='ltr' id='par_1_76' title="bbox 304 4283 1960 4358">
     <span class='ocr_line' id='line_1_76' title="bbox 304 4283 1960 4358; baseline -0.007 -9"><span class='ocrx_word' id='word_1_570' title='bbox 304 4294 426 4349; x_wconf 89' lang='lat' dir='ltr'><strong><em>vita</em></strong></span> <span class='ocrx_word' id='word_1_571' title='bbox 449 4291 678 4358; x_wconf 87' lang='lat' dir='ltr'><strong><em>comite,</em></strong></span> <span class='ocrx_word' id='word_1_572' title='bbox 707 4290 955 4346; x_wconf 87' lang='lat' dir='ltr'><strong><em>breviter</em></strong></span> <span class='ocrx_word' id='word_1_573' title='bbox 983 4289 1356 4358; x_wconf 88' lang='lat' dir='ltr'><strong><em>excipiemus.</em></strong></span> <span class='ocrx_word' id='word_1_574' title='bbox 1390 4289 1553 4344; x_wconf 87' lang='lat' dir='ltr'><strong><em>Nunc</em></strong></span> <span class='ocrx_word' id='word_1_575' title='bbox 1581 4291 1791 4356; x_wconf 92' lang='lat' dir='ltr'><strong><em>autem,</em></strong></span> <span class='ocrx_word' id='word_1_576' title='bbox 1822 4283 1960 4354; x_wconf 90' lang='lat' dir='ltr'><strong><em>quia</em></strong></span> 
     </span>
    </p>
   </div>
   <div class='ocr_carea' id='block_1_77' title="bbox 305 4375 1963 4455">
    <p class='ocr_par' dir='ltr' id='par_1_77' title="bbox 305 4375 1963 4455">
     <span class='ocr_line' id='line_1_77' title="bbox 305 4375 1963 4455; baseline -0.005 -17"><span class='ocrx_word' id='word_1_577' title='bbox 305 4382 607 4455; x_wconf 63' lang='lat' dir='ltr'><strong><em>praesentis</em></strong></span> <span class='ocrx_word' id='word_1_578' title='bbox 639 4379 852 4452; x_wconf 92' lang='lat' dir='ltr'><strong><em>negotii</em></strong></span> <span class='ocrx_word' id='word_1_579' title='bbox 881 4379 1028 4435; x_wconf 92' lang='lat' dir='ltr'><strong><em>serie</em></strong></span> <span class='ocrx_word' id='word_1_580' title='bbox 1048 4379 1118 4433; x_wconf 89' lang='lat' dir='ltr'><strong><em>ad</em></strong></span> <span class='ocrx_word' id='word_1_581' title='bbox 1149 4377 1407 4449; x_wconf 68' lang='lat' dir='ltr'><strong><em>praedicti</em></strong></span> <span class='ocrx_word' id='word_1_582' title='bbox 1438 4390 1593 4446; x_wconf 68' lang='lat' dir='ltr'><strong><em>papa:</em></strong></span> <span class='ocrx_word' id='word_1_583' title='bbox 1618 4375 1878 4431; x_wconf 89' lang='lat' dir='ltr'><strong><em>ordinem</em></strong></span> <span class='ocrx_word' id='word_1_584' title='bbox 1905 4378 1963 4430; x_wconf 90' lang='lat' dir='ltr'><strong><em>et</em></strong></span> 
     </span>
    </p>
   </div>
   <div class='ocr_carea' id='block_1_78' title="bbox 304 4463 1960 4538">
    <p class='ocr_par' dir='ltr' id='par_1_78' title="bbox 304 4463 1960 4538">
     <span class='ocr_line' id='line_1_78' title="bbox 304 4463 1960 4538; baseline -0.005 -10"><span class='ocrx_word' id='word_1_585' title='bbox 304 4473 589 4528; x_wconf 90' lang='lat' dir='ltr'><strong><em>actionem</em></strong></span> <span class='ocrx_word' id='word_1_586' title='bbox 619 4467 941 4525; x_wconf 88' lang='lat' dir='ltr'><strong><em>adnotanda</em></strong></span> <span class='ocrx_word' id='word_1_587' title='bbox 985 4467 1370 4538; x_wconf 90' lang='lat' dir='ltr'><strong><em>pervenimus,</em></strong></span> <span class='ocrx_word' id='word_1_588' title='bbox 1407 4478 1584 4535; x_wconf 89' lang='lat' dir='ltr'><strong><em>pauca</em></strong></span> <span class='ocrx_word' id='word_1_589' title='bbox 1616 4463 1816 4520; x_wconf 89' lang='lat' dir='ltr'><strong><em>saltem</em></strong></span> <span class='ocrx_word' id='word_1_590' title='bbox 1850 4476 1960 4533; x_wconf 90' lang='lat' dir='ltr'><strong><em>po-</em></strong></span> 
     </span>
    </p>
   </div>
   <div class='ocr_carea' id='block_1_79' title="bbox 308 4552 2042 4638">
    <p class='ocr_par' dir='ltr' id='par_1_79' title="bbox 308 4552 2042 4638">
     <span class='ocr_line' id='line_1_79' title="bbox 308 4552 2042 4638; baseline -0.006 -22"><span class='ocrx_word' id='word_1_591' title='bbox 308 4561 494 4616; x_wconf 88' lang='lat' dir='ltr'><strong><em>nenda</em></strong></span> <span class='ocrx_word' id='word_1_592' title='bbox 537 4572 661 4615; x_wconf 89' lang='lat' dir='ltr'><strong><em>esse</em></strong></span> <span class='ocrx_word' id='word_1_593' title='bbox 697 4557 1117 4613; x_wconf 86' lang='lat' dir='ltr'><strong><em>existimamus.</em></strong></span> <span class='ocrx_word' id='word_1_594' title='bbox 1161 4555 1272 4610; x_wconf 88' lang='lat' dir='ltr'><strong><em>Hic‘</em></strong></span> <span class='ocrx_word' id='word_1_595' title='bbox 1307 4556 1366 4609; x_wconf 89' lang='lat' dir='ltr'><strong><em>in</em></strong></span> <span class='ocrx_word' id='word_1_596' title='bbox 1401 4555 1617 4624; x_wconf 87' lang='lat' dir='ltr'><strong><em>synodo</em></strong></span> <span class='ocrx_word' id='word_1_597' title='bbox 1651 4552 1962 4608; x_wconf 90' lang='lat' dir='ltr'><strong><em>constituit</em></strong></span> <span class='ocrx_word' id='word_1_598' title='bbox 1988 4577 2042 4638; x_wconf 85' lang='lat' dir='ltr'><strong>D</strong></span> 
     </span>
    </p>
   </div>
   <div class='ocr_carea' id='block_1_80' title="bbox 303 4639 1962 4721">
    <p class='ocr_par' dir='ltr' id='par_1_80' title="bbox 303 4639 1962 4721">
     <span class='ocr_line' id='line_1_80' title="bbox 303 4639 1962 4721; baseline -0.004 -18"><span class='ocrx_word' id='word_1_599' title='bbox 303 4649 460 4721; x_wconf 83' lang='lat' dir='ltr'><strong><em>(Syn.</em></strong></span> <span class='ocrx_word' id='word_1_600' title='bbox 494 4650 668 4710; x_wconf 77' lang='lat' dir='ltr'><strong><em>Rom,</em></strong></span> <span class='ocrx_word' id='word_1_601' title='bbox 700 4661 825 4716; x_wconf 88' lang='lat' dir='ltr'><strong><em>cap.</em></strong></span> <span class='ocrx_word' id='word_1_602' title='bbox 856 4643 932 4715; x_wconf 76' lang='grc'>2),</span> <span class='ocrx_word' id='word_1_603' title='bbox 966 4659 1035 4700; x_wconf 92' lang='lat' dir='ltr'><strong><em>ne</em></strong></span> <span class='ocrx_word' id='word_1_604' title='bbox 1068 4644 1208 4700; x_wconf 90' lang='lat' dir='ltr'><strong><em>luici</em></strong></span> <span class='ocrx_word' id='word_1_605' title='bbox 1245 4643 1407 4713; x_wconf 89' lang='lat' dir='ltr'><strong><em>pueri</em></strong></span> <span class='ocrx_word' id='word_1_606' title='bbox 1439 4642 1508 4698; x_wconf 91' lang='lat' dir='ltr'><strong><em>ad</em></strong></span> <span class='ocrx_word' id='word_1_607' title='bbox 1541 4648 1757 4698; x_wconf 88' lang='lat' dir='ltr'><strong><em>secreta</em></strong></span> <span class='ocrx_word' id='word_1_608' title='bbox 1785 4639 1962 4696; x_wconf 89' lang='lat' dir='ltr'><strong><em>cubi—</em></strong></span> 
     </span>
    </p>
   </div>
   <div class='ocr_carea' id='block_1_81' title="bbox 303 4729 1959 4806">
    <p class='ocr_par' dir='ltr' id='par_1_81' title="bbox 303 4729 1959 4806">
     <span class='ocr_line' id='line_1_81' title="bbox 303 4729 1959 4806; baseline -0.006 -11"><span class='ocrx_word' id='word_1_609' title='bbox 303 4738 429 4795; x_wconf 89' lang='lat' dir='ltr'><strong><em>culi</em></strong></span> <span class='ocrx_word' id='word_1_610' title='bbox 457 4737 694 4794; x_wconf 86' lang='lat' dir='ltr'><strong><em>Romani</em></strong></span> <span class='ocrx_word' id='word_1_611' title='bbox 724 4735 1013 4806; x_wconf 90' lang='lat' dir='ltr'><strong><em>pontiﬁcis</em></strong></span> <span class='ocrx_word' id='word_1_612' title='bbox 1037 4734 1270 4790; x_wconf 90' lang='lat' dir='ltr'><strong><em>servitia</em></strong></span> <span class='ocrx_word' id='word_1_613' title='bbox 1291 4732 1617 4802; x_wconf 88' lang='lat' dir='ltr'><strong><em>exhibeant,</em></strong></span> <span class='ocrx_word' id='word_1_614' title='bbox 1642 4732 1737 4787; x_wconf 91' lang='lat' dir='ltr'><strong><em>sed</em></strong></span> <span class='ocrx_word' id='word_1_615' title='bbox 1760 4729 1959 4786; x_wconf 89' lang='lat' dir='ltr'><strong><em>clerici</em></strong></span> 
     </span>
    </p>
   </div>
   <div class='ocr_carea' id='block_1_82' title="bbox 303 4819 1964 4896">
    <p class='ocr_par' dir='ltr' id='par_1_82' title="bbox 303 4819 1964 4896">
     <span class='ocr_line' id='line_1_82' title="bbox 303 4819 1964 4896; baseline -0.005 -13"><span class='ocrx_word' id='word_1_616' title='bbox 303 4827 398 4883; x_wconf 86' lang='lat' dir='ltr'><strong><em>vel</em></strong></span> <span class='ocrx_word' id='word_1_617' title='bbox 424 4826 687 4882; x_wconf 89' lang='lat' dir='ltr'><strong><em>monachi</em></strong></span> <span class='ocrx_word' id='word_1_618' title='bbox 717 4844 729 4880; x_wconf 91' lang='lat'><strong>:</strong></span> <span class='ocrx_word' id='word_1_619' title='bbox 761 4829 827 4882; x_wconf 92' lang='lat' dir='ltr'><strong><em>ut</em></strong></span> <span class='ocrx_word' id='word_1_620' title='bbox 855 4826 905 4880; x_wconf 91' lang='lat' dir='ltr'><strong><em>is</em></strong></span> <span class='ocrx_word' id='word_1_621' title='bbox 935 4825 1034 4896; x_wconf 90' lang='lat' dir='ltr'><strong><em>qui</em></strong></span> <span class='ocrx_word' id='word_1_622' title='bbox 1066 4829 1153 4880; x_wconf 90' lang='lat' dir='ltr'><strong><em>est</em></strong></span> <span class='ocrx_word' id='word_1_623' title='bbox 1183 4823 1242 4878; x_wconf 93' lang='lat' dir='ltr'><strong><em>in</em></strong></span> <span class='ocrx_word' id='word_1_624' title='bbox 1269 4823 1394 4878; x_wconf 93' lang='lat' dir='ltr'><strong><em>loco</em></strong></span> <span class='ocrx_word' id='word_1_625' title='bbox 1425 4821 1728 4893; x_wconf 86' lang='lat' dir='ltr'><strong><em>regiminis</em></strong></span> <span class='ocrx_word' id='word_1_626' title='bbox 1760 4819 1964 4876; x_wconf 87' lang='lat' dir='ltr'><strong><em>habeat</em></strong></span> 
     </span>
    </p>
   </div>
   <div class='ocr_carea' id='block_1_83' title="bbox 305 4910 1960 4986">
    <p class='ocr_par' dir='ltr' id='par_1_83' title="bbox 305 4910 1960 4986">
     <span class='ocr_line' id='line_1_83' title="bbox 305 4910 1960 4986; baseline -0.007 -12"><span class='ocrx_word' id='word_1_627' title='bbox 305 4921 504 4986; x_wconf 87' lang='lat' dir='ltr'><strong><em>testes,</em></strong></span> <span class='ocrx_word' id='word_1_628' title='bbox 543 4921 600 4972; x_wconf 93' lang='lat' dir='ltr'><strong><em>et</em></strong></span> <span class='ocrx_word' id='word_1_629' title='bbox 633 4915 776 4972; x_wconf 91' lang='lat' dir='ltr'><strong><em>tales</em></strong></span> <span class='ocrx_word' id='word_1_630' title='bbox 812 4914 920 4971; x_wconf 90' lang='lat' dir='ltr'><strong><em>viri</em></strong></span> <span class='ocrx_word' id='word_1_631' title='bbox 960 4914 1086 4984; x_wconf 87' lang='lat' dir='ltr'><strong><em>ejus</em></strong></span> <span class='ocrx_word' id='word_1_632' title='bbox 1121 4914 1180 4968; x_wconf 93' lang='lat' dir='ltr'><strong><em>in</em></strong></span> <span class='ocrx_word' id='word_1_633' title='bbox 1216 4916 1431 4968; x_wconf 90' lang='lat' dir='ltr'><strong><em>secreto</em></strong></span> <span class='ocrx_word' id='word_1_634' title='bbox 1474 4910 1960 4968; x_wconf 85' lang='lat' dir='ltr'><strong><em>conversationem</em></strong></span> 
     </span>
    </p>
   </div>
   <div class='ocr_carea' id='block_1_84' title="bbox 301 4998 1962 5076">
    <p class='ocr_par' dir='ltr' id='par_1_84' title="bbox 301 4998 1962 5076">
     <span class='ocr_line' id='line_1_84' title="bbox 301 4998 1962 5076; baseline -0.003 -15"><span class='ocrx_word' id='word_1_635' title='bbox 301 5005 561 5075; x_wconf 88' lang='lat' dir='ltr'><strong><em>videant,</em></strong></span> <span class='ocrx_word' id='word_1_636' title='bbox 592 5005 691 5076; x_wconf 89' lang='lat' dir='ltr'><strong><em>qui</em></strong></span> <span class='ocrx_word' id='word_1_637' title='bbox 722 5017 791 5060; x_wconf 79' lang='lat' dir='ltr'><strong><em>ex</em></strong></span> <span class='ocrx_word' id='word_1_638' title='bbox 819 5004 1043 5060; x_wconf 87' lang='lat' dir='ltr'><strong><em>visione</em></strong></span> <span class='ocrx_word' id='word_1_639' title='bbox 1074 5001 1272 5059; x_wconf 90' lang='lat' dir='ltr'><strong><em>sedula</em></strong></span> <span class='ocrx_word' id='word_1_640' title='bbox 1311 5000 1630 5071; x_wconf 86' lang='lat' dir='ltr'><strong><em>exemplum</em></strong></span> <span class='ocrx_word' id='word_1_641' title='bbox 1672 4998 1962 5071; x_wconf 85' lang='lat' dir='ltr'><strong><em>profectus</em></strong></span> 
     </span>
    </p>
   </div>
   <div class='ocr_carea' id='block_1_85' title="bbox 303 5088 1964 5164">
    <p class='ocr_par' dir='ltr' id='par_1_85' title="bbox 303 5088 1964 5164">
     <span class='ocr_line' id='line_1_85' title="bbox 303 5088 1964 5164; baseline -0.005 -10"><span class='ocrx_word' id='word_1_642' title='bbox 303 5099 561 5154; x_wconf 89' lang='lat' dir='ltr'><strong><em>sumant.</em></strong></span> <span class='ocrx_word' id='word_1_643' title='bbox 610 5093 925 5151; x_wconf 90' lang='lat' dir='ltr'><strong><em>Constituit</em></strong></span> <span class='ocrx_word' id='word_1_644' title='bbox 968 5093 1141 5149; x_wconf 90' lang='lat' dir='ltr'><strong><em>etiam</em></strong></span> <span class='ocrx_word' id='word_1_645' title='bbox 1190 5091 1256 5164; x_wconf 89' lang='lat' dir='ltr'><strong><em>(c.</em></strong></span> <span class='ocrx_word' id='word_1_646' title='bbox 1304 5088 1354 5163; x_wconf 74' lang='grc'>4)</span> <span class='ocrx_word' id='word_1_647' title='bbox 1405 5095 1469 5148; x_wconf 91' lang='lat' dir='ltr'><strong><em>ut</em></strong></span> <span class='ocrx_word' id='word_1_648' title='bbox 1513 5090 1806 5161; x_wconf 84' lang='lat' dir='ltr'><strong><em>feretrum,</em></strong></span> <span class='ocrx_word' id='word_1_649' title='bbox 1850 5103 1964 5160; x_wconf 91' lang='lat' dir='ltr'><strong><em>quo</em></strong></span> 
     </span>
    </p>
   </div>
   <div class='ocr_carea' id='block_1_86' title="bbox 304 5179 1958 5254">
    <p class='ocr_par' dir='ltr' id='par_1_86' title="bbox 304 5179 1958 5254">
     <span class='ocr_line' id='line_1_86' title="bbox 304 5179 1958 5254; baseline -0.005 -11"><span class='ocrx_word' id='word_1_650' title='bbox 304 5185 552 5243; x_wconf 81' lang='lat' dir='ltr'><strong><em>Romani</em></strong></span> <span class='ocrx_word' id='word_1_651' title='bbox 590 5184 882 5254; x_wconf 86' lang='lat' dir='ltr'><strong><em>pontiﬁcis</em></strong></span> <span class='ocrx_word' id='word_1_652' title='bbox 920 5196 1131 5254; x_wconf 89' lang='lat' dir='ltr'><strong><em>corpus</em></strong></span> <span class='ocrx_word' id='word_1_653' title='bbox 1167 5181 1235 5237; x_wconf 89' lang='lat' dir='ltr'><strong><em>ad</em></strong></span> <span class='ocrx_word' id='word_1_654' title='bbox 1275 5181 1664 5252; x_wconf 89' lang='lat' dir='ltr'><strong><em>sepeliendum</em></strong></span> <span class='ocrx_word' id='word_1_655' title='bbox 1701 5179 1958 5248; x_wconf 88' lang='lat' dir='ltr'><strong><em>ducitur,</em></strong></span> 
     </span>
    </p>
   </div>
   <div class='ocr_carea' id='block_1_87' title="bbox 301 5265 1958 5346">
    <p class='ocr_par' dir='ltr' id='par_1_87' title="bbox 301 5265 1958 5346">
     <span class='ocr_line' id='line_1_87' title="bbox 301 5265 1958 5346; baseline -0.005 -15"><span class='ocrx_word' id='word_1_656' title='bbox 301 5273 479 5332; x_wconf 91' lang='lat' dir='ltr'><strong><em>nullo</em></strong></span> <span class='ocrx_word' id='word_1_657' title='bbox 517 5272 788 5346; x_wconf 89' lang='lat' dir='ltr'><strong><em>tegminis</em></strong></span> <span class='ocrx_word' id='word_1_658' title='bbox 833 5272 1113 5329; x_wconf 88' lang='lat' dir='ltr'><strong><em>velamine</em></strong></span> <span class='ocrx_word' id='word_1_659' title='bbox 1154 5271 1392 5327; x_wconf 90' lang='lat' dir='ltr'><strong><em>veletur.</em></strong></span> <span class='ocrx_word' id='word_1_660' title='bbox 1439 5268 1600 5336; x_wconf 90' lang='lat' dir='ltr'><strong><em>Quod</em></strong></span> <span class='ocrx_word' id='word_1_661' title='bbox 1646 5268 1775 5323; x_wconf 91' lang='lat' dir='ltr'><strong><em>ideo</em></strong></span> <span class='ocrx_word' id='word_1_662' title='bbox 1804 5265 1958 5336; x_wconf 88' lang='lat' dir='ltr'><strong><em>fecit,</em></strong></span> 
     </span>
    </p>
   </div>
   <div class='ocr_carea' id='block_1_88' title="bbox 304 5357 1965 5437">
    <p class='ocr_par' dir='ltr' id='par_1_88' title="bbox 304 5357 1965 5437">
     <span class='ocr_line' id='line_1_88' title="bbox 304 5357 1965 5437; baseline -0.005 -17"><span class='ocrx_word' id='word_1_663' title='bbox 304 5364 451 5437; x_wconf 88' lang='lat' dir='ltr'><strong><em>quia</em></strong></span> <span class='ocrx_word' id='word_1_664' title='bbox 481 5376 720 5434; x_wconf 87' lang='lat' dir='ltr'><strong><em>corpora</em></strong></span> <span class='ocrx_word' id='word_1_665' title='bbox 759 5362 1121 5435; x_wconf 88' lang='lat' dir='ltr'><strong><em>pontiﬁcum,</em></strong></span> <span class='ocrx_word' id='word_1_666' title='bbox 1153 5374 1284 5418; x_wconf 92' lang='lat' dir='ltr'><strong><em>cum</em></strong></span> <span class='ocrx_word' id='word_1_667' title='bbox 1317 5359 1478 5416; x_wconf 90' lang='lat' dir='ltr'><strong><em>humi</em></strong></span> <span class='ocrx_word' id='word_1_668' title='bbox 1513 5357 1833 5414; x_wconf 88' lang='lat' dir='ltr'><strong><em>mandanda</em></strong></span> <span class='ocrx_word' id='word_1_669' title='bbox 1855 5357 1965 5413; x_wconf 89' lang='lat' dir='ltr'><strong><em>de—</em></strong></span> 
     </span>
    </p>
   </div>
   <div class='ocr_carea' id='block_1_89' title="bbox 304 5446 1965 5524">
    <p class='ocr_par' dir='ltr' id='par_1_89' title="bbox 304 5446 1965 5524">
     <span class='ocr_line' id='line_1_89' title="bbox 304 5446 1965 5524; baseline -0.006 -14"><span class='ocrx_word' id='word_1_670' title='bbox 304 5453 664 5524; x_wconf 84' lang='lat' dir='ltr'><strong><em>ferebantur,</em></strong></span> <span class='ocrx_word' id='word_1_671' title='bbox 689 5452 1019 5509; x_wconf 89' lang='lat' dir='ltr'><strong><em>dalmaticis</em></strong></span> <span class='ocrx_word' id='word_1_672' title='bbox 1043 5451 1398 5524; x_wconf 88' lang='lat' dir='ltr'><strong><em>tegebantur,</em></strong></span> <span class='ocrx_word' id='word_1_673' title='bbox 1420 5452 1478 5504; x_wconf 88' lang='lat' dir='ltr'><strong><em>et</em></strong></span> <span class='ocrx_word' id='word_1_674' title='bbox 1496 5460 1591 5504; x_wconf 88' lang='lat' dir='ltr'><strong><em>eas</em></strong></span> <span class='ocrx_word' id='word_1_675' title='bbox 1612 5460 1713 5518; x_wconf 92' lang='lat' dir='ltr'><strong><em>pro</em></strong></span> <span class='ocrx_word' id='word_1_676' title='bbox 1739 5446 1965 5503; x_wconf 87' lang='lat' dir='ltr'><strong><em>sancti—</em></strong></span> 
     </span>
    </p>
   </div>
   <div class='ocr_carea' id='block_1_90' title="bbox 305 5535 1968 5613">
    <p class='ocr_par' dir='ltr' id='par_1_90' title="bbox 305 5535 1968 5613">
     <span class='ocr_line' id='line_1_90' title="bbox 305 5535 1968 5613; baseline -0.005 -13"><span class='ocrx_word' id='word_1_677' title='bbox 305 5543 450 5600; x_wconf 86' lang='lat' dir='ltr'><strong><em>tatis</em></strong></span> <span class='ocrx_word' id='word_1_678' title='bbox 477 5543 793 5602; x_wconf 86' lang='lat' dir='ltr'><strong><em>reverentia</em></strong></span> <span class='ocrx_word' id='word_1_679' title='bbox 823 5543 1169 5613; x_wconf 91' lang='lat' dir='ltr'><strong><em>scindentes,</em></strong></span> <span class='ocrx_word' id='word_1_680' title='bbox 1203 5538 1617 5612; x_wconf 89' lang='lat' dir='ltr'><strong><em>partiebantur.</em></strong></span> <span class='ocrx_word' id='word_1_681' title='bbox 1648 5535 1968 5594; x_wconf 87' lang='lat' dir='ltr'><strong><em>Constituit</em></strong></span> 
     </span>
    </p>
   </div>
   <div class='ocr_carea' id='block_1_91' title="bbox 382 5627 1272 5705">
    <p class='ocr_par' dir='ltr' id='par_1_91' title="bbox 382 5627 1272 5705">
     <span class='ocr_line' id='line_1_91' title="bbox 382 5627 1272 5705; baseline -0.004 -14"><span class='ocrx_word' id='word_1_682' title='bbox 382 5643 406 5672; x_wconf 72' lang='grc' dir='ltr'>ί</span> <span class='ocrx_word' id='word_1_683' title='bbox 431 5633 677 5705; x_wconf 86' lang='lat' dir='ltr'><strong><em>Concil.,</em></strong></span> <span class='ocrx_word' id='word_1_684' title='bbox 711 5632 849 5689; x_wconf 87' lang='lat' dir='ltr'><strong><em>tom.</em></strong></span> <span class='ocrx_word' id='word_1_685' title='bbox 881 5634 948 5705; x_wconf 85' lang='lat' dir='ltr'><strong><em>II,</em></strong></span> <span class='ocrx_word' id='word_1_686' title='bbox 983 5647 1107 5705; x_wconf 85' lang='lat' dir='ltr'><strong><em>pag.</em></strong></span> <span class='ocrx_word' id='word_1_687' title='bbox 1146 5627 1272 5688; x_wconf 69' lang='grc'><strong><em>764.</em></strong></span> 
     </span>
    </p>
   </div>
   <div class='ocr_carea' id='block_1_92' title="bbox 2059 3299 3716 3374">
    <p class='ocr_par' dir='ltr' id='par_1_92' title="bbox 2059 3299 3716 3374">
     <span class='ocr_line' id='line_1_92' title="bbox 2059 3299 3716 3374; baseline 0.003 -18"><span class='ocrx_word' id='word_1_688' title='bbox 2059 3300 2132 3356; x_wconf 89' lang='lat' dir='ltr'><strong><em>ab</em></strong></span> <span class='ocrx_word' id='word_1_689' title='bbox 2171 3299 2512 3356; x_wconf 89' lang='lat' dir='ltr'><strong><em>adulteratis</em></strong></span> <span class='ocrx_word' id='word_1_690' title='bbox 2552 3299 2898 3370; x_wconf 89' lang='lat' dir='ltr'><strong><em>presbyteris</em></strong></span> <span class='ocrx_word' id='word_1_691' title='bbox 2942 3301 3213 3371; x_wconf 88' lang='lat' dir='ltr'><strong><em>baptizati</em></strong></span> <span class='ocrx_word' id='word_1_692' title='bbox 3245 3309 3400 3374; x_wconf 89' lang='lat' dir='ltr'><strong><em>sunt,</em></strong></span> <span class='ocrx_word' id='word_1_693' title='bbox 3448 3303 3716 3373; x_wconf 83' lang='lat' dir='ltr'><strong><em>prohibet</em></strong></span> 
     </span>
    </p>
   </div>
   <div class='ocr_carea' id='block_1_93' title="bbox 2063 3387 3714 3461">
    <p class='ocr_par' dir='ltr' id='par_1_93' title="bbox 2063 3387 3714 3461">
     <span class='ocr_line' id='line_1_93' title="bbox 2063 3387 3714 3461; baseline 0.002 -17"><span class='ocrx_word' id='word_1_694' title='bbox 2063 3387 2425 3458; x_wconf 86' lang='lat' dir='ltr'><strong><em>rebaptizari.</em></strong></span> <span class='ocrx_word' id='word_1_695' title='bbox 2475 3387 2737 3457; x_wconf 89' lang='lat' dir='ltr'><strong><em>Leprosis</em></strong></span> <span class='ocrx_word' id='word_1_696' title='bbox 2779 3392 2968 3444; x_wconf 88' lang='lat' dir='ltr'><strong><em>autem</em></strong></span> <span class='ocrx_word' id='word_1_697' title='bbox 3011 3389 3363 3446; x_wconf 88' lang='lat' dir='ltr'><strong><em>Christianis</em></strong></span> <span class='ocrx_word' id='word_1_698' title='bbox 3405 3405 3615 3461; x_wconf 90' lang='lat' dir='ltr'><strong><em>corpus</em></strong></span> <span class='ocrx_word' id='word_1_699' title='bbox 3657 3397 3714 3449; x_wconf 88' lang='lat' dir='ltr'><strong><em>et</em></strong></span> 
     </span>
    </p>
   </div>
   <div class='ocr_carea' id='block_1_94' title="bbox 2063 3478 3711 3551">
    <p class='ocr_par' dir='ltr' id='par_1_94' title="bbox 2063 3478 3711 3551">
     <span class='ocr_line' id='line_1_94' title="bbox 2063 3478 3711 3551; baseline 0.002 -16"><span class='ocrx_word' id='word_1_700' title='bbox 2063 3478 2398 3551; x_wconf 87' lang='lat' dir='ltr'><strong><em>sanguinem</em></strong></span> <span class='ocrx_word' id='word_1_701' title='bbox 2429 3478 2656 3534; x_wconf 92' lang='lat' dir='ltr'><strong><em>Domini</em></strong></span> <span class='ocrx_word' id='word_1_702' title='bbox 2688 3478 2952 3534; x_wconf 79' lang='lat' dir='ltr'><strong><em>cencedit</em></strong></span> <span class='ocrx_word' id='word_1_703' title='bbox 2975 3479 3103 3536; x_wconf 88' lang='lat' dir='ltr'><strong><em>dari</em></strong></span> <span class='ocrx_word' id='word_1_704' title='bbox 3132 3497 3144 3534; x_wconf 92' lang='lat'>:</span> <span class='ocrx_word' id='word_1_705' title='bbox 3179 3494 3305 3536; x_wconf 91' lang='lat' dir='ltr'><strong><em>cum</em></strong></span> <span class='ocrx_word' id='word_1_706' title='bbox 3341 3481 3498 3538; x_wconf 87' lang='lat' dir='ltr'><strong><em>sanis</em></strong></span> <span class='ocrx_word' id='word_1_707' title='bbox 3521 3487 3711 3538; x_wconf 89' lang='lat' dir='ltr'><strong><em>autem</em></strong></span> 
     </span>
    </p>
   </div>
   <div class='ocr_carea' id='block_1_95' title="bbox 2064 3568 3711 3638">
    <p class='ocr_par' dir='ltr' id='par_1_95' title="bbox 2064 3568 3711 3638">
     <span class='ocr_line' id='line_1_95' title="bbox 2064 3568 3711 3638; baseline 0.002 -13"><span class='ocrx_word' id='word_1_708' title='bbox 2064 3569 2349 3626; x_wconf 88' lang='lat' dir='ltr'><strong><em>celebrare</em></strong></span> <span class='ocrx_word' id='word_1_709' title='bbox 2395 3569 2658 3625; x_wconf 88' lang='lat' dir='ltr'><strong><em>convivia</em></strong></span> <span class='ocrx_word' id='word_1_710' title='bbox 2707 3568 3024 3624; x_wconf 71' lang='lat' dir='ltr'><strong><em>interdibit.</em></strong></span> <span class='ocrx_word' id='word_1_711' title='bbox 3075 3572 3234 3638; x_wconf 91' lang='lat' dir='ltr'><strong><em>Item,</em></strong></span> <span class='ocrx_word' id='word_1_712' title='bbox 3283 3570 3446 3626; x_wconf 90' lang='lat' dir='ltr'><strong><em>valde</em></strong></span> <span class='ocrx_word' id='word_1_713' title='bbox 3490 3569 3711 3629; x_wconf 79' lang='lat' dir='ltr'><strong><em>fatuum</em></strong></span> 
     </span>
    </p>
   </div>
   <div class='ocr_carea' id='block_1_96' title="bbox 2064 3657 3713 3730">
    <p class='ocr_par' dir='ltr' id='par_1_96' title="bbox 2064 3657 3713 3730">
     <span class='ocr_line' id='line_1_96' title="bbox 2064 3657 3713 3730; baseline 0.002 -17"><span class='ocrx_word' id='word_1_714' title='bbox 2064 3671 2187 3713; x_wconf 92' lang='lat' dir='ltr'><strong><em>esse</em></strong></span> <span class='ocrx_word' id='word_1_715' title='bbox 2203 3658 2446 3728; x_wconf 89' lang='lat' dir='ltr'><strong><em>judicat,</em></strong></span> <span class='ocrx_word' id='word_1_716' title='bbox 2470 3659 2520 3713; x_wconf 91' lang='lat' dir='ltr'><strong><em>si</em></strong></span> <span class='ocrx_word' id='word_1_717' title='bbox 2550 3657 2781 3713; x_wconf 89' lang='lat' dir='ltr'><strong><em>morbus</em></strong></span> <span class='ocrx_word' id='word_1_718' title='bbox 2801 3662 2902 3714; x_wconf 91' lang='lat' dir='ltr'><strong><em>aut</em></strong></span> <span class='ocrx_word' id='word_1_719' title='bbox 2929 3658 3250 3715; x_wconf 87' lang='lat' dir='ltr'><strong><em>mortalitas</em></strong></span> <span class='ocrx_word' id='word_1_720' title='bbox 3272 3659 3632 3730; x_wconf 89' lang='lat' dir='ltr'><strong><em>quibuslibet</em></strong></span> <span class='ocrx_word' id='word_1_721' title='bbox 3655 3661 3713 3717; x_wconf 93' lang='lat' dir='ltr'><strong><em>in</em></strong></span> 
     </span>
    </p>
   </div>
   <div class='ocr_carea' id='block_1_97' title="bbox 2068 3747 3716 3822">
    <p class='ocr_par' dir='ltr' id='par_1_97' title="bbox 2068 3747 3716 3822">
     <span class='ocr_line' id='line_1_97' title="bbox 2068 3747 3716 3822; baseline 0.002 -20"><span class='ocrx_word' id='word_1_722' title='bbox 2068 3747 2211 3803; x_wconf 90' lang='lat' dir='ltr'><strong><em>locis</em></strong></span> <span class='ocrx_word' id='word_1_723' title='bbox 2258 3747 2578 3818; x_wconf 91' lang='lat' dir='ltr'><strong><em>irrepserit,</em></strong></span> <span class='ocrx_word' id='word_1_724' title='bbox 2624 3747 2777 3818; x_wconf 92' lang='lat' dir='ltr'><strong><em>illos,</em></strong></span> <span class='ocrx_word' id='word_1_725' title='bbox 2813 3761 2956 3817; x_wconf 91' lang='lat' dir='ltr'><strong><em>quos</em></strong></span> <span class='ocrx_word' id='word_1_726' title='bbox 2995 3749 3248 3804; x_wconf 91' lang='lat' dir='ltr'><strong><em>nondum</em></strong></span> <span class='ocrx_word' id='word_1_727' title='bbox 3288 3749 3500 3822; x_wconf 84' lang='lat' dir='ltr'><strong><em>tetigit,</em></strong></span> <span class='ocrx_word' id='word_1_728' title='bbox 3527 3763 3560 3806; x_wconf 88' lang='lat' dir='ltr'><strong><em>a</em></strong></span> <span class='ocrx_word' id='word_1_729' title='bbox 3591 3750 3716 3807; x_wconf 87' lang='lat' dir='ltr'><strong><em>loco</em></strong></span> 
     </span>
    </p>
   </div>
   <div class='ocr_carea' id='block_1_98' title="bbox 2067 3835 3715 3912">
    <p class='ocr_par' dir='ltr' id='par_1_98' title="bbox 2067 3835 3715 3912">
     <span class='ocr_line' id='line_1_98' title="bbox 2067 3835 3715 3912; baseline 0.002 -20"><span class='ocrx_word' id='word_1_730' title='bbox 2067 3837 2323 3893; x_wconf 91' lang='lat' dir='ltr'><strong><em>civitatis</em></strong></span> <span class='ocrx_word' id='word_1_731' title='bbox 2354 3837 2674 3906; x_wconf 90' lang='lat' dir='ltr'><strong><em>periculum</em></strong></span> <span class='ocrx_word' id='word_1_732' title='bbox 2706 3835 2920 3908; x_wconf 81' lang='lat' dir='ltr'><strong><em>fugere,</em></strong></span> <span class='ocrx_word' id='word_1_733' title='bbox 2953 3838 3090 3907; x_wconf 91' lang='lat' dir='ltr'><strong><em>quia</em></strong></span> <span class='ocrx_word' id='word_1_734' title='bbox 3121 3851 3283 3895; x_wconf 90' lang='lat' dir='ltr'><strong><em>nemo</em></strong></span> <span class='ocrx_word' id='word_1_735' title='bbox 3312 3837 3588 3912; x_wconf 86' lang='lat' dir='ltr'><strong><em>auiugere</em></strong></span> <span class='ocrx_word' id='word_1_736' title='bbox 3613 3840 3715 3896; x_wconf 90' lang='lat' dir='ltr'><strong><em>Dei</em></strong></span> 
     </span>
    </p>
   </div>
   <div class='ocr_carea' id='block_1_99' title="bbox 2069 3926 3719 3999">
    <p class='ocr_par' dir='ltr' id='par_1_99' title="bbox 2069 3926 3719 3999">
     <span class='ocr_line' id='line_1_99' title="bbox 2069 3926 3719 3999; baseline 0.002 -17"><span class='ocrx_word' id='word_1_737' title='bbox 2069 3940 2272 3982; x_wconf 89' lang='lat' dir='ltr'><strong><em>manus</em></strong></span> <span class='ocrx_word' id='word_1_738' title='bbox 2316 3926 2542 3995; x_wconf 90' lang='lat' dir='ltr'><strong><em>poterit.</em></strong></span> <span class='ocrx_word' id='word_1_739' title='bbox 2577 3927 2654 3981; x_wconf 92' lang='lat' dir='ltr'><strong><em>De</em></strong></span> <span class='ocrx_word' id='word_1_740' title='bbox 2697 3926 2789 3981; x_wconf 89' lang='lat' dir='ltr'><strong><em>his</em></strong></span> <span class='ocrx_word' id='word_1_741' title='bbox 2825 3939 2958 3982; x_wconf 89' lang='lat' dir='ltr'><strong><em>vero</em></strong></span> <span class='ocrx_word' id='word_1_742' title='bbox 2999 3926 3346 3998; x_wconf 90' lang='lat' dir='ltr'><strong><em>presbyteris</em></strong></span> <span class='ocrx_word' id='word_1_743' title='bbox 3384 3929 3484 3999; x_wconf 90' lang='lat' dir='ltr'><strong><em>qui</em></strong></span> <span class='ocrx_word' id='word_1_744' title='bbox 3518 3928 3719 3985; x_wconf 88' lang='lat' dir='ltr'><strong><em>multis</em></strong></span> 
     </span>
    </p>
   </div>
   <div class='ocr_carea' id='block_1_100' title="bbox 2067 4014 3718 4087">
    <p class='ocr_par' dir='ltr' id='par_1_100' title="bbox 2067 4014 3718 4087">
     <span class='ocr_line' id='line_1_100' title="bbox 2067 4014 3718 4087; baseline 0.002 -16"><span class='ocrx_word' id='word_1_745' title='bbox 2067 4016 2230 4071; x_wconf 87' lang='lat' dir='ltr'><strong><em>vitiis</em></strong></span> <span class='ocrx_word' id='word_1_746' title='bbox 2261 4014 2496 4082; x_wconf 88' lang='lat' dir='ltr'><strong><em>irretiti,</em></strong></span> <span class='ocrx_word' id='word_1_747' title='bbox 2531 4029 2775 4085; x_wconf 90' lang='lat' dir='ltr'><strong><em>quorum</em></strong></span> <span class='ocrx_word' id='word_1_748' title='bbox 2815 4016 2934 4071; x_wconf 89' lang='lat' dir='ltr'><strong><em>vita</em></strong></span> <span class='ocrx_word' id='word_1_749' title='bbox 2968 4016 3028 4071; x_wconf 92' lang='lat' dir='ltr'><strong><em>in</em></strong></span> <span class='ocrx_word' id='word_1_750' title='bbox 3060 4030 3118 4072; x_wconf 91' lang='lat' dir='ltr'><strong><em>se</em></strong></span> <span class='ocrx_word' id='word_1_751' title='bbox 3155 4017 3301 4087; x_wconf 88' lang='lat' dir='ltr'><strong><em>ipsis</em></strong></span> <span class='ocrx_word' id='word_1_752' title='bbox 3335 4019 3718 4074; x_wconf 90' lang='lat' dir='ltr'><strong><em>sacerdotium</em></strong></span> 
     </span>
    </p>
   </div>
   <div class='ocr_carea' id='block_1_101' title="bbox 2070 4103 3722 4175">
    <p class='ocr_par' dir='ltr' id='par_1_101' title="bbox 2070 4103 3722 4175">
     <span class='ocr_line' id='line_1_101' title="bbox 2070 4103 3722 4175; baseline 0.003 -16"><span class='ocrx_word' id='word_1_753' title='bbox 2070 4103 2338 4166; x_wconf 83' lang='lat' dir='ltr'><strong><em>maculat,</em></strong></span> <span class='ocrx_word' id='word_1_754' title='bbox 2378 4104 2646 4172; x_wconf 69' lang='lat' dir='ltr'><strong><em>praecepit</em></strong></span> <span class='ocrx_word' id='word_1_755' title='bbox 2685 4108 2748 4158; x_wconf 92' lang='lat' dir='ltr'><strong><em>ut</em></strong></span> <span class='ocrx_word' id='word_1_756' title='bbox 2770 4118 2868 4160; x_wconf 89' lang='lat' dir='ltr'><strong><em>eos</em></strong></span> <span class='ocrx_word' id='word_1_757' title='bbox 2891 4106 3206 4175; x_wconf 89' lang='lat' dir='ltr'><strong><em>apostolica</em></strong></span> <span class='ocrx_word' id='word_1_758' title='bbox 3251 4109 3594 4163; x_wconf 90' lang='lat' dir='ltr'><strong><em>auctoritate</em></strong></span> <span class='ocrx_word' id='word_1_759' title='bbox 3624 4123 3722 4165; x_wconf 90' lang='lat' dir='ltr'><strong><em>re-</em></strong></span> 
     </span>
    </p>
   </div>
   <div class='ocr_carea' id='block_1_102' title="bbox 2069 4191 3721 4264">
    <p class='ocr_par' dir='ltr' id='par_1_102' title="bbox 2069 4191 3721 4264">
     <span class='ocr_line' id='line_1_102' title="bbox 2069 4191 3721 4264; baseline 0.003 -16"><span class='ocrx_word' id='word_1_760' title='bbox 2069 4191 2399 4264; x_wconf 88' lang='lat' dir='ltr'><strong><em>darguendo</em></strong></span> <span class='ocrx_word' id='word_1_761' title='bbox 2427 4191 2744 4262; x_wconf 88' lang='lat' dir='ltr'><strong><em>admoneat,</em></strong></span> <span class='ocrx_word' id='word_1_762' title='bbox 2784 4199 2841 4247; x_wconf 91' lang='lat' dir='ltr'><strong><em>et</em></strong></span> <span class='ocrx_word' id='word_1_763' title='bbox 2873 4195 2942 4249; x_wconf 91' lang='lat' dir='ltr'><strong><em>ad</em></strong></span> <span class='ocrx_word' id='word_1_764' title='bbox 2986 4195 3329 4251; x_wconf 90' lang='lat' dir='ltr'><strong><em>munditiam</em></strong></span> <span class='ocrx_word' id='word_1_765' title='bbox 3359 4197 3721 4254; x_wconf 83' lang='lat' dir='ltr'><strong><em>ecclesiasti-</em></strong></span> 
     </span>
    </p>
   </div>
   <div class='ocr_carea' id='block_1_103' title="bbox 2069 4280 3719 4354">
    <p class='ocr_par' dir='ltr' id='par_1_103' title="bbox 2069 4280 3719 4354">
     <span class='ocr_line' id='line_1_103' title="bbox 2069 4280 3719 4354; baseline 0.002 -15"><span class='ocrx_word' id='word_1_766' title='bbox 2069 4295 2192 4339; x_wconf 89' lang='lat' dir='ltr'><strong><em>cam</em></strong></span> <span class='ocrx_word' id='word_1_767' title='bbox 2237 4281 2510 4352; x_wconf 88' lang='lat' dir='ltr'><strong><em>perducat</em></strong></span> <span class='ocrx_word' id='word_1_768' title='bbox 2542 4299 2554 4335; x_wconf 88' lang='lat'>:</span> <span class='ocrx_word' id='word_1_769' title='bbox 2589 4286 2644 4335; x_wconf 91' lang='lat' dir='ltr'><strong><em>et</em></strong></span> <span class='ocrx_word' id='word_1_770' title='bbox 2676 4281 2724 4335; x_wconf 92' lang='lat' dir='ltr'><strong><em>si</em></strong></span> <span class='ocrx_word' id='word_1_771' title='bbox 2767 4280 3108 4354; x_wconf 88' lang='lat' dir='ltr'><strong><em>obedierint,</em></strong></span> <span class='ocrx_word' id='word_1_772' title='bbox 3155 4284 3457 4339; x_wconf 90' lang='lat' dir='ltr'><strong><em>salvabunt</em></strong></span> <span class='ocrx_word' id='word_1_773' title='bbox 3496 4287 3719 4342; x_wconf 89' lang='lat' dir='ltr'><strong><em>animas</em></strong></span> 
     </span>
    </p>
   </div>
   <div class='ocr_carea' id='block_1_104' title="bbox 2072 4368 3718 4442">
    <p class='ocr_par' dir='ltr' id='par_1_104' title="bbox 2072 4368 3718 4442">
     <span class='ocr_line' id='line_1_104' title="bbox 2072 4368 3718 4442; baseline -0.001 -14"><span class='ocrx_word' id='word_1_774' title='bbox 2072 4385 2223 4442; x_wconf 90' lang='lat' dir='ltr'><strong><em>suas,</em></strong></span> <span class='ocrx_word' id='word_1_775' title='bbox 2261 4376 2316 4426; x_wconf 92' lang='lat' dir='ltr'><strong><em>et</em></strong></span> <span class='ocrx_word' id='word_1_776' title='bbox 2358 4371 2478 4441; x_wconf 90' lang='lat' dir='ltr'><strong><em>ipse</em></strong></span> <span class='ocrx_word' id='word_1_777' title='bbox 2519 4369 2827 4424; x_wconf 89' lang='lat' dir='ltr'><strong><em>mercedem</em></strong></span> <span class='ocrx_word' id='word_1_778' title='bbox 2871 4368 3100 4424; x_wconf 90' lang='lat' dir='ltr'><strong><em>habebit</em></strong></span> <span class='ocrx_word' id='word_1_779' title='bbox 3133 4388 3145 4423; x_wconf 88' lang='lat'><strong>:</strong></span> <span class='ocrx_word' id='word_1_780' title='bbox 3183 4373 3562 4428; x_wconf 87' lang='lat' dir='ltr'><strong><em>Verumtamen</em></strong></span> <span class='ocrx_word' id='word_1_781' title='bbox 3600 4375 3718 4428; x_wconf 89' lang='lat' dir='ltr'><strong><em>col-—</em></strong></span> 
     </span>
    </p>
   </div>
   <div class='ocr_carea' id='block_1_105' title="bbox 2073 4461 3718 4529">
    <p class='ocr_par' dir='ltr' id='par_1_105' title="bbox 2073 4461 3718 4529">
     <span class='ocr_line' id='line_1_105' title="bbox 2073 4461 3718 4529; baseline 0.002 -15"><span class='ocrx_word' id='word_1_782' title='bbox 2073 4463 2390 4516; x_wconf 88' lang='lat' dir='ltr'><strong><em>locutionem</em></strong></span> <span class='ocrx_word' id='word_1_783' title='bbox 2433 4463 2482 4513; x_wconf 87' lang='lat' dir='ltr'><strong><em>et</em></strong></span> <span class='ocrx_word' id='word_1_784' title='bbox 2519 4474 2758 4512; x_wconf 90' lang='lat' dir='ltr'><strong><em>mensam</em></strong></span> <span class='ocrx_word' id='word_1_785' title='bbox 2785 4473 3111 4512; x_wconf 89' lang='lat' dir='ltr'><strong><em>communem</em></strong></span> <span class='ocrx_word' id='word_1_786' title='bbox 3148 4475 3267 4513; x_wconf 90' lang='lat' dir='ltr'><strong><em>cum</em></strong></span> <span class='ocrx_word' id='word_1_787' title='bbox 3301 4461 3378 4514; x_wconf 87' lang='lat' dir='ltr'><strong><em>eis</em></strong></span> <span class='ocrx_word' id='word_1_788' title='bbox 3409 4477 3570 4529; x_wconf 88' lang='lat' dir='ltr'><strong><em>agere</em></strong></span> <span class='ocrx_word' id='word_1_789' title='bbox 3609 4478 3718 4518; x_wconf 91' lang='lat' dir='ltr'><strong><em>non</em></strong></span> 
     </span>
    </p>
   </div>
   <div class='ocr_carea' id='block_1_106' title="bbox 2071 4549 3720 4618">
    <p class='ocr_par' dir='ltr' id='par_1_106' title="bbox 2071 4549 3720 4618">
     <span class='ocr_line' id='line_1_106' title="bbox 2071 4549 3720 4618; baseline 0.001 -12"><span class='ocrx_word' id='word_1_790' title='bbox 2071 4566 2298 4606; x_wconf 88' lang='lat' dir='ltr'><strong><em>recuses.</em></strong></span> <span class='ocrx_word' id='word_1_791' title='bbox 2345 4550 2668 4618; x_wconf 86' lang='lat' dir='ltr'><strong><em>Plerumque</em></strong></span> <span class='ocrx_word' id='word_1_792' title='bbox 2705 4549 2988 4616; x_wconf 85' lang='lat' dir='ltr'><strong><em>contingit,</em></strong></span> <span class='ocrx_word' id='word_1_793' title='bbox 3029 4551 3109 4610; x_wconf 86' lang='lat' dir='ltr'><strong><em>ut,</em></strong></span> <span class='ocrx_word' id='word_1_794' title='bbox 3154 4564 3287 4616; x_wconf 88' lang='lat' dir='ltr'><strong><em>quos</em></strong></span> <span class='ocrx_word' id='word_1_795' title='bbox 3327 4554 3582 4606; x_wconf 84' lang='lat' dir='ltr'><strong><em>correctio</em></strong></span> <span class='ocrx_word' id='word_1_796' title='bbox 3619 4552 3720 4607; x_wconf 85' lang='lat' dir='ltr'><strong><em>di-</em></strong></span> 
     </span>
    </p>
   </div>
   <div class='ocr_carea' id='block_1_107' title="bbox 2070 4637 3717 4710">
    <p class='ocr_par' dir='ltr' id='par_1_107' title="bbox 2070 4637 3717 4710">
     <span class='ocr_line' id='line_1_107' title="bbox 2070 4637 3717 4710; baseline 0 -14"><span class='ocrx_word' id='word_1_797' title='bbox 2070 4642 2315 4710; x_wconf 78' lang='lat' dir='ltr'><strong><em>sciplinae</em></strong></span> <span class='ocrx_word' id='word_1_798' title='bbox 2343 4639 2529 4694; x_wconf 84' lang='lat' dir='ltr'><strong><em>tardos</em></strong></span> <span class='ocrx_word' id='word_1_799' title='bbox 2567 4640 2717 4705; x_wconf 84' lang='lat' dir='ltr'><strong><em>fecit,</em></strong></span> <span class='ocrx_word' id='word_1_800' title='bbox 2749 4637 2824 4692; x_wconf 90' lang='lat' dir='ltr'><strong><em>ad</em></strong></span> <span class='ocrx_word' id='word_1_801' title='bbox 2854 4638 3266 4708; x_wconf 83' lang='lat' dir='ltr'><strong><em>percipiendam</em></strong></span> <span class='ocrx_word' id='word_1_802' title='bbox 3300 4641 3548 4695; x_wconf 81' lang='lat' dir='ltr'><strong><em>veritatis</em></strong></span> <span class='ocrx_word' id='word_1_803' title='bbox 3577 4657 3717 4696; x_wconf 84' lang='lat' dir='ltr'><strong><em>nor-</em></strong></span> 
     </span>
    </p>
   </div>
   <div class='ocr_carea' id='block_1_108' title="bbox 2068 4727 3716 4798">
    <p class='ocr_par' dir='ltr' id='par_1_108' title="bbox 2068 4727 3716 4798">
     <span class='ocr_line' id='line_1_108' title="bbox 2068 4727 3716 4798; baseline 0.001 -12"><span class='ocrx_word' id='word_1_804' title='bbox 2068 4747 2230 4798; x_wconf 89' lang='lat' dir='ltr'><strong><em>mam,</em></strong></span> <span class='ocrx_word' id='word_1_805' title='bbox 2263 4730 2611 4784; x_wconf 81' lang='lat' dir='ltr'><strong><em>convivarum</em></strong></span> <span class='ocrx_word' id='word_1_806' title='bbox 2647 4727 2838 4782; x_wconf 86' lang='lat' dir='ltr'><strong><em>sedula</em></strong></span> <span class='ocrx_word' id='word_1_807' title='bbox 2862 4729 3064 4798; x_wconf 87' lang='lat' dir='ltr'><strong><em>pastio,</em></strong></span> <span class='ocrx_word' id='word_1_808' title='bbox 3097 4732 3148 4782; x_wconf 86' lang='lat' dir='ltr'><strong><em>et</em></strong></span> <span class='ocrx_word' id='word_1_809' title='bbox 3176 4729 3476 4784; x_wconf 88' lang='lat' dir='ltr'><strong><em>admonitio</em></strong></span> <span class='ocrx_word' id='word_1_810' title='bbox 3509 4731 3716 4788; x_wconf 89' lang='lat' dir='ltr'><strong><em>blanda</em></strong></span> 
     </span>
    </p>
   </div>
   <div class='ocr_carea' id='block_1_109' title="bbox 2069 4815 3714 4893">
    <p class='ocr_par' dir='ltr' id='par_1_109' title="bbox 2069 4815 3714 4893">
     <span class='ocr_line' id='line_1_109' title="bbox 2069 4815 3714 4893; baseline 0.002 -19"><span class='ocrx_word' id='word_1_811' title='bbox 2069 4821 2144 4874; x_wconf 88' lang='lat' dir='ltr'><strong><em>ad</em></strong></span> <span class='ocrx_word' id='word_1_812' title='bbox 2180 4821 2326 4874; x_wconf 86' lang='lat' dir='ltr'><strong><em>viam</em></strong></span> <span class='ocrx_word' id='word_1_813' title='bbox 2356 4817 2625 4887; x_wconf 88' lang='lat' dir='ltr'><strong><em>perducat</em></strong></span> <span class='ocrx_word' id='word_1_814' title='bbox 2641 4815 2896 4883; x_wconf 76' lang='lat' dir='ltr'><strong><em>justitix.</em></strong></span> <span class='ocrx_word' id='word_1_815' title='bbox 2927 4816 3176 4886; x_wconf 87' lang='lat' dir='ltr'><strong><em>Idipsum</em></strong></span> <span class='ocrx_word' id='word_1_816' title='bbox 3213 4822 3395 4873; x_wconf 89' lang='lat' dir='ltr'><strong><em>autem</em></strong></span> <span class='ocrx_word' id='word_1_817' title='bbox 3422 4823 3473 4873; x_wconf 88' lang='lat' dir='ltr'><strong><em>et</em></strong></span> <span class='ocrx_word' id='word_1_818' title='bbox 3493 4821 3555 4876; x_wconf 90' lang='lat' dir='ltr'><strong><em>in</em></strong></span> <span class='ocrx_word' id='word_1_819' title='bbox 3579 4823 3714 4893; x_wconf 86' lang='lat' dir='ltr'><strong><em>ipsis</em></strong></span> 
     </span>
    </p>
   </div>
   <div class='ocr_carea' id='block_1_110' title="bbox 2062 4905 3716 4979">
    <p class='ocr_par' dir='ltr' id='par_1_110' title="bbox 2062 4905 3716 4979">
     <span class='ocr_line' id='line_1_110' title="bbox 2062 4905 3716 4979; baseline -0.009 -14"><span class='ocrx_word' id='word_1_820' title='bbox 2062 4908 2400 4979; x_wconf 82' lang='lat' dir='ltr'><strong><em>proceribus,</em></strong></span> <span class='ocrx_word' id='word_1_821' title='bbox 2446 4907 2542 4976; x_wconf 87' lang='lat' dir='ltr'><strong><em>qui</em></strong></span> <span class='ocrx_word' id='word_1_822' title='bbox 2583 4906 2685 4961; x_wconf 89' lang='lat' dir='ltr'><strong><em>tibi</em></strong></span> <span class='ocrx_word' id='word_1_823' title='bbox 2725 4905 3064 4974; x_wconf 81' lang='lat' dir='ltr'><strong><em>adjutorium</em></strong></span> <span class='ocrx_word' id='word_1_824' title='bbox 3099 4912 3387 4975; x_wconf 57' lang='lat' dir='ltr'><strong><em>praestant,</em></strong></span> <span class='ocrx_word' id='word_1_825' title='bbox 3433 4909 3716 4968; x_wconf 68' lang='grc' dir='ltr'><strong><em>οδεθνυανε</em></strong></span> 
     </span>
    </p>
   </div>
   <div class='ocr_carea' id='block_1_111' title="bbox 2070 4997 2305 5053">
    <p class='ocr_par' dir='ltr' id='par_1_111' title="bbox 2070 4997 2305 5053">
     <span class='ocr_line' id='line_1_111' title="bbox 2070 4997 2305 5053; baseline -0.021 0"><span class='ocrx_word' id='word_1_826' title='bbox 2070 4997 2305 5053; x_wconf 87' lang='lat' dir='ltr'><strong><em>debebis.</em></strong></span> 
     </span>
    </p>
   </div>
   <div class='ocr_carea' id='block_1_112' title="bbox 2139 5084 3716 5158">
    <p class='ocr_par' dir='ltr' id='par_1_112' title="bbox 2139 5084 3716 5158">
     <span class='ocr_line' id='line_1_112' title="bbox 2139 5084 3716 5158; baseline 0.001 -16"><span class='ocrx_word' id='word_1_827' title='bbox 2139 5087 2242 5142; x_wconf 88' lang='lat' dir='ltr'><strong><em>Hic</em></strong></span> <span class='ocrx_word' id='word_1_828' title='bbox 2275 5085 2440 5141; x_wconf 87' lang='lat' dir='ltr'><strong><em>auxit</em></strong></span> <span class='ocrx_word' id='word_1_829' title='bbox 2471 5084 2529 5139; x_wconf 92' lang='lat' dir='ltr'><strong><em>in</em></strong></span> <span class='ocrx_word' id='word_1_830' title='bbox 2560 5096 2775 5140; x_wconf 90' lang='lat' dir='ltr'><strong><em>canone</em></strong></span> <span class='ocrx_word' id='word_1_831' title='bbox 2806 5100 2818 5137; x_wconf 91' lang='lat'><strong>:</strong></span> <span class='ocrx_word' id='word_1_832' title='bbox 2845 5085 3076 5154; x_wconf 81' lang='lat' dir='ltr'><strong><em>Diesque</em></strong></span> <span class='ocrx_word' id='word_1_833' title='bbox 3107 5091 3319 5142; x_wconf 87' lang='lat' dir='ltr'><strong><em>nostros</em></strong></span> <span class='ocrx_word' id='word_1_834' title='bbox 3348 5089 3408 5143; x_wconf 89' lang='lat' dir='ltr'><strong><em>in</em></strong></span> <span class='ocrx_word' id='word_1_835' title='bbox 3429 5105 3562 5158; x_wconf 86' lang='lat' dir='ltr'><strong><em>pace</em></strong></span> <span class='ocrx_word' id='word_1_836' title='bbox 3589 5089 3716 5143; x_wconf 84' lang='lat' dir='ltr'><strong><em>dis-</em></strong></span> 
     </span>
    </p>
   </div>
   <div class='ocr_carea' id='block_1_113' title="bbox 2063 5173 3706 5250">
    <p class='ocr_par' dir='ltr' id='par_1_113' title="bbox 2063 5173 3706 5250">
     <span class='ocr_line' id='line_1_113' title="bbox 2063 5173 3706 5250; baseline 0 -18"><span class='ocrx_word' id='word_1_837' title='bbox 2063 5193 2225 5250; x_wconf 88' lang='lat' dir='ltr'><strong><em>pone,</em></strong></span> <span class='ocrx_word' id='word_1_838' title='bbox 2277 5181 2382 5231; x_wconf 91' lang='lat' dir='ltr'><strong><em>etc.</em></strong></span> <span class='ocrx_word' id='word_1_839' title='bbox 2439 5173 2621 5244; x_wconf 81' lang='lat' dir='ltr'><strong><em>Hujus</em></strong></span> <span class='ocrx_word' id='word_1_840' title='bbox 2675 5178 2927 5244; x_wconf 90' lang='lat' dir='ltr'><strong><em>tempore</em></strong></span> <span class='ocrx_word' id='word_1_841' title='bbox 2969 5174 3038 5230; x_wconf 92' lang='lat' dir='ltr'><strong><em>ad</em></strong></span> <span class='ocrx_word' id='word_1_842' title='bbox 3093 5177 3398 5234; x_wconf 90' lang='lat' dir='ltr'><strong><em>Dominum</em></strong></span> <span class='ocrx_word' id='word_1_843' title='bbox 3449 5176 3706 5233; x_wconf 89' lang='lat' dir='ltr'><strong><em>conversi</em></strong></span> 
     </span>
    </p>
   </div>
   <div class='ocr_carea' id='block_1_114' title="bbox 2072 5262 3705 5335">
    <p class='ocr_par' dir='ltr' id='par_1_114' title="bbox 2072 5262 3705 5335">
     <span class='ocr_line' id='line_1_114' title="bbox 2072 5262 3705 5335; baseline -0.002 -12"><span class='ocrx_word' id='word_1_844' title='bbox 2072 5271 2209 5323; x_wconf 87' lang='lat' dir='ltr'><strong><em>sunt</em></strong></span> <span class='ocrx_word' id='word_1_845' title='bbox 2253 5263 2443 5335; x_wconf 83' lang='lat' dir='ltr'><strong><em>Angli.</em></strong></span> <span class='ocrx_word' id='word_1_846' title='bbox 2503 5263 2605 5318; x_wconf 86' lang='lat' dir='ltr'><strong><em>Hic</em></strong></span> <span class='ocrx_word' id='word_1_847' title='bbox 2649 5262 2828 5332; x_wconf 88' lang='lat' dir='ltr'><strong><em>jussit</em></strong></span> <span class='ocrx_word' id='word_1_848' title='bbox 2876 5266 2940 5320; x_wconf 92' lang='lat' dir='ltr'><strong><em>ut</em></strong></span> <span class='ocrx_word' id='word_1_849' title='bbox 2976 5278 3152 5335; x_wconf 91' lang='lat' dir='ltr'><strong><em>supra</em></strong></span> <span class='ocrx_word' id='word_1_850' title='bbox 3197 5279 3404 5335; x_wconf 90' lang='lat' dir='ltr'><strong><em>corpus</em></strong></span> <span class='ocrx_word' id='word_1_851' title='bbox 3450 5264 3507 5318; x_wconf 90' lang='grc' dir='ltr'><strong>Β.</strong></span> <span class='ocrx_word' id='word_1_852' title='bbox 3561 5264 3705 5319; x_wconf 87' lang='lat' dir='ltr'><strong><em>Petri</em></strong></span> 
     </span>
    </p>
   </div>
   <div class='ocr_carea' id='block_1_115' title="bbox 2074 5350 3705 5418">
    <p class='ocr_par' dir='ltr' id='par_1_115' title="bbox 2074 5350 3705 5418">
     <span class='ocr_line' id='line_1_115' title="bbox 2074 5350 3705 5418; baseline -0.002 -6"><span class='ocrx_word' id='word_1_853' title='bbox 2074 5355 2248 5412; x_wconf 89' lang='lat' dir='ltr'><strong><em>missa</em></strong></span> <span class='ocrx_word' id='word_1_854' title='bbox 2289 5352 2691 5418; x_wconf 87' lang='lat' dir='ltr'><strong><em>celebraretur,</em></strong></span> <span class='ocrx_word' id='word_1_855' title='bbox 2740 5357 2798 5408; x_wconf 94' lang='lat' dir='ltr'><strong><em>et</em></strong></span> <span class='ocrx_word' id='word_1_856' title='bbox 2835 5353 2893 5409; x_wconf 91' lang='lat' dir='ltr'><strong><em>in</em></strong></span> <span class='ocrx_word' id='word_1_857' title='bbox 2939 5354 3178 5410; x_wconf 88' lang='lat' dir='ltr'><strong><em>ecclesia</em></strong></span> <span class='ocrx_word' id='word_1_858' title='bbox 3214 5355 3270 5408; x_wconf 92' lang='lat' dir='ltr'><strong><em>B.</em></strong></span> <span class='ocrx_word' id='word_1_859' title='bbox 3317 5350 3473 5407; x_wconf 87' lang='lat' dir='ltr'><strong><em>Pauli</em></strong></span> <span class='ocrx_word' id='word_1_860' title='bbox 3515 5351 3705 5408; x_wconf 90' lang='lat' dir='ltr'><strong><em>eadem</em></strong></span> 
     </span>
    </p>
   </div>
   <div class='ocr_carea' id='block_1_116' title="bbox 2072 5439 3714 5512">
    <p class='ocr_par' dir='ltr' id='par_1_116' title="bbox 2072 5439 3714 5512">
     <span class='ocr_line' id='line_1_116' title="bbox 2072 5439 3714 5512; baseline -0.002 -13"><span class='ocrx_word' id='word_1_861' title='bbox 2072 5442 2228 5500; x_wconf 86' lang='lat' dir='ltr'><strong><em>fecit.</em></strong></span> <span class='ocrx_word' id='word_1_862' title='bbox 2248 5442 2350 5498; x_wconf 83' lang='lat' dir='ltr'><strong><em>Hic</em></strong></span> <span class='ocrx_word' id='word_1_863' title='bbox 2365 5441 2655 5499; x_wconf 88' lang='lat' dir='ltr'><strong><em>ordinavit</em></strong></span> <span class='ocrx_word' id='word_1_864' title='bbox 2669 5441 2967 5512; x_wconf 88' lang='lat' dir='ltr'><strong><em>episcopos</em></strong></span> <span class='ocrx_word' id='word_1_865' title='bbox 2982 5443 3273 5512; x_wconf 87' lang='lat' dir='ltr'><strong><em>sexaginta</em></strong></span> <span class='ocrx_word' id='word_1_866' title='bbox 3289 5439 3321 5494; x_wconf 92' lang='lat' dir='ltr'><strong><em>d</em></strong></span> <span class='ocrx_word' id='word_1_867' title='bbox 3332 5453 3452 5507; x_wconf 90' lang='lat' dir='ltr'><strong><em>uos,</em></strong></span> <span class='ocrx_word' id='word_1_868' title='bbox 3474 5439 3714 5511; x_wconf 85' lang='lat' dir='ltr'><strong><em>presby-</em></strong></span> 
     </span>
    </p>
   </div>
   <div class='ocr_carea' id='block_1_117' title="bbox 2073 5527 3714 5603">
    <p class='ocr_par' dir='ltr' id='par_1_117' title="bbox 2073 5527 3714 5603">
     <span class='ocr_line' id='line_1_117' title="bbox 2073 5527 3714 5603; baseline -0.002 -13"><span class='ocrx_word' id='word_1_869' title='bbox 2073 5541 2226 5590; x_wconf 86' lang='lat' dir='ltr'><strong><em>teros</em></strong></span> <span class='ocrx_word' id='word_1_870' title='bbox 2248 5531 2800 5603; x_wconf 86' lang='lat' dir='ltr'><strong><em>undequadraginta,</em></strong></span> <span class='ocrx_word' id='word_1_871' title='bbox 2830 5531 3101 5586; x_wconf 85' lang='lat' dir='ltr'><strong><em>diaconos</em></strong></span> <span class='ocrx_word' id='word_1_872' title='bbox 3131 5533 3278 5583; x_wconf 87' lang='lat' dir='ltr'><strong><em>octo.</em></strong></span> <span class='ocrx_word' id='word_1_873' title='bbox 3311 5527 3578 5597; x_wconf 81' lang='lat' dir='ltr'><strong><em>Migravit</em></strong></span> <span class='ocrx_word' id='word_1_874' title='bbox 3601 5543 3714 5588; x_wconf 78' lang='lat' dir='ltr'><strong><em>au-</em></strong></span> 
     </span>
    </p>
   </div>
   <div class='ocr_carea' id='block_1_118' title="bbox 2074 5617 3099 5680">
    <p class='ocr_par' dir='ltr' id='par_1_118' title="bbox 2074 5617 3099 5680">
     <span class='ocr_line' id='line_1_118' title="bbox 2074 5617 3099 5680; baseline -0.011 0"><span class='ocrx_word' id='word_1_875' title='bbox 2074 5631 2186 5680; x_wconf 90' lang='lat' dir='ltr'><strong><em>tem</em></strong></span> <span class='ocrx_word' id='word_1_876' title='bbox 2215 5622 2286 5679; x_wconf 88' lang='lat' dir='ltr'><strong><em>ad</em></strong></span> <span class='ocrx_word' id='word_1_877' title='bbox 2315 5622 2608 5680; x_wconf 89' lang='lat' dir='ltr'><strong><em>Christum</em></strong></span> <span class='ocrx_word' id='word_1_878' title='bbox 2637 5634 2692 5677; x_wconf 82' lang='lat' dir='ltr'><strong><em>1v</em></strong></span> <span class='ocrx_word' id='word_1_879' title='bbox 2725 5621 2858 5676; x_wconf 90' lang='lat' dir='ltr'><strong><em>ldus</em></strong></span> <span class='ocrx_word' id='word_1_880' title='bbox 2888 5617 3099 5673; x_wconf 82' lang='lat' dir='ltr'><strong><em>Martii.</em></strong></span> 
     </span>
    </p>
   </div>
  </div>
