4046 6182
388 304 520 365 4231

818 427 1029 485 LXVII.
1058 457 1132 468 —-
1155 427 1581 484 SABINIANUS.

901 517 1082 589 (Anno
1120 517 1323 573 Christi
1355 515 1501 589 604.)

447 608 814 678 Sabinianus,
855 608 1085 664 natione
1113 608 1350 677 Tuscus,
1382 607 1453 662 de
1481 605 1715 662 civitate
1744 605 1925 676 Blera,
1951 605 2022 661 de

382 702 536 768 patre
574 699 745 768 Bono,
791 697 940 753 sedit
979 709 1193 752 annum
1234 710 1436 764 unum,
1481 708 1700 751 menses
1739 695 2017 766 quinque,

376 787 502 843 dies
531 793 675 844 octo.
709 787 812 841 Hic
842 786 1068 842 addidit
1099 785 1412 841 luminaria
1448 784 1506 840 in
1537 784 1778 840 ecclesia
1815 786 1870 839 B.
1911 787 2020 839 Pe—

376 879 472 932 tri.
497 878 598 932 Hic
622 876 912 933 ordinavit
939 875 1237 946 episcopos
1265 873 1474 947 viginti
1499 888 1615 930 sex.
1648 873 1810 930 Obiit
1828 877 2018 930 autem

374 981 474 1024 Vill
506 966 740 1024 Kalend.
774 963 987 1021 Martii.

756 1055 987 1110 LXVIII.
1021 1082 1090 1092 —
1120 1051 1520 1109 BONIFACIUS
1549 1054 1640 1108 IH.

898 1141 1081 1214 (Anno
1115 1142 1316 1199 Christi
1347 1139 1494 1212 606.)

443 1232 796 1304 Bonifacius,
843 1231 1074 1287 natione
1111 1232 1420 1301 Romanus,
1470 1243 1540 1286 ex
1581 1232 1740 1300 patre
1784 1230 2014 1300 Joanne,

373 1325 525 1384 sedit
567 1335 787 1379 menses
823 1327 970 1389 octo,
1010 1319 1137 1376 dies
1169 1319 1376 1391 viginti
1421 1320 1585 1376 duos.
1617 1318 1723 1374 Hic
1763 1317 2018 1374 obtinuit

373 1415 523 1486 apud
554 1413 851 1469 Phocatem
884 1409 1202 1480 principem
1234 1415 1298 1464 ut
1321 1408 1573 1464 Ecclesia
1596 1408 1867 1478 Romana,
1895 1407 2019 1462 sic—

375 1510 439 1562 ut
468 1503 724 1559 omnium
769 1499 1151 1555 Ecclesiarum
1192 1501 1364 1566 caput
1398 1502 1504 1565 est,
1543 1497 1621 1552 ita
1658 1497 1830 1552 etiam
1863 1496 2018 1552 Con—

374 1589 918 1660 stantinopolitanae,
947 1601 1075 1657 quae
1103 1600 1161 1642 se
1191 1585 1448 1642 omnium
1472 1585 1856 1641 Ecclesiarum
1890 1585 2019 1654 pri-

375 1695 520 1738 mam
546 1693 668 1736 esse
701 1676 970 1748 iactabat.
1015 1676 1116 1731 Hic
1145 1674 1450 1731 constituit
1482 1679 1546 1730 ut
1572 1674 1768 1730 nullus
1795 1675 2017 1730 vivente

1159 301 1449 358 APPEND.
1489 301 1582 357 AD
1618 300 1779 358 SEC.
1821 300 1901 359 IX
1935 330 2008 343 —-
2050 298 2408 357 AUCTORES
2459 297 2630 356 ANNI
2675 296 2968 356 INCERTI.

3660 297 3797 358 4232

2049 432 2109 490 Α
2134 427 2419 495 septimum
2441 425 2628 480 nullus
2657 425 3000 481 Christianus
3027 439 3187 480 suam
3210 429 3555 481 commatrem
3581 427 3646 480 in
3672 442 3798 482 con-

2121 515 2342 583 jugium
2380 517 2614 584 recipere
2653 515 2807 570 debet
2836 533 2853 569 :
2883 519 2934 569 et
2961 516 3060 584 qui
3078 517 3514 585 przsumpserit,
3553 517 3797 570 anathe-

2129 606 2291 658 matis
2315 605 2531 658 vinculo
2555 605 2814 672 religetur
2833 606 2890 658 in
2911 609 3254 674 perpetuum,
3281 607 3393 658 nisi
3409 608 3795 674 pmnitentiam

2130 695 2296 760 egerit
2325 695 2507 761 digne.
2541 694 2797 750 Mulieres
2826 709 2970 757 vero,
3003 709 3124 748 cum
3152 699 3418 764 separatae
3438 697 3662 762 fuerint
3692 696 3792 749 hac

2120 797 2226 851 pro
2244 783 2586 838 illicitatione
2609 779 2826 856 [illicita
2846 783 2922 853 re]
2945 800 2979 838 a
2993 785 3237 854 propriis
3262 785 3417 847 viris,
3447 789 3622 838 totam
3637 800 3793 854 pre-

2128 872 2356 940 cipimus
2398 874 2632 941 recipere
2661 871 2858 935 dotem,
2891 887 3056 942 quam
3085 873 3145 926 in
3166 873 3262 942 pie
3289 874 3535 942 nuptiali
3566 888 3790 942 recepe-

2127 965 2279 1024 runt,
2311 965 2362 1015 et
2381 965 2508 1030 post
2537 961 2812 1030 expletum
2844 976 3050 1015 annum
3078 962 3350 1030 recipiant
3377 962 3555 1016 alium
3585 964 3784 1027 virum,

2126 1052 2177 1105 si
2203 1050 2492 1105 voluerint.
2528 1049 2794 1104 Similiter
2823 1054 2874 1104 et
2900 1052 2988 1104 vir
3016 1066 3258 1104 umorem.

2530 1139 2721 1194 LXXI.
2759 1169 2834 1179 —
2865 1139 3270 1195 BONIFACIUS
3299 1140 3362 1195 V.

2651 1225 2833 1299 (Anno
2870 1229 3072 1285 Christi
3103 1225 3250 1296 617.)

2197 1313 2546 1386 Bonifacius,
2594 1316 2827 1373 natione
2863 1316 3204 1387 Campanus,
3245 1317 3315 1373 de
3350 1317 3594 1374 civitate
3636 1319 3788 1373 Nea-

2127 1404 2265 1475 poli,
2299 1403 2450 1460 sedit
2477 1418 2658 1460 annos
2683 1405 2960 1476 quinque,
2997 1418 3217 1462 menses
3245 1405 3462 1462 decem.
3509 1407 3613 1462 Hic
3642 1421 3787 1462 con-

2125 1493 2322 1550 stituit
2357 1497 2421 1550 ut
2451 1498 2850 1550 testamentum
2891 1495 3202 1550 secundum
3243 1494 3530 1565 principis
3555 1497 3785 1564 jussio—

2125 1595 2250 1638 nem
2290 1582 2488 1638 valeat.
2521 1583 2840 1639 Constituit
2868 1583 3041 1638 etiam
3077 1588 3138 1638 ut
3165 1582 3363 1640 nullus
3399 1583 3687 1640 violenter
3713 1585 3782 1641 de

2123 1671 2363 1727 ecclesia
2392 1670 2726 1728 auferatur:
2757 1685 2858 1728 nec
2888 1672 3124 1743 aliquis,
3156 1672 3272 1728 nisi
3297 1673 3616 1745 presbyter,
3644 1688 3783 1730 san-

372 1771 639 1840 episc0po
686 1768 756 1823 de
805 1767 930 1835 ejus
986 1777 1312 1820 successore
1358 1767 1508 1835 agat,
1564 1764 1657 1818 sed
1707 1763 1877 1819 tertio
1921 1763 2017 1819 die
2042 1759 2091 1820 Β
2124 1766 2346 1818 ctorum
2378 1767 2689 1832 martyrum
2722 1761 3004 1832 reliquias
3031 1761 3104 1818 de
3133 1761 3376 1818 ecclesia
3408 1762 3601 1818 levare
3633 1778 3783 1834 prae-

369 1857 752 1928 depositionis
776 1856 921 1926 ejus,
953 1854 1204 1910 adunato
1241 1851 1395 1908 clero
1419 1856 1477 1908 et
1509 1851 1738 1923 populo,
1773 1851 1871 1909 flat
1894 1851 2018 1909 ele-

369 1949 505 2004 ctio.
537 1947 642 2002 Hic
670 1943 960 2002 ordinavit
988 1942 1286 2012 episcopos
1314 1941 1523 2013 viginti
1553 1941 1718 1998 duos.

727 2033 921 2090 LXIX.
953 2062 1024 2073 —
1052 2031 1105 2087 S.
1140 2029 1541 2086 BONIFACIUS
1569 2031 1656 2088 IV.

895 2119 1078 2192 (Anno
1119 2119 1318 2177 Christi
1349 2115 1496 2190 607.)

440 2211 789 2283 Bonifacius,
831 2210 1065 2266 natione
1102 2210 1345 2278 Marsus,
1383 2207 1454 2263 de
1491 2206 1723 2263 civitate
1763 2205 2010 2280 Valeria,

368 2320 437 2362 ex
483 2303 889 2374 patre'Joanne
933 2297 1173 2368 medico,
1219 2297 1368 2353 sedit
1411 2310 1592 2353 annos
1629 2311 1748 2369 sex,
1795 2310 2016 2354 menses

365 2397 513 2464 octo,
535 2393 661 2448 dies
681 2388 1002 2448 duodecim.
1027 2388 1210 2456 Hujus
1233 2385 1588 2456 temporibus
1608 2385 1784 2442 fames
1802 2385 2010 2457 valida,

366 2489 422 2538 et
462 2481 870 2538 inundationes
905 2490 1184 2548 aquarum
1224 2475 1577 2548 gravissimae
1616 2473 1866 2531 fuerunt.
1910 2475 2013 2530 Hic

365 2570 640 2639 templum
684 2568 972 2622 Pantheon
1019 2566 1167 2636 quod
1210 2563 1536 2634 vocabatur,
1565 2578 1597 2619 a
1628 2564 1811 2620 Pboca
1842 2564 2012 2634 prin—

361 2659 490 2727 cipe
521 2657 706 2728 petiit,
741 2654 890 2725 quod
931 2660 988 2709 et
1020 2653 1374 2709 consecravit
1414 2654 1473 2707 in
1506 2653 1775 2708 honorem
1799 2653 1855 2707 S.
1885 2655 2011 2707 Ma-

362 2748 463 2803 riae
501 2745 748 2816 virginis
789 2749 845 2798 et
883 2742 1139 2797 omnium
1188 2744 1520 2810 martyrum.
1567 2741 1672 2794 Hic
1718 2740 2008 2796 ordinavit

358 2835 656 2904 episcOpos
687 2831 926 2901 triginta
956 2843 1073 2900 sex,
1100 2828 1374 2883 diaconos
1400 2833 1545 2884 octo.
1580 2826 1896 2885 Defunctus
1921 2833 2006 2886 est

357 2927 542 2978 autem
578 2933 614 2976 ι
644 2919 880 2975 Kalend.
911 2917 1090 2972 Junii.

791 3007 961 3063 LXX.
987 3035 1062 3046 —
1083 3005 1138 3061 S.
1165 3003 1567 3061 DEUSDEDIT.

882 3095 1065 3168 (Anno
1101 3095 1301 3151 Christi
1326 3091 1473 3166 614.)

420 3187 751 3258 Deusdedit,
795 3186 1028 3242 natione
1070 3186 1379 3246 Romanus,
1421 3197 1488 3239 ex
1524 3187 1682 3254 patre
1718 3183 2002 3255 Stephano

346 3279 721 3347 subdiacono,
750 3276 902 3333 sedit
927 3287 1109 3330 annos
1134 3278 1270 3343 tres,
1301 3273 1428 3329 dies
1459 3272 1718 3345 triginta.
1751 3274 1853 3329 Hic
1877 3273 2003 3330 cle—

347 3383 474 3426 rum
511 3368 755 3424 multum
795 3364 1026 3433 dilexit,
1067 3367 1124 3419 et
1152 3363 1494 3433 sacerdotes,
1527 3366 1584 3418 et
1613 3367 1847 3419 caeteros
1877 3363 2002 3420 cle—

345 3460 499 3515 ricos
522 3458 591 3514 ad
631 3455 877 3528 pristina
921 3453 1044 3510 loca
1079 3452 1381 3508 revocavit.
1427 3452 1611 3521 Hujus
1641 3451 1998 3523 temporibus

345 3562 534 3604 mense
561 3547 819 3619 Augusto
851 3541 966 3599 fuit
998 3546 1357 3598 terraamotus
1399 3554 1659 3612 magnus,
1693 3555 1860 3612 quem
1899 3556 1997 3598 se-

341 3643 474 3694 cuta
504 3641 590 3692 est
625 3634 836 3703 clades,
868 3637 924 3687 et
963 3630 1154 3702 gravis
1199 3629 1493 3700 percussio
1536 3629 1880 3700 scabierum,
1914 3631 1994 3686 ita

342 3732 406 3784 ut
433 3725 630 3781 nullus
657 3728 946 3779 mortuum
973 3733 1141 3775 suum
1169 3722 1359 3788 posset
1382 3731 1706 3789 agnoscere.
1741 3718 1996 3774 Gordia—

343 3828 448 3869 nus
472 3813 776 3882 episcopus
799 3807 1197 3877 Hispaniensis
1219 3806 1484 3861 Ecclesia:
1505 3805 1721 3862 litteris
1742 3807 1811 3862 ad
1841 3822 1994 3877 pre:-

337 3901 557 3958 dictum
605 3912 803 3968 papam
843 3896 1102 3966 directis,
1136 3896 1205 3950 de
1234 3894 1381 3948 viris
1414 3900 1470 3949 et
1513 3894 1858 3952 mulieribus
1888 3898 1988 3968 qui

339 3989 658 4046 nescientes
690 4001 790 4057 pro
824 3998 1026 4056 magno
1057 3983 1401 4054 populorum
1447 3984 1689 4041 incursu
1731 3986 1988 4055 paschali

338 4078 581 4135 Sabbato
626 4076 833 4132 filiosa
864 4072 1020 4129 fonte
1062 4072 1333 4142 baptismi
1380 4079 1768 4145 susceperant,
1798 4075 1986 4145 ipsum

226 4230 238 4240 κ
336 4166 650 4236 consuluit,
695 4165 746 4220 si
773 4165 890 4234 jam
929 4163 998 4218 ad
1048 4162 1344 4234 proprium
1384 4177 1553 4220 suum
1588 4178 1754 4220 usum
1801 4165 1988 4222 redire

331 4254 618 4314 debeant?
641 4254 750 4324 Qui
781 4255 841 4310 in
867 4253 1107 4309 ecclesia
1140 4253 1372 4308 Isauriae
1397 4257 1454 4308 et
1478 4253 1769 4324 Hierosoly
1781 4267 1905 4325 mae,
1932 4258 1989 4309 et

336 4351 395 4406 in
422 4347 625 4404 multis
649 4344 786 4402 aliis
810 4343 1072 4400 ecclesiis
1101 4341 1245 4398 talia
1271 4341 1410 4398 olim
1441 4341 1696 4396 evenisse
1730 4341 1898 4410 dicit,
1929 4345 1987 4398 et

2124 1855 2331 1906 sumat.
2379 1851 2510 1906 Fuit
2547 1851 2640 1906 vir
2671 1851 3039 1921 mitissimus,
3071 1855 3128 1907 et
3163 1852 3380 1907 amavit
3402 1851 3650 1908 clerum.
3680 1855 3778 1909 Hic

2124 1939 2413 1995 ordinavit
2432 1939 2729 2010 episcopos
2752 1939 3167 2012 undetriginta,
3189 1940 3553 2011 presbyteros
3567 1942 3775 2014 viginti

2123 2040 2239 2099 sex,
2263 2029 2535 2086 diaconos
2556 2033 2820 2101 quatuor.
2845 2028 2956 2099 Qui
2976 2027 3283 2086 defunctus
3301 2036 3389 2086 est
3407 2044 3514 2087 VIII
3538 2031 3776 2088 Kalend.

2120 2117 2417 2174 Novembr.

2582 2207 2804 2264 LXXII.
2834 2237 2909 2248 —
2935 2205 3300 2265 HONORIUS.

2643 2294 2824 2366 (Anno
2865 2296 3066 2352 Christi
3097 2294 3246 2367 626.)

2193 2383 2498 2455 Honorius,
2545 2384 2776 2440 natione
2815 2383 3156 2455 Campanus,
3195 2398 3263 2440 ex
3299 2389 3462 2456 patre
3508 2387 3777 2445 Petronio

2121 2473 2374 2544 consule,
2423 2473 2573 2529 sedit
2613 2485 2794 2528 annos
2837 2473 3161 2542 duodecim,
3214 2487 3437 2530 menses
3483 2475 3773 2546 undecim,

2117 2560 2245 2618 dies
2267 2562 2598 2618 octodecim.
2629 2562 2732 2617 Hic
2756 2561 2972 2618 clerum
3003 2562 3275 2618 erudivit.
3308 2565 3413 2619 Hic
3433 2564 3506 2620 de
3531 2566 3778 2622 ordina-

2119 2649 2378 2707 tionibus
2405 2651 2805 2722 episcoporum
2838 2651 3073 2707 minime
3098 2651 3436 2709 diﬁ'erendis
3469 2653 3554 2709 ita
3583 2654 3731 2711 dicit
3757 2675 3769 2712 :

2116 2749 2138 2777 ι
2181 2739 2414 2803 Placuit,
2463 2745 2525 2794 ut
2562 2743 2792 2810 quisque
2839 2742 3308 2812 metropolitanus,
3358 2745 3408 2797 si
3456 2744 3616 2797 ultra
3668 2749 3771 2800 tres

2113 2844 2319 2884 menses
2363 2832 2782 2885 consecrationis
2824 2845 2955 2894 suae,
2998 2831 3072 2885 ad
3098 2831 3259 2900 ﬁdem
3287 2847 3445 2886 suam
3486 2848 3773 2902 exponen—

2113 2919 2260 2982 dam,
2280 2919 2625 2989 palliumque
2654 2920 3080 2990 suscipiendum,
3113 2921 3188 2975 ad
3210 2922 3570 2991 apostolicam
3594 2925 3768 2977 sedem

2111 3023 2221 3062 non
2242 3009 2469 3072 miserit,
2500 3011 2781 3064 commissa
2810 3009 2917 3064 sibi
2943 3014 3125 3066 careat
3153 3011 3422 3079 dignitate
3451 3030 3464 3067 :
3493 3015 3572 3066 sit
3599 3014 3769 3067 licen-

2034 3091 2082 3153 C
2113 3098 2191 3150 tia
2236 3098 2666 3166 metropolitanis
2721 3098 2869 3161 aliis,
2926 3103 3055 3168 post
3103 3099 3396 3153 secundum
3442 3105 3498 3154 et
3550 3103 3766 3156 tertiam

2112 3187 2590 3250 commonitionem,
2638 3186 2885 3241 viduatis
2932 3187 3165 3242 ecclesiis
3208 3203 3328 3242 cum
3377 3191 3614 3243 consilio
3655 3192 3767 3246 Ro-

2108 3277 2260 3328 mani
2301 3277 2580 3345 pontiﬁcis
2626 3276 2936 3330 ordinando
2989 3278 3296 3347 episcOpum
3341 3278 3659 3333 subvenire.
3709 3278 3768 3334 Si

2105 3378 2229 3417 vero
2271 3365 2625 3419 consecrandi
2668 3366 2905 3435 episcopi
2945 3367 3277 3434 negligentia
3318 3370 3664 3436 provenerit,
3707 3373 3764 3422 ut

2105 3454 2254 3508 ultra
2292 3458 2400 3509 tres
2432 3469 2636 3510 menses
2671 3455 2893 3510 ecclesia
2925 3455 3154 3510 uiduata
3193 3459 3476 3520 consistat,
3517 3474 3766 3513 commu-

2102 3542 2262 3596 nione
2296 3545 2568 3612 privetur,
2612 3559 2892 3614 quousque
2931 3548 3029 3598 aut
3068 3545 3176 3600 loco
3215 3545 3393 3616 cedat,
3431 3552 3534 3601 aut
3571 3564 3763 3603 conse-

2103 3631 2368 3686 crandum
2390 3633 2634 3701 praebere
2662 3648 2771 3687 non
2802 3633 3043 3702 differat.
3078 3633 3232 3699 Quod
3255 3636 3306 3688 si
3330 3635 3481 3689 ultra
3512 3640 3762 3708 quinque

2100 3734 2306 3774 menses
2351 3736 2449 3794 per
2499 3737 2656 3777 suam
2701 3723 3086 3791 negligentiam
3132 3725 3422 3778 retinuerit
3471 3726 3763 3781 viduatam

2101 3807 2395 3879 ecclesiam,
2421 3825 2594 3879 neque
2614 3811 2710 3882 ibi,
2740 3827 2910 3881 neque
2938 3811 3078 3866 alibi
3102 3815 3524 3868 consecrationis
3557 3815 3760 3871 donum

2091 3899 2385 3967 percipiat,
2417 3900 2522 3953 imo
2559 3902 2966 3971 metropolitani
3002 3903 3091 3956 sui
3108 3901 3325 3970 judicio
3355 3903 3540 3957 cedat.

2170 3987 2305 4041 Item
2335 4005 2347 4040 :
2383 3986 2700 4057 Quicunque
2741 4004 2872 4043 sane
2916 3991 3460 4060 metropolitanorum
3497 4008 3605 4062 per
3635 3995 3758 4063 pla-

2098 4080 2210 4129 teas
2252 4076 2338 4130 uel
2375 4078 2435 4130 in
2480 4078 2693 4132 litantis
2731 4080 2815 4133 uti
2849 4079 3025 4149 pallio
3066 4083 3505 4151 praesumpserit,
3557 4087 3610 4136 et
3647 4099 3754 4136 non

2097 4168 2312 4218 tantum
2354 4167 2414 4218 in
2435 4169 2733 4238 pracipuis
2773 4169 3186 4235 festivitatibus,
3220 4173 3272 4223 et
3299 4171 3602 4240 apostolica
3631 4172 3755 4225 sede

2095 4255 2318 4310 indictis
2346 4257 2670 4326 temporibus
2696 4258 2771 4311 ad
2789 4259 3082 4313 missarum
3106 4259 3438 4313 solummodo
3463 4261 3753 4325 solemnia,

2086 4346 2377 4412 permissa,
2420 4362 2530 4415 qua
2576 4348 2845 4418 abutitur,
2897 4353 3082 4403 careat
3127 4348 3396 4416 dignitate
3439 4367 3452 4403 :
3487 4353 3758 4420 quoniam

333 4446 717 4496 antecessores
741 4448 895 4504 suos,
927 4433 1165 4502 Julium,
1193 4436 1250 4486 et
1274 4429 1690 4500 Innocentium,
1721 4436 1778 4486 et
1799 4431 1976 4487 Coele—
2011 4464 2065 4525 D
2082 4433 2214 4501 jure
2234 4435 2588 4504 privilegium
2614 4440 2850 4491 meretur
2879 4439 3144 4501 amittere,
3176 4439 3274 4506 qui
3297 4438 3565 4493 audacter
3592 4455 3759 4495 usur-

334 4529 551 4584 stinum
605 4541 735 4583 cum
793 4522 1177 4594 plurimorum
1235 4519 1634 4588 episcoporum
1697 4526 1982 4577 conventu

336 4616 473 4670 talia
523 4593 890 4684 prohibentes
952 4593 1377 4680 praescripsisse
1423 4609 1650 4679 asserit,
1704 4615 1767 4666 ut
1821 4610 1982 4667 nullo

337 4703 502 4757 modo
537 4705 653 4772 jam
683 4715 745 4755 se
781 4701 838 4754 in
888 4697 1222 4768 coniugium
1274 4697 1591 4768 reciperent
1631 4699 1902 4755 mulieres
1926 4705 1981 4756 et

334 4789 467 4860 viri,
496 4789 594 4858 qui
628 4801 726 4858 per
757 4798 1156 4857 quamcunque
1182 4786 1458 4843 rationem
1487 4788 1845 4859 susciperent
1871 4803 1982 4845 na—

334 4884 444 4948 tos,
484 4877 578 4932 sed
625 4879 953 4946 separarent
983 4887 1062 4945 se,
1105 4889 1193 4947 ne,
1245 4876 1519 4933 suadente
1565 4877 1816 4950 diabolo,
1869 4879 1981 4935 tale

334 4968 542 5023 vitium
618 4965 830 5037 peccati
891 4965 1168 5022 inolescat
1227 4980 1325 5036 per
1383 4967 1679 5039 mundum,
1734 4973 1791 5024 et
1837 4970 1980 5025 uni-

331 5069 624 5116 versorum
655 5068 815 5110 error
854 5061 1156 5110 accrescat.
1193 5055 1432 5112 Addidit
1461 5057 1528 5112 ad
1569 5057 1694 5127 hoc,
1734 5058 1972 5115 dicens:

332 5148 496 5203 Scitis
525 5148 678 5217 quia,
711 5145 971 5212 quomodo
1001 5149 1129 5199 sunt
1157 5150 1356 5214 septem
1385 5147 1530 5200 dona
1559 5147 1800 5217 Spiritus
1840 5165 1980 5202 san-

330 5238 422 5299 cti,
453 5238 533 5291 ita
556 5239 687 5290 sunt
713 5236 910 5302 septem
949 5232 1091 5286 dona
1124 5233 1483 5301 baptismatis,
1515 5251 1549 5288 a
1566 5237 1747 5304 primo
1768 5237 1976 5306 pabulo

231 5389 240 5398 ,
329 5327 462 5381 salis
511 5324 734 5391 sacrati,
781 5324 830 5376 et
867 5322 1118 5389 ingressu
1162 5328 1363 5377 sancta
1402 5325 1653 5380 Ecclesia
1695 5341 1865 5396 usque
1902 5327 1977 5382 ad

329 5417 786 5487 confirmationem
822 5412 999 5466 sancti
1037 5410 1278 5480 Spiritus
1315 5427 1413 5481 per
1450 5414 1702 5468 chrisma.
1747 5415 1836 5470 Ab
1877 5417 1974 5472 hoc

330 5493 454 5573 ergo
497 5504 736 5573 Spiritus
773 5496 973 5574 [primo
1009 5496 1269 5575 Spiritus]
1301 5503 1478 5556 sancti
1515 5503 1654 5557 dono
1696 5519 1865 5575 usque
1900 5506 1975 5562 ad

2089 4527 2187 4592 pat
2216 4524 2431 4578 illicita.

2164 4615 2299 4668 Item
2327 4633 2338 4668 :
2365 4615 2657 4684 Episcopus
2684 4630 2809 4670 vero
2836 4617 2934 4684 qui
2957 4619 3258 4685 percutere,
3281 4615 3633 4680 detruncare,
3668 4619 3761 4674 vel

2091 4707 2279 4756 contra
2309 4705 2624 4758 canonicam
2648 4705 3024 4760 auctoritatem
3053 4707 3348 4776 infamare,
3377 4711 3478 4760 aut
3495 4710 3760 4777 propriis

2088 4792 2248 4846 rebus
2287 4793 2489 4862 absque
2529 4794 2692 4861 legali
2719 4794 2937 4862 judicio
2975 4795 3276 4865 exspoliari
3307 4800 3754 4867 praesumpserit,

2089 4882 2200 4936 sive
2247 4897 2333 4937 eos
2376 4899 2412 4935 a
2455 4885 2749 4938 commissis
2795 4883 3030 4939 ecclesiis
3072 4885 3405 4955 insequendo
3454 4887 3754 4956 expellere,

2088 4973 2455 5025 communione
2490 4973 2762 5042 privetur.
2812 4973 2873 5028 Si
2908 4989 3032 5028 vero
3073 4974 3153 5028 bis
3193 4974 3276 5028 vel
3315 4979 3394 5028 ter
3427 4983 3757 5046 conuentus,

2087 5061 2137 5112 ei
2183 5061 2242 5112 in
2285 5075 2442 5129 quem
2491 5060 2784 5131 deliquisse
2837 5062 3198 5130 dignoscitur,
3249 5063 3590 5118 emendando
3632 5081 3756 5120 non

2085 5150 2427 5216 satisfecerit,
2458 5151 2822 5206 anathematis
2845 5153 3079 5206 vinculis
3108 5153 3421 5208 innodetur.

2157 5243 2293 5296 Item
2326 5257 2338 5293 :
2375 5240 2436 5294 Si
2460 5243 2557 5310 qui
2596 5241 2812 5296 domum
2841 5244 2941 5296 Dei
2967 5243 3272 5314 violaverit,
3314 5248 3365 5298 et
3402 5244 3598 5313 aliqua
3619 5247 3759 5298 sine

2085 5329 2304 5384 licentia
2373 5331 2547 5395 illius,
2620 5334 2710 5386 cui
2769 5334 3052 5387 commissa
3116 5333 3538 5402 dignoscantur,
3609 5336 3760 5390 inde

2083 5419 2389 5484 abstulerit,
2415 5421 2500 5474 vel
2531 5421 2905 5477 ecclesiasticis
2928 5425 3181 5492 personis
3213 5425 3485 5492 injuriam
3523 5426 3756 5496 fecerit,

2085 5509 2249 5565 donec
2301 5515 2589 5566 conventus
2641 5515 2693 5567 et
2745 5511 3057 5570 admonitus
3105 5513 3339 5582 legitime
3395 5515 3760 5583 satisfaciat,

400 5603 422 5630 ³
458 5593 768 5648 Gratianus
813 5591 952 5648 dist.
1005 5588 1127 5662 400,
1179 5605 1228 5646 c.
1270 5592 1554 5665 Quoniam,
1597 5594 1713 5651 haec
1758 5595 1968 5654 tribuit
1996 5597 2241 5672 Pelagio.
