4082 6168
342 286 483 348 4233

1195 285 1458 344 PSEUDO
1495 282 1910 342 LUITPRANDI
1947 281 2075 340 LIB.
2116 283 2208 340 DE
2243 283 2418 341 VITIS
2455 281 2628 342 ROM.
2685 287 2886 345 PONT.

3606 289 3744 352 4234

337 420 479 474 sciat
505 431 561 473 se
589 432 624 471 a
651 416 1019 471 communione
1053 415 1354 485 privatum.
1386 414 1448 468 Si
1482 426 1606 468 vero
1632 417 1759 482 post
1785 427 1986 467 secun—
2009 407 2070 472 A
2099 425 2264 466 causa
2301 413 2548 468 omnibus
2585 416 2893 482 auferatur.
2928 418 2990 474 Si
3026 420 3153 488 quis
3187 433 3320 474 sane
3353 418 3745 474 uenerabilium

338 509 469 563 dam
506 511 558 563 et
603 510 818 563 tertiam
865 507 1264 561 conventionem
1310 521 1489 560 coram
1532 507 1775 576 episcopo
1813 505 1986 558 satis-

335 600 520 666 facere
572 597 968 659 detrectaverit,
1014 595 1291 663 sacrilegii
1335 595 1581 665 periculo
1623 595 1692 648 ab
1739 593 1988 648 omnibus

338 688 606 741 obnoxius
654 689 920 740 teneatur.
976 684 1295 754 Quicunque
1339 685 1825 746 sanctimonialem,
1879 683 1988 736 sive

337 789 717 844 quamcunque
744 775 1026 842 feminam,
1055 775 1116 827 in
1135 775 1542 828 matrimonium
1568 772 1652 827 vel
1671 770 1991 826 concubina-

336 851 450 919 tum
501 865 770 934 rapuerit,
829 864 996 919 donec
1052 878 1168 918 eam
1220 879 1400 918 coram
1451 865 1694 932 episcopo
1752 862 1990 915 civitatis

335 955 656 1026 parentibus
678 955 764 1009 vel
787 955 994 1009 civibus
1022 956 1295 1017 restituat,
1319 969 1440 1008 cum
1465 952 1713 1007 omnibus
1741 952 1990 1019 fautori-

339 1045 437 1099 bus
475 1046 590 1099 suis
633 1044 1151 1098 excommunicatum
1191 1057 1247 1097 se
1284 1057 1396 1098 esse
1435 1046 1760 1110 cognoscat:
1788 1042 1837 1094 si
1864 1054 1988 1094 vero

331 1139 458 1204 post
495 1133 788 1188 secundam
817 1136 867 1187 et
897 1134 1112 1188 tertiam
1151 1134 1570 1200 conventionem,
1604 1146 1771 1199 quam
1799 1132 1987 1198 rapuit

336 1225 436 1278 sub
483 1225 856 1290 satisfactione
904 1237 1144 1291 congrua
1191 1237 1299 1276 non
1346 1222 1669 1284 reddiderit,
1720 1224 1984 1289 tanquam

335 1312 846 1374 anathematizatus,
901 1312 971 1364 ab
1024 1313 1171 1365 omni
1227 1311 1660 1366 Christianorum
1719 1310 1982 1364 consortio

335 1401 648 1472 repellatur.
682 1403 886 1471 Raptas
917 1403 1079 1463 enim,
1122 1416 1216 1455 nec
1254 1395 1540 1462 immerito,
1583 1400 1834 1461 dicimus,
1863 1413 1984 1467 qux

335 1493 452 1545 sine
481 1505 742 1545 consensu
755 1494 1066 1560 parentum,
1089 1491 1174 1543 vel
1193 1491 1431 1543 civitatis
1457 1491 1711 1558 episc0pi,
1735 1492 1832 1541 aut
1852 1488 1984 1556 ipsx

334 1581 480 1635 ultro
509 1580 831 1650 diﬂugiunt,
872 1584 969 1634 aut
998 1580 1236 1634 nolentes
1266 1579 1335 1633 ab
1364 1580 1491 1633 aliis
1521 1578 1890 1632 abducuntur.
1924 1574 1984 1628 Si

333 1671 458 1740 quis
497 1670 846 1724 homicidium
894 1670 1250 1724 membrorum
1303 1670 1662 1730 truncatione,
1704 1668 1982 1721 domorum

2098 505 2466 573 episCOporum
2511 505 2596 559 vel
2634 505 2973 560 sacerdotum
3008 511 3067 562 in
3109 509 3208 563 hac
3249 525 3307 564 re
3345 507 3744 564 districtissime

2096 608 2204 647 non
2243 594 2570 665 vigilave-rit,
2616 599 2666 648 et
2709 597 2768 648 in
2811 596 2997 665 aliquo
3040 599 3358 662 cohibuerit,
3409 615 3514 668 quo
3560 601 3742 653 minus

2098 684 2467 738 ecclesiasticae
2495 687 2798 740 severitatis
2832 687 3062 740 invectio
3099 689 3244 741 circa
3273 703 3535 757 personas
3574 688 3745 742 delin-

2099 775 2377 843 quentium
2406 779 2765 838 conservetur,
2793 776 2960 830 donec
2985 792 3162 830 coram
3177 778 3510 846 provinciali
3536 777 3742 846 synodo

2099 865 2352 932 satis/tat,
2397 880 2432 917 a
2472 867 2839 919 communione
2876 867 3015 920 sciat
3056 881 3111 920 se
3152 881 3264 920 esse
3299 881 3638 936 suspensum.
3682 867 3744 921 Si

2098 967 2222 1007 vero
2276 957 2398 1022 post
2445 955 2660 1008 tertiam
2702 957 3102 1010 conventionem
3155 958 3216 1010 in
3261 946 3368 1010 sua
3410 957 3743 1024 negligentia

2096 1045 2376 1105 manserit,
2427 1045 2682 1098 canonico
2730 1045 2946 1113 judicio
2989 1045 3304 1114 subjacebit.
3362 1046 3491 1100 Illos
3540 1050 3740 1109 autem,

2096 1135 2192 1202 qui
2214 1149 2318 1202 pro
2348 1134 2577 1189 diversis
2608 1137 2723 1189 suis
2752 1136 3056 1190 excessibus
3086 1151 3142 1190 se
3170 1138 3557 1191 conveniendos
3589 1139 3744 1206 lega—

2097 1223 2220 1277 liter
2253 1225 2462 1287 timent,
2503 1225 2782 1294 aliumque
2819 1226 2894 1279 ad
2929 1227 3263 1280 senioratum
3304 1219 3649 1295 confugiunt,
3693 1233 3744 1282 et

2094 1313 2175 1366 ibi
2213 1314 2406 1382 pejora
2444 1315 2726 1383 prioribus
2780 1320 3077 1386 operantur
3108 1335 3124 1380 ;
3145 1316 3306 1384 jubet
3346 1320 3408 1370 ut
3449 1332 3484 1369 a
3531 1318 3742 1370 nemine

2093 1404 2486 1470 suscipiantur,
2537 1404 2702 1459 donec
2749 1405 2848 1458 sub
2884 1407 3089 1473 prioris
3149 1405 3356 1458 domini
3407 1405 3744 1459 districtione

2091 1491 2441 1558 satisfaciant
2474 1495 2652 1547 cuntis
2689 1494 2886 1562 quibus
2927 1495 3288 1563 deliquerant.
3331 1493 3393 1548 Si
3428 1509 3552 1547 vero
3581 1496 3742 1562 prius

2092 1583 2329 1650 suscepti
2354 1582 2586 1649 fuerint,
2619 1598 2740 1636 cum
2765 1598 2861 1637 suo
2890 1588 3195 1652 susceptare
3224 1585 3592 1638 communione
3611 1584 3744 1651 pri—

2092 1677 2304 1727 ventur.
2338 1674 2415 1727 De
2437 1673 2551 1726 illis
2575 1677 2753 1727 autem
2780 1675 2877 1742 qui
2899 1673 3262 1743 prolationem
3299 1675 3578 1727 sententiae
3606 1674 3746 1727 sub—

331 1759 589 1814 incendia
616 1761 826 1826 fecerit,
849 1763 946 1812 aut
968 1759 1088 1828 fieri
1095 1759 1347 1827 jusserit,
1375 1761 1472 1812 aut
1499 1758 1726 1824 facienti
1750 1771 1983 1810 consen—

2096 1765 2368 1831 terfugere
2422 1764 2718 1834 cupientes,
2772 1779 2805 1816 a
2852 1762 3301 1817 matricularibus
3366 1763 3600 1817 ecclesix
3658 1762 3742 1817 vel

332 1852 502 1914 serit;
528 1863 802 1918 quousque
833 1849 898 1902 de
921 1848 1005 1902 his
1035 1849 1300 1916 legaliter,
1323 1849 1408 1902 vel
1425 1847 1786 1901 amicabiliter
1804 1862 1984 1901 coram

332 1939 576 2008 episcopo
601 1938 840 1991 civitatis
870 1937 1105 2006 aliisque
1133 1937 1339 1990 civibus
1367 1951 1478 1990 non
1503 1935 1885 1998 emendaverit,
1913 1934 1982 1987 ab

333 2027 556 2082 ecclesia
608 2028 892 2096 privatum
946 2041 1002 2080 se
1057 2041 1169 2080 esse
1225 2029 1528 2093 cognoscat.
1578 2024 1640 2079 Si
1684 2039 1808 2092 ergo
1855 2027 1982 2094 post

332 2115 625 2172 secundam
661 2120 712 2170 et
745 2117 960 2170 tertiam
999 2116 1399 2170 conventionem
1431 2119 1646 2177 cuncta,
1685 2115 1746 2166 in
1781 2113 1979 2183 quibus

331 2207 606 2275 arguitur,
647 2220 755 2259 non
793 2205 1174 2275 emendaverit,
1215 2208 1479 2274 tanquam
1517 2204 1761 2259 ethnicus
1790 2208 1840 2259 et
1860 2219 1980 2274 pu-

335 2295 580 2349 blicanus
621 2295 691 2348 ab
735 2296 881 2348 omni
929 2294 1360 2350 Christianorum
1411 2294 1629 2362 collegio
1672 2297 1974 2363 separetur.

330 2385 497 2439 Porro
538 2384 604 2438 de
640 2385 725 2438 his
769 2386 868 2453 qui
906 2384 1335 2454 deprxdationes
1371 2385 1622 2452 fecerint,
1663 2387 1762 2438 aut
1799 2385 1978 2450 facere

316 2474 612 2543 juSserint,
644 2475 730 2528 vel
755 2475 986 2542 facienti
1012 2476 1396 2543 consenserint,
1429 2475 1789 2543 instituimus,
1817 2477 1896 2544 ut,
1929 2473 1979 2527 si

328 2563 400 2618 ab
447 2565 690 2634 episeOpo
743 2564 982 2617 civitatis
1041 2563 1311 2618 admoniti
1356 2564 1578 2618 minime
1626 2564 1974 2633 resipuerint,

327 2653 708 2722 quadraginta
743 2653 860 2706 dies
881 2667 1026 2722 pane
1053 2656 1104 2707 et
1131 2667 1278 2723 aqua
1298 2655 1551 2721 contenti,
1584 2653 1813 2722 reliquis
1843 2654 1977 2706 cibis

326 2743 380 2794 et
401 2741 620 2810 potibus
662 2743 773 2795 sint
809 2743 1027 2795 omnino
1059 2742 1286 2811 privati.
1331 2741 1486 2806 Quod
1513 2742 1562 2795 si
1590 2742 1730 2796 hanc
1759 2756 1979 2795 excom—

324 2830 746 2883 municationem
784 2831 1048 2899 suspicati
1086 2831 1300 2896 fuerint
1333 2831 1583 2899 violasse,
1625 2831 1977 2898 satisfaciant

323 2919 592 2987 episcopo,
629 2918 777 2986 quod
803 2918 957 2971 illam
986 2933 1096 2971 non
1122 2919 1446 2972 violaverint
1475 2936 1492 2971 :
1525 2921 1707 2986 sicque
1737 2919 1970 2980 demum,

321 3007 376 3059 si
416 3006 646 3058 convicti
689 3005 900 3071 fuerint
946 3003 1086 3057 hanc
1136 3005 1385 3073 violasse,
1432 3020 1543 3059 non
1585 3006 1780 3075 solum,
1827 3006 1974 3074 quod

2097 1850 2512 1920 baptismalibus
2554 1867 2609 1905 se
2653 1853 2984 1914 subducunt.
3031 1853 3245 1913 statuit,
3293 1855 3354 1905 ut
3381 1851 3440 1904 hi
3467 1853 3565 1920 qui
3592 1853 3742 1906 intra

2090 1942 2361 2007 regionem
2383 1943 2574 2012 positi,
2605 1957 2640 1994 a
2661 1941 2900 2011 publicis
2931 1940 3276 1994 ecclesiarum
3305 1954 3360 1993 se
3391 1940 3739 1994 conventibus

2091 2030 2241 2084 ultra
2299 2034 2405 2085 tres
2465 2031 2580 2085 dies
2644 2031 2950 2084 Dominicos
3010 2030 3318 2083 voluntarie
3376 2028 3739 2098 prolationem

2088 2123 2367 2176 sententiae
2407 2120 2853 2188 subterfugiendo
2900 2120 3194 2182 abstinent,
3223 2118 3390 2172 donec
3427 2119 3526 2172 sub
3566 2119 3742 2173 satis—

2087 2212 2325 2278 factione
2363 2225 2419 2265 se
2464 2209 2829 2264 emendandos
2872 2213 3146 2271 astruant,
3197 2209 3566 2263 communione
3610 2209 3740 2278 pri-

2083 2305 2297 2356 ventur.

2157 2391 2295 2446 Item
2324 2408 2336 2444 :
2371 2389 2863 2444 Administratores
2893 2389 3064 2458 plane
3102 2388 3450 2443 sxcularium
3485 2388 3736 2456 dignita-

2087 2483 2222 2542 tum,
2272 2495 2405 2549 quos
2455 2479 2531 2533 ad
2570 2479 2919 2534 ecclesiarum
2961 2479 3262 2542 tuitionem,
3305 2478 3646 2548 pupillorum
3689 2482 3739 2532 et

2086 2571 2383 2625 viduarum
2419 2571 2827 2640 protectionem,
2871 2570 3264 2639 rapaciumque
3313 2569 3736 2636 refrenationem

2087 2661 2405 2715 constitutos
2446 2673 2559 2714 esse
2605 2660 2967 2726 cognovimus,
3021 2659 3228 2728 quoties
3270 2658 3340 2712 ab
3384 2659 3644 2728 episcopis
3687 2661 3738 2712 et

2086 2749 2462 2804 ecclesiasticis
2526 2749 2662 2802 viris
2718 2749 2964 2802 conventi
3021 2749 3252 2814 fuerint,
3313 2761 3495 2800 eorum
3542 2747 3738 2816 queri—

2084 2841 2294 2894 monias
2318 2839 2555 2908 ﬁdeliter
2585 2837 2841 2900 audiant,
2873 2841 2925 2891 et
2951 2837 3249 2892 secundum
3278 2835 3424 2905 quod
3446 2836 3737 2890 necessitas

2084 2929 2386 2996 expetierit,
2427 2927 2630 2996 absque
2667 2927 2998 2994 negligentia
3036 2927 3365 2988 examinent,
3397 2929 3449 2980 et
3486 2924 3739 2992 diligenti

2085 3015 2265 3068 studio
2294 3014 2590 3069 emendent.
2623 3015 2776 3078 Quod
2801 3016 2850 3068 si
2876 3016 2974 3068 Dei
3010 3016 3252 3069 timorem
3275 3029 3396 3084 prae
3422 3015 3594 3069 oculis
3628 3027 3736 3067 non

321 3095 624 3160 unicuique
652 3096 965 3159 arguuntur
991 3093 1183 3160 Γεοῖεεϐ
1213 3093 1493 3147 ementh
1523 3111 1541 3159 ς
1570 3094 1667 3147 8εά
1695 3095 1859 3147 ctiam
1890 3095 1972 3147 bis
2008 3106 2056 3168 C
2084 3103 2337 3156 habentes
2371 3103 2643 3170 negligere
2675 3106 2799 3171 post
2835 3102 3127 3156 secundam
3164 3108 3215 3157 et
3243 3105 3459 3157 tertiam
3497 3118 3735 3158 commo-

320 3183 425 3233 aut
462 3183 543 3234 ter
591 3181 915 3251 commoniti,
962 3182 1012 3234 si
1051 3196 1107 3235 se
1147 3196 1257 3236 non
1313 3183 1664 3247 correxerint,
1712 3183 1781 3235 ab
1829 3184 1974 3236 omni

320 3271 695 3325 communione
735 3272 946 3339 privati
987 3273 1117 3325 sint.
1158 3270 1220 3326 Si
1255 3286 1378 3325 vero
1420 3277 1548 3342 post
1593 3272 1882 3326 secundam
1925 3276 1976 3326 et

320 3359 542 3412 tertiam
577 3361 1040 3414 commonitionem
1077 3365 1292 3423 cuncta,
1323 3362 1384 3414 in
1413 3361 1612 3430 quibus
1640 3367 1971 3428 arguuntur,

317 3449 556 3516 perfecte
592 3463 703 3502 non
747 3449 1170 3519 emendaverint,
1217 3449 1581 3505 anathematis
1622 3452 1889 3506 sententia
1918 3465 1974 3506 se

318 3535 571 3589 noverint
606 3536 891 3603 obligatos.

394 3625 530 3680 Item
561 3644 572 3679 :
600 3627 676 3679 Hi
711 3641 862 3690 sane,
905 3627 1002 3696 qui
1042 3632 1166 3682 ante
1199 3629 1542 3684 audientiam
1579 3631 1970 3684 communicare

321 3716 669 3786 tentaverint,
734 3716 900 3770 donec
953 3731 1054 3786 per
1105 3719 1484 3787 pxnitentiam
1538 3723 1750 3774 reatum
1810 3735 1968 3774 suum

320 3802 574 3870 deﬂeant,
627 3805 704 3859 ad
742 3809 1165 3862 communionem
1211 3808 1364 3862 nullo
1409 3809 1567 3863 modo
1608 3809 1963 3873 reducantur,

319 3898 535 3962 excepto
572 3897 760 3950 mortis
796 3901 1020 3964 urgente
1053 3898 1317 3966 periculo.
1365 3897 1470 3963 Qui
1509 3914 1634 3954 vero
1671 3914 1968 3954 excommu-

318 3982 499 4035 nicato
536 3983 766 4038 scienter
807 3987 1300 4047 communicaverit,
1355 3989 1406 4040 et
1446 3987 1638 4040 amodo
1679 3989 1870 4042 saltem
1907 3989 1965 4041 in

318 4069 474 4124 domo
511 4073 675 4126 simul
712 4076 969 4136 oraverit,
1015 4079 1179 4143 atque
1222 4074 1458 4128 latebras
1500 4075 1853 4143 defensionis,
1899 4093 1966 4132 ne

317 4161 561 4214 cominus
622 4162 697 4215 ad
750 4165 1180 4230 satisfactionem
1232 4164 1592 4234 perducatnr,
1643 4166 1961 4234 prxbuerit,

318 4249 484 4304 donec
540 4252 609 4306 ab
671 4254 1186 4308 excommunicatore
1237 4255 1618 4324 paenitentiam
1675 4258 1960 4326 suscipiat,

317 4341 555 4408 corporis
586 4345 635 4394 et
658 4342 948 4409 sanguinis
977 4342 1197 4395 Domini
1225 4344 1593 4396 communione
1611 4357 1668 4397 se
1679 4345 1962 4412 privatum

316 4443 430 4482 esse
475 4433 772 4495 cognoscat.
826 4429 1142 4499 Quicunque
1183 4446 1306 4498 ergo
1347 4432 1498 4486 intra
1543 4433 1680 4486 anni
1720 4435 1959 4501 spatium
1989 4454 2046 4517 D

317 4517 596 4572 humiliter
630 4520 741 4573 sive
774 4519 994 4588 publice
1030 4535 1251 4574 causam
1287 4536 1444 4575 suam
1481 4536 1663 4575 coram
1704 4524 1819 4576 suis
1856 4537 1961 4575 ex-

315 4607 864 4662 communicatoribus
895 4623 1004 4662 non
1027 4611 1359 4678 peregerint,
1389 4612 1500 4680 ipsi
1527 4612 1634 4665 sibi
1662 4612 1959 4666 audientiae

315 4695 530 4750 aditum
567 4696 824 4751 clausisse
867 4697 1179 4752 videantur.
1213 4698 1368 4763 Quod
1403 4701 1454 4753 si
1481 4700 1749 4754 obstinato
1779 4703 1958 4755 animo

313 4785 432 4838 sine
449 4787 816 4839 communione
841 4786 1088 4854 defuncti
1108 4789 1341 4854 fuerint,
1368 4803 1465 4842 nos
1493 4791 1712 4843 illorum
1738 4806 1959 4844 causam

303 4872 478 4940 juxta
538 4875 602 4928 B.
671 4875 863 4929 Leonis
918 4876 1333 4944 prxdecessoris
1397 4880 1573 4932 nostri
1635 4881 1959 4934 sententiam

315 4963 502 5017 divino
516 4963 732 5031 judicio
761 4970 1117 5035 reservantes,
1150 4966 1347 5035 quibus
1370 4968 1510 5021 vivis
1533 4983 1642 5022 non
1672 4971 1959 5024 communi-

313 5053 574 5124 cavimus,
607 5055 834 5108 mortuis
864 5056 1256 5109 communicare
1283 5070 1392 5109 non
1411 5071 1724 5125 possumus.

386 5142 522 5195 Item
549 5158 564 5196 ;
595 5141 748 5196 Curx
783 5144 858 5197 sit
893 5144 1140 5198 omnibus
1181 5145 1440 5214 episwpis
1484 5148 1959 5205 excommunicato—

312 5245 437 5284 rum
464 5232 685 5285 nomina
722 5235 940 5287 omnino
978 5238 1088 5288 tam
1119 5234 1314 5287 vicinis
1348 5235 1608 5304 episcopis
1645 5252 1810 5306 quam
1841 5243 1956 5296 suis

307 5320 662 5390 parochianis
677 5323 891 5392 pariter
902 5322 1166 5385 indicare,
1190 5337 1358 5391 eaque
1373 5324 1433 5376 in
1448 5324 1642 5378 celebri
1657 5326 1767 5381 loco
1776 5331 1958 5398 posita

310 5423 411 5477 pro
438 5408 654 5475 foribus
683 5410 915 5464 ecclesia:
950 5411 1156 5464 cunctis
1195 5413 1632 5468 convenientibus
1661 5417 1956 5482 inculcare,

315 5501 586 5566 quatenus
639 5499 699 5552 in
749 5501 982 5568 utraque
1042 5498 1328 5566 diligentia
1384 5505 1435 5556 et
1490 5507 1960 5562 excommunicatis

314 5585 514 5655 ubique
543 5587 915 5644 ecclesiasticis
939 5587 1124 5644 aditus
1154 5589 1499 5654 excludatur,
1527 5594 1577 5646 et
1597 5595 1962 5651 excusationis

2083 3192 2344 3245 nitionem
2388 3192 2598 3244 inventi
2637 3192 2867 3257 fuerint,
2908 3192 3055 3243 omni
3095 3205 3151 3244 se
3191 3192 3443 3244 noverint
3488 3206 3734 3247 commu-

2082 3281 2244 3338 nione
2284 3293 2455 3348 usque
2497 3279 2574 3332 ad
2619 3278 2944 3346 condignam
2991 3279 3420 3345 satisfactionem
3459 3281 3728 3348 privatos.

2085 3369 2222 3423 Item
2255 3384 2268 3422 :
2300 3367 2404 3434 Qui
2435 3367 2818 3438 presbyterum
2854 3366 3114 3421 ordinare
3150 3369 3516 3423 necessarium
3556 3369 3728 3433 ducit,

2084 3459 2302 3529 deputet
2341 3474 2461 3514 eum
2490 3458 2740 3520 ecclesix,
2772 3459 2831 3512 in
2862 3473 2973 3527 qua
3004 3459 3230 3513 Domino
3263 3460 3501 3512 serviens
3519 3458 3732 3527 jugiter

2072 3551 2396 3617 perseveret.
2445 3546 2549 3602 Hic
2589 3545 2882 3602 ordinavit
2929 3546 3229 3616 episcopos
3271 3547 3634 3619 septuaginta
3674 3553 3730 3604 et

2083 3650 2282 3704 unum,
2340 3635 2697 3707 presbyteros
2759 3635 3053 3707 tredecim,
3107 3636 3385 3693 diaconos
3435 3637 3722 3694 undecim.

2077 3725 2238 3783 Obiit
2263 3740 2318 3782 1v
2351 3727 2484 3783 Idus
2507 3725 2736 3782 Octobr.

2512 3834 2759 3891 LXXIII.
2791 3863 2860 3874 —
2890 3832 3284 3890 SEVERINUS.

2604 3920 2788 3995 (Anno
2818 3921 3020 3977 Christi
3044 3919 3192 3995 638.)

2145 4029 2469 4093 Severinus,
2518 4031 2749 4087 natione
2800 4032 3108 4103 Romanus,
3160 4046 3229 4088 ex
3274 4035 3433 4103 patre
3475 4029 3717 4102 Abieno,

2075 4119 2226 4175 sedit
2280 4132 2500 4175 menses
2555 4119 2721 4190 duos,
2778 4121 2904 4178 dies
2957 4127 3223 4191 quatuor.
3279 4121 3383 4177 Hic
3431 4121 3722 4178 ordinavit

2073 4209 2372 4279 episcopos
2434 4215 2699 4279 quatuor.
2758 4207 2918 4264 Obiit
2978 4215 3166 4268 autem
3227 4225 3284 4266 1v
3346 4211 3480 4268 Idus
3542 4211 3721 4269 Octo—

2072 4297 2212 4354 bris.
2499 4385 2742 4442 LXXIV.
2771 4415 2845 4427 —
2869 4385 3171 4443 JOANNES
3193 4389 3282 4445 IV.

2589 4470 2772 4548 (Anno
2815 4475 3017 4531 Christi
3052 4474 3198 4549 639.)

2141 4584 2399 4654 Joannes,
2442 4583 2673 4640 natione
2714 4583 3084 4652 Dalmaticus,
3125 4599 3193 4641 ex
3236 4588 3394 4656 patre
3435 4587 3713 4645 Venantio

2069 4671 2431 4743 scholastico,
2460 4673 2841 4729 seditannum
2869 4687 3066 4746 unum,
3097 4688 3316 4732 menses
3341 4689 3559 4748 novem,
3586 4677 3713 4734 dies

2069 4761 2402 4818 octodecim.
2452 4761 2556 4816 Hic
2598 4771 2697 4831 per
2732 4761 3069 4818 Dalmatiam
3101 4768 3156 4820 et
3195 4765 3421 4821 Istriam
3467 4766 3711 4824 multum

2070 4851 2324 4922 pecuniae
2369 4849 2530 4906 misit
2574 4851 2644 4906 ad
2691 4851 3136 4922 redemptionem
3182 4855 3557 4925 captivorum.
3607 4857 3711 4913 Hic

2067 4941 2360 4997 ordinavit
2398 4939 2698 5010 episcopos
2743 4944 3010 5010 quatuor.
3047 4941 3363 5001 Defunctus
3404 4950 3490 5002 est
3517 4953 3707 5004 autem

2069 5043 2123 5085 IV
2154 5029 2288 5085 Idus
2315 5028 2598 5085 Octobris.

2503 5134 2719 5190 LXXV.
2751 5164 2824 5175 —
2848 5134 3272 5193 TI-IEODORUS.

2593 5221 2776 5295 (Anno
2814 5224 3017 5281 Christi
3044 5223 3194 5297 642.)

2138 5332 2488 5403 Theodorus,
2532 5333 2765 5390 natione
2801 5334 3050 5406 Graecus,
3103 5349 3172 5392 ex
3222 5340 3380 5406 patre
3419 5334 3711 5391 Theodoro

2069 5421 2356 5494 episcopo,
2404 5422 2474 5478 de
2501 5422 2734 5478 civitate
2777 5423 3149 5494 Hierusalem,
3198 5424 3348 5480 sedit
3388 5437 3567 5479 annos
3593 5437 3710 5494 sex,

2072 5522 2291 5565 menses
2329 5509 2603 5581 quinque,
2635 5509 2761 5566 dies
2799 5510 3251 5582 quatuordecim.
3286 5509 3389 5564 Hic
3426 5509 3716 5568 ordinavit

2070 5598 2367 5669 episcopos
2407 5599 2827 5672 quinquaginta
2865 5613 2983 5670 sex,
3018 5596 3376 5668 presbyteros
3418 5598 3629 5672 viginti
3661 5607 3715 5658 et
