4082 6168
394 253 532 314 1235

1205 256 1499 316 APPEND.
1537 256 1632 314 AD
1666 253 1831 313 SEC.
1870 254 1950 312 IX
1977 281 2047 295 -—
2082 251 2436 312 AUCTORES
2471 254 2642 313 ANNI
2677 253 2969 313 INCER’I‘I.

3655 253 3792 315 1236

393 394 591 452 unum,
633 382 908 441 diaconos
945 386 1212 456 quatuor.
1253 383 1362 454 Qui
1396 382 1704 440 defunctus
1725 385 1812 440 est
1845 381 2033 453 pridie
2061 377 2228 441 Adit
2250 393 2463 439 annum
2493 395 2695 454 unum,
2729 395 2948 440 menses
2977 383 3253 455 quinque,
3282 383 3411 441 dies
3439 383 3653 440 decem.
3690 385 3793 439 Hic

386 470 498 527 dus
527 471 685 528 Maii.

799 564 1036 620 LXXVI.
1071 593 1140 604 --
1167 564 1221 618 S.
1256 561 1624 618 MARTINUS.

913 651 1092 723 (Anno
1133 652 1334 707 Christi
1363 647 1511 724 649.)

459 740 762 811 Martinus,
783 741 854 798 de
877 742 1110 798 civitate
1133 740 1441 797 Tudertina
1467 739 1774 811 provincia
1793 737 2034 806 Tuscia,

391 829 541 886 sedit
579 843 759 886 annos
803 843 919 898 sex,
967 844 1212 886 mensem
1253 843 1452 900 unum,
1496 829 1622 885 dies
1660 828 1872 900 viginti
1915 841 2030 883 sex.

391 917 493 972 Hic
535 927 762 974 centum
815 924 870 974 et
912 919 1170 990 quinque
1219 919 1516 989 episcopos
1565 919 1626 974 in
1675 916 1815 973 urbe
1862 917 2036 972 Roma

391 1009 778 1079 congregavit,
822 1023 950 1065 cum
992 1008 1206 1079 quibus
1245 1008 1645 1064 condemnavit
1679 1006 2032 1062 Theodorum

395 1096 692 1166 quemdam
769 1097 1100 1167 episc0pum
1180 1097 1640 1163 Pharanitarum,
1703 1100 1759 1150 et
1828 1096 2036 1164 Cyrum

393 1185 863 1254 Alexandrinum,
909 1191 966 1242 et
1006 1187 1265 1258 Sergium
1311 1184 2034 1256 Constantinopolitanum,

392 1279 448 1329 et
475 1275 601 1344 ejus
630 1289 986 1332 successores
1023 1277 1300 1346 Pyrrhum
1333 1282 1388 1332 et
1423 1275 1680 1346 Paulum,
1724 1275 1823 1345 qui
1868 1274 2039 1330 novi—

394 1367 534 1420 tates
594 1371 792 1421 contra
850 1364 1271 1422 immaculatam
1326 1366 1490 1421 ﬁdem
1553 1368 2040 1436 prasumpserunt

395 1455 698 1511 innectere.
732 1457 801 1510 Et
823 1455 1066 1511 damum
1099 1455 1409 1525 pradictus
1440 1469 1602 1526 papa,
1633 1456 1769 1526 quia
1801 1455 2040 1510 hareti—

391 1544 478 1600 cis
511 1545 837 1600 consentire
885 1545 1066 1614 nolut,
1094 1545 1304 1601 ductus
1337 1552 1423 1600 est
1446 1545 1504 1599 in
1535 1544 1828 1616 exsilium,
1858 1543 1956 1600 ubi
1981 1547 2038 1599 et

391 1633 564 1688 vitam
603 1632 662 1688 in
690 1633 919 1690 Christo
946 1633 1134 1689 finivit
1155 1647 1211 1688 1v
1243 1633 1377 1690 Idus
1401 1633 1755 1689 Novembris.
1783 1633 2040 1689 Ordina-

2143 470 2433 528 ordinavit
2477 472 2783 542 episcopus
2829 486 2946 542 sex,
3000 473 3276 530 diaconos
3332 473 3612 546 quinque.
3664 475 3797 530 Post

2143 559 2478 617 electionem
2530 562 2722 632 hujus,
2772 561 3031 634 Augusto
3082 577 3272 620 mense
3317 564 3590 634 apparuit
3631 564 3794 620 stella

2146 648 2486 722 prafulgida
2524 651 2780 724 valdejn
2805 651 3058 709 Oriente.
3087 653 3394 711 Oriebatur
3421 659 3613 710 autem
3640 655 3796 710 assi-

2143 737 2257 793 due
2288 738 2347 794 in
2370 739 2508 810 galli
2531 745 2703 797 cantu
2727 753 3007 811 apparens
3030 756 3212 812 usque
3240 756 3421 812 mane,
3445 743 3542 798 sed
3569 755 3795 799 emenso

2147 827 2324 883 trium
2370 830 2652 886 mensium
2698 830 2907 902 spatio,
2941 845 3058 887 sua
3101 831 3565 901 pulchritudinis
3605 832 3795 888 radios

2148 930 2441 988 nunquam
2485 933 2688 989 parens
2734 920 3054 990 abscondit,
3090 935 3258 992 quam
3301 922 3361 977 in
3399 921 3592 978 eadem
3627 922 3788 994 plaga

2146 1005 2400 1062 Orientis
2431 1008 2746 1066 innumera
2778 1011 3177 1067 multitudinis
3209 1013 3504 1068 hominum
3536 1026 3686 1068 mors
3715 1026 3794 1067 se-

2147 1099 2278 1152 cuta
2330 1102 2432 1153 est.
2485 1099 2669 1168 Hujus
2714 1108 2964 1170 tempore
3015 1101 3266 1157 Ecclesia
3329 1102 3626 1171 Ravenna,
3676 1115 3795 1171 qua

2150 1185 2313 1254 prius
2333 1187 2723 1256 acephalicum
2744 1193 2916 1258 caput
2937 1196 3135 1246 contra
3157 1191 3462 1245 Romanam
3485 1189 3794 1244 Ecclesiam

2147 1281 2422 1344 erexerat,
2454 1277 2640 1333 denuo
2671 1277 2847 1334 fracta
2887 1279 3106 1335 cervice
3136 1279 3437 1350 superbia,
3470 1278 3797 1349 apostolica

2147 1364 2268 1419 sedi
2316 1364 2619 1422 humiliata
2651 1365 2958 1436 subjacuit.
3002 1367 3162 1424 Obiit
3190 1375 3380 1425 autem
3413 1369 3523 1424 iste
3562 1382 3628 1423 ιιι
3673 1369 3800 1424 Idus

2145 1451 2384 1523 Aprilis.

2586 1545 2838 1602 LXXXI.
2870 1576 2942 1586 —
2973 1546 3026 1601 S.
3061 1546 3358 1603 AGATHO.

2672 1633 2852 1706 (Anno
2891 1636 3096 1694 Chr-isti
3127 1633 3274 1709 678.)

390 1720 474 1776 vit
511 1725 699 1777 autem
745 1721 1042 1792 episcopos
1084 1721 1326 1793 triginta
1371 1726 1636 1794 quatuor,
1678 1721 2037 1794 presbyteros
2068 1718 2120 1780 Β
2219 1720 2460 1794 Agatho,
2490 1723 2722 1780 natione
2758 1725 3009 1797 Siculus,
3052 1727 3202 1782 sedit
3227 1741 3406 1783 annos
3434 1727 3603 1790 duos,
3639 1741 3802 1782 men-

391 1809 678 1881 undecim,
709 1809 981 1866 diaconos
1011 1811 1285 1882 quinque.

798 1899 1066 1955 LXXVII.
1093 1929 1168 1941 —
1197 1901 1252 1955 S.
1287 1900 1631 1957 EUGENIUS

916 1988 1101 2057 (Anno
1133 1989 1335 2044 Christi
1367 1987 1513 2062 652.)

461 2077 774 2149 Eugenius,
809 2077 1040 2135 natione
1078 2079 1385 2151 Romanus,
1420 2093 1488 2136 ex
1517 2083 1674 2150 patre
1709 2079 2034 2151 Rufiniano,

390 2169 540 2225 sedit
568 2182 751 2225 annos
783 2169 949 2240 duos,
985 2182 1205 2225 menses
1234 2183 1452 2237 novem,
1495 2169 1620 2226 dies
1651 2171 1858 2243 viginti
1899 2177 2032 2228 tres.

389 2259 493 2314 Hic
513 2258 805 2314 ordinavit
833 2258 1132 2328 episcopos
1159 2259 1368 2330 viginti
1400 2263 1458 2316 et
1482 2274 1662 2317 unum
1689 2279 1704 2332 -,
1731 2259 2040 2320 defunctus

389 2351 478 2404 est
509 2352 698 2404 autem
731 2361 788 2403 IV
819 2349 1009 2403 Nonas
1035 2347 1214 2404 Junii.

749 2437 1040 2494 LXXVIII.
1071 2466 1146 2478 —
1167 2437 1222 2492 S.
1251 2437 1677 2495 VITALIANUS.

913 2528 1098 2599 (Anno
1138 2528 1340 2584 Christi
1371 2525 1520 2599 655.)

460 2615 809 2687 Vitalianus,
836 2618 1068 2674 natione
1091 2606 1436 2690 Signiensis,
1470 2619 1792 2690 Campania
1817 2619 2040 2690 provin-

391 2706 514 2776 cia,
543 2707 613 2762 de
644 2709 803 2774 patre
832 2705 1153 2778 Anastasio,
1187 2707 1338 2763 sedit
1366 2721 1550 2765 annos
1579 2709 2035 2780 quatuordecim,

393 2810 614 2852 menses
653 2809 768 2850 sex.
811 2797 916 2851 Hic
961 2797 1216 2867 regulam
1261 2797 1707 2855 ecclesiasticam
1747 2803 1918 2869 atque
1944 2799 2041 2854 vi—

392 2898 604 2957 gorem,
648 2889 712 2940 ut
738 2897 859 2940 mos
887 2889 1028 2954 erat,
1073 2886 1306 2943 omnino
1335 2887 1706 2944 conservavit.
1750 2887 1853 2944 Hic
1882 2888 2040 2945 ordi-

394 2972 553 3029 navit
595 2973 892 3043 episcOpos
936 2973 1245 3045 nonaginta
1285 2979 1518 3048 septem,
1561 2975 1918 3047 presbyteros
1945 2976 2042 3032 vi-

2149 1823 2240 1866 ses
2271 1812 2548 1882 quinque,
2590 1813 2716 1869 dies
2745 1819 3010 1885 quatuor.
3049 1816 3153 1872 Hic
3181 1815 3474 1872 ordinavit
3500 1816 3803 1886 episcopos

2149 1900 2484 1972 octodecim,
2538 1902 2896 1973 presbyteros
2939 1905 3151 1974 decem,
3208 1905 3482 1961 diaconos
3531 1909 3798 1976 quatuor.

2148 1991 2342 2062 Legati
2372 1991 2932 2063 Constantinopolim
2971 1993 3178 2050 directi
3207 2007 3239 2050 e
3277 1994 3453 2050 latere
3487 1994 3667 2064 hujus
3701 2008 3803 2064 pa—

2149 2093 2252 2150 pa,
2286 2081 2596 2137 Macarium
2625 2079 3046 2138 Antiochenam
3081 2083 3465 2153 patriarcbam
3498 2083 3561 2139 in
3589 2084 3804 2153 synodo

2146 2170 2559 2242 deposuerunt,
2611 2171 2749 2242 quia
2800 2172 2946 2228 duas
2990 2176 3227 2229 naturas
3269 2178 3327 2228 et
3371 2172 3700 2230 voluntates
3747 2173 3804 2227 in

2146 2259 2374 2316 Christo
2412 2273 2536 2315 esse
2574 2261 2816 2332 negavit.
2865 2261 3180 2318 Pradictus
3221 2275 3362 2332 papa
3401 2262 3507 2318 hoc
3547 2261 3806 2318 obtinuit

2147 2348 2298 2418 apud
2353 2349 2743 2420 imperatores,
2787 2351 3225 2408 Constantinum
3266 2351 3556 2421 videlicet,
3597 2355 3658 2407 et
3695 2353 3806 2406 He-

2149 2437 2412 2506 raclium,
2445 2443 2503 2494 et
2529 2439 2844 2508 Tiberium,
2879 2446 2943 2496 ut
2967 2441 3134 2510 juxta
3166 2441 3609 2510 postulationem
3642 2453 3803 2496 suam

2149 2527 2538 2584 remitteretur
2567 2529 2862 2599 quantitas
2889 2528 3010 2600 illa,
3046 2545 3172 2601 qua
3197 2529 3367 2586 solita
3395 2536 3517 2586 erat
3547 2530 3678 2586 dari
3708 2543 3807 2600 pro

2148 2615 2567 2672 ordinationem
2588 2616 2824 2673 Romani
2853 2617 3144 2687 pontificis
3169 2617 3427 2674 facienda
3450 2635 3464 2672 :
3486 2619 3574 2674 sic
3593 2624 3806 2688 tamen,

2151 2710 2233 2775 ut,
2263 2704 2312 2760 si
2345 2705 2656 2776 contigerit
2687 2712 2815 2776 post
2841 2707 2967 2776 ejus
2997 2707 3308 2764 transitum
3346 2707 3430 2763 vel
3467 2707 3805 2764 electionem

2150 2793 2570 2850 ordinationem
2612 2794 2758 2866 fieri,
2793 2808 2904 2852 non
2944 2795 3146 2852 debeat
3174 2796 3431 2852 ordinari
3457 2796 3560 2866 qui
3592 2796 3810 2852 electus

2151 2880 2347 2953 fuerit,
2399 2882 2515 2938 nisi
2563 2883 2727 2953 prius
2771 2884 3061 2941 decretum
3107 2885 3366 2957 generale
3407 2883 3710 2941 deferatur
3753 2885 3809 2940 in

2150 2971 2364 3043 regiam
2396 2971 2592 3028 urbem
2622 2973 2936 3030 secundum
2976 2974 3274 3045 antiquam
3309 2975 3806 3042 consuetudinem,

396 3063 543 3136 ginti
597 3063 764 3133 duos,
817 3062 1126 3120 diaconum
1191 3079 1389 3121 unum.
1455 3066 1639 3136 Hujus
1685 3065 2041 3136 temporibus
2071 3047 2121 3113 C
2150 3064 2206 3116 et
2234 3074 2365 3116 cum
2394 3074 2612 3131 eorum,
2649 3062 2704 3118 id
2737 3068 2824 3118 est
2856 3063 3288 3133 imperatorum,
3319 3064 3569 3120 scientia
3593 3068 3652 3120 et
3677 3065 3808 3133 jus-

394 3153 808 3211 Constantinus
831 3153 1126 3226 Augustus
1150 3154 1382 3210 Romam
1405 3154 1580 3226 venit,
1607 3154 1804 3224 ibique
1827 3154 2040 3224 omnia,

397 3259 522 3315 qua
565 3245 634 3300 ad
676 3243 932 3300 civitatis
973 3249 1236 3300 ornatum
1281 3257 1557 3313 suspensa
1605 3249 1787 3313 erant,
1832 3244 2042 3315 deponi

395 3332 551 3405 fecit,
597 3338 653 3390 et
691 3332 987 3389 ecclesiam
1033 3332 1087 3388 S.
1134 3332 1326 3388 Maria
1362 3333 1431 3388 ad
1473 3334 1765 3403 Martyres,
1807 3347 1933 3404 qua
1974 3334 2046 3390 de

398 3423 610 3494 tegulis
641 3423 806 3478 areis
843 3427 963 3478 erat
1000 3426 1166 3494 tecta,
1207 3421 1621 3493 discooperuit,
1662 3428 1718 3478 et
1746 3422 1801 3477 in
1829 3423 2044 3494 regiam

402 3513 597 3570 urbem
627 3513 782 3582 ipsas
811 3511 1031 3584 tegulas
1059 3525 1189 3567 cum
1215 3511 1353 3567 aliis
1376 3511 1645 3581 diversis,
1681 3525 1808 3581 qua
1835 3511 2044 3582 deponi

401 3599 632 3670 fecerat,
693 3600 905 3656 emisit.
970 3600 1217 3670 Scripsit
1271 3605 1460 3656 autem
1515 3599 1814 3670 epistolam
1873 3599 2046 3655 Paulo

400 3689 654 3746 Cretensi
707 3689 1162 3760 archiepiscopo,
1211 3689 1269 3743 in
1321 3703 1432 3758 qua
1475 3703 1604 3744 eum
1649 3687 1862 3759 arguit,
1911 3688 2048 3757 quia

399 3781 669 3834 Joannem
717 3778 1048 3847 episcopum
1088 3779 1366 3847 Lampeon
1413 3776 1578 3832 urbis
1627 3777 1686 3831 in
1727 3776 2048 3832 custodiam

401 3867 537 3922 duci
572 3867 731 3935 jecit.
783 3868 1020 3934 Insuper
1063 3871 1262 3920 contra
1299 3877 1585 3919 canonum
1623 3865 1805 3936 jussa,
1851 3873 2048 3923 contra

402 3955 588 4026 legum
631 3953 919 4022 instituta,
961 3952 1214 4008 existens
1244 3953 1304 4008 in
1334 3952 1617 4022 custodia,
1649 3953 1957 4025 cogebatur
1987 3961 2052 4012 ut

402 4045 563 4100 daret
613 4042 998 4111 tidejussores.
1042 4041 1199 4096 Unde
1243 4041 1457 4106 omnia,
1506 4056 1633 4112 qua
1680 4041 1801 4113 ipse
1847 4045 2051 4100 archi-

401 4133 708 4203 episcopus
736 4131 806 4186 de
829 4131 945 4200 jam
978 4130 1251 4200 pradicto
1277 4130 1542 4202 episcopo
1575 4131 1633 4186 in
1665 4134 1880 4202 synodo
1909 4134 2046 4206 egit,

404 4222 601 4279 inania
639 4234 763 4277 esse
803 4221 1073 4290 decrevit,
1107 4229 1163 4275 et
1204 4220 1501 4277 ecclesiam
1542 4235 1702 4278 suam
1735 4222 1786 4277 ei
1824 4223 2050 4292 judicio

401 4311 626 4383 synodi,
658 4310 811 4366 datis
842 4309 1076 4378 litteris,
1113 4309 1273 4365 reddi
1309 4311 1593 4380 pracepit.
1625 4309 1941 4367 Defunctus
1965 4316 2051 4368 est

400 4406 589 4458 autem
630 4413 732 4456 vm
772 4399 909 4455 ldus
947 4398 1266 4455 Februarii.

819 4487 1064 4544 LXXIX.
1095 4518 1169 4528 —
1203 4486 1629 4542 ADEODATUS.

912 4577 1097 4648 (Anno
1131 4576 1332 4631 Christi
1366 4572 1514 4647 669.)

470 4668 814 4735 Adeodatus,
865 4667 1100 4722 natione
1149 4665 1459 4736 Romanus,
1506 4679 1574 4721 ex
1618 4668 1933 4739 monachis,
1979 4668 2050 4724 de

403 4762 560 4826 patre
587 4756 907 4824 Joviniano,
942 4755 1092 4810 sedit
1120 4767 1301 4809 annos
1334 4759 1600 4826 quatuor,
1637 4770 1856 4813 menses
1879 4758 2046 4828 duos,

401 4845 529 4901 dies
555 4845 828 4915 quinque.
863 4844 967 4898 Hic
994 4843 1287 4899 ordinavit
1315 4845 1613 4915 episcopos
1634 4852 1867 4917 septem,
1903 4861 2051 4917 pres-

401 4934 628 5005 byteros
652 4933 1108 5004 quatuordecim,
1131 4933 1403 4990 diaconos
1423 4935 1587 4991 duos.
1613 4935 1721 5004 Qui
1745 4935 2051 4993 defunctus

401 5028 488 5080 est
511 5037 616 5078 vm
644 5024 776 5080 ldus
799 5023 978 5079 Junii.
1013 5023 1142 5078 Post
1171 5024 1296 5092 ejus
1325 5037 1456 5079 vero
1490 5025 1820 5095 transitum,
1843 5031 1898 5081 et
1930 5027 2052 5095 plu-

399 5114 504 5170 via
535 5119 592 5170 et
629 5114 887 5169 tonitrua
917 5116 1075 5168 tanta
1105 5111 1360 5183 fuerunt,
1407 5119 1621 5184 quanta
1662 5114 1828 5184 prius
1868 5113 2050 5171 fuisse

403 5218 565 5261 nemo
596 5217 661 5260 eo
693 5203 754 5259 in
785 5208 1035 5273 tempore
1065 5201 1261 5258 vivens
1290 5203 1571 5258 audierat.
1601 5203 1758 5259 Unde
1790 5203 2050 5260 homines

399 5299 456 5352 et
487 5295 730 5366 pecudes
757 5307 824 5349 ex
855 5291 1038 5349 nimio
1070 5291 1190 5347 ictu
1220 5288 1474 5362 fulguris
1511 5291 1876 5348 interierunt.

921 5380 1147 5436 LXXX.
1179 5410 1253 5420 —
1279 5380 1525 5436 DONUS.

921 5469 1105 5539 (Anno
1139 5470 1340 5526 Christi
1375 5464 1524 5538 676.)

472 5563 685 5631 Donus,
719 5559 951 5616 natione
989 5559 1299 5628 Romanus,
1330 5570 1397 5612 ex
1437 5561 1594 5626 patre
1623 5557 1914 5632 Mauritio,
1949 5574 2048 5616 se—

2153 3149 2314 3207 sione
2342 3151 2635 3208 ordinatio
2673 3152 2876 3209 debeat
2905 3153 3222 3224 provenire.
3259 3153 3362 3209 Hic
3388 3151 3706 3210 defunctus
3731 3159 3810 3209 est

2155 3253 2210 3296 ιν
2246 3241 2380 3297 Idus
2416 3242 2696 3298 Januarii.

2617 3331 2892 3388 LXXXII.
2927 3361 2996 3372 ——
3025 3333 3079 3388 S.
3112 3332 3242 3388 LEO
3273 3334 3336 3388 II.

2681 3420 2866 3491 (Anno
2901 3421 3106 3477 Christi
3135 3420 3282 3494 683.)

2228 3509 2353 3577 Leo,
2381 3508 2611 3565 natione
2635 3510 2886 3579 Siculus,
2921 3525 2988 3566 ex
3012 3519 3168 3581 patre
3190 3511 3382 3579 Paulo,
3414 3512 3568 3567 sedit
3594 3524 3810 3567 menses

2156 3597 2368 3666 decem,
2397 3599 2523 3655 dies
2553 3600 2974 3670 septemdecim.
3007 3601 3111 3655 Hic
3137 3599 3249 3657 fuit
3273 3601 3805 3670 eloquentissimus.

2158 3686 2351 3742 Graca
2376 3693 2432 3742 et
2469 3688 2668 3743 Latina
2697 3687 2896 3759 lingua
2924 3689 3208 3745 eruditus.
3241 3688 3344 3743 Hic
3371 3688 3508 3744 fecit
3537 3690 3809 3746 constitu-

2159 3783 2302 3842 tum,
2337 3780 2421 3845 ut,
2455 3776 2553 3846 qui
2587 3777 2890 3832 ordinatus
2920 3775 3096 3833 fuerit
3124 3777 3621 3848 archiepiscopus,
3659 3777 3805 3834 nulla

2159 3865 2574 3922 consuetudine
2606 3879 2708 3935 pro
2737 3880 2843 3922 usu
2873 3865 3059 3936 pallii,
3087 3873 3189 3922 aut
3225 3867 3472 3923 diversis
3499 3865 3710 3923 ofﬁciis
3731 3879 3807 3920 ec-

2159 3954 2367 4022 clesia,
2413 3955 2733 4024 persolvere
2771 3954 2991 4011 debeat.
3039 3955 3141 4012 Hic
3183 3957 3475 4012 ordinavit
3512 3958 3808 4028 episcopos

2161 4056 2339 4099 unum
2387 4049 2444 4099 et
2481 4043 2710 4115 viginti,
2772 4043 3132 4115 presbyteros
3175 4046 3634 4115 quatuordecim,
3681 4045 3806 4100 dia-

2160 4146 2332 4189 conos
2362 4137 2496 4189 tres.
2529 4131 2844 4189 Defunctus
2875 4140 2962 4189 est
2989 4140 3179 4189 autem
3223 4147 3276 4188 iv
3309 4135 3546 4191 Kalend.
3572 4135 3738 4191 Julii.

2512 4221 2811 4277 LXXXIII.
2843 4251 2915 4262 —
2938 4223 3356 4280 BENEDICTUS
3385 4226 3451 4280 II.

2683 4308 2864 4382 (Anno
2906 4312 3108 4368 Christi
3139 4310 3285 4385 684.)

2081 4396 2136 4458 D
2230 4399 2588 4469 Benedictus,
2639 4400 2870 4456 natione
2911 4401 3218 4468 Romanus,
3265 4415 3332 4457 ex
3376 4405 3536 4471 patre
3575 4403 3806 4472 Joanne,

2159 4489 2311 4544 sedit
2356 4501 2577 4545 menses
2615 4489 2828 4558 decem,
2873 4489 3002 4546 dies
3037 4490 3360 4546 duodecim.
3405 4491 3509 4546 Hic
3556 4495 3808 4564 suscepit

2161 4585 2501 4648 praceptum
2529 4578 2940 4635 Constantinus
2962 4579 3207 4651 Augusti
3233 4580 3427 4636 datum
3457 4579 3618 4637 clero
3643 4589 3702 4638 et
3729 4597 3813 4653 po-

2162 4667 2317 4736 pulo,
2371 4673 2427 4722 et
2473 4667 2754 4724 exercitui
2800 4669 3070 4737 Romano,
3132 4682 3232 4739 per
3279 4669 3427 4739 quod
3472 4683 3811 4728 concessum

2159 4761 2264 4824 est,
2299 4762 2380 4824 ut,
2419 4769 2548 4812 cum
2590 4757 2723 4826 quis
2771 4755 2947 4813 fuerit
2987 4757 3204 4814 electus
3244 4759 3313 4814 ad
3358 4760 3668 4831 regendam
3701 4761 3814 4817 Ro-

2163 4858 2382 4900 manam
2413 4846 2622 4912 sedem,
2657 4846 2932 4902 continuo
2965 4845 3181 4916 absque
3207 4848 3476 4903 tarditate
3505 4861 3815 4906 consecre-

2160 4937 2257 4989 tur
2286 4932 2560 5004 pontifex.
2595 4933 2756 4989 Obiit
2785 4948 2916 4990 vero
2944 4948 3044 4989 vm
3079 4936 3237 4991 Maii.
3799 4959 3802 4962 ·

2566 5024 2861 5079 LXXXIV.
2902 5053 2975 5063 —
2999 5022 3302 5080 JOANNES
3332 5026 3393 5080 V.

2693 5110 2873 5181 (Anno
2902 5111 3104 5167 Christi
3131 5111 3279 5185 685.)

2229 5201 2489 5262 Joannes,
2534 5201 2765 5257 natione
2800 5201 2995 5272 Syrus,
3030 5217 3098 5258 ex
3140 5203 3434 5273 provincia
3476 5203 3808 5261 Antiochia.

2160 5291 2229 5346 de
2259 5297 2416 5360 patre
2451 5290 2706 5361 Cyriaco,
2749 5291 2898 5346 sedit
2933 5305 3149 5349 annum
3186 5307 3383 5362 unum,
3419 5293 3549 5349 dies
3591 5307 3808 5350 novem.

2161 5379 2293 5433 Fuit
2320 5385 2509 5435 autem
2545 5379 2634 5435 vir
2657 5379 2819 5436 valde
2844 5385 3136 5449 strenuus,
3177 5387 3351 5452 atque
3381 5382 3634 5439 scientia
3661 5397 3814 5454 pra-

2159 5467 2342 5538 ditus,
2372 5473 2429 5524 et
2461 5469 2696 5526 omnino
2733 5469 3078 5528 moderatus.
3125 5470 3230 5526 Hic
3266 5479 3643 5528 consecratus
3668 5480 3756 5529 est
3783 5486 3814 5527 ι

2162 5556 2351 5614 tribus
2396 5558 2700 5629 episc0pis,
2757 5559 3038 5628 Ostiense,
3099 5560 3405 5617 Portuense
3452 5567 3509 5616 et
3562 5561 3813 5618 Veliter—
