4082 6168
331 271 470 333 4237
1172 273 1440 333 PSEUDO
1491 269 1906 332 LUITPRANDI
1956 269 2086 328 LIB.
2125 268 2219 328 DE
2268 269 2444 328 VITIS
2480 269 2647 330 ROM.
2691 273 2892 332 PONT.
3598 275 3737 336 4238

331 411 525 464 nense,
553 397 708 456 sicut
731 402 789 456 et
812 413 1119 471 praecessor
1146 400 1272 472 ejus
1301 403 1409 458 Leo
1429 399 1636 471 fuerat,
1663 395 1979 455 Defunctus
2000 387 2060 449 A
2514 400 2823 458 LXXXIX.
2852 432 2927 444 —
2952 403 3300 461 SISINNIUS.

328 493 414 545 est
443 502 576 546 vero
604 503 660 545 tv
684 491 876 546 Nonas
900 490 1168 562 Augusti.
2597 487 2778 562 (Anno
2808 491 3012 549 Christi
3048 493 3195 568 708.)

829 580 1101 636 LXXXV.
1126 609 1200 621 -—
1225 579 1478 636 CONON.
2159 577 2477 651 Sisinnius,
2500 579 2936 652 nationeSyrus,
2952 595 3021 638 ex
3035 583 3738 656 patreloanne,seditdies

827 669 1015 740 (Anno
1041 669 1244 726 Christi
1281 668 1432 740 686.)
2091 667 2320 740 viginti.
2349 668 2453 724 ilic
2493 669 2783 726 ordinavit
2821 671 3155 743 episcopum
3187 688 3385 730 unum.
3426 672 3740 731 Defunctus

399 759 616 830 Conon,
656 758 944 817 oriundus
987 762 1144 829 patre
1189 761 1481 829 Traceseo,
1521 756 1797 813 educatus
1829 754 1979 825 apud
2087 763 2175 815 est
2203 762 2390 816 autem
2422 759 2717 830 repentina
2757 765 2954 817 morte.

327 846 612 919 Siciliam,
651 848 800 905 sedit
832 861 1052 906 menses
1083 847 1369 905 undecim.
1407 849 1468 902 In
1498 847 1672 916 hujus
1705 844 1984 901 electione
2268 897 2274 903 .
2537 846 2652 902 XC.
2681 878 2751 889 —
2775 849 3308 906 CONSTANTINUS.

333 949 443 992 non
492 937 731 994 minima
773 942 860 994 est
902 939 1194 995 contentio
1229 936 1447 1005 habita,
1489 949 1555 992 eo
1599 935 1750 1006 quod
1793 933 1983 988 clerus
2606 936 2786 1010 (Anno
2811 939 3012 994 Christi
3037 937 3186 1012 708.)

329 1025 1340 1098 archidiaconum,exercitusautem
1362 1025 1718 1081 Theodorum
1744 1022 1986 1094 presby-
2161 1026 2592 1099 Constantinus,
2645 1029 2877 1084 natione
2930 1029 3126 1099 Syrus,
3187 1043 3254 1086 ex
3305 1032 3463 1099 patre
3507 1029 3739 1098 Joanne,

331 1116 514 1171 terum
566 1115 862 1172 nitebatur
903 1116 1132 1188 eligere.
1179 1115 1282 1170 Sed
1318 1115 1424 1170 hac
1464 1113 1828 1170 contentione
1865 1110 1972 1166 ali-
2037 1155 2042 1162 .
2093 1117 2243 1172 sedit
2272 1130 2452 1173 annos
2493 1121 2726 1187 septem,
2759 1118 2884 1174 dies
2919 1119 3270 1189 quindecim.
3303 1118 3408 1175 Hic
3454 1117 3746 1174 ordinavit

331 1204 592 1274 quandiu
625 1204 842 1276 habita,
873 1207 1096 1262 tandem
1127 1204 1318 1261 clerus
1346 1208 1403 1261 et
1428 1203 1675 1275 p0pulus
1699 1199 1984 1258 unanimi-
2092 1205 2338 1261 Felicem
2405 1206 2902 1277 archiepiscopum
2963 1209 3362 1278 Ravennatem,
3417 1208 3516 1278 qui
3578 1210 3745 1278 juxta

333 1297 418 1348 ter
449 1293 602 1349 hunc
631 1294 1065 1351 denominantes
1095 1294 1409 1366 elegerunt.
1440 1295 1570 1349 Post
1599 1292 1821 1362 aliquot
1852 1302 1985 1344 vero
2095 1299 2516 1351 antecessorum
2563 1310 2798 1353 suorum
2839 1297 3312 1354 consuetudinem
3346 1296 3597 1353 scribere
3635 1309 3747 1352 no—

331 1381 456 1437 dies
485 1383 772 1439 exercitus
801 1384 1002 1440 videns
1025 1384 1164 1439 cieri
1196 1388 1252 1439 et
1283 1383 1482 1454 DOIillli
1513 1380 1898 1448 concordiam,
1931 1384 1987 1433 et
2095 1383 2226 1452 luit,
2272 1381 2423 1440 fastu
2456 1387 2800 1458 arrogantiae
2838 1390 3048 1442 tentus.
3091 1386 3199 1455 Qui
3268 1392 3461 1456 postea
3498 1385 3746 1440 elatione

337 1472 457 1541 ipse
496 1472 554 1527 in
586 1472 843 1542 prtedicti
883 1474 1184 1529 electionis
1221 1475 1448 1529 decreto
1483 1469 1848 1539 subscripsit.
1880 1467 1984 1522 Hic
2094 1471 2379 1541 superbiae
2423 1487 2541 1528 suae
2579 1487 2611 1529 a
2653 1475 2981 1531 Justiniano
3023 1475 3282 1548 Augusto
3321 1475 3446 1543 capi
3483 1473 3740 1544 jubetur,

331 1561 622 1617 ordinavit
650 1563 948 1634 episcopos
972 1563 1236 1619 sedecim.
1268 1560 1582 1618 Defunctus
1611 1563 1697 1615 est
1729 1560 1918 1614 autem
1944 1569 1981 1610 x
2092 1559 2281 1616 oculis
2304 1562 2582 1632 privatur,
2610 1563 2741 1618 etin
2769 1562 3038 1620 exsilium
3064 1564 3123 1620 in
3146 1565 3436 1620 Ponticam
3461 1564 3740 1619 mettitur.

331 1649 569 1706 Kalend.
601 1650 886 1708 Octobris.
2003 1711 2053 1722 __
2092 1648 2217 1720 Sed,
2252 1655 2478 1706 mortuo
2513 1650 2872 1722 imperatore,
2911 1652 2980 1707 ad
3014 1653 3200 1708 sedem
3234 1652 3524 1722 propriam
3552 1665 3748 1706 rever—

792 1741 1089 1798 LXXXVI.
1113 1772 1182 1781 —
1206 1741 1514 1797 SERGIUS.
2003 1711 2058 1774 Β
2091 1711 2257 1809 titur,
2303 1744 2359 1795 et
2389 1739 2475 1795 sic
2514 1711 2880 1812 humiliatus,
2908 1740 2979 1796 ab
3009 1711 3323 1810 apostolica
3342 1711 3490 1796 lsede
3524 1740 3745 1796 veniam

864 1829 1045 1902 (Anno
1067 1832 1271 1887 Christi
1299 1828 1446 1903 687.)
2091 1828 2280 1899 petiit,
2326 1833 2384 1883 et
2422 1828 2840 1885 absolutionem
2905 1831 3244 1900 promeruit.
3289 1830 3549 1885 Prtedicti
3593 1843 3747 1900 papm

399 1917 656 1989 Sergius,
681 1919 912 1977 natione
939 1921 1133 1992 Syrus,
1167 1919 1489 1976 Antiochia:
1520 1917 1794 1989 regionis,
1820 1919 1983 1972 ortus
2091 1917 2449 1986 temporibus
2493 1919 2649 1974 venit
2678 1919 2890 1974 Roman
2932 1918 3270 1974 Benedictus
3307 1918 3750 1974 Mediolanensis

329 2020 400 2062 ex
451 2013 608 2078 patre
666 2008 916 2079 Tiberio,
969 2010 1119 2066 sedit
1184 2023 1363 2065 annos
1415 2006 1710 2075 tredecim,
1764 2017 1984 2060 menses
2092 2007 2583 2078 archiepiscopus,
2624 2011 2680 2062 et
2712 2008 2952 2065 certavit
2999 2021 3100 2078 pro
3129 2007 3369 2063 ecclesia
3405 2007 3745 2078 Ticinensi;

330 2101 568 2168 septem,
594 2097 719 2153 dies
748 2099 954 2170 viginti
989 2104 1124 2154 tres.
1153 2097 1298 2154 Ante
1326 2097 1499 2166 hujus
1518 2095 1851 2152 electionem
1876 2107 1988 2164 po—
2095 2097 2190 2153 sed
2235 2097 2533 2153 convictus
2571 2101 2676 2168 est,
2723 2111 2788 2153 eo
2829 2097 2980 2168 quod
3021 2110 3053 2152 a
3094 2095 3346 2167 praefatis
3391 2096 3747 2166 temporibus

333 2185 508 2254 pulus
538 2187 844 2250 Romanus,
883 2191 948 2242 ut
985 2187 1109 2242 ﬁeri
1149 2185 1378 2257 assolet,
1419 2185 1646 2241 divisus
1684 2187 1814 2239 est:
1855 2195 1984 2238 nam
2093 2186 2419 2242 Ticinensis
2462 2186 2716 2242 ecclesia:
2759 2186 3046 2242 antistitis
3088 2185 3442 2243 consecratio
3488 2185 3556 2242 ad
3593 2185 3749 2242 sedis

333 2288 466 2345 pars
513 2289 626 2331 una
668 2276 1024 2332 Theodorum
1071 2275 1651 2346 archipresbyterum,
1697 2273 1813 2329 alia
1854 2285 1986 2329 vero
2095 2275 2422 2347 apostolica:
2461 2275 2791 2332 Pontiﬁcem
2833 2275 3170 2346 pertinebat.
3214 2275 3517 2332 Ordinavit
3555 2279 3743 2331 autem

329 2364 506 2435 elegit
549 2365 875 2421 Paschalem
915 2366 1408 2422 archidiaconum.
1460 2364 1600 2420 Cum
1645 2368 1834 2419 autem
1885 2361 1983 2417 isti
2094 2366 2392 2437 episcOpos
2439 2366 2737 2438 sexaginta
2790 2370 3058 2437 quatuor,
3122 2364 3479 2435 presbyteros
3529 2365 3743 2434 decem,

330 2453 450 2510 duo
481 2453 648 2510 electi
681 2455 1106 2526 contenderent,
1140 2469 1243 2511 nec
1271 2455 1418 2511 alter
1454 2467 1653 2511 eorum
1687 2452 1856 2509 alteri
1886 2465 1988 2507 οε-
2093 2454 2368 2512 diaconos
2391 2454 2556 2513 duos.
2585 2455 2746 2512 Obiit
2771 2459 2961 2511 autem
2985 2468 3043 2510 vr
3071 2455 3207 2510 Idus
3229 2452 3468 2524 Aprilis.

329 2543 467 2600 dere
515 2543 702 2616 vellet,
757 2545 1006 2601 maxima
1055 2559 1188 2616 pars
1229 2545 1392 2616 cieri,
1440 2557 1656 2600 necnon
1713 2542 1988 2612 primates
2507 2543 2827 2600 XCI.—S.
2855 2542 3248 2600 GREGORIUS
3273 2544 3336 2598 II.

325 2633 612 2703 judicum,
645 2639 700 2690 et
736 2636 1026 2692 exercitus
1060 2637 1325 2692 Romana:
1365 2633 1592 2690 militia:
1624 2632 1729 2689 diu
1762 2637 1989 2702 pertra-
2635 2633 2816 2704 (Anno
2847 2633 3048 2688 Christi
3073 2628 3223 2705 744)

328 2726 572 2793 ctantes,
627 2723 875 2794 qualiter
925 2726 1172 2782 duorum
1237 2723 1638 2780 altercantium
1694 2719 1986 2778 contentio
2164 2723 2501 2795 Gregorius,
2537 2722 2771 2778 natione
2801 2723 3109 2794 Romanus,
3147 2735 3214 2779 ex
3245 2723 3404 2793 patre
3432 2719 3698 2777 Marcello
3731 2737 3747 2789 ;

331 2812 642 2881 sOpiretur,
706 2814 953 2870 consilio
1006 2815 1174 2884 inito,
1231 2815 1458 2870 demum
1509 2810 1984 2882 praenominatum
2096 2814 2246 2870 sedit
2283 2827 2466 2869 annos
2504 2812 2773 2882 sedecim,
2804 2825 3024 2868 menses
3051 2825 3268 2882 novem,
3301 2811 3426 2867 dies
3457 2809 3743 2866 undecim.

329 2901 593 2973 Sergium
619 2903 970 2957 unanimiter
995 2904 1306 2974 elegerunt,
1351 2909 1408 2958 et
1431 2902 1833 2957 altercantium
1887 2904 1989 2954 tu-
2094 2903 2200 2958 Hic
2227 2903 2286 2957 in
2311 2903 2616 2959 Germania
2647 2917 2747 2973 per
2770 2900 3127 2960 Bonifacium
3155 2901 3486 2971 episcopum
3512 2899 3748 2956 verbum

335 2989 720 3045 multuatione
750 3004 1028 3060 repressa,
1071 2992 1130 3045 in
1161 2991 1292 3046 sede
1322 3005 1450 3046 eum
1478 2988 1839 3045 concorditer
1864 2989 1990 3040 sta—
2018 3039 2064 3062 η
2099 2991 2306 3045 salutis
2351 2991 2704 3060 praedicavit,
2761 2995 2819 3046 et
2860 2997 3094 3062 gentem
3131 2990 3290 3046 illam
3356 2989 3641 3046 sedentem
3688 2988 3750 3044 in

332 3082 592 3132 tuerunt.
635 3077 737 3133 Hic
778 3039 844 3132 in
877 3039 1131 3133 sacrario
1168 3079 1210 3132 B
1278 3078 1428 3133 Petri
1465 3076 1710 3146 apostoli
1760 3086 1988 3143 capsam
2017 3039 2066 3101 Ο
2100 3039 2633 3134 tenebrisrdoctrina
2661 3039 2811 3135 lucis
2831 3039 3199 3135 cznvertitad
3225 3079 3539 3136 Christum.
3568 3079 3752 3148 Hujus

331 3170 659 3234 argenteam
700 3165 761 3219 in
801 3165 1017 3236 angulo
1054 3165 1297 3221 obscuro
1336 3166 1636 3234 jacentem,
1687 3167 1743 3218 et
1783 3175 1850 3218 ex
1893 3161 1994 3216 ni—
2100 3167 2462 3236 temporibus
2528 3167 2790 3223 Saraceni
2859 3168 3156 3223 Franciam
3217 3181 3496 3238 occupare
3559 3167 3749 3223 conati

333 3251 576 3322 gredine
625 3253 820 3308 nimiae
869 3253 1242 3324 annositatis,
1269 3252 1389 3324 [nec
1445 3253 1494 3308 si
1539 3255 1687 3308 esset
1727 3253 1993 3322 argentea
2099 3261 2273 3326 sunt;
2310 3257 2406 3313 sed
2436 3257 2660 3326 judicio
2687 3257 2790 3312 Dei
2823 3270 2938 3313 una
2966 3257 3062 3313 die
3092 3261 3341 3312 trecenta
3370 3262 3427 3313 et
3455 3257 3752 3328 sexaginta

327 3341 449 3410 iam
493 3347 878 3411 apparentem.
924 3343 1036 3398 Deo
1083 3343 1136 3397 ei
1177 3341 1479 3407 revelante.
1522 3340 1750 3410 reperit
1797 3341 1993 3408 Itaque
2103 3348 2361 3418 quinque
2395 3345 2640 3402 milliaa
2677 3346 2913 3402 Francis
2935 3345 3286 3415 ceciderunt,
3329 3350 3395 3401 ut
3443 3345 3686 3416 epistola
3719 3358 3752 3400 a

333 3429 596 3486 oratione
638 3429 806 3502 facta,
850 3431 1049 3503 sigillo
1079 3430 1279 3502 fracto,
1329 3436 1386 3486 et
1432 3444 1600 3500 capsa
1630 3433 1847 3500 aperta,
1895 3427 1994 3481 in-
2100 3435 2446 3492 Francorum
2506 3435 2651 3490 duce
2709 3433 2968 3505 pontiﬁci
3028 3434 3204 3490 missa
3251 3434 3596 3490 continebat.
3648 3433 3753 3488 Hic

336 3520 494 3575 venit
542 3520 598 3576 in
637 3534 701 3576 ea
747 3535 972 3577 crucem
1015 3521 1264 3577 diversis
1290 3534 1356 3577 ac
1387 3520 1658 3590 pretiosis
1701 3516 1994 3588 lapidibus
2101 3524 2427 3596 constituit,
2457 3529 2521 3580 ut
2539 3523 3030 3596 Quadragesimali
3060 3529 3328 3594 tempore,
3353 3523 3556 3594 quinta
3586 3522 3756 3578 vide—
3836 3553 3863 3577 .

339 3613 715 3677 perornatam.
751 3611 813 3664 In
845 3623 956 3680 qua
987 3609 1159 3665 etiam
1194 3613 1390 3679 aperta
1425 3608 1650 3664 invenit
1677 3608 1834 3662 mirae
1866 3618 1994 3661 ma-
2102 3612 2238 3668 licet
2299 3612 2443 3669 feria
2497 3612 2807 3684 jejunium,
2856 3617 3028 3683 atque
3089 3612 3395 3668 missarum
3444 3610 3752 3668 celebratio

337 3698 668 3768 gnitudinis
696 3704 753 3754 et
783 3698 1127 3756 inelfabilem
1182 3699 1499 3769 portionem
1532 3696 1808 3754 salutaris
1845 3693 1989 3766 ligni
2103 3701 2281 3774 fieret,
2316 3703 2467 3774 quod
2498 3703 2660 3773 prius
2691 3715 2802 3758 non
2835 3701 3021 3758 ﬁebat,
3048 3703 3232 3771 Hujus
3262 3701 3617 3772 temporibus
3649 3701 3755 3754 Leo

335 3786 793 3845 vivitlcteCrucis
813 3787 1303 3860 repositamquuze
1340 3801 1409 3843 ex
1433 3787 1655 3843 dieillo
1691 3783 1994 3856 prosalute
2105 3792 2417 3863 imperator
2462 3793 2531 3848 ad
2583 3792 2773 3862 pejora
2825 3804 3183 3863 progressus,
3241 3789 3522 3861 compulit
3559 3802 3756 3846 omnes

341 3875 579 3932 humani
614 3878 838 3950 ςθῐιετὶε
859 3877 930 3932 ab
955 3878 1111 3934 οωηί
1134 3875 1686 3948 βορυιοῧηνιεῐίδηο
1706 3874 1802 3931 die
1833 3872 1995 3929 Exal-
2102 3881 2602 3953 Constantinopoli
2642 3880 2984 3944 habitantes,
3019 3885 3084 3936 ut
3118 3884 3446 3936 sanctorum
3478 3879 3758 3951 imagines

339 3965 580 4022 tationis
618 3967 673 4022 S.
722 3966 925 4023 Crucis
968 3967 1026 4022 in
1063 3965 1306 4021 ecclesia
1342 3964 1656 4021 Salvatoris
1697 3963 1990 4019 adoratur.
2103 3974 2470 4043 deponerent,
2503 3975 2560 4026 ct
2583 3971 2704 4042 igni
2733 3973 3152 4026 consumerent.
3177 3970 3356 4039 Cujus
3382 3968 3588 4040 errori,
3620 3969 3755 4039 quia

337 4055 444 4110 Hic
491 4056 716 4127 statuit,
769 4062 832 4112 ut
878 4056 938 4110 in
975 4054 1256 4111 fractione
1297 4054 1558 4124 corporis
1596 4056 1652 4108 et
1689 4051 1995 4123 sanguinis
2102 4061 2421 4116 Germanus
2473 4073 2584 4115 non
2645 4060 2936 4116 consensit
2987 4059 3336 4130 patriarcha,
3397 4072 3429 4114 a
3491 4059 3623 4114 sede
3673 4063 3761 4113 est

338 4145 568 4200 Domini
600 4160 633 4202 a
670 4146 822 4201 clero
851 4151 907 4200 et
945 4143 1158 4214 p0pulo
1199 4143 1396 4212 Agnus
1425 4145 1523 4197 Dei
1559 4146 1840 4200 cantetur.
1893 4141 1996 4196 llic
2105 4148 2328 4219 pulsus,
2357 4153 2413 4203 et
2439 4147 2500 4202 in
2530 4148 2655 4217 ejus
2675 4147 2798 4203 loco
2823 4148 3166 4206 Anastasius
3187 4148 3480 4220 presbyter
3500 4152 3586 4203 est
3610 4145 3762 4203 ordi-

339 4234 634 4290 ordinavit
657 4235 958 4304 epismpos
979 4232 1190 4303 viginti
1215 4235 1451 4302 septem,
1487 4231 1847 4301 presbyteros
1861 4229 1997 4285 duo-
2106 4244 2294 4294 natus.
2328 4237 2431 4293 Hic
2465 4237 2523 4292 in
2573 4237 2786 4307 synodo
2816 4240 3107 4295 communi
3149 4239 3406 4294 omnium
3438 4236 3760 4307 praesiden—

339 4323 644 4394 deviginti,
689 4323 963 4378 diaconos
1009 4327 1273 4392 quatuor.
1322 4318 1636 4376 Defunctus
1677 4323 1764 4375 est
1804 4323 1993 4374 autem
2105 4327 2252 4383 tinin
2313 4326 2540 4396 judicio
2609 4326 2999 4382 conﬁrmando
3072 4327 3226 4382 dixit
3287 4326 3364 4398 (θ,
3434 4330 3757 4386 Romanum,

341 4413 541 4469 Idibus
564 4411 931 4482 Ξενιεωῠνίεο
2017 4403 2074 4464 D
2105 4423 2241 4474 tom.
2277 4419 2350 4473 III
2381 4417 2580 4473 Coneil.
2615 4429 2737 4486 cap.
2775 4411 2918 4484 1-12)
2940 4434 2957 4469 :
2990 4417 3050 4472 Si
3081 4419 3205 4486 quis
3231 4417 3629 4486 presbyterum,
3662 4416 3760 4466 aut

743 4501 1072 4557 LXXXVII.
1099 4497 1496 4555 —JOANNES
1521 4499 1610 4554 VI.
2103 4508 2484 4576 diaconissam,
2531 4511 2629 4560 aut
2669 4505 3007 4570 monacham,
3045 4508 3142 4559 aut
3169 4520 3391 4568 nurum,
3441 4509 3538 4558 aut
3579 4518 3762 4559 ϐοηθο-

877 4591 1065 4659 (Ληηο
1094 4589 1297 4645 Christi
1313 4585 1463 4660 701.)
2105 4598 2340 4658 brinam,
2369 4601 2466 4650 aut
2493 4597 2559 4651 de
2589 4597 2818 4665 propria
2859 4597 3194 4664 cognatione,
3228 4599 3325 4649 aut
3369 4610 3534 4666 quam
3570 4609 3765 4662 cogna-

413 4699 676 4769 Joannes,
710 4697 941 4752 natione
979 4697 1234 4764 Graecus,
1269 4696 1419 4752 sedit
1449 4709 1630 4750 annos
1665 4698 1802 4764 tres,
1832 4705 1998 4747 men-
2105 4690 2192 4741 tus
2235 4686 2444 4754 habuit,
2488 4687 2710 4739 duxerit
2750 4701 2975 4741 umorem
3011 4685 3301 4740 anathema
3329 4687 3422 4740 sit.
3477 4687 3652 4741 Item:
3700 4684 3764 4740 Si

344 4799 437 4842 ses
458 4787 625 4857 duos,
652 4787 778 4842 dies
807 4785 1129 4841 duodecim.
1160 4785 1264 4840 Hic
1284 4785 1558 4854 captivos,
1590 4796 1735 4853 quos
1763 4782 1820 4837 in
1843 4782 2000 4837 Cam-
2106 4779 2230 4847 quis
2269 4777 2495 4830 viduam
2529 4777 2751 4842 furatus
2793 4778 2966 4843 fuerit
2994 4777 3054 4830 in
3080 4791 3322 4840 umorem,
3363 4779 3414 4830 et
3453 4777 3760 4847 virginemi,

346 4877 518 4946 pania
541 4876 857 4946 Gisolphus
878 4875 996 4930 dux
1019 4875 1206 4945 gentis
1227 4873 1724 4944 Longobardorum
1747 4877 1990 4942 ceperat,
2105 4869 2216 4922 nisi
2252 4882 2369 4920 eam
2401 4866 2829 4935 desponsaverit,
2871 4865 3162 4919 anathema
3196 4869 3284 4920 sit.
3328 4869 3502 4921 Item:
3537 4866 3598 4921 Si
3637 4868 3762 4937 quis

345 4965 609 5022 donariis
630 4965 756 5020 suis
777 4963 1042 5019 redemit.
1072 4963 1173 5018 llic
1198 4961 1487 5018 ordinavit
1511 4961 1809 5031 episcOpos
1830 4961 1996 5032 quin—
2105 4956 2325 5018 ariolos,
2370 4957 2669 5025 aruspices.
2707 4953 2794 5007 vel
2823 4955 3188 5008 incantato-res
3235 4955 3616 5026 observaverit,
3665 4965 3768 5016 aut

345 5055 553 5124 decim,
582 5053 939 5124 presbyteros
968 5065 1186 5120 novem,
1214 5051 1487 5107 diaconos
1515 5050 1680 5106 duos.
2101 5045 2455 5117 phylacteriis
2490 5058 2622 5098 usus
2650 5044 2845 5114 fuerit,
2876 5042 3165 5097 anathema
3204 5044 3294 5098 sit.
3327 5044 3431 5100 Hic
3469 5043 3766 5101 ordinavit

705 5143 1058 5198 LXXXVIII.
1098 5172 1162 5182 -—
1201 5140 1505 5196 JOANNES
1532 5141 1644 5196 VII.
2105 5133 2405 5205 episcopos
2434 5136 2660 5188 centum
2692 5130 3136 5203 quinquaginta,
3165 5131 3522 5204 presbyteros
3550 5129 3760 5203 viginti

896 5231 1078 5303 (Anno
1105 5230 1307 5286 Christi
1323 5227 1472 5302 705.)
2109 5225 2388 5296 quinque,
2431 5222 2707 5280 diaconos
2746 5225 3012 5292 quatuor.
3053 5221 3161 5292 Qui
3201 5220 3510 5279 defunctus
3553 5223 3640 5274 est
3694 5231 3758 5273 ιιι

420 5323 683 5392 Joannes,
717 5321 950 5378 natione
977 5322 1227 5390 Graesus,
1273 5321 1344 5376 de
1374 5325 1532 5390 patre
1569 5319 1818 5392 Platone,
1853 5322 2004 5378 sedit
2111 5315 2247 5370 Idus
2281 5313 2547 5371 Februar.

350 5425 531 5468 annos
584 5410 750 5480 duos,
815 5423 1037 5468 menses
1077 5423 1196 5478 sex,
1261 5409 1386 5465 dies
1430 5410 1849 5479 septemdecim.
1899 5411 2005 5467 Hic
2493 5400 3369 5458 XCll.—S.GREGORIUSIII.

353 5500 646 5558 ordinavit
673 5499 973 5571 episcopos
994 5498 1376 5571 undeviginti.
1409 5497 1681 5570 Sepultus
1709 5503 1794 5555 est
1813 5505 2003 5556 autem
2637 5489 2819 5562 (Anno
2859 5491 3062 5547 Christi
3086 5486 3235 5559 734.)

356 5604 430 5646 xv
461 5589 698 5648 Kalend.
742 5587 1037 5645 Novembr.
2173 5582 2506 5655 Gregorius,
2548 5582 2780 5638 natione
2807 5581 3004 5652 Syrus,
3044 5592 3112 5633 ex
3158 5579 3316 5646 patre
3351 5575 3581 5646 Joanne,
3629 5575 3749 5632 sedi
