4046 6182
370 203 508 263 4239

1173 198 1446 257 APPEND
1484 197 1578 256 AD
1614 197 1776 257 suac.
1812 200 1910 258 1x.
1951 151 2021 243 Ῐ-
2058 198 2411 258 AUCTORES
2450 201 2622 259 ANNI
2660 200 2954 260 INCERTI.

3635 195 3777 256 I240

365 342 546 386 annos
565 329 778 399 decem,
803 341 1024 385 menses
1047 329 1193 397 octo,
1221 326 1346 382 dies
1375 324 1602 397 viginti.
1651 324 1754 380 Hic
1777 321 1889 380 fuit
1921 323 2011 380 vir
2045 321 2105 382 A
2135 325 2204 380 ad
2235 325 2538 384 missarum
2571 328 2849 385 solemnia
2877 327 3236 399 celebranda,
3270 327 3432 386 nullo
3465 325 3636 383 modo
3667 339 3780 380 au-

365 418 530 475 valde
561 419 739 486 mitis,
764 423 820 474 et
847 418 904 474 in
936 417 1154 476 divinis
1184 416 1397 473 litteris
1427 415 1566 471 bene
1595 415 1933 483 instructus,
1955 418 2012 470 et

365 507 559 564 Grmca
602 509 914 578 Latinaque
953 507 1150 578 lingua
1193 506 1439 576 pleniter
1479 503 1764 560 eruditus.
1816 503 1918 558 Hic
1948 502 2010 557 in

369 599 582 669 synodo
628 599 903 662 residens,
952 611 1146 654 omnes
1191 596 1324 652 illos
1371 593 1750 650 anathematis
1781 591 2010 648 vinculo

370 688 688 754 innodavit,
721 689 819 760 qui
864 687 1116 758 antiquae
1159 685 1561 742 ecclesiasticae
1603 680 2009 739 consuetudini

366 778 746 849 adversantes,
781 783 1107 834 sanctorum
1155 775 1435 847 imagines
1467 774 1722 830 venerari
1753 777 2015 828 contem-

367 876 582 925 nerent.
617 869 718 924 Hic
743 868 1033 924 ordinavit
1052 866 1351 936 episcOpos
1375 863 1685 936 octoginta,
1719 862 2016 934 presbyte-

370 971 462 1015 ros
484 958 692 1030 viginti
725 964 992 1028 quatuor,
1021 956 1294 1012 diaconos
1324 959 1456 1010 tres.

784 1046 972 1101 XCIII.
1004 1074 1075 1084 —
1107 1045 1160 1100 S.
1190 1043 1584 1099 ZACHARIAS.

908 1132 1088 1204 (Anno
1118 1133 1323 1188 Christi
1343 1130 1491 1196 742.)

436 1226 758 1295 Zacharias,
788 1225 1018 1280 natione
1047 1225 1298 1295 Graecus,
1331 1238 1397 1280 ex
1431 1228 1587 1294 patre
1616 1221 2012 1293 Polychronio,

366 1316 516 1371 sedit
540 1328 722 1370 annos
749 1316 960 1384 decem,
997 1328 1216 1369 menses
1246 1318 1380 1383 tres,
1413 1314 1539 1368 dies
1562 1311 2015 1384 quatuordecim,

367 1406 548 1474 Hujus
597 1404 951 1475 temporibus
999 1405 1406 1474 Kalomannus,
1449 1403 1607 1459 illius
1645 1402 2015 1458 Karlomanni

369 1491 576 1568 [Caroli
624 1493 890 1569 Martelli]
940 1497 1282 1550 Francorum
1325 1493 1495 1564 regis,
1547 1492 1843 1562 praesentis
1885 1493 2017 1548 vitae

365 1584 606 1654 gloriam
639 1591 693 1640 et
721 1591 1052 1654 potestatem
1086 1584 1438 1654 relinquens,
1477 1584 1784 1639 clericatus
1811 1583 2013 1654 jugum

2131 413 2260 471 deat
2289 417 2419 472 data
2445 418 2705 475 oratione
2735 420 3014 486 recedere,
3049 425 3112 476 nt
3141 418 3212 475 ab
3236 417 3354 475 alio
3383 418 3658 488 episcopo
3683 421 3782 470 aut

2131 505 2461 576 presbytero
2484 509 2792 565 missarum
2817 509 3095 566 solemnia
3121 509 3522 578 suppleantur,
3553 506 3653 562 sed
3683 505 3781 575 qui

2133 594 2366 650 initium
2389 599 2599 669 posuit,
2621 600 2883 669 suppleat
2902 613 3083 670 usque
3103 599 3160 654 in
3181 599 3369 655 finem.
3389 598 3448 653 Si
3463 596 3784 669 quisaliter

2131 698 2296 756 agere
2318 689 2765 760 prtesumpserit,
2792 703 2823 744 a
2848 689 3146 745 Dominico
3166 702 3403 759 corpore
3422 692 3481 744 et
3499 687 3785 757 sanguine

2133 775 2213 830 sit
2243 790 2576 846 suspensus.
2623 779 2937 835 Pmdictus
2977 792 3116 850 papa
3151 778 3441 834 universis
3469 775 3781 848 episcOpis,

2133 867 2360 923 cunctis
2375 867 2547 924 etiam
2564 868 2596 923 d
2609 868 2833 940 ucibus,
2848 868 3182 938 comitibus,
3201 867 3592 937 omnibusque
3609 867 3781 920 Deum

2137 956 2476 1013 timentibus
2528 972 2627 1028 per
2675 957 2894 1014 Gallias
2945 964 3002 1014 et
3052 959 3396 1014 Francorum
3457 955 3785 1026 provincias

2135 1047 2476 1102 constitutis
2513 1046 2814 1118 epistolam
2841 1047 3172 1118 destinavit,
3205 1047 3264 1102 in
3292 1060 3405 1118 qua
3435 1059 3596 1101 omes
3626 1058 3788 1100 com—

2139 1136 2380 1206 monuit,
2437 1141 2499 1192 ut
2541 1135 2718 1193 falsos
2767 1143 2824 1193 et
2871 1138 3294 1206 schismaticos,
3357 1135 3688 1192 homicidas
3734 1140 3786 1190 et

2137 1222 2485 1282 fornicarios
2513 1228 2836 1283 sacerdotes
2864 1227 2934 1282 ab
2967 1226 3114 1297 ipsis
3141 1226 3511 1297 expellerent.

2545 1316 2728 1372 XCIV.
2751 1347 2826 1357 —
2847 1317 3242 1372 STEPHANUS
3278 1318 3370 1372 III.

2667 1406 2848 1477 (Anno
2874 1407 3075 1462 Christi
3101 1404 3250 1480 752.)

2207 1494 2548 1567 Stephanus,
2581 1496 2814 1552 natione
2842 1497 3152 1566 Romanus,
3198 1511 3265 1553 ex
3310 1503 3472 1567 patre
3499 1496 3788 1552 Constan-

2137 1585 2280 1654 tino,
2326 1585 2477 1641 sedit
2513 1598 2695 1642 annos
2734 1585 3012 1657 quinque,
3053 1586 3178 1641 dies
3216 1585 3427 1656 viginti
3476 1589 3617 1640 tres.
3663 1585 3790 1640 Post

366 1674 554 1728 Romze
598 1673 668 1728 ab
718 1673 842 1744 ipso
889 1687 1032 1744 papa
1092 1674 1363 1743 suscepit.
1407 1674 1622 1729 Deinde
1653 1673 1721 1728 ad
1770 1677 2015 1728 montem
2058 1665 2358 1731 Bobitum
2379 1673 2663 1730 Zachariae
2697 1688 2851 1744 papae
2878 1675 3200 1744 Stephanus
3229 1674 3468 1745 quidam
3498 1674 3793 1744 presbyter

363 1762 663 1818 Cassinum
681 1763 955 1834 pervenit,
977 1763 1175 1834 ibique
1210 1763 1356 1819 facta
1371 1764 1536 1833 juxta
1558 1776 1769 1819 morem
1793 1759 2020 1832 profes-

366 1850 546 1920 sione,
591 1850 969 1920 professionis
1011 1852 1270 1910 habitum
1309 1854 1507 1909 devote
1537 1853 1808 1923 suscepit.
1844 1852 2021 1920 Ejus-

360 1941 485 1994 dem
547 1954 701 2010 papte
751 1941 1108 2012 temporibus
1156 1943 1497 1999 Ratechisus
1543 1956 1640 1998 rex
1685 1940 2020 2013 Longobar—

362 2029 566 2085 dorum
613 2029 858 2101 regalem
895 2031 1234 2103 dignitatem
1283 2032 1634 2103 relinquens,
1673 2045 1706 2088 a
1748 2030 2019 2102 praedicto

365 2133 508 2188 papa
559 2120 854 2191 detonsus,
913 2122 1247 2178 monachico
1305 2123 1507 2179 habitu
1555 2137 1685 2178 cum
1743 2136 1919 2179 uxore
1964 2124 2022 2176 et

366 2207 510 2263 filiis
567 2209 853 2265 induitur.
923 2211 1027 2266 llic
1077 2212 1371 2268 ordinavit
1421 2212 1721 2282 episcopos
1780 2211 2021 2284 triginta

365 2297 642 2368 quinque,
703 2299 1060 2370 presbyteros
1115 2301 1322 2372 viginti
1379 2309 1512 2370 tres,
1569 2302 1847 2358 diaconos
1899 2315 2016 2356 sex.

364 2387 467 2442 Hic
495 2387 552 2442 in
582 2389 798 2458 synodo
829 2390 1136 2446 constituit
1163 2397 1227 2446 ut
1246 2391 1500 2462 episcopi
1523 2405 1651 2447 cum
1677 2391 2020 2447 mulieribus

364 2477 600 2532 omnino
650 2490 758 2532 non
825 2477 1104 2550 habitent,
1159 2485 1215 2536 et
1270 2481 1583 2551 presbyteri
1643 2480 1726 2536 vel
1788 2479 2018 2536 diaconi

367 2564 844 2620 subintroductas
869 2568 1140 2624 mulieres
1169 2568 1329 2626 nullo
1362 2569 1528 2626 modo
1557 2583 1749 2625 secum
1773 2569 2024 2624 audeant

369 2652 594 2722 habere,
632 2654 746 2709 nisi
781 2660 1038 2725 matrem,
1077 2663 1133 2712 et
1164 2657 1297 2713 illas
1327 2672 1452 2728 qua:
1483 2658 1844 2727 suspiciones
1873 2657 2024 2712 eﬁ'u—

370 2741 540 2812 giunt
572 2760 586 2811 ;
621 2743 886 2814 alioquin
919 2745 1130 2815 gradus
1156 2746 1247 2800 sui
1282 2746 1580 2816 priventur
1617 2746 1848 2802 honore.
1883 2750 2020 2803 Item

370 2831 577 2886 statuit
609 2836 672 2886 ut
701 2831 977 2900 episcopi,
1016 2833 1350 2902 presbyteri,
1383 2835 1613 2890 diaconi
1647 2835 2023 2892 saacularibus

369 2919 726 2974 indumentis
754 2919 990 2975 minime
1019 2927 1273 2992 utantur,
1296 2923 1433 2994 nisi,
1461 2930 1524 2980 ut
1543 2923 1832 2994 condecet,
1858 2924 2025 2981 tuni-

372 3020 436 3062 ca
485 3008 827 3064 sacerdotali
867 3027 878 3063 :
929 3011 1025 3066 sed
1077 3025 1260 3082 neque
1301 3013 1437 3069 dum
1495 3013 1916 3070 ambulaverint
1963 3015 2022 3070 in
2060 2996 2109 3060 Ο

371 3095 629 3169 civitate,
659 3104 760 3153 aut
792 3099 848 3154 in
886 3099 996 3170 via,
1029 3105 1131 3156 aut
1167 3100 1223 3156 in
1262 3101 1486 3172 plateis,
1530 3103 1656 3158 sine
1691 3102 2023 3160 indumento

375 3191 722 3255 praesumant
749 3187 1064 3261 ambulare,
1094 3190 1205 3245 nisi
1237 3191 1296 3245 in
1321 3191 1529 3247 itinere
1570 3191 1737 3263 longo
1757 3193 2028 3248 ambula-

353 3275 563 3331 verint
590 3294 602 3330 :
635 3277 772 3347 quia
801 3279 1065 3335 sacerdos
1089 3280 1360 3336 incedens
1385 3281 1509 3337 sine
1531 3282 1884 3350 operimento
1909 3281 2025 3336 sibi

375 3379 650 3437 congruo,
684 3367 1068 3424 sacerdotium
1111 3383 1276 3424 suum
1304 3370 1591 3440 deturpat.
1625 3370 1781 3439 Quod
1812 3370 1862 3426 si
1894 3385 2030 3440 prae-

376 3455 704 3526 sumpserit,
739 3457 1141 3513 communione
1182 3459 1457 3529 privetur,
1499 3460 1696 3524 donec,
1731 3474 1856 3530 qua:
1902 3465 2016 3515 sta-

271 3540 286 3554 '
377 3549 498 3599 tuta
551 3549 706 3606 sunt,
767 3545 1080 3615 adimplere
1131 3553 1391 3603 maturet.
1448 3548 1602 3614 Item,
1674 3555 1736 3604 ut
1792 3548 2032 3618 presby—

377 3633 487 3687 teri
535 3639 592 3688 et
638 3633 868 3689 diaconi
921 3649 1031 3690 non
1079 3640 1319 3692 utantur
1374 3637 1669 3704 monacha,
1722 3637 1806 3692 vel
1856 3636 2028 3690 etiam

379 3721 678 3790 Spirituali
737 3728 1062 3778 commatre.
1121 3726 1259 3778 Nam
1320 3726 1418 3795 qui
1486 3725 1818 3795 hujusmodi
1885 3738 2031 3794 opus

381 3811 807 3881 perpetraverit,
869 3813 1014 3868 sciat
1067 3826 1127 3868 se
1172 3815 1554 3870 anathematis
1602 3814 1832 3870 vinculo
1875 3815 2034 3871 obli—

383 3902 598 3968 gatum,
670 3904 726 3952 et
789 3899 888 3954 Dei
950 3900 1179 3968 judicio
1237 3903 1696 3972 condemnatum,
1761 3909 1935 3974 atque
1999 3919 2032 3961 a

384 3997 547 4040 sacro
603 3999 840 4055 corpore
905 3992 962 4042 et
1026 3989 1308 4058 sanguine
1371 3992 1601 4048 Domini
1660 3993 1841 4049 nostri
1900 3995 2032 4048 Jesu

381 4073 598 4129 Christi
649 4075 924 4145 alienum,
977 4081 1262 4134 statuente
1307 4081 1622 4151 apostolica
1663 4096 1927 4138 censura.
1968 4084 2036 4137 Et

387 4163 720 4235 quicunque
733 4166 1090 4223 sacerdotum
1106 4169 1322 4226 talibus
1334 4173 1758 4228 communicare
1770 4187 2038 4243 praesum-

391 4251 585 4324 pserit,
614 4267 812 4311 eorum
841 4259 1132 4315 consortio
1157 4261 1586 4332 condemnatus,
1612 4262 1919 4318 sacerdotii
1943 4262 2033 4317 sui

2137 1777 2169 1819 a
2216 1768 2424 1819 cuncto
2472 1764 2684 1834 populo
2731 1763 2947 1820 electus
2993 1767 3100 1827 est,
3149 1768 3205 1821 et
3255 1764 3312 1819 in
3364 1763 3789 1834 patriarchium

2141 1853 2584 1910 inthronizatus.
2632 1853 2742 1924 Qui
2796 1859 2921 1924 post
2969 1853 3212 1910 biduum
3257 1853 3454 1909 subito
3499 1853 3793 1908 alienatus

2139 1941 2453 2014 obmutuit,
2493 1947 2552 1999 et
2587 1943 2683 2000 die
2721 1943 2986 2014 sequenti
3015 1941 3322 1999 defunctus
3365 1947 3471 1998 est.
3508 1943 3648 1998 Post
3681 1943 3792 1997 haec

2137 2045 2270 2088 vero
2300 2046 2496 2089 omnes
2531 2032 2886 2088 unanimiter
2924 2033 3078 2088 hunc
3111 2032 3408 2104 eligentes,
3455 2033 3516 2087 in
3558 2032 3793 2102 patriar-

2140 2121 2334 2178 chium
2355 2123 2521 2191 juxta
2541 2135 2750 2178 morem
2771 2122 3242 2178 introduxerunt:
3263 2127 3386 2178 erat
3398 2121 3558 2177 enim
3578 2128 3794 2176 amator

2138 2211 2532 2282 ecclesiarum,
2567 2211 2936 2267 traditionem
2981 2211 3431 2267 ecclesiasticam
3474 2211 3644 2266 ﬁrma
3676 2217 3796 2266 sta—

2140 2300 2370 2357 bilitate
2411 2314 2769 2358 conservans.
2819 2302 3002 2370 Hujus
3049 2300 3402 2370 temporibus
3446 2299 3794 2369 Aistulpbus

2141 2390 2641 2462 Longobardorum
2659 2404 2779 2460 rex,
2799 2390 3097 2460 occupatis
3113 2389 3283 2445 bonis
3302 2389 3601 2458 Ecclesiae,
3620 2388 3794 2444 multa

2141 2479 2414 2536 Romanis
2462 2478 2665 2536 intulit
2717 2479 2885 2551 mala,
2933 2479 3027 2534 sed
3081 2478 3333 2548 plurima
3381 2478 3644 2534 minatus
3692 2482 3790 2532 est.

2139 2569 2297 2626 Unde
2321 2569 2630 2639 praedictus
2658 2582 2801 2639 papa
2825 2573 3059 2625 coactus
3081 2568 3388 2638 Pippinum
3417 2581 3612 2639 regem
3633 2567 3795 2623 Fran-

2141 2659 2245 2715 ciae
2280 2659 2632 2729 postulatum
2665 2658 2954 2714 auxilium
2997 2658 3166 2728 adiit,
3206 2663 3407 2714 contra
3439 2671 3616 2729 quem
3648 2658 3798 2712 venit

2141 2748 2563 2804 Karlomannus
2610 2746 2788 2803 frater
2841 2748 3020 2819 regis,
3092 2747 3355 2818 quamvis
3435 2747 3797 2813 monachus;

2143 2837 2416 2908 malignis
2446 2843 2633 2892 tamen
2665 2836 2959 2907 Aistulphi
2991 2835 3367 2892 suasionibus
3402 2835 3707 2906 deceptus,
3743 2841 3801 2891 ut

2143 2928 2270 2997 ejus
2318 2926 2652 2996 petitionem
2705 2927 2763 2982 in
2813 2927 3047 2982 irritum
3091 2927 3342 2982 duceret.
3396 2925 3530 2994 Sed,
3582 2927 3696 2980 Deo
3746 2925 3798 2980 id

2145 3021 2365 3088 agente,
2418 3016 2697 3086 propositi
2741 3015 2997 3072 inefﬁcax
3039 3015 3286 3085 exstitit,
3317 3019 3375 3071 et
3421 3014 3506 3069 ibi
3558 3015 3714 3070 idem
3746 3015 3799 3068 in

2145 3105 2383 3162 Francia
2413 3106 2470 3160 in
2503 3106 2850 3162 monasierio
2879 3119 2911 3161 a
2943 3103 3117 3161 fratre
3147 3110 3422 3172 statutus,
3451 3105 3637 3160 vitam
3669 3104 3806 3160 fini-

2146 3194 2264 3250 vit:
2303 3193 2558 3264 pontifex
2585 3209 2714 3251 vero
2739 3195 2890 3265 apud
2925 3208 3110 3267 regem
3140 3194 3488 3251 voluntatem
3518 3209 3646 3249 sum
3674 3194 3809 3262 peti-

2146 3284 2326 3340 tionis
2357 3284 2632 3340 obtinuit.
2663 3285 2765 3340 Hic
2795 3285 3088 3340 ordinavit
3117 3285 3416 3355 episcopos
3443 3283 3802 3354 quindecim,

2148 3373 2506 3444 presbyteros
2532 3375 2698 3440 duos,
2730 3373 3006 3430 diaconos
3037 3374 3200 3430 duos.
3235 3372 3558 3430 Defunctus
3590 3379 3682 3428 est
3708 3385 3806 3428 au-

2149 3468 2262 3518 tem
2294 3477 2345 3518 vi
2375 3462 2610 3519 Kalend.
2643 3463 2801 3518 Maii.

2219 3552 2536 3608 Prmdictus
2577 3551 2834 3622 pontifex
2864 3553 2924 3607 in
2970 3553 3212 3623 quadam
3257 3551 3502 3622 epistola
3547 3552 3622 3606 de
3659 3550 3808 3606 infir-

2152 3642 2373 3697 mitatis
2430 3656 2547 3698 sua:
2606 3641 2947 3697 liberatione
3008 3641 3090 3697 ita
3152 3642 3300 3697 inter
3355 3645 3565 3696 extera
3624 3640 3801 3695 dicit:

2150 3732 2282 3786 Cum
2315 3732 2439 3799 jam
2484 3732 2681 3785 medici
2723 3731 3092 3802 desparerent,
3137 3734 3227 3798 fui
3265 3733 3405 3786 sicut
3447 3733 3505 3784 in
3565 3732 3806 3784 oratione

2151 3823 2211 3875 in
2257 3821 2478 3875 ecclesia
2521 3822 2581 3874 B.
2628 3825 2892 3890 martyris
2943 3823 3174 3876 Dionisii
3235 3821 3426 3876 subtus
3486 3833 3802 3890 campanas.

2153 3915 2202 3965 et
2230 3910 2348 3964 vidi
2375 3915 2501 3964 ante
2529 3910 2705 3965 altare
2739 3911 2997 3965 damnum
3033 3911 3250 3965 Petrum
3288 3915 3338 3964 et
3376 3909 3645 3964 damnum
3674 3911 3808 3962 Pau-

2156 4002 2286 4063 lum,
2332 4005 2383 4054 et
2433 4005 2562 4053 nota
2612 4004 2786 4053 mente
2834 4000 2956 4054 illos
3009 4002 3313 4068 recognovi,
3370 4004 3419 4052 et
3471 4001 3698 4053 tertium
3745 3999 3800 4052 B.

2154 4091 2474 4159 Dyonisium
2510 4089 2585 4142 ad
2623 4089 2901 4143 demteram
2936 4090 2998 4143 B.
3031 4090 3180 4144 Petri
3221 4089 3469 4144 subtilem
3512 4093 3566 4142 et
3615 4090 3808 4156 longio-

2154 4195 2284 4234 rem.
2344 4181 2603 4250 Dia-itque
2665 4179 2894 4234 domnus
2944 4181 3175 4233 Petrus:
3236 4180 3340 4232 Hic
3392 4180 3578 4246 frater
3635 4183 3810 4232 noster

2150 4270 2395 4338 postulat
2422 4273 2731 4324 sanitatem.
2765 4271 2833 4323 Et
2863 4268 3007 4322 dixit
3046 4269 3110 4322 B.
3157 4268 3402 4322 Paulus:
3446 4267 3612 4321 Modo
3657 4283 3812 4321 sana»

391 4344 2037 4423 honorepriveturSiautemhi,quiconvictisunt,admo—
2073 4353 2129 4415 D
2163 4359 2325 4413 bitur.
2372 4361 2441 4413 Et
2473 4361 2924 4428 appropinquans
2972 4359 3118 4412 misit
3148 4372 3370 4411 manum
3409 4373 3572 4410 suam
3613 4357 3692 4410 ad
3731 4372 3815 4425 ρε·

391 4434 499 4488 niti
519 4434 952 4510 declinaverint,
967 4441 1103 4497 etab
1115 4442 1184 4496 ad
1196 4441 1402 4496 ulterio
1416 4440 1634 4496 fuerint
1649 4440 1850 4509 divisi,
1865 4441 2042 4510 pceni-

389 4523 580 4580 tentia:
594 4525 1027 4599 submittantur,
1055 4536 1118 4584 ut
1138 4529 1524 4585 sacerdosloci
1541 4530 1874 4600 providerit.
1905 4533 2040 4586 [tem

389 4611 458 4666 de
493 4613 860 4687 presbyteris,
893 4617 1176 4686 diaconis,
1224 4631 1324 4672 seu
1359 4617 1606 4689 clericis,
1643 4620 1742 4690 qui
1792 4619 1941 4676 inter
1981 4634 2040 4676 se

392 4712 620 4756 causam
664 4703 989 4776 habuerint,
1032 4705 1192 4761 nullo
1235 4707 1400 4763 modo
1440 4714 1746 4778 praesumat
1788 4709 2041 4779 publicis

394 4789 843 4847 auctoritatibus
897 4793 1414 4863 interpellationem
1468 4796 1665 4868 facere,
1741 4798 1856 4854 nisi
1937 4812 2042 4854 suo

395 4873 665 4946 episcopo
696 4895 708 4931 :
757 4885 812 4934 et
854 4881 904 4936 si
937 4881 1128 4939 forsan
1159 4886 1463 4956 episcopus
1490 4900 1718 4943 causam
1754 4886 2040 4951 habuerit,

394 4963 462 5018 ad
497 4965 750 5025 vicinum
783 4973 1115 5044 episcopum
1145 4977 1479 5050 confugium
1513 4978 1746 5049 faciant,
1774 4979 1940 5048 juxta
1959 4990 2044 5033 ca-

398 5070 610 5114 nonum
655 5065 886 5120 statuta.
927 5065 996 5121 Et
1034 5067 1084 5123 si
1119 5069 1354 5126 minime
1397 5072 1744 5129 convenerit.
1783 5076 1847 5127 ut
1879 5069 2046 5126 deci—

395 5148 568 5205 datur
610 5150 761 5206 inter
787 5166 885 5208 eos
925 5158 1235 5228 contentio,
1277 5161 1346 5215 ad
1390 5161 1763 5230 apostolicam
1812 5161 2046 5216 veniant

397 5239 604 5296 sedem.
649 5241 710 5298 Si
755 5243 889 5313 quis
940 5258 1071 5300 vero
1113 5253 1315 5315 praeter
1363 5253 1572 5305 statuta
1617 5251 2044 5320 praesumpserit

395 5343 580 5403 agere,
626 5332 838 5404 gradus
875 5333 966 5388 sui
1019 5333 1230 5390 honore
1277 5337 1554 5406 privetur,
1593 5344 1650 5394 et
1693 5339 1765 5394 ab
1806 5340 2047 5397 ecclesia

402 5420 668 5491 pellatur,
717 5436 900 5494 usque
927 5423 1062 5479 dum
1098 5437 1269 5480 causa
1309 5428 1627 5496 susceperit
1665 5428 1850 5484 finem.
1886 5432 2042 5503 Item,

2160 4452 2275 4502 ctus
2332 4449 2518 4502 damni
2577 4449 2844 4516 Dyonysii
2894 4447 3279 4518 amicabiliter,
3336 4448 3691 4515 respexitque
3746 4445 3814 4498 ad

2161 4538 2416 4592 domuum
2469 4538 2705 4590 Petrum.
2754 4538 2822 4590 Et
2862 4537 3006 4590 dixit
3044 4535 3273 4589 domnus
3317 4535 3509 4587 Petrus
3556 4535 3637 4587 ad
3684 4537 3818 4588 Dio-

2161 4629 2380 4695 nysium
2426 4626 2679 4680 hilariter
2716 4644 2728 4679 :
2783 4627 2900 4679 Tua
2941 4625 3124 4693 gratia
3175 4628 3253 4678 est
3294 4625 3506 4677 sanitas
3551 4623 3698 4690 ejus.
3755 4624 3816 4674 Et

2159 4717 2453 4784 Dionysius
2482 4717 2701 4769 veniens
2731 4715 2806 4769 ad
2833 4730 2915 4768 me
2947 4715 3065 4768 ait:
3098 4715 3217 4766 Pace
3246 4717 3438 4775 tecum,
3472 4714 3683 4779 frater,
3716 4727 3817 4765 non

2161 4806 2429 4866 morieris,
2462 4803 2628 4858 donec
2671 4804 2746 4857 ad
2791 4803 2968 4857 sedem
3011 4807 3162 4856 tuam
3199 4816 3458 4872 prospere
3496 4803 3814 4855 revertaris.

2155 4894 2352 4964 Surge,
2403 4898 2452 4947 et
2499 4894 2594 4947 hoc
2641 4894 2817 4948 altare
2859 4895 2918 4948 in
2965 4891 3164 4947 honore
3206 4893 3323 4959 Dei,
3375 4896 3426 4945 et
3469 4894 3818 4945 veneratione

2163 4983 2525 5052 apostolorum
2573 4984 2719 5037 Petri
2763 4987 2812 5036 et
2858 4982 3021 5036 Pauli
3073 4982 3306 5036 dedica:
3354 4995 3600 5049 moxque
3654 4995 3817 5034 sanus

2161 5075 2365 5141 factus,
2396 5071 2616 5142 implevi
2645 5086 2764 5140 quae
2783 5071 2946 5140 jusSa
2972 5076 3130 5125 sunt.

2639 5159 2798 5216 XCV.
2839 5190 2913 5200 —
2947 5160 3004 5215 S.
3046 5159 3325 5216 PAULUS.

2693 5247 2876 5321 (Anno
2904 5249 3105 5305 Christi
3131 5244 3280 5320 757.)

2235 5340 2466 5404 Paulus,
2501 5340 2732 5396 natione
2762 5340 3068 5409 Romanus,
3103 5353 3170 5396 ex
3215 5344 3372 5409 patre
3409 5337 3810 5404 Constantino,

2167 5431 2317 5487 sedit
2343 5444 2526 5488 annos
2554 5431 2766 5500 decem,
2811 5443 3057 5486 mensem
3091 5442 3291 5485 unum.
3324 5427 3387 5482 In
3417 5427 3605 5497 hujus
3634 5435 3813 5484 autem

406 5515 469 5564 ut
510 5512 834 5584 episcopus,
877 5519 978 5570 aut
1025 5513 1334 5587 presbyter,
1379 5517 1515 5572 dum
1550 5517 1845 5588 ingressus
1881 5519 2060 5578 fuerit
2159 5520 2437 5576 electione
2482 5519 2732 5592 p0pulus
2776 5521 3064 5576 Romanus
3109 5517 3338 5574 divisus
3381 5523 3488 5572 est.
3546 5518 3694 5572 Nam
3721 5515 3812 5571 alii
