4046 6182
280 233 419 294 4241

1117 231 1376 290 pssum
1412 203 1837 289 LUYIPRANDI
1883 226 2009 286 LIB.
2067 227 2160 287 DE
2207 228 2385 289 vms
2441 229 2620 330 non.
2650 232 2851 293 rom.

3554 231 3697 295 4242

278 358 771 432 TheOpbylactum
811 355 1301 428 archidiaconum,
1352 354 1451 412 alii
1483 355 1640 411 hunc
1669 354 1936 412 volebant
1959 347 2012 410 A
2046 352 2140 429 lis,
2172 363 2229 415 et
2263 356 2620 417 fortissimus
2643 361 2972 420 orthodoxae
3015 363 3166 437 ﬁdei,
3211 368 3268 422 et
3309 365 3510 436 patriae
3552 379 3690 434 suae,

287 452 498 509 habere
547 449 912 521 pontiﬁcem:
967 449 1060 505 sed
1113 461 1244 518 pars
1293 447 1412 519 illa,
1461 460 1587 518 qute
1636 447 1819 516 major
1870 460 1936 502 ac

280 541 536 599 validior
593 539 725 609 fuit,
778 540 1004 595 tandem
1038 538 1189 594 hunc
1235 538 1450 611 elegit;
1499 540 1554 594 et
1603 534 1682 591 ita
1713 537 1937 592 caeteris

279 630 591 702 dispersis,
629 630 737 686 iste
768 629 954 685 sedem
985 627 1258 684 obtinuit.
1295 629 1398 684 Hic
1432 626 1782 684 consecravit
1805 625 1940 696 epi—

283 735 491 794 sc0pos
502 720 733 793 viginti,
761 717 1118 789 presbyteros
1133 717 1456 787 duodecim,
1476 717 1750 773 diaconos
1764 715 1930 772 duos-

699 808 883 864 XCVI.
908 838 981 848 —
1007 808 1401 864 STEPHANUS
1431 808 1515 863 IV.

819 895 1002 970 (Anno
1032 897 1234 953 Christi
1251 895 1404 968 768.)

352 990 698 1061 Stephanus,
726 987 958 1043 natione
976 987 1229 1057 Siculus,
1260 1002 1328 1043 ex
1358 990 1515 1057 patre
1543 985 1754 1056 Olivio,
1783 983 1933 1041 sedit

277 1095 464 1138 annos
519 1085 653 1140 tres,
690 1091 909 1134 menses
955 1078 1233 1148 quinque,
1279 1078 1404 1133 dies
1454 1077 1663 1148 viginti
1697 1081 1928 1146 septem.

278 1173 426 1227 Dum
483 1169 694 1224 Paulus
725 1181 866 1238 papa
914 1181 980 1222 ex
1008 1167 1112 1222 hac
1141 1167 1259 1222 vita
1305 1167 1621 1238 migrasset,
1655 1167 1933 1222 continuo

275 1259 693 1316 Constantinus
746 1257 978 1327 quidam
1028 1256 1212 1313 laicus
1251 1270 1281 1312 a
1313 1256 1600 1328 germanis
1632 1256 1928 1328 fratribus,

278 1354 337 1404 et
369 1348 493 1404 illis
524 1361 668 1418 quos
709 1345 914 1401 fratres
945 1359 1175 1416 quoquo
1210 1345 1373 1402 modo
1410 1346 1696 1401 attrahere
1728 1350 1932 1416 potuev

280 1442 440 1507 runt,
489 1435 794 1492 latrocinio
839 1435 898 1491 in
947 1435 1360 1505 patriarchium
1406 1440 1492 1491 est
1531 1435 1930 1502 introductus;

280 1527 483 1598 ibique
531 1530 758 1596 repente
804 1538 914 1580 una
957 1525 1052 1580 die
1094 1524 1156 1580 ﬁt
1202 1525 1470 1595 clericus,
1502 1523 1616 1580 alia
1660 1538 1790 1580 vero
1839 1523 1934 1579 die

278 1615 674 1673 subdiaconus
725 1617 780 1670 et
834 1615 1133 1680 diaconus,
1185 1627 1218 1669 a
1275 1614 1521 1685 Georgio
1583 1613 1932 1669 Praenestino

2046 453 2102 505 et
2133 449 2316 520 plebis
2345 449 2459 506 sibi
2491 451 2810 507 commissa:
2844 452 3126 521 defensor,
3158 455 3227 510 ad
3267 455 3546 511 sedandas
3591 468 3694 511 ca-

2046 539 2318 610 lumnias,
2367 543 2424 596 et
2461 541 2899 609 devastationes,
2933 556 3076 612 quas
3103 545 3437 601 Desiderius
3467 547 3693 617 Longo-

2044 629 2356 686 bardorum
2402 643 2499 687 rex
2540 630 2598 686 in
2630 630 2798 687 bonis
2833 631 2888 686 S.
2932 632 3084 687 Petri
3120 635 3394 704 exercuit,
3426 635 3690 692 Carolum

2044 721 2309 792 Magnum
2368 720 2714 776 Francorum
2774 735 2959 793 regem
3007 723 3238 778 Romam
3291 725 3531 780 vocavit.
3580 725 3691 794 Qui

2043 822 2173 864 cum
2230 810 2436 880 quinto
2487 824 2637 867 anno
2685 811 2844 883 regni
2890 812 2982 868 sui
3033 810 3176 867 illuc
3226 813 3493 884 venisset,
3545 813 3695 870 inter

2042 903 2263 970 caetera,
2311 915 2436 971 quae
2483 901 2554 956 ab
2605 902 2729 972 ipso
2796 901 2875 957 ibi
2951 903 3250 974 magniﬁce
3325 907 3483 975 gesta
3536 908 3690 975 sunt,

2041 989 2214 1045 etiam
2267 996 2481 1059 partem
2525 991 2779 1063 aliquam
2809 992 3068 1048 Saxonis:
3101 993 3160 1048 in
3209 993 3505 1062 provincia
3549 994 3695 1048 We-

2043 1078 2314 1150 stphalia,
2345 1093 2512 1150 quam
2561 1082 2628 1137 ad
2679 1082 2842 1137 ﬁdem
2881 1081 3344 1138 Christianitatis
3387 1082 3692 1154 convertit,

2043 1173 2107 1226 ut
2161 1169 2283 1240 ipse
2315 1171 2430 1240 jam
2495 1173 2801 1241 praedictus
2844 1186 2986 1244 papa
3037 1173 3322 1243 praecepit,
3371 1178 3429 1228 et
3471 1173 3693 1245 docuit,

2042 1260 2290 1316 secunda
2322 1259 2466 1316 feria
2505 1261 2730 1317 Paschae
2765 1266 2820 1317 in
2851 1261 3092 1318 basilica
3141 1263 3193 1317 S.
3243 1263 3392 1318 Petri
3422 1263 3692 1334 apostoli,

2045 1349 2194 1405 inter
2257 1356 2477 1421 caetera,
2553 1366 2680 1423 quae
2745 1352 2813 1407 ad
2883 1366 3112 1408 manum
3181 1365 3338 1422 papae
3403 1350 3691 1424 oﬁ‘erebat,

2041 1439 2155 1494 Deo
2200 1439 2258 1495 in
2314 1440 2663 1496 sacriﬁcium
2714 1441 2944 1513 obtulit,
3015 1447 3071 1497 et
3120 1442 3178 1496 in
3230 1441 3351 1497 loco
3398 1440 3694 1512 Osbrugge

2043 1532 2239 1584 vocato
2287 1530 2676 1599 episcopatum
2726 1531 3096 1602 constituere,
3146 1535 3202 1586 et
3256 1531 3499 1586 decimis
3525 1531 3694 1586 novi—

2044 1623 2131 1674 ter
2187 1619 2253 1674 ad
2315 1618 2479 1674 ﬁdem
2521 1633 2948 1688 conversorum,
3005 1621 3053 1676 si
3109 1633 3284 1676 sanus
3348 1624 3404 1675 et
3477 1619 3699 1675 incolu-

277 1704 549 1775 episcopo
579 1707 946 1759 consecratus
975 1706 1095 1758 est:
1125 1707 1179 1758 et
1217 1681 1480 1774 proximo
1509 1702 1810 1759 Dominico
1837 1701 1933 1757 die
1966 1681 2016 1742 Β
2045 1708 2157 1764 mis
2210 1713 2532 1780 remeasset,
2586 1723 2729 1779 papa
2798 1709 2878 1764 ita
2937 1681 3210 1780 dictante,
3267 1713 3324 1765 et
3375 1707 3695 1780 privilegiis

277 1808 411 1852 cum
439 1792 814 1849 multitudine
856 1796 1204 1849 armatorum
1247 1793 1316 1848 ad
1357 1792 1656 1848 ecclesiam
1687 1793 1745 1846 Β.
1779 1791 1928 1847 Petri

280 1896 614 1954 pr0perans,
647 1895 679 1938 a
721 1881 991 1953 praedicto
1019 1881 1264 1953 Georgio
1289 1885 1347 1937 et
1373 1881 1511 1937 aliis
1541 1881 1768 1938 duobus
1800 1881 1932 1952 epi-

277 1974 493 2044 sc0pis,
526 1972 843 2028 Albanense
872 1971 1139 2028 videlicet
1177 1976 1234 2026 et
1275 1972 1604 2040 Portuense,
1638 1971 1697 2026 in
1731 1970 1932 2041 ponti—

277 2067 441 2124 ﬁcem
464 2064 768 2122 ordinatus
797 2066 901 2132 est,
933 2065 988 2118 et
1028 2061 1202 2118 unius
1227 2063 1363 2117 anni
1401 2067 1456 2118 et
1505 2063 1718 2119 mensis
1744 2063 1929 2132 spatio

278 2157 592 2212 Romanam
648 2151 959 2208 Ecclesiam
1008 2151 1114 2207 hac
1175 2151 1470 2208 invasione
1521 2152 1820 2208 detinuit:
1872 2157 1927 2208 et

277 2243 433 2302 infra
460 2243 564 2299 hoc
614 2243 864 2313 spatium
908 2241 1206 2312 episcopos
1233 2247 1381 2312 octo,
1433 2241 1790 2312 presbyteros
1833 2246 1930 2298 to—

277 2335 482 2405 tidem,
515 2338 569 2389 et
607 2332 880 2389 diaconos
930 2337 1179 2403 quatuor
1225 2331 1533 2387 ordinavit.
1579 2331 1682 2388 Sed
1714 2331 1930 2401 praedi-

274 2431 408 2482 ctus
447 2422 833 2479 Praenestinus
873 2421 1177 2492 episcopus
1206 2434 1317 2477 non
1354 2420 1535 2478 multo
1565 2425 1692 2492 post
1729 2421 1928 2478 divina

275 2515 501 2572 ultione
562 2516 860 2582 correptus
904 2516 1032 2567 est:
1084 2525 1212 2567 nam
1259 2511 1489 2567 dextera
1551 2524 1754 2566 manus
1801 2512 1927 2580 ejus

273 2605 453 2671 aruit,
486 2607 543 2658 et
604 2605 894 2657 contracta
930 2605 1036 2672 est,
1086 2601 1226 2656 adeo
1252 2605 1316 2656 ut
1345 2601 1414 2656 ad
1460 2613 1524 2656 os
1561 2613 1682 2656 eam
1708 2600 1927 2670 erigere

273 2707 390 2750 non
425 2695 646 2763 posset;
679 2696 734 2746 et
778 2689 973 2746 taliter
1003 2690 1280 2762 languens
1309 2689 1482 2744 vitam
1517 2689 1724 2744 ﬁnivit.
1770 2689 1926 2744 Con-

254 2781 568 2839 stantinus
619 2793 752 2836 vero
799 2780 1040 2836 decurso
1090 2779 1227 2834 anni
1276 2783 1334 2833 et
1377 2778 1592 2833 mensis
1639 2778 1848 2847 spatio,
1894 2791 1926 2833 a

271 2871 548 2928 Romanis
574 2876 631 2926 et
683 2869 1070 2941 Longobardis
1111 2873 1338 2940 repente
1364 2868 1922 2938 supervenientibus.

274 2959 576 3016 interfecto
629 2971 742 3014 uno
799 2972 867 3013 ex
913 2956 1192 3014 fratribus
1237 2957 1382 3025 suis,
1423 2957 1668 3027 capitur.
1714 2957 1928 3012 Deinde

2041 1797 2169 1854 suis
2197 1797 2592 1869 conﬁrmante,
2625 1799 2823 1856 dotare
2869 1799 3118 1856 devovit.
3160 1797 3464 1856 Ordinavit
3504 1803 3693 1854 autem

2039 1887 2340 1958 episcopos
2404 1893 2631 1943 centum
2679 1893 2738 1942 et
2791 1888 3080 1959 octoginta
3147 1901 3263 1956 sex,
3336 1887 3694 1957 presbyteros

2039 1976 2249 2047 viginti
2292 1981 2559 2046 quatuor,
2601 1976 2877 2032 diaconos
2921 1989 3036 2032 sex.
3088 1976 3196 2046 Qui
3246 1974 3555 2031 defunctus
3606 1979 3692 2031 est

2037 2064 2312 2120 Kalendis
2344 2064 2623 2120 Januarii.
2680 2065 2782 2120 Hic
2813 2064 3100 2136 episcopis
3128 2064 3534 2134 Hispaniarum
3560 2063 3694 2132 epi-

2041 2154 2244 2212 stolam
2275 2155 2610 2224 destinavit,
2639 2155 2696 2210 in
2725 2169 2837 2226 qua
2869 2155 3071 2212 multis
3096 2153 3444 2226 rationibus,
3470 2153 3695 2210 multis-

2041 2258 2152 2316 que
2223 2244 2534 2301 multorum
2590 2244 3058 2315 auctoritatibus,
3113 2245 3406 2300 Christum
3468 2256 3686 2312 verum,

2037 2337 2092 2390 et
2159 2347 2269 2390 non
2330 2334 2648 2406 putavium,
2707 2335 3024 2406 proprium,
3075 2339 3130 2390 et
3187 2347 3298 2391 non
3354 2333 3686 2403 ad0ptivum

2037 2424 2225 2480 Patris
2249 2425 2463 2482 Filium
2489 2437 2612 2481 esse
2643 2424 3055 2495 comprobavit.

2550 2513 2787 2570 XCVIII.
2813 2545 2886 2555 —
2912 2513 3043 2570 Ι.Εο
3067 2514 3158 2568 III.

2570 2604 2757 2672 (Anno
2779 2604 2980 2659 Christi
3007 2600 3156 2674 795.)

2105 2695 2234 2764 Leo,
2285 2693 2516 2750 natione
2552 2693 2861 2761 Romanus,
2911 2707 2980 2748 ex
3023 2696 3181 2762 patre
3210 2690 3488 2760 Azuppio,
3544 2688 3694 2745 sedit

2035 2795 2216 2838 annos
2245 2782 2479 2854 viginti,
2540 2795 2761 2838 menses
2803 2782 3080 2853 quinque,
3122 2781 3248 2836 dies
3279 2779 3544 2836 sedecim.
3586 2779 3691 2833 Hic

2040 2871 2099 2925 in
2163 2871 2340 2926 natali
2393 2873 2446 2926 S.
2496 2871 2769 2942 Stephani
2835 2869 3274 2940 protomartyris
3311 2868 3526 2924 electus
3582 2872 3686 2935 est,

2037 2964 2093 3015 et
2125 2960 2450 3030 insequenti
2499 2961 2595 3016 die
2621 2961 2924 3016 ordinatus
2967 2964 3072 3015 est.
3116 2959 3221 3014 Hic
3266 2971 3392 3014 cum
3439 2970 3509 3012 ex
3537 2968 3692 3012 more

274 3049 549 3120 praedicto
598 3061 754 3118 papa:
797 3047 1081 3118 Stephano
1125 3047 1240 3116 jam
1290 3019 1922 3116 electo-praesentatur,
1961 3019 2010 3082 (ἶ
2040 3019 2286 3120 ρειι-ίιῐιις)⁸
2322 3049 2380 3104 in
2420 3049 2645 3119 litania,
2698 3062 2823 3118 quae
2877 3049 3057 3117 major
3106 3048 3348 3118 dicitur,
3381 3047 3686 3116 incederet,

272 3139 479 3210 ibique
501 3137 897 3194 assistentium
942 3135 1526 3206 judicio;deponitur.
1559 3135 1924 3190 Postmodum

273 3229 585 3299 praedictus
609 3228 824 3284 electus
847 3227 906 3282 in
935 3225 1258 3297 pontiﬁcem
1282 3226 1603 3281 ordinatur.
1635 3227 1788 3280 Inter
1809 3224 1926 3279 hazc

269 3319 605 3374 Theodorus
645 3318 969 3388 episcopus,
1013 3315 1376 3372 Constantini
1429 3314 1841 3385 vicedominus,
1892 3326 1925 3369 a

271 3406 446 3463 turba
476 3411 692 3476 raptus,
741 3405 929 3461 oculis
973 3405 1252 3476 privatur,
1287 3404 1485 3475 lingua
1518 3407 1839 3472 truncatur,
1872 3408 1927 3458 et

272 3497 546 3551 Passivus
574 3495 828 3564 ejusdem
858 3493 1221 3550 Constantini
1259 3506 1563 3564 germanus
1587 3497 1923 3562 excecatur,

270 3590 329 3640 et
366 3584 488 3654 ipse
537 3583 948 3640 Constantinus
984 3583 1210 3638 demum
1243 3583 1492 3652 capitur,
1551 3581 1771 3636 lumine
1797 3581 1926 3650 pri-

272 3679 462 3743 vatur,
513 3673 717 3728 misere
747 3671 806 3727 in
855 3672 1038 3742 platea
1071 3672 1258 3740 jacere
1291 3670 1663 3741 relinquitur.
1709 3669 1924 3725 Deinde

275 3777 380 3833 pro
411 3763 603 3832 impiae
635 3761 953 3817 invasionis
980 3761 1425 3831 praesumptione
1450 3761 1664 3831 synodo
1693 3760 1751 3815 in
1783 3758 1924 3816 urbe

272 3853 526 3908 Romana
557 3855 915 3923 congregata,
947 3851 1133 3919 primo
1173 3863 1339 3906 omne
1380 3849 1660 3918 scriptum
1702 3849 1772 3904 de
1801 3849 1926 3918 ejus

270 3939 603 3997 actionibus
634 3945 853 4012 gestum
888 3939 1008 4012 igni
1038 3938 1360 3995 mandatur.
1404 3938 1619 3994 Deinde
1645 3937 1926 3994 statuitur

273 4035 340 4085 ut
370 4030 563 4085 omnia
601 4043 727 4100 qua:
784 4029 931 4085 idem
971 4029 1383 4085 Constantinus
1423 4027 1481 4082 in
1518 4027 1928 4084 ecclesiasticis

272 4119 671 4188 sacramentis,
702 4122 803 4174 aut
852 4118 1052 4174 divino
1081 4117 1245 4174 cultu
1290 4120 1500 4189 egerat,
1557 4116 1922 4186 iterarentur,

272 4213 480 4278 praeter
510 4221 733 4264 sacrum
778 4207 1081 4278 baptisma,
1119 4212 1220 4262 aut
1249 4210 1507 4262 sanctum
1534 4205 1804 4261 chrisma.
1847 4207 1925 4262 De

271 4295 715 4352 contumacibus
762 4302 816 4352 et
873 4295 1358 4365 inobedientibus,
1390 4301 1447 4352 et
1484 4295 1838 4352 contentioni
1871 4299 1930 4350 et

2036 3137 2107 3193 ab
2158 3137 2382 3208 iniquis
2442 3138 2825 3193 Romanorum
2857 3141 3078 3206 captus,
3129 3135 3317 3191 oculis
3367 3141 3454 3190 est
3493 3135 3688 3204 priva-

2036 3233 2150 3296 tus,
2184 3232 2240 3282 et
2272 3227 2469 3298 lingua
2516 3231 2838 3295 truncatus,
2895 3224 2953 3280 in
2983 3229 3257 3296 arctaque
3284 3223 3547 3279 custodia
3591 3237 3690 3278 re—

2035 3317 2251 3374 clusus.
2281 3317 2408 3386 Sed,
2467 3319 2580 3373 Deo
2627 3320 2983 3386 cooperante,
3039 3320 3096 3370 et
3143 3315 3203 3369 B.
3262 3315 3425 3369 Petro
3474 3311 3690 3368 suﬁra—

2039 3413 2224 3479 gante,
2255 3411 2310 3462 et
2353 3407 2540 3462 visum
2574 3406 2806 3475 recepit,
2849 3410 2903 3460 et
2933 3404 3133 3475 lingua
3160 3404 3212 3459 ei
3243 3403 3310 3459 ad
3338 3403 3684 3474 loquendum

2039 3496 2304 3552 restituta
2322 3501 2428 3565 est,
2443 3500 2500 3552 et
2519 3509 2586 3551 ex
2601 3496 2725 3565 ipsa
2744 3493 3006 3550 custodia
3021 3493 3303 3549 liberatus
3314 3493 3413 3547 Dei
3440 3491 3686 3562 auxilio,

2035 3586 2103 3640 ad
2129 3585 2394 3641 Carolum
2451 3598 2635 3656 regem
2683 3589 2740 3640 et
2774 3585 3156 3640 Romanorum
3207 3582 3512 3653 patricium
3547 3594 3688 3652 pro-

2034 3672 2219 3731 fectus
2246 3681 2368 3730 est:
2402 3687 2434 3730 a
2455 3687 2568 3746 quo
2587 3679 2644 3730 et
2663 3673 3032 3729 devotissime
3057 3677 3357 3742 susceptus
3386 3675 3491 3726 est.
3524 3669 3683 3738 Quod

2036 3763 2436 3820 nefandissimi
2481 3762 2864 3820 Romanorum
2909 3763 3229 3832 audientes,
3274 3759 3416 3815 falsa
3441 3759 3686 3815 crimina

2033 3852 2087 3908 ei
2145 3852 2434 3922 imponere
2477 3852 2842 3921 studuerunt,
2899 3855 2962 3907 ut
3010 3851 3129 3922 regi
3161 3856 3216 3906 et
3257 3847 3528 3905 omnibus
3557 3860 3686 3903 eum

2037 3941 2118 3997 ita
2157 3941 2420 3997 odiosum
2474 3926 2772 3996 efﬁcerent.
2823 3939 2928 3997 Sed
2975 3939 3285 4010 praedictus
3325 3933 3582 4007 pontifex
3616 3935 3685 3990 ad

2037 4030 2222 4086 sedem
2297 4043 2460 4084 suam
2506 4043 2786 4101 reversus,
2845 4028 3014 4100 paulo
3082 4031 3211 4098 post
3271 4025 3686 4096 praenominato

2038 4132 2168 4190 rege
2223 4123 2517 4190 praesente,
2564 4120 2908 4190 cunctisque
2953 4118 3126 4174 etiam
3169 4117 3322 4172 clero
3369 4120 3426 4171 et
3476 4113 3690 4184 populo

2039 4207 2439 4279 praesentibus,
2496 4221 2607 4264 non
2657 4213 2910 4277 coactus,
2965 4208 3060 4264 sed
3095 4211 3444 4276 spontaneus
3468 4205 3539 4261 de
3572 4203 3689 4258 im—

2039 4297 2247 4368 positis
2275 4295 2622 4352 criminibus
2651 4295 3029 4364 jurejurando
3075 4308 3134 4350 se
3164 4293 3521 4364 expurgavit.
3558 4293 3691 4346 Post

272 4385 546 4442 seandalo
600 4385 1004 4441 insistentibus
1067 4385 1354 4455 praecepit,
1409 4385 1459 4439 si
1507 4389 1634 4454 post
1684 4384 1926 4454 primam
1958 4409 2009 4470 ι)
2040 4386 2157 4442 haec
2184 4386 2278 4442 die
2304 4385 2524 4441 Natalis
2561 4383 2873 4441 Salvatoris
2916 4384 3098 4438 nostri
3144 4383 3215 4437 ab
3245 4381 3514 4438 omnibus
3538 4391 3689 4450 pre—

271 4480 332 4530 et
367 4474 670 4530 secundam
697 4473 1146 4529 admonitionem
1183 4487 1243 4528 se
1288 4473 1524 4528 minime
1549 4473 1923 4543 correxerint,

274 4567 342 4619 ut
365 4563 530 4634 quasi
552 4563 902 4618 zizaniorum
926 4564 1300 4618 seminatores
1325 4562 1396 4618 ab
1423 4562 1686 4618 Ecclesize
1706 4564 1922 4634 gremio

269 4653 644 4721 abjiciantur.
676 4653 776 4708 Hic
791 4653 1100 4709 constituit
1120 4660 1332 4724 septem
1353 4654 1676 4710 cardinales
1704 4654 1920 4724 episco-

270 4755 400 4812 pos;
452 4742 552 4812 qui
599 4741 926 4798 alternatim
968 4743 1027 4797 in
1072 4743 1312 4800 ecclesia
1359 4744 1419 4797 B.
1469 4744 1619 4799 Petri
1669 4743 1912 4814 apostoli

2035 4476 2230 4531 dictus
2288 4490 2404 4546 rex,
2451 4476 2833 4532 Romanorum
2902 4473 3211 4542 imperator
3255 4470 3554 4540 Augustus
3603 4475 3690 4524 est

2033 4565 2407 4635 constitutus,
2453 4571 2512 4620 et
2557 4579 2590 4620 a
2644 4578 2784 4635 papa
2845 4561 3137 4619 nominato
3196 4559 3463 4632 pontiﬁce
3515 4571 3688 4614 coro-

2032 4658 2220 4720 natus,
2272 4660 2329 4708 et
2380 4653 2460 4709 ita
2498 4655 2626 4724 ejus
2680 4661 2931 4724 tempore
2988 4651 3238 4722 primum
3302 4649 3684 4704 Romanorum

2030 4741 2340 4811 imperium
2371 4744 2628 4812 pervenit
2667 4745 2738 4799 ad
2788 4745 3050 4799 Francos.
3092 4741 3194 4796 Hic
3242 4737 3572 4806 constituit,
3624 4740 3690 4792 ut

270 4828 660 4886 hebdomadas
686 4831 1055 4902 celebrarent,
1083 4837 1139 4888 et
1174 4832 1445 4902 hymnum
1487 4834 1808 4906 angelicum
1859 4835 1915 4890 in
2024 4821 2149 4886 ires
2185 4829 2310 4886 dies
2333 4838 2464 4886 ante
2486 4831 2841 4888 Dominicam
2875 4832 3279 4888 Ascensionem
3312 4827 3531 4886 litanias
3550 4827 3694 4884 cele-

268 4920 587 4976 missorum
618 4919 920 4976 solemniis
947 4922 1332 4978 decantarent.
1364 4922 1467 4978 Hic
1499 4923 1790 4979 ordinavit
1809 4925 1924 4995 epi-

267 5023 481 5080 sc0pos
508 5011 720 5082 decem,
758 5011 1118 5082 presbyteros
1157 5013 1437 5084 quinque,
1468 5012 1743 5071 diaconos
1772 5027 1924 5086 qua—

267 5106 432 5172 tuor,
789 5155 791 5157 .

702 5190 909 5248 XCVII.
944 5221 1014 5230 —
1042 5192 1096 5248 S.
1131 5191 1498 5249 ADRIANUS.

840 5280 1025 5352 (Anno
1047 5281 1250 5337 Christi
1277 5278 1428 5352 772.)

342 5367 655 5438 Adrianus,
708 5369 942 5427 natione
990 5371 1296 5440 Romanus,
1341 5385 1408 5427 ex
1451 5375 1608 5442 patre
1664 5371 1930 5429 Theodo-

272 5472 362 5528 ro,
411 5459 482 5515 de
507 5459 739 5531 regione
781 5460 876 5516 via
921 5462 1076 5532 Lata,
1127 5459 1278 5517 sedit
1323 5474 1504 5518 annos
1547 5461 1765 5534 viginte
1790 5467 1923 5530 tres,

275 5561 500 5606 menses
547 5549 761 5620 decem,
814 5549 940 5606 dies
987 5556 1219 5623 septem.
1253 5551 1358 5608 llic
1410 5551 1500 5609 vir
1541 5551 1704 5608 valde
1751 5551 1928 5608 nobi-

2031 4920 2357 4976 brarentur.
2403 4921 2506 4976 Hic
2544 4923 2836 4978 ordinavit
2871 4923 3170 4992 episcopos
3199 4925 3428 4977 centum
3469 4925 3525 4975 et
3573 4917 3689 4974 tri—

2035 5011 2196 5083 ginta
2239 5022 2358 5082 sex,
2392 5010 2751 5083 presbyteros
2789 5011 3051 5083 triginta,
3090 5009 3368 5066 diaconos
3396 5007 3685 5067 undecim.

2037 5100 2306 5174 Sepultus
2335 5106 2420 5158 est
2448 5107 2636 5158 autem
2663 5115 2702 5157 ιι
2735 5102 2870 5158 ldus
2894 5101 3076 5158 Junii.

2457 5190 2651 5247 XCIX.
2677 5221 2752 5231 —
2776 5189 3173 5248 STEPHANUS
3202 5191 3265 5248 V.

2574 5281 2757 5352 (Anno
2779 5281 2982 5337 Christi
3002 5279 3151 5347 846.)

2108 5373 2450 5444 Stephanus,
2498 5371 2729 5428 natione
2774 5371 3086 5444 Romanus,
3113 5385 3180 5428 ex
3232 5375 3388 5440 patre
3436 5362 3678 5429 Marino,

2038 5462 2190 5519 sedit
2216 5474 2436 5518 menses
2465 5465 2699 5532 septem.
2729 5461 2834 5517 Hic
2858 5459 3147 5518 ordinavit
3175 5455 3472 5526 episcOpos
3503 5448 3685 5520 quin-

2027 5565 2158 5630 que,
2192 5553 2553 5626 presbyteros
2585 5567 2806 5624 novem,
2851 5551 3123 5610 diaconos
3163 5547 3429 5616 quatuor.
