4046 6182
427 228 566 291 4243

960 351 1023 409 C.
1048 383 1119 395 -ο
1153 354 1541 413 PASCHALIS.

956 441 1144 514 (Anno
1161 444 1365 501 Christi
1382 442 1536 517 846.)

496 533 811 604 Paschalis,
856 535 1089 592 natione
1134 534 1441 604 Romanus,
1505 549 1574 591 ex
1624 537 1782 605 patre
1832 532 2071 605 Bonoso,

428 624 579 682 sedit
607 640 791 684 annos
814 633 1048 698 septem,
1083 639 1305 682 menses
1325 624 1602 696 quinque,
1623 623 1750 680 dies
1779 622 2073 680 tredecim.

427 712 729 772 Ordinavit
757 722 946 774 autem
985 715 1304 786 episcopos,
1341 712 1698 786 presbyteros
1722 718 1780 769 et
1805 713 2079 770 diaconos

429 815 529 872 per
548 803 773 861 diversa
796 805 938 862 loca.
974 805 1079 861 Hic
1102 804 1173 860 de
1204 803 1317 874 his,
1348 802 1448 873 qui
1489 800 1561 858 ob
1590 814 1819 858 causam
1851 797 2078 873 frigidae

428 900 646 949 naturai
680 907 739 950 se
761 894 970 951 dicunt
999 906 1111 950 non
1145 906 1307 963 posse
1327 892 1397 948 ad
1421 891 1661 948 invicem
1695 904 1865 962 Opera
1886 890 2079 947 carnis

426 981 627 1039 dantes
656 983 1035 1053 commisceri,
1055 982 1396 1054 requisitus,
1436 981 1732 1051 respondit
1758 981 1989 1037 dicens:
2016 979 2078 1035 Si

423 1088 534 1127 non
577 1078 829 1143 possunt,
890 1074 1127 1129 habeant
1168 1087 1391 1127 uxorem
1438 1072 1599 1141 quasi
1641 1086 1894 1125 sororem.
1922 1070 2076 1136 Quod

426 1163 476 1216 si
510 1163 875 1217 retinaculum
902 1162 1098 1230 jugale
1138 1163 1327 1217 volunt
1365 1160 1623 1223 recidere,
1681 1163 1940 1214 maneant
1987 1160 2073 1213 in-

424 1252 603 1319 nupti.
635 1250 778 1305 Nam
803 1252 853 1304 si
876 1251 1000 1305 huic
1028 1266 1137 1306 non
1168 1252 1352 1320 potuit
1369 1250 1702 1304 naturaliter
1730 1248 2073 1311 concordare,

425 1338 688 1407 quomodo
739 1340 903 1394 alteri
943 1330 1271 1396 conveniet?
1312 1341 1508 1408 Igitur,
1550 1340 1600 1394 si
1622 1340 1710 1393 vir
1749 1338 1919 1393 aliam
1957 1337 2076 1391 vult

424 1426 659 1496 recipere
687 1444 929 1492 uxorem,
957 1432 1252 1498 manifesta
1279 1431 1421 1484 ratio
1443 1432 1619 1499 patet,
1640 1429 1793 1499 quia,
1814 1426 2076 1482 suadente

425 1514 661 1579 diabolo,
711 1521 929 1586 formite
971 1520 1087 1573 odii
1122 1535 1339 1574 exosum
1367 1520 1559 1574 habuit
1587 1534 1724 1581 eam,
1772 1521 1824 1572 et
1872 1516 2074 1572 idcirco

422 1605 580 1659 illam
626 1606 896 1661 dimittere
944 1608 1219 1663 mendacii
1250 1609 1502 1678 falsitata
1552 1607 1795 1662 molitur.
1845 1605 2001 1671 Quod
2026 1607 2077 1659 si

422 1695 621 1749 mulier
672 1700 951 1760 causatur,
1001 1702 1052 1752 et
1078 1697 1245 1752 dicit:
1295 1698 1427 1754 Volo
1470 1700 1645 1753 mater
1689 1711 1820 1760 esse,
1848 1699 1899 1751 et
1934 1696 2075 1766 ﬁlios

423 1799 709 1855 procreare
736 1804 755 1851 ;
785 1786 1062 1855 eligantur
1099 1803 1166 1842 ex
1192 1791 1426 1856 utraque
1456 1791 1619 1857 parte
1639 1791 1746 1855 tres
1770 1786 2077 1857 propinqui

418 1879 696 1944 parentes,
727 1876 826 1944 qui
865 1875 1240 1945 jurejurando
1282 1876 1470 1931 dicant
1519 1877 1678 1931 tactis
1715 1875 2075 1931 sacrosanctis

424 1963 759 2033 Evangeliis,
785 1964 932 2033 quod
959 1979 1246 2035 nunquam
1281 1965 1340 2019 hi
1359 1966 1711 2037 permistione
1733 1965 1917 2019 carnis
1941 1978 2077 2017 con-

414 2051 604 2120 juncti
622 2067 735 2107 una
765 2069 889 2108 caro
934 2052 1110 2123 effecti
1143 2055 1422 2122 fuissent;
1455 2058 1583 2109 tunc
1614 2053 1836 2108 videtur
1878 2052 2077 2107 mulier

423 2141 694 2197 secundas
742 2157 897 2212 posse
935 2143 1251 2198 contrahere
1293 2145 1538 2214 nuptias.
1576 2145 1892 2197 Humanum
1933 2142 2073 2205 dico,

419 2236 644 2301 propter
696 2232 1068 2301 inﬁrmitatem
1120 2233 1304 2288 carnis
1346 2247 1547 2288 eorum.
1608 2232 1709 2288 Vir
1746 2235 1947 2295 autem,
1979 2232 2078 2301 qui

421 2320 646 2387 frigidae
695 2325 909 2375 natura
954 2325 1051 2389 est,
1094 2325 1315 2376 maneat
1355 2326 1640 2392 innuptus.
1686 2320 1840 2386 Quod
1890 2322 1942 2375 si
1983 2320 2076 2375 ille

424 2408 594 2463 aliam
620 2410 889 2479 copulam,
930 2411 1021 2465 cui
1068 2412 1371 2482 conveniat,
1415 2411 1671 2481 requirit,
1702 2414 1833 2465 tunc
1876 2410 1954 2473 hi,
1978 2409 2077 2480 qui

414 2500 771 2566 juraverunt,
802 2504 932 2554 sunt
964 2500 1205 2570 periuri,
1237 2505 1287 2555 et
1314 2501 1397 2555 rei
1434 2501 1659 2554 crimine
1687 2503 1958 2554 tenentur.
1989 2500 2077 2553 Ex

425 2586 520 2641 hoc
544 2588 804 2641 nimirum
848 2603 1033 2643 eorum
1058 2591 1219 2656 fraus
1251 2589 1541 2657 detegitur,
1572 2590 1623 2643 si
1664 2592 1892 2658 uterque
1932 2589 2076 2643 alias

425 2677 650 2746 nuptias
676 2680 955 2746 expetunt.

495 2765 601 2820 Hic
640 2765 1051 2822 Mediolanensi
1090 2765 1359 2822 Ecclesiae
1404 2766 1475 2823 de
1503 2765 1828 2822 Simoniaca
1869 2766 2069 2824 bxresi

425 2852 664 2922 scripsit
686 2853 1008 2925 epistolam,
1038 2868 1163 2925 quae
1194 2854 1275 2910 ita
1302 2855 1511 2925 incipit
1537 2873 1550 2909 :
1583 2856 1861 2911 Fraternx
1886 2859 2074 2913 mortis

425 2942 627 2995 crimen
659 2942 915 3005 incurrit,
943 2945 994 2998 si
1030 2945 1174 3013 quis,
1206 2960 1327 2999 cum
1345 2949 1544 3016 potest,
1590 2947 1822 3013 fratrem
1850 2962 1885 3000 a
1907 2952 2076 3002 morte

423 3030 643 3085 minime
689 3030 957 3099 defendit.
997 3034 1105 3091 Nos
1168 3046 1312 3102 vero,
1371 3036 1469 3104 qui
1511 3034 1839 3091 excellentix
1886 3041 2078 3091 vestra

425 3133 693 3174 summum
729 3120 1021 3176 discrimen
1049 3121 1382 3186 audivimus,
1422 3124 1620 3179 summi
1654 3129 1845 3200 reatus
1857 3139 2077 3195 poenam

1203 226 1499 288 APPEND.
1535 228 1630 288 AD
1683 224 1846 290 SEC.
1886 229 1984 289 IX.
2031 258 2102 273 —-
2136 226 2496 288 AUCTORFS
2530 225 2702 288 ANNI
2747 228 3043 288 INCERTI.

3697 228 3839 290 42η

2090 349 2150 413 Α
2180 354 2540 411 exterioribus
2588 356 2650 410 in
2678 355 2830 411 nullo
2870 355 3145 426 proﬁciat,
3193 356 3335 411 sicut
3350 370 3449 411 nec
3499 354 3698 410 anima
3724 355 3840 411 sine

2181 458 2400 515 corpore
2444 446 2814 516 temporaliter
2856 447 3027 513 vivit;
3084 447 3339 516 quisquis
3385 460 3575 501 eorum
3603 445 3835 515 alterm

2181 533 2390 599 vendit,
2433 536 2551 591 sine
2607 551 2713 606 quo
2755 535 2987 592 alterum
3023 535 3214 590 haberi
3235 551 3346 590 non
3382 537 3668 606 provenit,
3700 550 3840 590 neu-

2184 626 2330 677 trum
2376 623 2659 679 venditum
2707 623 3019 695 dereliquit.
3069 624 3243 691 Quam
3278 629 3461 680 tamen
3487 624 3840 694 objections»:

2185 724 2339 766 sacer
2377 714 2596 782 penitus
2651 729 2826 770 canon
2872 716 3221 785 exterminat,
3260 729 3382 770 cum
3424 718 3839 785 procuratorem

2184 800 2270 854 vel
2312 800 2649 868 defensorem
2699 802 2953 874 ecclesia,
2995 804 3081 859 vel
3129 803 3333 871 regule
3368 804 3682 872 subjectum
3710 803 3840 858 adeo

2177 905 2281 960 per
2329 893 2596 962 pecunias
2643 893 2895 947 ordinari
2954 892 3265 965 prohibeat,
3312 900 3374 949 ut
3445 895 3841 948 interventum

2186 994 2397 1050 quoque
2435 982 2578 1036 tanti
2612 982 2827 1037 sceleris
2856 983 3225 1038 anathematis
3264 998 3522 1059 mucrone
3571 981 3840 1051 succidat,

2183 1069 2320 1123 Item
2350 1067 2411 1125 in
2437 1070 2630 1127 eadem
2666 1070 2836 1141 paulo
2862 1070 3145 1128 inferius:
3187 1070 3342 1137 Quod
3369 1072 3508 1126 tales
3538 1072 3836 1142 episcopos,

2182 1155 2267 1210 vel
2313 1158 2555 1223 abbates,
2585 1160 2672 1214 vel
2719 1160 2958 1231 reliquos
3003 1160 3222 1215 clericos
3267 1176 3377 1215 non
3411 1160 3749 1222 devitamus,
3794 1161 3842 1213 si

2185 1260 2367 1301 eorum
2385 1249 2581 1303 missas
2601 1248 2879 1314 audimus,
2901 1250 2987 1305 vel
3009 1265 3130 1304 cum
3159 1251 3237 1305 eis
3266 1264 3508 1314 oramus,
3542 1264 3839 1304 excomm-

2183 1336 2507 1392 nicationem
2536 1353 2657 1394 cum
2678 1341 2757 1394 eis
2801 1340 3079 1394 subimus:
3112 1354 3248 1409 quos
3273 1339 3496 1409 quidem
3534 1338 3839 1394 sacerdotes

2183 1438 2295 1481 esse
2323 1427 2514 1481 saltem
2540 1428 2776 1492 credere,
2802 1432 3019 1484 omnino
3051 1444 3236 1483 errare
3258 1432 3355 1483 est.

2678 1516 2765 1573 CI.
2785 1547 2859 1558 —
2886 1518 3230 1574 EUGENIUS
3264 1519 3327 1574 II.

2708 1605 2895 1676 (Anno
2927 1606 3129 1662 Christi
3160 1603 3313 1674 824.)

2108 1672 2162 1734 Β
2256 1694 2567 1766 Eugenius,
2594 1672 2827 1752 natione
2848 1698 3157 1766 Romanus,
3183 1672 3331 1753 sedit
3355 1709 3546 1752 annos
3573 1699 3839 1768 quatuor,

2186 1796 2406 1839 menses
2436 1789 2669 1854 septem,
2714 1784 2843 1841 dies
2870 1784 3081 1857 viginti
3114 1788 3249 1841 tres.
3281 1786 3467 1856 Hujus
3486 1784 3708 1842 diebus
3730 1786 3843 1840 Ro—

2185 1873 2338 1929 mani
2361 1874 2609 1945 judices,
2645 1874 2744 1947 qui
2773 1875 2833 1930 in
2854 1874 3094 1931 Francia
3125 1873 3471 1932 tenebantur
3493 1875 3743 1948 captivi,
3769 1888 3845 1932 re

2184 1962 2332 2019 versi
2361 1968 2516 2020 sunt.

2666 2052 2775 2111 CII.
2798 2084 2871 2095 —
2898 2053 3352 2112 VALENTINUS.

2715 2139 2900 2213 (Anno
2925 2144 3128 2199 Christi
3151 2138 3301 2215 827.)

2257 2231 2617 2304 Valentinus,
2650 2232 2883 2288 natione
2932 2233 3242 2303 Romanus,
3270 2245 3340 2289 ex
3370 2238 3536 2305 patre
3585 2232 3836 2301 Leontio,

2184 2320 2336 2379 sedit
2374 2334 2618 2378 mensem
2652 2334 2852 2391 unum,
2887 2321 3013 2377 dies
3045 2322 3257 2377 decem.

2609 2409 2745 2466 CIII.
2780 2440 2855 2451 —
2878 2409 3273 2467 GREGORIUS
3301 2411 3397 2467 IV.

2717 2496 2901 2571 (Anno
2921 2498 3124 2554 Christi
3143 2496 3296 2571 827.)

2253 2587 2588 2660 Gregorius,
2639 2588 2872 2645 natione
2912 2588 3219 2658 Romanus,
3281 2603 3351 2645 ex
3389 2592 3557 2659 patre
3607 2589 3838 2661 Joanne,

2184 2676 2335 2733 sedit
2358 2689 2540 2733 annos
2572 2676 2838 2733 sedecim.
2874 2676 2978 2732 Hic
3013 2676 3303 2733 ordinavit
3344 2677 3680 2750 episcopos,
3714 2691 3842 2748 pre-

2184 2765 2461 2836 sbyteros,
2489 2766 2766 2823 diaconos
2787 2780 2887 2837 per
2899 2766 3127 2823 diversa
3156 2766 3297 2830 loca.
3334 2779 3584 2823 numero
3614 2772 3839 2823 centum

2183 2858 2240 2912 et
2267 2855 2559 2928 octOginta
2590 2856 2874 2927 quinque.
2911 2855 3016 2911 Hic
3056 2855 3349 2912 civitatem
3382 2855 3559 2928 Osiae,
3591 2871 3725 2928 quae
3750 2871 3844 2914 ve-

2186 2948 2400 3001 tustate
2445 2944 2641 3000 diruta
2670 2942 2876 3014 fuerat,
2918 2956 2951 2999 a
2999 2942 3369 3001 fundamento
3417 2945 3753 3016 renovavit,
3782 2959 3843 3001 ne

2183 3033 2429 3106 Agareni
2449 3033 2510 3088 in
2549 3046 2616 3090 eo
2654 3037 2906 3103 tempore
2929 3033 3442 3106 circumvagantes,
3482 3034 3842 3092 Christianis

2187 3122 2400 3181 ibidem
2428 3122 2789 3179 morantibus
2822 3136 3025 3179 nocere
3055 3130 3303 3194 possent,
3334 3128 3394 3180 et
3416 3124 3610 3195 ipsam
3644 3124 3840 3181 urbem

424 3207 779 3280 incurrimus,
803 3210 854 3263 si
887 3212 1181 3277 taceamus,
1230 3212 1457 3266 Domino
1496 3227 1599 3282 per
1629 3212 1950 3283 prophetam
1978 3214 2081 3268 in-
2182 3210 2638 3284 Gregoriopolim
2668 3210 2956 3267 nominari
2981 3211 3178 3281 jussit.

424 3299 697 3352 tentante:
729 3299 864 3367 quia
884 3301 1129 3369 profecto
1157 3302 1481 3368 sanguinem
1506 3301 1718 3369 fundit,
1746 3304 1844 3371 qui
1870 3303 2075 3373 impio-

421 3402 545 3442 rum
571 3388 919 3457 iniquitatem
934 3388 1158 3443 tacendo
1188 3388 1517 3445 dissimulat.
1546 3390 1881 3446 Audivimus
1905 3394 2068 3455 enim,

420 3474 569 3545 quod
611 3475 772 3530 valde
819 3478 1106 3540 miramur,
1139 3476 1288 3547 quod
1331 3480 1478 3533 sacri
1528 3478 1747 3533 ordines
1803 3480 1957 3549 apud
1978 3495 2071 3535 vos

413 3566 667 3637 pecuniis
724 3563 1131 3630 distrahuntur,
1191 3581 1313 3620 cum
1371 3568 1681 3644 quicunque
1719 3568 1827 3623 tale
1854 3569 2073 3638 aliquid

422 3654 770 3717 tentaverint,
815 3654 1032 3708 omnino
1096 3653 1337 3710 haeretici
1381 3655 1811 3725 comprobentur,
1860 3657 2071 3726 Spiritu

425 3746 611 3797 sancto
648 3756 751 3811 per
783 3740 1102 3811 Gregorium
1130 3744 1207 3797 sic
1252 3744 1573 3797 intonante:
1631 3742 1772 3808 Quia
1822 3746 2071 3815 quisquis

417 3845 523 3899 per
533 3831 827 3899 pecuniam
854 3830 1167 3893 ordinatur,
1199 3830 1274 3884 ad
1292 3830 1388 3883 hoc
1425 3835 1489 3884 ut
1512 3833 1611 3899 ﬁat
1637 3830 1920 3888 haereticus
1932 3849 2076 3904 pro-

423 3921 667 3971 movetur
690 3935 707 3970 :
751 3922 803 3972 et
857 3920 1108 3988 quisquis
1153 3922 1341 3972 contra
1409 3917 1771 3975 Simoniacam
1831 3922 2075 3979 hxresim

425 3990 815 4077 neophgtorum
848 4022 955 4076 pro
983 4007 1153 4077 ofﬁcii
1179 4008 1270 4061 sui
1316 4008 1444 4079 loco,
1494 4024 1604 4063 non
1633 4013 1918 4081 exarserit,
1954 4027 2074 4067 cum

428 4108 487 4148 eo
510 4110 620 4149 non
650 4094 863 4150 dubitet
885 4110 940 4150 se
986 4095 1183 4151 habere
1206 4099 1532 4166 portionem,
1559 4101 1658 4168 qui
1676 4101 1895 4170 primus
1925 4116 2076 4156 com-

424 4184 576 4239 misit
600 4182 697 4237 hoc
718 4184 1007 4254 piaculare
1045 4187 1341 4255 flagitium.
1388 4188 1461 4242 Et
1484 4189 1633 4258 quod
1676 4193 1880 4244 xterna
1906 4194 2076 4245 morte

425 4271 523 4327 hoc
565 4274 838 4342 flagitium
880 4275 953 4329 sit
998 4275 1246 4343 dignum,
1298 4275 1647 4344 Augustinus
1679 4282 1730 4332 et
1757 4278 2075 4346 Fulgentius

422 4363 733 4427 ostendunt,
755 4364 836 4418 ita
855 4364 1124 4420 dicentes:
1155 4367 1490 4420 Firmissime
1510 4370 1647 4427 tene,
1679 4370 1731 4421 et
1757 4367 2071 4425 nullatenus

421 4453 636 4517 dubita,
680 4468 889 4509 omnem
914 4454 1225 4510 haereticum
1267 4458 1317 4508 et
1348 4454 1771 4520 schismaticum,
1822 4461 2071 4526 quamvis

420 4544 623 4599 multas
653 4544 1015 4612 eleemosynas
1043 4545 1238 4611 faciat,
1263 4542 1350 4596 vel
1372 4543 1541 4597 etiam
1567 4547 1890 4614 sanguinem
1914 4562 2072 4603 suum

422 4633 649 4698 fundat,
684 4648 804 4686 cum
848 4631 1063 4686 diabolo
1093 4635 1143 4684 et
1175 4630 1385 4698 angelis
1414 4632 1533 4700 ejus
1570 4636 1763 4689 xterni
1799 4636 1945 4704 ignis
1972 4638 2072 4691 in-

426 4719 632 4773 cendiis
651 4720 1098 4789 mancipandam,
1130 4721 1244 4774 nisi
1271 4723 1399 4775 ante
1436 4724 1597 4792 ﬁnem
1622 4723 1787 4792 hujus
1818 4727 1944 4780 vitae
1970 4741 2073 4791 ca:-

362 4810 371 4821 ‘
426 4804 635 4861 tholicaz
676 4807 1057 4877 incorporatus
1092 4812 1144 4863 et
1167 4810 1573 4879 redintegratus
1596 4815 1770 4880 fuerit
1798 4814 2064 4870 Ecclesiae.

425 4894 498 4948 Et
526 4898 682 4964 turpe
709 4896 875 4950 nimis
921 4900 1017 4968 est,
1045 4902 1107 4952 ut
1128 4899 1447 4969 plenissimo
1479 4901 1604 4969 jam
1644 4904 1825 4969 vigore
1865 4906 2072 4972 conﬁr—

425 4986 577 5038 mata
602 4984 843 5040 Ecclesia
859 4989 971 5040 tam
991 4988 1162 5055 ferali
1182 4990 1402 5044 inimico
1430 4990 1762 5059 succumbat,
1796 4991 1862 5046 de
1885 5007 1992 5062 quo
2010 4995 2070 5048 in

419 5073 724 5144 primordio
748 5089 861 5130 suae
895 5077 1151 5144 infantia
1186 5080 1342 5132 tanta
1376 5080 1578 5133 virtute
1607 5081 1983 5151 triumphavit.
2011 5081 2073 5138 Si

427 5164 552 5233 quis
608 5167 789 5216 autem
840 5164 1114 5235 objecerit,
1172 5180 1283 5219 non
1340 5170 1786 5239 consecrationes,
1839 5171 1936 5224 sed
1983 5187 2070 5226 res

425 5254 576 5322 ipsas
605 5266 726 5321 qux
767 5266 834 5305 ex
860 5255 1258 5308 consecratione
1279 5257 1631 5323 proveniunt,
1675 5256 1841 5311 vendi
1867 5274 1883 5327 ;
1908 5259 2071 5315 vade.

427 5346 519 5396 tur
545 5340 765 5411 quidem
788 5340 1006 5410 aliquid
1033 5340 1229 5403 dicere,
1255 5342 1398 5397 nihil
1420 5347 1600 5399 autem
1608 5345 1830 5414 penitus
1859 5361 2065 5418 sapere.

426 5431 567 5487 Nam
617 5445 739 5486 cum
789 5430 1088 5501 corporalis
1155 5431 1405 5495 ecclesia,
1455 5437 1555 5487 aut
1612 5435 1909 5506 episcopus,
1972 5443 2072 5494 aut

426 5519 615 5591 abbas,
675 5524 774 5575 aut
808 5518 1014 5591 aliquis
1052 5519 1199 5576 alius
1240 5521 1358 5576 sine
1397 5520 1558 5576 rebus
1598 5524 1969 5592 corporalibus
2018 5531 2071 5584 et

2679 3299 2808 3356 CIV.
2836 3328 2910 3341 -—
2948 3299 3236 3356 SERGIUS
3263 3301 3330 3356 II.

2717 3386 2902 3459 (Anno
2923 3388 3127 3444 Christi
3145 3384 3296 3458 844.)

2251 3477 2506 3550 Sergius,
2540 3476 2773 3533 natione
2802 3477 3113 3548 Romanus,
3142 3490 3209 3532 ex
3241 3481 3399 3547 patre
3426 3476 3638 3550 Sergio
3667 3477 3843 3550 regio-

2180 3566 2274 3622 nis
2298 3570 2541 3637 quartae,
2592 3564 2743 3622 sedit
2769 3577 2951 3621 annos
2981 3570 3115 3621 tres.
3169 3564 3273 3621 Hic
3319 3564 3545 3637 absque
3577 3566 3839 3636 iussione

2182 3655 2440 3711 Lotbarii
2470 3653 2835 3725 imperatoris
2863 3658 2948 3710 est
2972 3653 3293 3711 ordinatus.
3330 3654 3513 3724 Unde,
3550 3669 3690 3711 cum
3721 3656 3840 3725 ejus

2182 3743 2633 3801 consecrationis
2663 3757 2860 3801 rumor
2878 3743 2947 3800 ad
2986 3744 3245 3814 praedicti
3266 3757 3436 3800 aures
3468 3744 3840 3815 imperatoris

2184 3833 2474 3905 pervenit;
2527 3832 2865 3905 indignatus
2895 3833 2966 3889 de
2996 3832 3103 3888 hac
3143 3833 3622 3903 praesumptione,
3657 3834 3836 3890 ﬁlium

2183 3935 2353 3979 suum
2402 3921 2752 3979 Ludovicum
2800 3925 2857 3978 et
2889 3923 3205 3993 Drogonem
3244 3923 3556 3979 Metensem
3612 3923 3838 3993 episco—

2185 4025 2320 4082 pum
2346 4023 2476 4067 cum
2510 4023 2713 4083 magno
2737 4010 2995 4066 exercitu
3024 4010 3258 4067 Romam
3303 4011 3546 4067 direxit.
3580 4011 3699 4082 Qui
3724 4016 3843 4083 post

2184 4098 2364 4156 multa
2393 4098 2599 4167 damna
2624 4098 2898 4156 Romanis
2928 4098 3110 4168 illata,
3149 4099 3305 4169 ipsos
3334 4098 3632 4156 Romanos
3660 4102 3843 4171 impe-

2183 4187 2363 4244 ratori
2421 4187 2753 4243 ﬁdelitatem
2800 4187 2999 4256 jurare
3060 4185 3334 4257 fecerunt,
3397 4193 3456 4244 et
3496 4189 3840 4259 praedictum

2181 4276 2443 4349 Sergium
2474 4279 2603 4346 post
2631 4275 2845 4332 multas
2873 4275 3286 4333 'contentiones
3326 4276 3388 4332 in
3431 4277 3573 4334 sede
3614 4278 3841 4335 demu

2185 4365 2693 4422 conﬁrmaverunt:
2730 4364 2829 4435 qui
2867 4364 3204 4435 praedictum
3243 4364 3430 4422 ﬁlium
3467 4365 3847 4436 imperatoris

2185 4455 2245 4511 in
2267 4468 2450 4527 regem
2471 4453 2972 4527 Longobardorum
2995 4453 3181 4512 unxit.
3211 4455 3395 4525 Hujus
3410 4456 3728 4525 pontiﬁcis
3741 4455 3843 4512 fuit

2180 4542 2375 4615 frater,
2402 4542 2743 4600 Benedictus
2764 4543 3013 4615 nomine,
3041 4542 3251 4600 brutus
3272 4548 3328 4600 et
3357 4543 3523 4600 valde
3542 4544 3841 4602 stolidus:

2180 4633 2282 4703 qui
2310 4639 2541 4702 propter
2561 4631 2855 4703 pontiﬁcis
2880 4631 3356 4703 imbecillitatem,
3382 4632 3843 4691 ecclesiasticam

2178 4724 2237 4776 et
2261 4719 2549 4790 publicam
2570 4733 2767 4777 curam
2786 4721 3119 4792 usurpavit;
3143 4720 3212 4777 ad
3238 4721 3343 4777 hoc
3361 4721 3539 4777 etiam
3569 4724 3846 4780 maximis

2180 4808 2521 4865 muneribus
2541 4809 2851 4880 primatum
2886 4814 2942 4865 et
2977 4809 3302 4867 dominium
3328 4811 3522 4866 Romae
3552 4812 3636 4868 ab
3659 4812 3847 4883 impe-

2180 4903 2369 4955 ratore
2423 4896 2537 4953 sibi
2592 4897 2943 4969 acquisivit;
2998 4898 3226 4955 demum
3271 4911 3404 4955 vero
3453 4899 3843 4958 Albaneusen

2179 4987 2570 5058 episcopatum
2596 4997 2877 5057 usurpare
2902 4999 3015 5044 non
3047 4989 3273 5053 metuit,
3299 4994 3356 5044 et
3377 4989 3583 5046 omnia
3608 4992 3769 5047 intra
3796 4996 3846 5045 et

2179 5081 2338 5132 extra
2407 5076 2638 5132 Romam
2686 5089 2793 5132 sua
2838 5076 3083 5133 avaritia
3137 5082 3194 5133 et
3250 5078 3503 5134 vanitate
3574 5080 3841 5136 vastavit

2178 5164 2414 5237 Vigebat
2429 5165 2601 5222 etiam
2620 5164 2798 5222 istius
2823 5166 3114 5237 pontiﬁcis
3133 5172 3190 5223 et
3213 5165 3411 5224 fratris
3426 5168 3563 5238 ejus
3591 5174 3845 5240 tempore

2177 5255 2501 5316 Simoniaca
2533 5255 2770 5313 haeresis
2790 5256 2851 5312 in
2882 5260 3126 5326 tantum,
3160 5261 3227 5313 ut
3253 5257 3425 5314 etiam
3453 5260 3847 5317 venderentur

2178 5347 2575 5419 episcopatus:
2619 5348 2679 5401 et
2706 5346 2808 5417 qui
2853 5346 2983 5417 plus
3009 5344 3200 5415 dabat,
3233 5346 3642 5418 episcOpatum
3686 5349 3848 5405 acci-

2179 5435 2388 5510 piebat.
2417 5436 2531 5492 Nec
2557 5438 2681 5492 erat
2704 5434 2923 5507 aliquis
2945 5436 3367 5507 episcoporum,
3389 5441 3498 5494 aut
3526 5438 3841 5510 quisquam

2180 5525 2439 5583 virorum
2463 5522 3006 5596 ecclesiasticorum,
3039 5523 3142 5598 qui
3168 5524 3288 5582 zelo
3314 5524 3415 5581 Dei
3444 5524 3694 5586 ductus.
3718 5541 3841 5585 cum
