4082 6168
281 225 424 287 4245

1115 231 1376 291 PSEUDO
1409 232 1823 294 LUITPRANDI
1870 236 1998 296 LIB.
2040 235 2134 294 DE
2183 236 2363 296 YITIS
2416 237 2585 296 ROM.
2627 239 2827 298 PONT.

3549 235 3690 300 1246

283 355 631 426 imperatore
679 361 783 414 aut
811 371 942 432 rege
968 363 1161 432 ageret
1197 365 1264 416 ut
1285 361 1391 418 hoc
1415 359 1573 418 nefas
1595 359 1940 432 prohibere—
1959 359 2016 420 A
2048 363 2490 436 metropolitano
2536 365 2927 437 admoneatur,
2981 372 3038 425 et
3083 367 3420 440 presbyteri,
3451 371 3509 424 et
3552 367 3689 425 dia-

280 451 403 502 tnr.
452 447 522 500 Et
551 446 689 516 quia
728 461 892 504 nemo
939 456 1059 504 erat
1091 449 1572 520 Christianorum,
1620 465 1719 522 per
1763 464 1930 522 quem

283 534 393 591 hoc
453 535 667 590 malum
743 537 1148 608 corrigeretur,
1204 539 1367 596 misit
1413 540 1612 596 divina
1677 539 1932 611 potentia

283 623 567 695 flagellum
590 638 936 696 paganorum
957 627 1027 682 ad
1053 627 1380 685 ulciscenda
1409 635 1632 699 peccata
1657 629 1933 686 Christia-

284 726 508 769 norum.
575 715 712 769 Nam
763 716 1231 785 supervenientes
1275 719 1551 774 Raraceni
1597 719 1930 775 innumeros

281 801 582 859 hominum
636 803 1066 877 interfecerunt,
1117 808 1352 864 castella
1404 812 1461 863 et
1502 808 1672 864 urbes
1718 809 1930 864 multas

277 898 474 963 captas
498 900 726 964 accepta
755 895 940 964 praeda
973 896 1092 968 igni
1119 898 1432 954 dederunt:
1479 899 1706 954 demum
1743 911 1926 969 regem

275 987 668 1054 expugnantes
714 981 1072 1055 fugaverunt,
1105 991 1181 1055 et,
1216 987 1416 1042 multis
1450 985 1636 1056 captis
1658 990 1714 1042 et
1741 986 1928 1042 inter-

277 1069 465 1134 fectis,
512 1073 759 1128 maxima
805 1073 1098 1130 hominum
1126 1079 1181 1130 et
1209 1076 1465 1130 omnium
1498 1090 1684 1132 rerum
1740 1077 1926 1146 prada

277 1161 473 1216 onusti
501 1162 707 1217 reversi
737 1166 888 1218 sunt.
925 1163 1028 1218 llic
1070 1164 1360 1220 ordinavit
1389 1165 1688 1235 episcopos
1716 1166 1925 1238 viginti

277 1249 556 1320 quinque,
587 1250 943 1321 presbyteros
973 1257 1120 1324 octo,
1160 1253 1434 1310 diaconos
1468 1258 1601 1309 tres.

855 1341 943 1396 CV
1003 1373 1071 1381 —
1102 1343 1232 1397 LEO
1270 1343 1355 1397 ιν.

810 1429 994 1502 (Anno
1016 1432 1217 1487 Christi
1242 1429 1395 1500 847.)

353 1519 480 1587 Leo,
509 1519 738 1576 natione
778 1521 1086 1590 Romanus,
1122 1523 1271 1579 sedit
1315 1535 1496 1578 annos
1525 1527 1672 1592 octo,
1707 1535 1928 1578 menses

276 1621 398 1678 sex,
426 1609 550 1665 dies
581 1614 713 1665 tres.
743 1612 903 1667 Hunc
951 1611 1186 1668 Romani
1217 1625 1412 1668 omnes
1445 1612 1797 1668 unanimiter
1821 1612 1929 1668 ele—

2042 456 2196 523 coni,
2244 460 2300 510 et
2345 453 2684 511 subdiaconi
2706 469 2739 511 a
2771 470 2878 512 suo
2910 457 3197 528 episcopo,
3231 465 3296 515 ut
3323 457 3517 515 doceri
3551 472 3689 528 pos—

2043 541 2182 611 sint,
2234 544 2683 601 admoneantur:
2727 549 2784 602 et
2830 546 3064 602 interim
3107 547 3251 603 tales
3289 547 3604 618 presbyteri
3633 552 3689 604 et

2039 630 2236 687 clerici
2283 633 2570 690 celebrare
2614 635 2813 691 divina
2846 635 3114 706 mysteria
3145 639 3200 690 et
3229 635 3415 692 cilicia
3454 650 3688 706 suspen-

2037 718 2268 788 dantur,
2309 726 2373 777 ut
2397 722 2554 778 docti
2598 724 2823 779 valeant
2864 723 2934 779 ad
2990 722 3248 780 debitum
3296 724 3684 782 ministerium
3787 762 3793 767 -

2038 821 2350 877 pervenire.

2107 896 2320 966 Quinto
2367 899 2746 970 conﬁrmavit,
2793 916 2918 974 qua:
2965 901 3308 959 leestinus
3351 904 3408 958 et
3450 903 3688 972 Magnus

2036 986 2146 1042 Leo
2188 987 2260 1043 de
2320 989 2610 1060 episcopis
2661 990 3052 1060 instituerant,
3110 990 3400 1060 videlicet,
3453 992 3520 1044 ut
3576 1001 3687 1043 non

2035 1078 2338 1134 conveniat
2379 1079 2711 1150 episc0pum
2752 1079 3098 1149 consecrari,
3152 1080 3267 1135 nisi
3300 1093 3332 1134 a
3373 1076 3603 1134 clericis
3633 1080 3690 1131 et

2036 1166 2253 1235 populo
2286 1165 2461 1223 fuerit
2494 1169 2848 1238 postulatus:
2894 1170 3030 1239 quia
3063 1169 3225 1224 nulla
3261 1169 3409 1225 ratio
3447 1167 3592 1224 sinit
3624 1169 3688 1220 ut

2035 1255 2206 1310 aliter
2227 1258 2544 1313 consecrati
2574 1258 2725 1314 inter
2753 1258 3054 1328 episcOpos
3095 1257 3430 1313 habeantur.
3460 1259 3530 1310 Et
3556 1269 3682 1312 cum

2038 1343 2097 1399 in
2125 1345 2316 1400 eadem
2361 1347 2600 1402 ecclesia
2627 1348 2844 1419 dignus
2888 1361 3004 1403 non
3042 1347 3354 1414 invenitur,
3389 1351 3526 1401 tunc
3558 1343 3686 1415 pri-

2039 1447 2192 1489 mum
2214 1434 2392 1491 altera
2415 1437 2655 1493 ecclesia
2686 1437 2968 1508 eligatur;
3001 1441 3058 1492 et
3080 1436 3342 1507 quamvis
3372 1435 3683 1490 necessitas

2035 1523 2277 1592 eveniat,
2313 1529 2498 1579 tamen
2529 1524 2814 1579 invidiose
2842 1524 3002 1580 nullo
3032 1525 3196 1580 modo
3227 1529 3607 1579 consecretur.

2107 1612 2273 1668 Sexto
2314 1614 2605 1682 praecepit,
2637 1626 2724 1684 ne,
2754 1614 2919 1682 juxta
2950 1613 3345 1669 Sardicensem
3382 1611 3680 1681 synodum,

275 1702 521 1770 gerunt:
557 1705 612 1755 et
653 1700 788 1756 dum
823 1701 884 1756 in
913 1701 1039 1772 ejus
1066 1701 1344 1756 electione
1389 1701 1565 1756 nimis
1590 1701 1922 1772 gauderent,
1958 1734 2010 1795 B
2039 1701 2191 1758 ultra
2220 1703 2394 1758 trium
2423 1702 2907 1758 hebdomadarum
2929 1702 3178 1772 spatium
3220 1702 3476 1772 episcopi
3499 1714 3531 1756 a
3563 1713 3686 1769 pro-

275 1793 572 1858 caeperunt
629 1789 838 1845 iterum
896 1803 1008 1845 non
1058 1789 1424 1846 mediocriter
1473 1791 1828 1860 contristari,
1861 1804 1928 1848 eo

279 1878 432 1947 quod
465 1877 592 1933 sine
617 1878 905 1948 imperiali
943 1879 1284 1935 auctoritate
1313 1877 1573 1936 futurum
1607 1893 1717 1936 non
1745 1881 1930 1936 aude-

276 1965 418 2021 bant
460 1980 790 2023 consecrare
835 1967 1198 2041 pontiﬁcem;
1240 1974 1297 2026 et
1314 1969 1634 2040 periculum
1665 1969 1929 2025 Romanae

282 2055 449 2112 urbis
492 2056 738 2113 maxime
792 2058 1139 2130 metuebant,
1173 2074 1242 2117 ne
1288 2062 1516 2130 iterum,
1555 2063 1623 2115 ut
1660 2059 1822 2128 olim,
1855 2059 1926 2116 ab

277 2147 417 2202 aliis
436 2147 699 2204 hostibus
724 2148 882 2204 ﬁeret
905 2149 1152 2206 obsessa.
1180 2152 1293 2207 Hoc
1311 2151 1515 2208 timore
1544 2148 1728 2207 futuri
1760 2165 1929 2207 casus

283 2237 598 2305 perterriti,
629 2251 755 2293 eum
801 2238 1080 2294 continuo
1108 2239 1431 2308 pontiﬁcem
1466 2254 1576 2296 non
1603 2245 1927 2312 exspectata

280 2325 568 2395 principis
597 2327 902 2396 sententia,
935 2334 1424 2384 consecraverunt.
1468 2330 1569 2385 Hic
1611 2331 1925 2386 secundum

281 2413 578 2484 antiquam
610 2416 1083 2472 consuetudinem
1110 2418 1385 2474 canonica
1415 2418 1761 2474 auctoritate
1798 2432 1926 2475 con-

281 2503 498 2567 stituit,
533 2508 616 2574 ut,
648 2504 782 2560 dum
817 2517 977 2560 sacra
1000 2505 1305 2563 missarum
1336 2507 1614 2562 solemnia
1647 2506 1706 2561 in
1738 2505 1927 2562 eccle—

281 2592 369 2647 sia
415 2592 794 2664 celebrantur,
859 2594 1058 2651 nullus
1111 2609 1180 2650 ex
1237 2595 1406 2651 laicis
1460 2596 1519 2651 in
1574 2595 1926 2666 presbyterio

279 2686 449 2751 stare,
510 2681 595 2737 vel
627 2683 841 2754 sedere,
896 2689 998 2739 aut
1046 2683 1270 2756 ingredi
1317 2689 1640 2754 praesumat,
1684 2684 1799 2739 nisi
1833 2683 1923 2739 illi

281 2770 381 2840 qui
413 2771 480 2826 ad
510 2770 656 2826 hanc
688 2771 1167 2829 ministrationem
1214 2773 1364 2829 sacri
1396 2771 1569 2828 oﬁicii
1617 2772 1923 2829 constituti

277 2858 565 2914 videntur.
608 2859 790 2926 Hujus
833 2860 1190 2929 temporibus
1236 2861 1426 2916 Roma:
1465 2861 1527 2915 in
1575 2861 1922 2931 quibusdam

273 2947 540 3002 cavernis
559 2945 870 3002 basiliscus
889 2952 1051 3003 ortus
1073 2953 1177 3016 est,
1203 2948 1304 3017 qui
1328 2949 1464 3004 flatu
1492 2962 1598 3004 suo
1618 2961 1683 3004 ac
1703 2949 1928 3004 visione

269 3047 477 3090 omnes
526 3035 856 3091 accedentes
909 3035 1162 3104 necabat,
1227 3040 1284 3090 et
1351 3035 1520 3092 morti
1584 3035 1921 3091 mandabat:

2039 1790 2186 1861 priis
2229 1791 2490 1846 ecclesiis
2529 1798 2842 1860 morentur,
2900 1792 3017 1847 nisi
3049 1790 3196 1848 forte
3235 1805 3335 1862 per
3366 1792 3682 1862 jussionem

2037 1879 2466 1949 metropolitani
2507 1880 2592 1935 vel
2637 1881 2922 1950 principis
2952 1894 3018 1936 ex
3070 1880 3412 1937 necessitate
3450 1881 3685 1936 contin—

2036 1973 2162 2041 gat:
2193 1968 2336 2040 quia
2353 1968 2615 2025 absentia
2642 1970 2903 2040 episcOpi
2938 1969 3278 2041 plerumque
3304 1970 3367 2026 ﬁt
3386 1969 3685 2026 calamitas

2036 2055 2239 2127 plebis.

2106 2145 2358 2216 Septimo
2384 2147 2706 2203 necessario
2731 2146 2947 2202 servari
2979 2148 3267 2216 praecepit,
3298 2150 3362 2204 ut
3390 2148 3555 2217 juxta
3583 2161 3684 2203 ec—

2036 2235 2267 2292 clesiam
2312 2235 2564 2291 claustra
2616 2235 3066 2302 constituantur,
3121 2235 3180 2290 in
3220 2235 3434 2306 quibus
3479 2235 3681 2290 clerici

2036 2324 2372 2395 disciplinis
2423 2324 2834 2381 ecclesiasticis
2896 2324 3257 2394 imbuuntur,
3309 2329 3372 2380 et
3410 2324 3680 2380 omnibus

2037 2429 2214 2472 unum
2237 2415 2319 2471 sit
2348 2413 2714 2471 refectorium
2753 2428 2818 2471 ac
2847 2415 3278 2484 dormitorium,
3303 2415 3422 2470 sive
3466 2419 3682 2471 caterua

2034 2503 2274 2561 oﬁlcinze
2325 2505 2394 2560 ad
2452 2518 2594 2559 usus
2618 2504 2959 2559 clericorum
3024 2503 3379 2559 necessariae.
3427 2503 3684 2558 Ministri

2033 2607 2164 2649 vero
2197 2598 2324 2665 post
2347 2593 2681 2663 episcopum
2702 2592 2844 2647 tales
2874 2592 3182 2664 eligantur,
3217 2606 3460 2663 quorum
3488 2591 3606 2647 vita
3631 2596 3688 2647 et

2031 2683 2290 2740 doctrina
2336 2683 2470 2738 illos
2493 2682 2686 2751 potius
2723 2689 2995 2738 exornent
3035 2695 3204 2752 quam
3238 2681 3628 2737 dehonestent.

2102 2773 2331 2842 Octavo,
2365 2778 2431 2828 ut
2478 2770 2732 2841 episcopi
2763 2771 3074 2842 diligenter
3117 2784 3312 2827 curam
3349 2769 3594 2825 habeant
3625 2769 3684 2825 in

2036 2860 2480 2931 baptismalibus
2529 2859 2814 2930 plebibus,
2859 2865 2935 2930 et,
2968 2873 3094 2915 cum
3151 2858 3459 2914 necessitas
3511 2858 3569 2913 in
3596 2859 3682 2916 eis

2040 2949 2399 3018 presbyteros
2427 2947 2735 3004 ordinandi
2757 2949 3094 3017 occurrerit,
3121 2955 3183 3004 ut
3208 2949 3564 3006 reverentius
3592 2947 3690 3004 ob-

2037 3042 2351 3105 serventur,
2397 3048 2507 3090 non
2552 3034 2677 3090 sine
2714 3048 2996 3090 consensu
3032 3035 3244 3090 ibidem
3295 3036 3686 3092 habitantium

274 3135 449 3193 quem
481 3121 789 3191 praedictus
815 3121 1070 3192 pontifex
1090 3124 1158 3178 ad
1184 3123 1373 3191 ipsum
1393 3121 1644 3178 foramen
1671 3123 1923 3191 veniens,
1959 3085 2008 3148 Ο
2039 3126 2161 3182 ﬁeri
2192 3124 2472 3181 convenit.

272 3224 384 3267 sua
411 3211 672 3266 oratione
693 3209 928 3282 fugavit,
963 3217 1019 3266 et
1069 3210 1294 3266 nullum
1351 3215 1542 3281 postea
1571 3225 1639 3267 ex
1682 3211 1806 3282 ipso
1837 3213 1929 3267 si—

272 3314 452 3373 gnum
484 3299 740 3356 laesionis
765 3302 1051 3371 apparuit.
1088 3300 1190 3355 Hic
1217 3305 1470 3357 octavam
1500 3300 1930 3370 Assumptionis

274 3395 488 3444 sancta:
529 3390 628 3445 Dei
671 3390 974 3462 genitricis
1020 3390 1214 3446 Maria:
1255 3382 1625 3446 devotissime
1679 3391 1928 3460 primum

274 3479 605 3546 celebravit,
638 3484 695 3534 et
715 3493 935 3549 semper
964 3479 1358 3536 celebrandam
1404 3493 1527 3536 esse
1553 3479 1714 3535 ﬁrma
1747 3479 1924 3535 insti-

282 3568 506 3623 tutione
547 3567 854 3623 mandavit.

352 3655 455 3710 Hic
479 3655 725 3712 consilio
754 3660 810 3712 et
853 3657 1076 3713 auxilio
1102 3656 1362 3713 Lotharii
1392 3656 1777 3726 imperatoris,
1823 3672 1930 3713 ur-

282 3743 428 3811 bem,
477 3758 642 3813 quam
705 3744 861 3799 circa
909 3745 1207 3801 ecclesiam
1260 3745 1317 3799 B.
1374 3746 1522 3800 Petri
1594 3745 1924 3814 incmperat,

283 3831 527 3900 pleniter
555 3834 991 3902 consummavit,
1036 3840 1092 3889 et
1121 3848 1252 3889 cum
1280 3834 1484 3890 litania
1513 3848 1635 3890 eam
1671 3835 1931 3890 circum-

275 3920 440 3987 dans,
487 3926 544 3976 et
593 3935 742 3992 aqua
789 3922 1106 3978 exorcizata
1149 3935 1472 3993 aspergens,
1523 3923 1923 3991 sanctiﬁcavit,

277 4014 335 4064 et
373 4023 478 4066 suo
504 4011 862 4079 postmodum
900 4011 1130 4066 nomine
1159 4012 1497 4066 Leonianam
1530 4024 1651 4066 eam
1680 4012 1922 4068 vocavit.

276 4099 384 4154 Hic
417 4098 617 4155 videns
661 4099 841 4156 multa
871 4113 976 4155 suo
1023 4100 1082 4154 in
1135 4105 1384 4167 tempore
1425 4105 1624 4154 contra
1667 4100 1843 4155 Deum
1869 4104 1926 4154 et

277 4188 522 4244 salutem
552 4190 875 4246 animarum
905 4189 1267 4259 impudenter
1296 4187 1442 4258 ﬁeri,
1483 4188 1730 4244 consilio
1757 4188 1928 4259 impe-

281 4285 533 4335 ratorum
578 4281 834 4336 Lotharii
884 4286 942 4336 et
971 4279 1252 4336 Lodewici
1288 4278 1476 4334 Romae
1519 4279 1797 4349 synodum
1827 4278 1925 4334 ha-

279 4367 413 4423 buit
432 4381 560 4423 cum
607 4369 906 4441 sexaginta
950 4373 1161 4438 septem
1204 4369 1528 4440 episcopis:
1561 4381 1690 4422 cum
1716 4366 1929 4436 quibus

279 4455 660 4528 quadraginta
701 4458 816 4514 duo
847 4457 1101 4528 capitula
1129 4458 1590 4514 Christianorum
1621 4456 1797 4512 saluti
1841 4470 1928 4512 ne-

277 4547 530 4601 cessaria
569 4547 774 4615 edidit,
807 4553 862 4602 et
911 4547 1154 4603 ﬁrmiter
1183 4548 1457 4604 ﬁrmanda
1487 4561 1610 4602 esse
1638 4548 1925 4617 praecepit.

352 4635 412 4688 In
464 4635 650 4704 primo
699 4636 854 4691 enim
894 4636 1150 4706 capitulo
1183 4636 1462 4708 instituit,
1514 4641 1579 4691 ut
1627 4636 1932 4705 episcopus

272 4725 442 4792 juxta
471 4725 632 4780 Pauli
663 4725 1065 4781 discretionem
1117 4731 1174 4780 et
1201 4726 1650 4782 admonitionem
1680 4726 1930 4795 irrepre‘

279 4812 609 4882 hensibilis,
643 4818 700 4869 et
728 4813 862 4870 boni
891 4814 1084 4884 operis
1121 4814 1528 4870 desiderabilis
1575 4815 1624 4879 (Ι
1657 4816 1794 4868 Tim.
1839 4815 1928 4883 ιιι)

277 4907 665 4959 consecretur.

347 4991 629 5061 Secundo,
687 4993 935 5064 quisque
991 4992 1253 5048 sacerdos
1295 4995 1489 5047 caveat
1545 5004 1615 5046 ne
1673 4990 1927 5061 praemiis

278 5083 766 5138 consecrationem
793 5082 1170 5152 adipiscatur,
1202 5095 1271 5136 ne
1296 5080 1554 5150 exemplo
1577 5080 1832 5138 Simonis
1858 5081 1917 5137 in

279 5169 548 5239 laqueum
577 5171 799 5228 incidat
821 5169 1043 5227 diaboli
1077 5169 1220 5235 (Act.
1245 5169 1387 5240 vm).

347 5258 561 5322 Tertio,
607 5266 672 5316 ut
726 5260 874 5316 bono
903 5272 1072 5329 Opere
1099 5259 1404 5329 episcOpus
1431 5257 1660 5328 existat,
1694 5263 1750 5315 et
1788 5258 1928 5316 bene

278 5349 608 5416 speculetur
656 5349 907 5421 qualiter
960 5348 1233 5418 populum
1285 5347 1454 5404 verbo
1494 5348 1925 5418 pradicationis

280 5436 568 5494 instruere
594 5438 816 5495 debeat.

349 5528 583 5598 Quarto,
627 5534 705 5598 ut,
748 5529 798 5584 si
844 5527 1146 5598 episcopus
1194 5526 1521 5583 inveniatur
1571 5525 1860 5597 inductus,
1889 5541 1922 5583 a

2108 3216 2286 3283 Nono,
2329 3219 2392 3269 ut
2424 3213 2483 3268 in
2517 3211 2932 3282 congregandis
2957 3210 3188 3266 clericis
3223 3224 3333 3266 non
3366 3211 3560 3281 plures
3579 3211 3692 3267 ad-

2040 3303 2366 3368 mittantur,
2400 3314 2568 3372 quam
2603 3299 2847 3379 facultas
2868 3313 3058 3356 rerum
3095 3299 3180 3354 eis
3209 3300 3481 3355 canonice
3511 3301 3693 3357 attri-

2039 3392 2176 3447 buta
2207 3389 2460 3446 suﬁicere
2504 3389 2704 3458 possit.

2108 3479 2361 3548 Decimo,
2384 3484 2449 3534 ut
2478 3478 2799 3534 sacerdotes
2819 3475 3095 3533 constitui
3126 3489 3239 3532 non
3270 3480 3546 3546 oporteat,
3574 3477 3687 3532 nisi

2037 3567 2320 3638 ecclesiis,
2386 3572 2488 3623 aut
2529 3566 2768 3636 speciali
2817 3564 3163 3622 monasterio
3207 3565 3575 3636 deputentur,
3623 3579 3692 3621 ne

2046 3656 2355 3714 necessitas
2385 3655 2446 3711 in
2484 3655 2860 3712 saecularibus
2895 3653 3166 3710 domibus
3215 3653 3338 3709 illis
3383 3652 3690 3709 habitandi

2037 3753 2338 3816 occurrat;
2371 3745 2632 3815 alioquin
2659 3758 2690 3799 a
2725 3744 2977 3815 propriis
3002 3743 3309 3813 episcopis,
3342 3747 3444 3798 aut
3471 3742 3529 3798 in
3561 3744 3693 3812 epi—

2037 3835 2254 3904 scopio,
2281 3839 2384 3890 aut
2413 3833 2471 3888 in
2515 3832 2880 3889 monasteriis
2917 3845 3089 3888 causa
3131 3830 3430 3886 habitandi
3463 3836 3520 3886 et
3547 3845 3692 3888 con-

2037 3923 2301 3980 versandi
2353 3937 2453 3992 pro
2497 3922 2809 3978 exercendo
2866 3920 3052 3977 oﬁicio
3103 3920 3553 3991 constituantur,
3590 3920 3688 3977 ubi

2040 4012 2312 4067 mulieres
2343 4010 2558 4066 nullam
2592 4010 2836 4066 habeant
2859 4011 3081 4080 copiam
3111 4001 3508 4066 conversandi.

2106 4099 2436 4165 Undecimo,
2489 4104 2553 4154 ut
2594 4100 2916 4154 sacerdotes
2963 4099 3162 4155 divina
3213 4099 3443 4170 eloquia
3489 4098 3690 4155 sedulo

2037 4193 2488 4260 perscrutentur,
2522 4191 2578 4242 et
2607 4187 2883 4256 populum
2915 4189 3276 4257 admoneant,
3310 4193 3367 4243 et
3392 4187 3560 4244 ludos
3587 4187 3691 4242 ali-

2038 4293 2183 4348 quos
2226 4282 2360 4332 ante
2402 4290 2464 4331 se
2511 4275 2634 4331 ﬁeri
2667 4289 2777 4331 non
2805 4275 3180 4332 delectentur.
3221 4277 3692 4347 Transgressores

2040 4365 2660 4437 quippeadmonitione
2673 4363 2930 4434 episc0pi
2955 4364 3378 4435 nlteriusagere
3391 4364 3689 4434 desinant;

1956 4495 2008 4554 D
2040 4457 2130 4512 sin
2157 4461 2367 4526 autem,
2399 4453 3045 4522 canonicejudicentur.

2110 4545 2476 4614 Duodecimn,
2501 4549 2567 4599 ut
2589 4543 2930 4613 sacerdotes,
2962 4543 3062 4614 qui
3085 4543 3155 4600 ad
3181 4540 3376 4598 debita
3390 4546 3446 4598 et
3475 4555 3692 4611 oppor-

2043 4641 2179 4692 tuna
2217 4632 2399 4690 ofﬁcia
2440 4634 2500 4688 in
2526 4633 2788 4689 ecclesiis
2820 4633 3213 4689 indiﬁ'erenter
3241 4633 3438 4688 adesse
3461 4630 3689 4694 debent,
3722 4624 3729 4630 ’

2041 4724 2232 4780 fenore
2251 4722 2470 4792 aliquo,
2495 4727 2597 4778 aut
2617 4723 2932 4792 venatione,
2952 4723 3038 4780 vel
3063 4722 3261 4793 aliqua
3285 4721 3689 4792 aucupatione,

2040 4814 2391 4870 rusticorum
2423 4811 2748 4866 ministerio
2777 4812 3010 4868 omnino
3042 4827 3153 4869 non
3184 4817 3554 4881 occupentur,
3589 4824 3690 4868 nec

2039 4903 2164 4959 sine
2188 4906 2396 4958 ornatu
2414 4899 2756 4956 sacerdotali
2784 4904 2946 4955 extra
2961 4900 3160 4957 domos
3191 4914 3328 4956 suas
3357 4906 3686 4971 appareant,

2038 5000 2094 5049 et
2117 5005 2181 5048 ea
2207 4989 2415 5058 solum,
2441 5002 2568 5060 quae
2594 4990 2824 5044 Patrum
2849 4989 3162 5045 constituta
3185 4989 3474 5062 videntur,
3503 4990 3690 5047 obser-

2038 5086 2202 5150 vent;
2233 5077 2514 5135 contrarii
2545 5077 2796 5148 denique
2841 5077 3077 5146 inventi,
3110 5083 3210 5134 aut
3239 5079 3508 5151 deinceps
3527 5079 3690 5135 desi-

2040 5177 2196 5240 nant,
2235 5175 2336 5226 aut
2365 5167 2656 5225 canonica;
2684 5167 3017 5236 disciplinae
3045 5167 3398 5238 subjaceant.

2104 5258 2544 5320 Tertiodecimo,
2578 5262 2642 5313 ut
2683 5257 3006 5312 sacerdotes
3033 5256 3090 5312 in
3123 5256 3498 5314 saecularibus
3527 5268 3688 5325 nego-

2035 5351 2138 5406 tiis
2169 5363 2270 5419 pro
2317 5347 2691 5417 testimomio,
2722 5352 2823 5402 aut
2860 5345 3235 5403 conﬁciendis
3287 5343 3687 5399 instrumentis

2035 5453 2148 5496 non
2191 5441 2481 5508 rogentur,
2517 5437 2656 5508 quia
2705 5451 2804 5494 eos
2855 5437 2914 5493 in
2964 5436 3181 5492 talibus
3211 5432 3381 5489 rebus
3409 5445 3532 5486 esse
3573 5445 3685 5488 non

2031 5527 2317 5584 convenit.
2346 5527 2404 5582 Si
2428 5526 2580 5582 enim
2611 5531 2815 5583 eventu
2844 5539 3031 5582 causa:
3058 5521 3283 5591 aliquid
3314 5519 3686 5578 viderintaut
