4082 6168
458 229 594 290 4247

1271 230 1560 290 ΑΡΡΕΝῙ).
1593 231 1687 289 AD
1714 230 1880 289 SEC.
1908 230 2007 288 IX.
2041 259 2110 273 —
2146 228 2504 290 AUCTORES
2538 231 2712 290 ΑΝΝῘ
2747 232 3040 292 INCERTI.

3719 235 3862 298 4248

454 355 772 429 audierint,
795 355 897 414 ubi
926 355 1100 413 nulla
1125 356 1720 414 saculariumidonea
1747 368 1999 426 persona
2022 354 2104 410 in-
2130 354 2182 412 A
2283 355 2822 428 Vigesimosecundo
2855 359 3120 429 sancivit,
3167 364 3248 430 ut,
3277 359 3328 416 si
3361 359 3655 432 quispiam
3698 374 3860 417 com—

455 447 783 518 veniantur,
818 461 888 504 ne
917 447 1131 503 veritas
1153 448 1495 518 occultetur,
1525 451 1581 502 et
1612 445 1796 502 malus
1829 449 1890 501 ut
1918 443 2103 500 bonus

455 536 840 606 existimetur,
871 537 930 592 in
957 537 1312 605 providentia
1337 537 1414 592 sit
1435 535 1711 606 episcOpi,
1733 539 1796 590 ut
1823 548 2012 591 coram
2043 547 2104 589 se

454 630 511 682 et
530 627 984 696 competentibus
1005 626 1305 697 judicibus
1336 626 1479 683 hanc
1495 625 1666 682 aliter
1688 625 1982 681 veritatem
2009 624 2104 680 ho-

458 716 695 772 norifice
720 717 1002 773 attollant.

525 805 984 874 Quartodecimo,
1009 810 1073 862 ut
1093 805 1378 869 sacerdos,
1401 810 1503 862 aut
1522 805 1656 876 quis
1674 803 1828 860 alius
1851 803 1909 858 in
1931 803 2106 859 eccle-

456 893 690 950 siastico
716 896 918 951 ordine
945 901 1262 966 provectus,
1289 895 1336 951 si
1367 895 1426 950 in
1452 909 1516 951 eo
1537 895 1745 950 scelere
1777 894 2104 949 inveniatur

455 997 570 1054 quo
599 985 962 1054 adjiciendus
993 985 1088 1056 sit,
1119 985 1415 1055 depositus
1452 984 1808 1055 providentia
1842 982 2097 1052 episcOpi

457 1071 597 1128 bene
625 1075 851 1142 proviso
895 1075 1020 1130 loco
1041 1075 1449 1144 constituatur,
1479 1073 1576 1130 ubi
1631 1077 1856 1144 peccata
1887 1072 2096 1143 lugeat,

455 1164 511 1216 et
539 1161 786 1219 ulterius
810 1177 918 1218 non
941 1165 1282 1220 committat.

526 1250 982 1322 Quintodecimo,
1035 1259 1118 1324 ut,
1177 1255 1226 1309 si
1276 1254 1580 1324 episcopus
1618 1249 1771 1322 (dist.
1817 1248 1906 1305 81.
1945 1264 1995 1304 c.
2042 1249 2102 1306 Si

456 1340 770 1410 quispiam),
816 1341 1126 1412 presbyter,
1171 1342 1471 1412 diaconus,
1503 1341 1586 1396 vel
1620 1341 2009 1396 subdiaconus
2032 1338 2102 1392 de

459 1440 800 1500 quacunque
819 1428 1028 1486 femina
1060 1431 1304 1487 crimine
1321 1430 1726 1486 fornicationis
1749 1430 2098 1499 suspicatus,

459 1521 585 1585 post
616 1519 854 1586 primam
891 1527 946 1575 et
976 1522 1278 1576 secundam
1311 1526 1366 1576 et
1396 1522 1621 1576 tertiam
1651 1519 2101 1575 admonitionem

458 1607 905 1677 metropolitani,
952 1609 1036 1663 vel
1083 1609 1324 1665 alterius
1365 1611 1642 1680 episcopi,
1689 1613 1788 1664 aut
1839 1609 1962 1677 ejus
2005 1607 2100 1663 cui

455 1694 749 1762 subjacere
796 1696 1045 1768 videtur,
1078 1698 1406 1755 inveniatur
1436 1697 1681 1754 fabulari
1713 1711 1842 1754 cum
1873 1711 1957 1766 ea,
1985 1696 2104 1751 ali—

456 1794 636 1850 quove
666 1783 830 1839 modo
877 1786 1222 1856 conversari,
1273 1787 1545 1843 canonice
1588 1787 1914 1856 judicetur:
1965 1785 2103 1854 quia

453 1873 550 1928 cui
588 1875 876 1943 propriam
932 1875 1139 1932 habere
1182 1891 1414 1933 uxorem
1463 1890 1574 1933 non
1624 1875 1999 1947 permittitur,
2032 1872 2104 1929 ab

455 1963 610 2018 omni
643 1962 854 2021 femina
877 1965 1043 2022 debet
1071 1981 1131 2023 se
1161 1967 1466 2024 abstinere.

526 2052 937 2127 Sextodecimo,
1001 2061 1066 2112 ut
1127 2058 1273 2113 nulli
1325 2059 1723 2128 episcoporum
1786 2055 1958 2111 liceat
2014 2067 2105 2110 res

458 2141 782 2221 immobiles
801 2145 871 2200 de
899 2145 1176 2215 subjectis
1198 2147 1462 2217 plebibus
1480 2147 1731 2217 aliisque
1762 2144 1876 2216 piis
1906 2143 2105 2199 tollere

457 2230 622 2302 locis,
658 2247 725 2288 ne
752 2233 808 2288 in
840 2233 941 2290 tali
973 2234 1121 2292 facto
1155 2250 1431 2308 pauperes
1463 2236 1873 2304 inveniantur;
1906 2237 2103 2290 contra

454 2334 628 2394 agens
652 2324 926 2380 canonica
954 2326 1296 2382 auctoritate
1326 2326 1703 2382 coarctandus
1727 2324 1955 2380 existat.

526 2411 1023 2484 Septimodecimo,
1059 2421 1122 2471 ut
1157 2415 1471 2487 presbyteri
1498 2415 1754 2471 omnium
1777 2414 1845 2469 ad
1877 2426 1936 2468 se
1961 2425 2103 2468 cur-

458 2504 706 2558 rentium
737 2503 797 2558 in
827 2503 1270 2576 quibuscunque
1303 2507 1486 2561 sacris
1516 2505 1660 2562 locis
1688 2503 2008 2559 oblationes
2031 2500 2099 2556 ad

457 2591 763 2646 missarum
792 2593 1073 2649 solemnia
1103 2596 1419 2664 recipiant:
1473 2595 1610 2664 quia
1640 2607 1767 2648 cum
1794 2592 1893 2648 Dei
1924 2596 1981 2646 et
2009 2590 2106 2645 ho-

460 2679 680 2734 minum
714 2682 1056 2738 mediatores
1099 2685 1367 2753 existant,
1398 2683 1458 2737 in
1492 2680 1822 2738 exercendis
1849 2679 2018 2748 votis,
2047 2683 2104 2734 et

457 2768 784 2824 relaxandis
815 2771 1080 2839 peccatis.
1134 2771 1520 2842 largissimam
1550 2769 1756 2826 debent
1786 2768 2097 2824 orationem

456 2869 738 2926 peragere.

525 2942 976 3013 Octavodecimo,
1036 2950 1099 3002 ut
1145 2947 1449 3018 episcopus
1477 2947 1590 3004 sibi
1625 2946 1881 3017 subjecto
1909 2959 2104 3002 sacer-

455 3031 599 3100 doti,
628 3033 712 3088 vel
744 3033 848 3089 alii
881 3033 1112 3106 clerico,
1145 3037 1260 3094 nisi
1287 3037 1358 3092 ab
1389 3036 1504 3094 alio
1536 3035 1878 3108 postulatus,
1905 3035 2102 3090 dimis-

457 3121 643 3178 sorias
674 3136 784 3178 non
807 3121 1014 3180 faciat:
1058 3131 1114 3181 et
1140 3139 1208 3181 ne
1238 3123 1394 3180 falsa
1431 3131 1495 3181 ut
1523 3139 1665 3181 vera
1689 3125 2015 3193 credantur,
2046 3126 2103 3179 et

455 3223 597 3266 vera
646 3217 710 3268 ut
755 3210 912 3268 falsa
953 3215 1342 3284 suspicentur,
1393 3214 1741 3270 universalis
1789 3213 2098 3284 pontiﬁcis,

453 3299 539 3354 vel
570 3299 879 3374 imperiali,
927 3303 1012 3360 vel
1046 3303 1473 3375 metropolitani
1508 3303 1667 3361 bulla
1716 3316 1812 3359 eas
1843 3301 2100 3359 roborari

451 3395 690 3458 oportet.

525 3478 929 3551 Nonodecimo,
960 3485 1023 3537 ut
1048 3482 1326 3553 episcOpi,
1364 3482 1739 3553 universique
1759 3480 2102 3548 sacerdotes,

455 3565 591 3634 quia
640 3568 709 3623 ad
758 3569 935 3625 solam
978 3571 1080 3626 Dei
1138 3572 1385 3636 Iaudem,
1437 3571 1830 3640 bonorumque
1868 3579 2099 3638 operum

452 3655 734 3711 actionem
762 3659 1219 3730 constituuntur,
1243 3659 1488 3715 debeant
1503 3665 1616 3714 tam
1637 3672 1738 3728 pro
1761 3655 2110 3712 ecclesiasti'

452 3743 559 3813 cis,
594 3759 762 3816 quam
796 3761 894 3815 pro
922 3748 1175 3817 propriis
1205 3749 1332 3804 suis
1360 3747 1709 3816 actionibus,
1743 3751 1981 3816 excepto
2006 3761 2104 3816 pu-

453 3830 608 3886 blico
655 3833 918 3902 crimine,
973 3834 1178 3889 habere
1222 3836 1554 3890 advocatum
1609 3848 1720 3890 non
1756 3833 1913 3889 mala
1940 3833 2102 3889 fama

455 3925 804 3989 suspectum,
857 3921 950 3976 sed
986 3921 1146 3976 bona
1176 3921 1492 3992 opinionis,
1524 3927 1579 3977 et
1618 3921 1933 3978 laudabilis
1958 3922 2102 3978 artis

455 4005 770 4077 inventum,
804 4021 890 4077 ne,
919 4009 1055 4064 dum
1079 4009 1328 4064 humana
1349 4009 1508 4067 lucra
1540 4011 1864 4081 intendunt,
1893 4016 2100 4067 aeterna

455 4095 688 4165 pramia
743 4097 1001 4167 perdant.
1521 4170 1527 4173 _

526 4183 834 4258 Vigesimo,
869 4193 952 4259 ut,
1008 4188 1057 4244 si
1107 4189 1396 4260 quispiam
1436 4191 1789 4247 sacerdotum
1835 4191 2102 4246 inventus

456 4271 654 4345 fuerit,
675 4276 776 4345 qui
799 4277 1134 4334 advocatum
1158 4278 1215 4334 in
1233 4280 1460 4350 judicio
1481 4279 1736 4351 proferre
1757 4293 1867 4335 non
1896 4279 2100 4354 valeat,

453 4376 642 4417 coram
677 4364 836 4434 plebe
867 4368 1097 4438 propria
1121 4383 1264 4424 suus
1287 4369 1592 4438 episcopus
1613 4368 1802 4437 ipsum
1831 4370 2104 4424 sacerdo-

455 4459 566 4508 tem
595 4453 895 4524 discutiat,
931 4456 980 4511 si
1013 4456 1174 4512 bona
1202 4470 1275 4512 an
1310 4457 1469 4511 mala
1493 4457 1948 4512 conversationis
1969 4457 2100 4513 exi—

455 4547 586 4611 stat,
620 4547 722 4599 aut
767 4545 936 4614 cujus
979 4546 1060 4600 rei
1093 4558 1264 4600 causa
1292 4544 1484 4600 debite
1512 4545 1847 4602 advocatum
1894 4545 2099 4602 habere

457 4643 568 4686 non
595 4633 776 4701 possit
801 4653 812 4688 :
851 4634 996 4690 male
1023 4648 1155 4690 vero
1183 4635 1465 4704 inventus,
1492 4649 1594 4705 pro
1613 4636 1890 4707 qualitate
1916 4636 2099 4706 culpa

456 4721 768 4775 secundum
808 4735 1080 4778 canonem
1115 4736 1368 4779 normam
1413 4725 1702 4780 emendari
1735 4733 1987 4781 curetur.

527 4808 1028 4882 VigesimOprimo,
1074 4816 1138 4868 ut
1172 4815 1601 4885 monasterium,
1631 4814 1716 4870 vel
1758 4813 2094 4883 oratorium,

456 4899 727 4955 canonice
770 4906 1164 4957 constructum
1212 4916 1244 4958 a
1274 4903 1535 4962 dominio
1563 4902 2002 4973 constructoris,
2030 4916 2096 4958 eo

457 4987 660 5059 invito,
693 5003 804 5046 non
842 4990 1138 5048 auferatur
1169 5011 1184 5061 ;
1235 4993 1519 5064 liceatque
1546 4993 1634 5048 illi
1669 4993 1816 5050 idem
1855 4993 2098 5064 presby-

455 5084 594 5147 tero,
628 5079 724 5134 cui
747 5080 1013 5152 voluerit,
1049 5096 1150 5152 pro
1182 5096 1344 5140 sacro
1365 5082 1550 5140 ofﬁcio
1579 5083 1742 5140 illius
1761 5083 2091 5154 diaceseos,

453 5171 510 5221 et
545 5165 705 5222 bona
729 5170 1114 5240 auctoritatis,
1141 5171 1474 5229 dimissorie
1503 5186 1632 5229 cum
1660 5186 1940 5229 consensu
1965 5173 2098 5243 epi-

453 5255 633 5326 scopi,
681 5270 750 5312 ne
812 5258 997 5315 malus
1041 5261 1286 5332 existat;
1339 5263 1750 5323 commendare.
1789 5262 1869 5317 ita
1914 5268 1978 5318 ut
2025 5263 2094 5318 ad

456 5345 720 5416 placitam
750 5352 808 5404 et
831 5349 1045 5418 justam
1078 5352 1448 5408 reverentiam
1482 5351 1648 5406 illius
1674 5351 1929 5422 episcOpi
1956 5352 2097 5408 obe-

451 5434 675 5492 dienter
703 5438 967 5494 sacerdos
993 5446 1269 5511 recurrat,
1301 5440 1565 5511 alioquin
1585 5440 1882 5497 canonicis
1910 5441 2098 5500 ultio—

452 5524 626 5581 nibus
649 5525 955 5596 subjaceat.

2128 1715 2181 1776 B

2125 3062 2180 3124 ,Ο

2131 4411 2184 4473 D

2215 443 2488 514 probatus
2515 447 2762 518 invasor,
2794 448 2950 504 dicat
2981 463 3082 519 pro
3114 454 3272 519 parte
3298 449 3560 505 ecclesia
3585 464 3646 506 se
3676 450 3860 522 egisse

2211 533 2281 588 de
2321 535 2540 604 privata
2571 536 2684 592 sibi
2734 551 2793 594 re
2835 538 3169 607 pertinente,
3211 537 3282 593 ab
3324 539 3450 608 ipso
3485 553 3712 610 suoque
3745 540 3863 595 ha-

2213 623 2344 678 rede
2389 626 2746 694 persolvatur
2781 628 3025 684 invasio.
3068 627 3342 684 Sacerdos
3369 628 3623 698 denique
3666 629 3728 683 in
3762 630 3861 685 tali

2210 713 2381 784 culpa
2413 728 2626 785 pauper
2652 716 2934 788 inventus,
2963 731 2995 772 a
3018 717 3250 787 proprio
3269 718 3544 773 canonice
3561 718 3866 789 judicetur

2211 803 2497 873 episcOpo,
2525 805 2829 876 episcOpus
2863 819 2895 862 a
2925 806 3362 876 metropolitano
3394 811 3458 862 ut
3484 821 3595 862 non
3618 808 3868 864 ecclesia

2212 891 2326 947 sibi
2357 895 2661 950 commissa
2685 895 2956 951 damnum
2983 896 3267 952 sustineat
3293 897 3364 952 de
3396 896 3710 954 invasione.

2283 981 2766 1054 Vigesimotertio,
2795 986 2865 1041 de
2891 985 3262 1042 monasteriis
3285 986 3719 1056 monachorum,
3743 988 3868 1042 sive

2213 1071 2736 1142 sanctimonalium,
2795 1079 2852 1130 et
2881 1076 2952 1131 de
2980 1075 3248 1131 omnibus
3289 1075 3426 1131 aliis
3459 1091 3560 1146 pro
3609 1077 3866 1132 diversis

2214 1160 2652 1218 necessitatibus
2671 1162 2738 1218 ad
2772 1163 3180 1234 eleemosynam
3203 1165 3540 1221 constitutis
3571 1166 3861 1235 praecepit,

2213 1252 2277 1302 ut
2304 1262 2401 1318 per
2426 1251 2821 1322 episcoporum
2848 1253 3322 1323 sollicitudinem,
3349 1253 3407 1308 in
3435 1267 3688 1324 quorum
3716 1253 3864 1309 dia-

2211 1337 2325 1392 cesi
2358 1337 2476 1394 hac
2504 1341 2780 1412 existunt,
2807 1342 3151 1399 ordinentur
3177 1343 3246 1397 ad
3279 1343 3504 1398 easdem
3554 1343 3859 1405 utilitates.

2213 1425 2426 1496 quibus
2455 1430 2771 1486 constituta
2815 1437 2969 1486 sunt.

2283 1517 2800 1590 Vigesimoquarto.
2823 1520 3114 1590 disposuit
3133 1520 3202 1576 de
3225 1520 3509 1588 ecclesiis,
3539 1535 3670 1592 qua
3693 1521 3754 1576 in
3771 1521 3865 1576 di-

2213 1606 2393 1662 versis
2431 1609 2766 1680 regionibus
2811 1610 3207 1666 sacerdotibus
3245 1616 3301 1666 et
3329 1611 3657 1667 solitudine
3681 1611 3864 1666 desti-

2213 1699 2372 1767 tuta,
2404 1697 2564 1754 nullo
2601 1699 2794 1756 debito
2836 1699 3022 1755 ofﬁcio
3049 1707 3338 1769 resonant,
3364 1706 3429 1756 ut
3452 1700 3783 1770 episcopus,
3815 1701 3862 1755 si

2216 1786 2447 1855 proprio
2472 1788 2593 1856 juri
2621 1789 2876 1845 ecclesia
2905 1795 3042 1845 sunt
3065 1789 3351 1860 subjecta,
3383 1789 3597 1846 ibidem
3620 1792 3751 1845 sine
3775 1791 3865 1845 in-

2214 1875 2581 1932 termissione
2608 1877 2996 1949 presbyterum
3017 1880 3369 1936 constituat:
3395 1884 3477 1949 ut,
3512 1880 3564 1934 si
3600 1880 3661 1935 in
3699 1895 3866 1937 sacu-

2216 1961 2424 2020 larium
2450 1966 2746 2023 hominum
2778 1972 2914 2024 sunt
2937 1970 3068 2039 jure
3112 1969 3461 2037 constitula,
3499 1968 3574 2024 ab
3598 1969 3864 2039 episcopo

2213 2053 2648 2120 admoneamur,
2700 2062 2755 2112 et
2817 2058 2888 2127 si,
2941 2058 3247 2129 admoniti,
3293 2057 3660 2128 presbyteros
3719 2058 3863 2114 infra

2214 2143 2391 2199 trium
2421 2145 2700 2201 mensium
2734 2147 2983 2216 spatium
3009 2146 3219 2202 ibidem
3249 2147 3625 2219 neglexerunt
3643 2148 3866 2203 consti-

2214 2236 2374 2288 tuere
2388 2232 2604 2304 absque
2621 2234 2882 2307 neglectu
2909 2236 3210 2307 principis,
3230 2242 3432 2308 urgeat
3451 2236 3785 2307 episcOpus,
3806 2243 3865 2292 ut

2212 2319 2338 2388 ejus
2385 2322 2665 2378 sententia
2715 2325 3064 2381 emendetur.

2283 2410 2801 2484 Vigesimoquinto,
2853 2419 2919 2469 ut
2946 2414 3201 2470 ecclesia
3253 2413 3531 2485 qualibet
3556 2415 3864 2472 destructa

2214 2499 2446 2568 proprio
2469 2500 2756 2570 stipendio
2782 2507 3219 2572 restaurentur;
3255 2517 3365 2559 non
3395 2502 3723 2561 suﬂiciente
3743 2519 3866 2561 vero

2215 2589 2556 2658 necessario,
2584 2603 2616 2644 a
2657 2590 2867 2660 populo
2911 2591 3095 2661 plebis
3122 2591 3500 2648 auxilientur.

2283 2676 2756 2747 Vigesimosexto,
2787 2684 2850 2736 ut
2871 2679 3017 2736 nulli
3046 2681 3442 2752 episcoporum
3469 2681 3650 2738 liceat
3680 2695 3714 2736 a
3745 2681 3870 2738 sub-

2207 2764 2357 2834 jecto
2387 2767 2698 2837 sacerdote,
2732 2769 2817 2824 vel
2839 2769 2954 2825 alio
2977 2769 3235 2840 quolibet
3253 2771 3464 2827 clerico
3484 2784 3555 2826 ex
3579 2772 3700 2841 piis
3734 2772 3869 2827 locis

2211 2853 2550 2912 donationes
2581 2857 2733 2913 ultra
2763 2861 2977 2914 statuta
3009 2860 3238 2915 Patrum
3269 2861 3515 2931 exigere,
3551 2867 3656 2917 aut
3680 2875 3870 2932 super-

2216 2943 2483 3014 imposita
2516 2941 2921 3022 [superposita]
2950 2948 3009 3004 in
3059 2949 3315 3020 angariis
3343 2948 3578 3004 inferre.

2285 3032 2844 3109 Vigesimoseptimo,
2878 3042 2945 3092 ut
2973 3037 3207 3095 abbates
3228 3038 3371 3096 tales
3399 3039 3861 3106 constituantur,

2215 3123 2315 3193 qui
2367 3125 2459 3180 sui
2496 3125 2760 3182 vocabuli
2795 3127 3185 3184 ministerium
3223 3130 3338 3185 Deo
3365 3129 3594 3199 possint
3626 3129 3870 3184 indubi—

2215 3217 2400 3268 tanter
2437 3214 2738 3284 supplere:
2780 3215 2862 3271 ita
2898 3217 3077 3288 docti,
3105 3222 3169 3274 ut
3213 3231 3575 3289 quacunque
3628 3216 3867 3274 fratrum

2215 3301 2562 3373 negligentia
2595 3303 2934 3376 acciderint,
2968 3306 3202 3362 omnino
3253 3320 3598 3378 cognoscere
3623 3307 3866 3377 possint,

2213 3395 2270 3445 et
2297 3392 2614 3448 emendare.

2286 3480 2795 3554 Vigesimooctavo,
2834 3490 2899 3540 ut
2927 3485 3233 3555 episcopus
3256 3485 3314 3541 in
3339 3499 3443 3542 sua
3475 3486 3718 3542 dioecesi
3741 3486 3869 3542 dili-

2216 3575 2413 3640 genter
2453 3577 2845 3640 perscrutetur
2880 3574 3032 3646 illos,
3061 3575 3161 3646 qui
3206 3575 3327 3632 solo
3365 3575 3570 3631 habitu
3603 3576 3863 3633 monachi

2215 3658 2492 3728 existunt,
2541 3667 2597 3716 et
2638 3662 2707 3717 ad
2759 3663 3054 3732 proprium
3087 3663 3498 3719 monasterium
3551 3665 3748 3720 redire
3777 3678 3866 3719 eos

2213 3752 2395 3818 cogat,
2429 3754 2530 3804 aut
2589 3757 2891 3820 prospectu
2943 3765 3198 3824 congruo
3249 3751 3306 3807 in
3337 3751 3500 3808 aliud
3555 3753 3774 3824 mittat,
3807 3759 3864 3809 ut

2214 3836 2530 3908 regularem
2557 3839 2730 3894 vitam
2758 3846 3001 3896 servent.

2283 3925 2744 3999 Vigesimonono,
2777 3934 2841 3985 ut
2886 3927 3111 3986 femina"
3140 3944 3266 4001 qua
3306 3929 3574 3986 habitum
3622 3930 3862 4003 religio-

2212 4027 2359 4086 sum,
2401 4021 2503 4072 aut
2549 4017 2801 4073 velamen
2833 4017 3068 4074 obtentu
3122 4018 3423 4090 religionis
3463 4024 3857 4090 susceperunt,

2211 4104 2481 4174 deinceps
2511 4105 2635 4162 viro
2683 4107 2892 4162 sociari
2928 4121 3036 4164 non
3087 4109 3532 4178 permittantur;
3585 4109 3861 4180 praevari-

2212 4198 2350 4248 cata
2378 4199 2588 4264 autem,
2638 4196 2707 4251 ad
2743 4197 3136 4266 panitentiam
3181 4204 3571 4254 coerceantur.

2281 4282 2617 4354 Trigesimo,
2648 4291 2712 4339 ut
2750 4285 2846 4340 die
2866 4285 3165 4342 Dominico
3197 4287 3394 4342 nullus
3419 4287 3632 4342 audeat
3659 4300 3858 4342 merca-

2213 4370 2420 4441 tiones,
2452 4371 2566 4427 nisi
2609 4373 2669 4427 in
2698 4373 2940 4430 cibariis
2988 4373 3178 4444 rebus,
3210 4383 3311 4431 aut
3334 4375 3610 4446 qualibet
3646 4377 3859 4431 rustica

2210 4473 2379 4529 opera
2418 4457 2638 4530 facere;
2668 4460 2952 4533 alioquin,
3010 4468 3074 4518 ut
3106 4469 3514 4534 transgressor,
3561 4463 3632 4518 ad
3671 4465 3859 4534 pani-

2211 4549 2446 4605 tentiam
2492 4551 2804 4620 redigatur.

2279 4639 2807 4710 Trigesimoprimo,
2841 4645 2906 4696 ut
2932 4639 3234 4697 Dominico
3261 4641 3358 4698 die
3388 4654 3694 4711 personam
3729 4657 3857 4698 sns-

2212 4732 2428 4797 pectam
2459 4732 2514 4783 et
2540 4733 2699 4784 reatu
2753 4727 3042 4799 infamem,
3088 4736 3190 4786 aut
3217 4731 3432 4800 Optima
3463 4729 3858 4788 satisfactione

2209 4817 2449 4886 solvant,
2478 4823 2579 4873 aut
2601 4817 2661 4872 in
2687 4818 2972 4874 custodiis
2993 4819 3369 4888 constituant,
3397 4825 3500 4874 aut
3526 4819 3720 4876 licitis
3734 4821 3859 4875 die-

2208 4905 2626 4976 busjudicetur
2649 4924 2664 4974 ς
2690 4919 2818 4961 nam
2852 4907 3077 4978 legibus
3101 4907 3428 4964 inﬁrmatur
3437 4908 3735 4978 judicium
3763 4910 3859 4964 Do-

2207 4997 2420 5052 minico
2461 4996 2556 5052 die
2583 4997 3000 5066 depromptum.

2275 5084 2866 5158 Trigesimosecundo,
2902 5092 2969 5140 ut
2998 5085 3146 5142 nulli
3181 5085 3461 5142 laicorum
3506 5085 3685 5142 liceat
3712 5088 3770 5142 in
3797 5101 3858 5142 eo

2209 5175 2351 5243 loco,
2377 5175 2477 5231 ubi
2511 5173 2823 5247 presbyteri
2857 5180 2914 5230 et
2956 5175 3149 5232 cateri
3176 5175 3372 5231 clerici
3395 5175 3683 5246 existunt,
3707 5177 3868 5247 quod

2208 5263 2621 5335 presbyterium
2649 5269 3037 5335 nuncupatur,
3065 5264 3292 5336 quando
3315 5264 3489 5320 missa
3506 5265 3857 5330 celebratur,

2205 5354 2552 5410 consistere:
2589 5354 2747 5425 quia,
2788 5354 2961 5410 sicuti
2995 5354 3053 5410 in
3085 5353 3326 5409 ecclesia
3355 5353 3591 5425 singula
3617 5354 3743 5410 loca
3768 5356 3861 5410 vi-

2206 5445 2416 5500 dentur
2449 5443 2728 5515 exposita,
2761 5443 2840 5500 ita
2863 5443 3120 5500 virorum
3139 5456 3270 5514 pars
3294 5448 3350 5500 et
3387 5443 3705 5502 mulierum
3739 5459 3862 5515 par-

2206 5532 2364 5590 tibus
2400 5533 2526 5588 suis
2563 5532 2731 5588 debet
2766 5547 2890 5589 esse
2925 5537 3206 5590 contenta.
