4046 6182
198 301 349 362 4249

1049 307 1310 366 pssuno
1351 287 1779 367 LUITPRANDI
1822 309 1950 369 LIB.
1996 311 2087 370 ns
2132 311 2306 371 vms
2351 311 2520 373 non.
2565 314 2765 373 rom.

3472 318 3611 380 4250

270 431 767 502 Trigesimotertio
791 433 1013 504 statuit,
1045 437 1127 503 ut,
1160 433 1312 490 sicut
1336 434 1417 506 hi,
1449 430 1550 506 qui
1585 438 1937 500 monaste-A
1966 436 2357 509 presbyterum
2380 438 2440 494 in
2466 437 2654 495 aliena
2691 441 2926 498 dimcesi
2968 449 3300 517 morantem,
3328 448 3384 503 et
3425 461 3611 518 saepe—

197 521 292 576 ria
303 520 620 592 elegerunt,
640 533 672 576 a
695 521 1061 577 monasteriis
1072 522 1262 594 egredi
1282 537 1392 580 non
1408 524 1852 594 permittuntur:

199 610 286 665 ita
310 609 394 680 hi,
431 609 530 680 qui
564 609 732 666 inviti
761 610 886 666 sine
905 611 1076 680 justas
1101 609 1436 669 offensionis
1459 613 1705 670 crimine
1729 629 1858 671 mo-

195 699 480 755 nasteriis
511 701 647 755 sunt
679 699 1020 770 intromissi,
1045 700 1160 756 nisi
1190 701 1443 758 volentes
1475 716 1587 759 non
1619 708 1858 761 tenean-

197 793 301 846 tur
324 806 341 859 ς
364 789 503 858 quia
533 788 683 859 quod
708 801 820 844 non
853 794 1072 860 petunt,
1105 803 1216 847 non
1247 790 1565 848 observant.

269 876 822 948 Trigesimoquarto,
850 880 914 932 ut
951 878 1209 949 magistri
1252 885 1307 934 et
1335 879 1594 936 doctores
1626 880 1686 935 in
1723 881 1856 936 sin-

197 965 360 1038 gulis
399 965 561 1037 locis,
607 967 668 1021 in
713 965 926 1036 quibus
961 967 1270 1023 necessitas
1307 970 1580 1041 occurrit,
1626 971 1854 1026 consti-

197 1059 463 1126 tuantur,
503 1055 601 1125 qui
646 1054 914 1111 liberales
943 1059 1097 1113 artes
1125 1055 1360 1113 assidue
1387 1058 1629 1114 doceant
1670 1077 1682 1114 :
1716 1065 1772 1114 et
1799 1058 1851 1115 si

198 1142 348 1200 tales
395 1157 506 1200 non
561 1144 978 1215 inveniuntur,
1040 1150 1225 1201 tamen
1282 1146 1494 1202 divina:
1544 1147 1855 1219 Scriptura:

198 1233 466 1304 magistri
497 1236 552 1288 et
582 1233 948 1296 institutores
980 1234 1354 1292 ecclesiastici
1389 1234 1569 1292 ofﬁcii
1601 1236 1855 1294 nullate-

201 1336 317 1379 nus
347 1322 556 1379 desint.

272 1410 826 1484 Trigesimoquinto,
860 1416 926 1468 ut
955 1414 1277 1470 sacerdotes
1313 1417 1657 1475 admoneant
1695 1419 1854 1474 viros

197 1516 266 1558 ac
299 1501 590 1571 mulieres,
625 1501 725 1572 qui
756 1499 920 1557 festis
937 1501 1144 1558 diebus
1167 1504 1236 1558 ad
1275 1505 1572 1562 ecclesiam
1602 1522 1854 1564 concur—

201 1596 363 1657 runt,
399 1604 467 1646 ne
497 1589 783 1660 ballando,
813 1594 869 1645 et
899 1590 1094 1660 turpia
1133 1590 1300 1648 verba
1328 1592 1679 1651 decantande
1706 1596 1855 1651 cho—

201 1695 299 1738 ros
312 1683 538 1736 teneant
558 1693 623 1734 ac
644 1679 874 1750 ducant,
899 1679 1344 1737 similitudinem
1371 1697 1715 1755 paganorum
1738 1697 1856 1754 per-

1966 541 2202 583 numero
2227 533 2507 599 vocatum,
2553 529 2895 599 demumque
2937 535 3509 608 excommunicatum,
3555 543 3609 594 et

1966 622 2150 672 tamen
2182 617 2250 672 ad
2279 618 2568 686 propriam
2594 617 2920 687 parochiam
2950 620 3134 676 redire
3171 624 3474 695 nolentem,
3511 626 3607 682 de-

1966 707 2176 776 posuit,
2204 713 2259 763 et
2282 707 2510 776 penitus
2544 707 2881 764 sacerdotali
2919 709 3132 765 honore
3175 713 3437 781 privavit.
3473 717 3608 772 Item

1967 793 2026 849 in
2046 795 2237 850 eadem
2284 797 2498 865 synodo
2548 798 2789 868 monuit,
2829 802 2884 852 et
2911 799 3228 868 apostolica
3266 794 3611 861 auctoritate

1966 883 2252 953 praecepit,
2296 889 2359 939 ut
2407 885 2808 956 unusquisque
2843 887 3148 958 episcopus
3191 903 3290 960 per
3337 891 3610 951 diueceses

1963 975 2019 1026 et
2050 972 2349 1042 parochias
2377 987 2530 1045 suas,
2560 988 2654 1044 per
2673 988 2734 1031 se
2757 980 2813 1031 et
2841 989 2937 1045 per
2962 977 3283 1034 sacerdotes
3303 993 3440 1036 suos
3465 981 3612 1037 sub—

1958 1061 2172 1131 jectum
2199 1061 2311 1118 sibi
2342 1063 2614 1133 populum
2647 1069 2888 1136 moneat,
2923 1069 2987 1122 ut
3025 1068 3316 1136 primitias
3354 1075 3410 1126 et
3447 1071 3614 1128 deci—

1966 1163 2086 1206 mas
2114 1151 2512 1209 incunctanter
2538 1153 2881 1225 persolvant,
2914 1173 2926 1208 :
2966 1154 3068 1211 has
3105 1162 3295 1213 autem
3339 1159 3476 1216 dare
3500 1175 3614 1217 no-

1964 1239 2160 1310 lentes,
2190 1254 2489 1312 quousque
2512 1241 2832 1313 suppleant,
2863 1256 2897 1298 a
2940 1243 3070 1300 cibo
3101 1251 3156 1300 et
3186 1251 3323 1316 potu
3363 1262 3614 1319 suspen-

1960 1329 2116 1384 dant.
2145 1329 2302 1398 Quod
2336 1329 2385 1385 si
2420 1344 2520 1386 nec
2543 1344 2643 1401 pro
2671 1331 2775 1389 hac
2805 1333 3180 1402 suspensione
3210 1337 3476 1407 supplere
3501 1352 3614 1394 cu-

1964 1418 2232 1488 raverint,
2279 1425 2474 1474 sancta
2533 1422 2933 1477 communione
2973 1423 3285 1492 priventur.
3343 1429 3501 1498 Item,
3550 1429 3609 1482 in

1961 1507 2153 1562 eadem
2182 1506 2658 1579 irrefragabiliter
2685 1508 3021 1567 afﬁrmando
3055 1512 3335 1584 instituit,
3369 1521 3433 1570 ut
3470 1514 3612 1570 nul-

1965 1595 2056 1651 lus
2079 1595 2477 1665 episcoporum
2502 1597 2588 1652 vel
2616 1599 2972 1654 sacerdotum
2991 1613 3107 1655 rem
3134 1601 3226 1656 sui
3247 1602 3407 1658 tituli
3448 1617 3614 1659 usur-

1964 1697 2098 1753 pare
2116 1690 2216 1740 aut
2263 1685 2516 1741 alienare
2556 1693 2897 1756 praesumat:
2947 1689 3046 1759 qui
3084 1695 3273 1746 autem
3319 1691 3425 1747 hoc
3455 1690 3612 1748 fece-

200 1769 422 1841 agendo
454 1786 466 1822 :
504 1768 642 1838 quia
689 1767 850 1835 tales,
888 1768 936 1823 si
971 1782 1099 1824 cum
1146 1769 1469 1826 minoribus
1511 1773 1758 1842 peccatis
1781 1773 1849 1828 ad
1880 1779 1933 1840 Β
1965 1772 2063 1842 rit,
2091 1773 2420 1830 canonicam
2445 1774 2761 1832 sinedubio
2785 1775 2984 1832 subeat
3013 1776 3306 1835 ultionem.
3333 1780 3436 1835 Hic
3461 1780 3617 1836 ordi-

198 1858 501 1915 ecclesiam
531 1856 789 1925 veniunt,
823 1870 952 1912 cum
998 1857 1316 1926 majoribus
1360 1866 1741 1918 revertuntur.
1791 1861 1853 1918 Si

198 1961 334 2004 vero
379 1959 492 2004 non
534 1949 758 2002 cessant
803 1946 1106 2018 admoniti,
1143 1959 1176 2003 a
1218 1950 1620 2006 communione
1667 1952 1854 2008 modis

199 2034 473 2092 omnibus
493 2035 934 2104 suspendantur.

271 2124 770 2195 Trigesimosexto,
794 2129 858 2178 ut
889 2122 1036 2180 nulli
1068 2123 1255 2196 liceat,
1289 2130 1520 2197 excepta
1545 2141 1716 2184 causa
1745 2126 1856 2186 for-

200 2213 538 2285 nicationis,
589 2225 819 2268 uxorem
852 2212 1198 2284 relinquere,
1230 2219 1286 2271 et
1316 2215 1490 2271 aliam
1520 2217 1635 2272 sibi
1667 2231 1854 2288 copu-

200 2304 325 2359 lare
354 2320 368 2356 :
403 2301 666 2373 alioquin
685 2301 951 2358 convenit
973 2305 1450 2373 transgressorem
1469 2305 1680 2361 sociari
1705 2307 1854 2376 prio-

202 2393 255 2448 ri
286 2391 573 2464 conjugio.
620 2391 682 2445 Si
714 2394 901 2446 autem
931 2390 1023 2446 vir
1063 2395 1118 2446 et
1155 2406 1298 2448 uxor
1344 2393 1701 2452 solummodo
1750 2409 1853 2466 pro

204 2481 477 2554 religiosa
508 2480 624 2536 vita
652 2479 932 2536 divortire
963 2479 1114 2536 inter
1141 2495 1200 2537 se
1225 2483 1638 2550 consenserint,
1674 2485 1856 2542 nulla-

202 2578 376 2626 tenus
403 2568 529 2624 sine
573 2568 927 2624 conscientia
965 2570 1222 2641 episcOpi
1254 2571 1371 2642 ﬁat,
1408 2578 1471 2628 ut
1509 2573 1581 2628 ab
1609 2587 1674 2630 eo
1723 2576 1856 2630 sin-

202 2657 488 2730 gulariter
529 2658 756 2728 proviso
799 2658 1226 2716 constituantur
1268 2660 1392 2718 loco
1439 2680 1451 2716 :
1492 2675 1622 2717 nam
1679 2677 1856 2720 uxore

204 2747 454 2818 nolente,
485 2751 587 2802 aut
609 2745 789 2803 altero
821 2759 1037 2817 eorum,
1070 2748 1241 2804 etiam
1274 2763 1376 2820 pro
1417 2749 1519 2806 tali
1553 2764 1613 2806 re
1647 2752 1858 2807 matri-

203 2837 465 2893 monium
494 2850 606 2892 non
639 2835 912 2892 solvatur.

275 2925 860 2998 Trigesimoseptimo,
883 2932 946 2985 ut
966 2928 1113 2986 nulli
1143 2927 1315 2984 liceat
1346 2942 1461 2985 uno
1487 2934 1737 3000 tempore
1763 2929 1857 2986 ha-

202 3014 339 3072 bere
373 3030 605 3072 uxorem
638 3023 694 3074 et
729 3020 1108 3076 concubinam
1147 3018 1327 3088 ;quia
1365 3031 1495 3074 cum
1535 3018 1689 3074 domi
1739 3031 1853 3073 non

1965 1863 2121 1918 navit
2150 1862 2448 1932 episcOpos
2476 1864 2857 1936 quadraginta
2903 1871 3037 1936 tres,
3081 1868 3440 1938 presbyteros
3478 1883 3610 1926 vero

1965 1951 2345 2022 undeviginti,
2370 1952 2645 2008 diaconos
2673 1958 2905 2021 septem.
2939 1954 3304 2013 Obdormivit
3333 1963 3524 2014 autem
3549 1959 3608 2014 in

1962 2039 2203 2095 Domino
2233 2053 2327 2096 xv:
2355 2039 2590 2096 Kalend.
2617 2043 2880 2112 Augusti.

2378 2127 2511 2184 CVI.
2551 2159 2624 2170 —
2652 2131 3071 2187 BENEDICTUS
3095 2133 3186 2188 III.

2479 2216 2662 2288 (Anno
2687 2218 2891 2274 Christi
2922 2218 3049 2292 855)
3065 2261 3078 2275 .

2033 2306 2390 2378 Benedictus,
2457 2307 2687 2364 natione
2743 2309 3050 2381 Romanus,
3105 2323 3174 2366 ex
3221 2314 3380 2382 patre
3420 2313 3607 2385 Petro,

1964 2395 2114 2452 sedit
2132 2409 2311 2452 annos
2330 2397 2496 2469 duos,
2530 2411 2750 2453 menses
2793 2411 2912 2468 sex,
2951 2399 3076 2455 dies
3105 2401 3316 2456 decem.
3349 2402 3482 2457 Fuit
3509 2416 3613 2458 au-

1965 2488 2075 2539 tem
2097 2485 2450 2556 temporibus
2464 2486 2752 2542 Loduwici
2768 2486 2876 2542 ﬁlii
2892 2487 3174 2559 Lotharii,
3191 2488 3297 2544 ﬁlii
3314 2491 3425 2546 Lod
3437 2492 3607 2548 uwici

1966 2573 2348 2642 imperatoris.
2399 2576 2700 2644 Postquam
2745 2575 2934 2632 clerus
2979 2583 3036 2632 et
3078 2578 3324 2648 populus
3365 2579 3518 2636 hunc
3554 2585 3612 2636 et

1966 2661 2302 2717 renitentem
2315 2662 2629 2733 elegerunt,
2650 2663 2870 2732 etjuxta
2885 2677 3093 2720 morem
3113 2665 3172 2720 in
3191 2667 3606 2736 patriarchium

1963 2749 2343 2820 deduxerunt,
2365 2751 2655 2807 decretum
2675 2759 3095 2824 componentes,
3124 2759 3180 2809 et
3199 2755 3464 2812 manibus
3487 2771 3614 2826 pro-

1967 2838 2113 2908 priis
2158 2839 2508 2909 roborantes,
2561 2845 2627 2895 ut
2682 2841 2872 2910 prisca
2918 2844 3272 2899 consuetudo
3322 2845 3607 2916 poscebat,

1965 2928 2370 2984 invictissimis
2389 2928 2658 2984 Lothario
2682 2942 2747 2985 ac
2781 2930 3083 2987 Loduwico
3117 2932 3396 3003 Augustis
3424 2934 3615 2990 desti-

1965 3021 2260 3072 naverunt.
2293 3017 2396 3071 Sed
2442 3015 2637 3087 legati,
2689 3017 2790 3086 qui
2833 3018 3122 3074 decretum
3158 3019 3505 3092 deferebant,
3552 3023 3610 3079 in

200 3105 286 3160 sit
316 3105 561 3176 lucrum,
606 3107 812 3164 animai
859 3109 921 3164 ﬁt
958 3107 1366 3163 detrimentum
1399 3125 1412 3161 :
1445 3106 1708 3176 alioquin
1751 3119 1853 3162 ec-
1882 3120 1931 3186 α
1965 3104 2191 3167 itinere,
2214 3103 2469 3172 corrupti
2497 3104 2556 3158 in
2575 3104 2940 3160 Anastasium
2960 3104 3349 3176 presbyterum
3377 3122 3410 3163 a
3432 3111 3612 3166 Leone

200 3193 531 3251 clesiastica
577 3197 977 3252 communione
1024 3195 1289 3250 videatur
1333 3195 1608 3265 indignus
1648 3213 1661 3250 :
1703 3198 1759 3251 et
1801 3195 1852 3250 si

201 3284 664 3354 perseveraverit,
699 3283 770 3338 ab
799 3283 1037 3340 ecclesia
1062 3283 1290 3353 penitus
1315 3288 1662 3352 amputetur.

275 3373 813 3444 Trigesimooctavo,
869 3377 932 3429 ut
967 3372 1038 3429 de
1088 3373 1319 3443 pr0pria
1363 3373 1720 3444 cognatione,
1768 3372 1852 3429 vel

203 3473 380 3532 quam
411 3467 685 3533 cognatus
712 3461 934 3532 habuit,
965 3460 1167 3517 nullus
1195 3461 1404 3517 audeat
1435 3461 1494 3516 in
1517 3461 1851 3532 conjugium

200 3550 518 3621 copulare:
552 3551 602 3606 si
653 3552 786 3622 quis
839 3565 970 3607 vero
1022 3549 1224 3606 fecerit
1273 3554 1330 3606 et
1388 3551 1847 3622 perseveraverit,

202 3641 352 3696 sciat
380 3654 442 3695 se
467 3639 720 3696 vinculis
749 3639 1130 3696 anathematis
1161 3639 1520 3695 innodatum.

274 3729 772 3801 Trigesimonono,
806 3734 871 3785 ut
899 3728 1099 3785 nullus
1126 3727 1387 3784 absolute
1422 3727 1713 3799 presbyter
1751 3743 1856 3785 ον·-

201 3817 458 3888 dinetur,
492 3821 548 3872 et
594 3822 656 3872 ut
680 3818 845 3887 juxta
889 3815 1216 3872 facultatem
1262 3829 1449 3872 rerum
1499 3817 1771 3888 ecclesiae,
1799 3821 1856 3872 et

202 3907 546 3978 oblationes,
579 3906 663 3962 vel
693 3907 940 3962 reditum
967 3905 1164 3961 clerici
1192 3905 1553 3962 ordinentur.

272 3996 741 4069 Quadragesimo,
772 4001 836 4051 ut
863 3995 1174 4066 presbyteri
1196 3994 1400 4050 urbani
1428 4001 1482 4051 et
1511 3995 1852 4067 suburbani,

201 4093 259 4144 et
291 4087 514 4143 rurales
541 4099 756 4156 omnes,
793 4084 1185 4142 indifferenter
1204 4085 1272 4140 ad
1296 4084 1609 4141 concilium
1642 4085 1858 4154 episco-

205 4177 262 4248 pi
292 4177 545 4248 veniant,
577 4182 678 4232 aut
707 4189 984 4232 canonum
1015 4173 1477 4246 correptionibus
1503 4173 1852 4243 subjaceant.

273 4265 929 4337 Quadragesimoprimo,
981 4271 1044 4321 ut
1083 4264 1286 4332 laicus,
1332 4263 1431 4335 qui
1466 4262 1852 4333 presbyterum

201 4356 335 4412 sine
354 4368 634 4411 consensu
655 4353 910 4424 episc0pi
935 4353 1154 4424 proprii
1179 4367 1281 4410 sua
1306 4357 1580 4422 potestate
1603 4351 1858 4407 ecclesiae

1962 3193 2308 3262 depositum,
2342 3191 2632 3246 voluntate
2665 3191 2830 3247 illum
2867 3193 3236 3265 praeﬁciendi,
3279 3195 3612 3252 declinave-

1964 3289 2117 3351 runt,
2145 3286 2202 3336 et
2227 3281 2330 3336 hoc
2351 3280 2502 3349 apud
2527 3280 2818 3350 principes
2850 3282 3153 3351 praedictos
3174 3284 3428 3339 versutia
3452 3284 3616 3341 calli-

1961 3370 2166 3427 ditatis
2186 3368 2509 3437 eﬁecerunt,
2540 3374 2822 3438 quatenus
2847 3382 3042 3426 eorum
3065 3370 3348 3426 voluntati
3381 3386 3614 3429 consen-

1964 3461 2171 3516 tientes
2200 3460 2431 3514 Romam
2459 3458 2691 3529 legatos,
2723 3459 2823 3529 qui
2855 3459 3222 3516 Anastasium
3260 3460 3614 3519 inthroniza-

1963 3545 2474 3620 rent,'dirigerent.
2495 3547 2605 3616 Qui
2627 3561 2756 3603 cum
2781 3547 2921 3602 illuc
2941 3554 3240 3620 venerunt,
3273 3550 3611 3620 praedictum

1961 3638 2284 3709 depositum
2311 3636 2590 3692 violenter
2617 3636 2676 3690 in
2695 3637 3110 3706 patriarchium
3143 3639 3606 3712 introduxerunt,

1962 3734 2019 3784 et
2046 3727 2410 3783 Benedictum
2437 3726 2699 3796 ejectum,
2723 3731 2778 3781 et
2802 3726 3120 3796 pontiﬁcali
3154 3732 3304 3784 veste
3341 3729 3606 3786 denuda—

1965 3821 2108 3886 tum,
2139 3816 2199 3870 in
2220 3821 2375 3870 arcta
2403 3813 2665 3870 custodia
2678 3815 2890 3870 servari
2913 3816 3228 3884 jusserunt.
3252 3817 3355 3872 Sed
3378 3817 3606 3874 demum

1963 3919 2033 3961 ex
2055 3903 2341 3961 communi
2366 3908 2495 3959 voto
2520 3908 2576 3958 et
2596 3904 2898 3974 sententia,
2925 3905 3195 3961 triduano
3221 3907 3444 3976 jejunio
3482 3920 3613 3962 cum

1964 3995 2222 4050 oratione
2245 3999 2302 4048 et
2345 3991 2572 4062 vigiliis
2602 3992 2886 4049 celebrato
2915 3993 2987 4049 ab
3026 3995 3315 4065 omnibus,
3345 4001 3402 4051 et
3438 3996 3612 4052 etiam

1963 4083 2034 4138 ab
2061 4083 2154 4137 his
2175 4081 2275 4151 qui
2296 4081 2458 4150 prius
2472 4082 2964 4139 excommunicato
2991 4083 3317 4154 presbytero
3336 4084 3614 4157 faverant,

1967 4171 2316 4228 unanimiter
2338 4174 2483 4225 nutu
2497 4170 2696 4225 divino
2721 4171 2778 4224 in
2800 4172 3166 4228 Benedictum
3189 4179 3614 4246 convenerunt;

1965 4266 2020 4317 et
2049 4261 2108 4316 in
2141 4258 2442 4330 praesentia
2462 4263 2516 4314 et
2545 4271 2826 4314 consensu
2854 4260 3242 4331 imperialium
3274 4263 3612 4336 legatorum,

1965 4357 2050 4407 est
2081 4351 2141 4407 in
2171 4348 2495 4420 pontiﬁcem
2521 4352 2903 4404 consecratus.

199 4445 534 4516 cuicunque
566 4443 909 4514 instituerit,
940 4456 973 4498 a
1003 4442 1260 4498 ﬁdelium
1283 4442 1685 4498 communione
1705 4453 1858 4511 sepa-
1883 4456 1938 4518 D
2037 4441 2141 4496 Hic
2179 4439 2417 4496 Ratoldo
2466 4438 2732 4509 episcopo
2774 4438 2845 4494 de
2876 4438 3164 4508 parricida
3204 4439 3284 4495 ita
3327 4440 3565 4509 scripsit
3593 4458 3606 4495 :

205 4542 386 4590 retur.
418 4531 757 4603 Presbyteri,
786 4532 836 4587 si
883 4532 1054 4588 tertio
1107 4530 1177 4587 ab
1219 4531 1509 4602 episcopo,
1556 4530 1642 4586 vel
1674 4530 1858 4602 legato

201 4624 356 4693 ejus,
385 4621 454 4676 de
479 4621 722 4677 alterius
742 4620 979 4677 ecclesia
1007 4620 1266 4676 recedere
1292 4619 1593 4691 admoniti,
1628 4618 1860 4675 obedire

204 4710 523 4781 noluerint,
560 4710 778 4780 proprii
811 4709 989 4765 ofﬁcii
1017 4710 1257 4780 gradum
1281 4710 1572 4765 amittant.

282 4799 492 4856 Ultimo
523 4813 652 4856 vero
689 4798 946 4869 capitulo
986 4799 1428 4854 immutabiliter
1466 4798 1752 4870 praecepit,
1795 4811 1864 4854 ne

201 4889 370 4946 ullus
399 4888 592 4961 abbas,
619 4893 721 4944 aut
733 4887 980 4959 quilibet
1003 4887 1157 4944 alius
1187 4894 1492 4959 praesumat
1510 4887 1866 4958 presbyteros

203 4980 264 5035 in
297 4977 560 5034 ecclesiis
591 4983 863 5048 statuere,
911 4977 1027 5032 nisi
1071 4978 1171 5048 qui
1212 4983 1268 5033 et
1297 4977 1612 5033 sacerdotis
1652 4977 1864 5048 gradus

203 5068 373 5125 licite
397 5067 532 5123 dare
558 5073 816 5138 possunt,
845 5071 902 5122 et
929 5067 1204 5123 canonice
1232 5068 1302 5123 de
1332 5067 1606 5138 neglectis
1642 5065 1867 5136 presby.

202 5166 366 5214 teros
397 5156 690 5226 increpare
719 5174 730 5209 :
773 5157 868 5212 sed
896 5155 966 5212 ab
997 5156 1092 5212 his
1120 5155 1524 5212 venerabiliter
1545 5154 1867 5211 sacerdotes

203 5248 275 5304 ad
309 5245 499 5301 divini
533 5245 921 5302 ministerium
959 5244 1137 5302 ofﬁcii
1176 5249 1514 5316 expetantur
1556 5243 1864 5315 episcopis,

205 5335 430 5407 quibus
459 5335 835 5407 singulariter
858 5340 914 5392 et
937 5335 1212 5392 dimceses
1233 5335 1538 5405 pertinent,
1567 5339 1623 5390 et
1647 5333 1747 5404 qui
1780 5346 1868 5393 ca.

209 5425 418 5482 nonice
439 5424 648 5482 debent
671 5425 816 5496 ipsis
841 5424 1124 5481 ecclesiis
1164 5423 1480 5496 providere,
1510 5427 1567 5480 et
1607 5421 1867 5494 provisas

205 5513 503 5572 ordinare.

284 5604 605 5662 Predictus
625 5600 884 5676 pontifex
906 5603 968 5663 in
989 5603 1486 5677 praedictasynodo
1497 5600 1866 5662 Anastasium

1973 4531 2253 4594 Volumus,
2275 4533 2336 4584 ut
2351 4544 2454 4599 per
2483 4528 2763 4583 duodecim
2790 4543 2962 4582 annos
2983 4529 3083 4582 sub
3111 4544 3267 4583 onere
3283 4531 3616 4599 poenitentia:

1968 4622 2351 4681 constituatur,
2377 4619 2458 4672 ita
2482 4623 2542 4672 ut
2566 4617 2813 4672 omnibus
2860 4617 3051 4672 diebus
3075 4617 3357 4686 jejunium
3390 4619 3614 4674 celebret

1971 4724 2142 4778 usque
2167 4707 2242 4762 ad
2276 4721 2576 4777 neaperum,
2609 4710 2660 4760 et
2687 4706 2892 4777 absque
2924 4722 3087 4761 carne
3108 4708 3341 4776 vinoque
3378 4723 3442 4762 ac
3463 4709 3614 4778 pisce

1972 4798 2150 4852 cibum
2183 4799 2382 4858 sumat,
2426 4795 2660 4864 exceptis
2700 4795 2891 4850 diebus
2917 4797 3072 4864 festis
3098 4811 3161 4850 ac
3201 4797 3519 4860 Dominicis,
3564 4801 3621 4851 et

1974 4904 2009 4942 a
2053 4886 2261 4941 Pascha
2306 4899 2476 4954 usque
2521 4884 2866 4938 Pentecosten
2897 4903 2913 4939 :
2947 4900 3052 4954 per
3089 4887 3456 4955 quinquennii
3492 4900 3617 4941 vero

1973 4982 2178 5046 tempus
2201 4977 2262 5028 in
2282 4973 2556 5028 ecclesiam
2575 4974 2785 5027 intrare
2806 4988 2915 5027 non
2928 4979 3247 5042 praesumat,
3271 4991 3441 5045 neque
3467 4992 3618 5032 com-

1973 5066 2206 5119 municet
2232 5081 2248 5130 ;
2271 5067 2397 5116 ante
2424 5064 2568 5128 fores
2606 5062 2838 5116 ecclesiae
2874 5065 3086 5116 tantum
3121 5070 3447 5133 perseveret,
3488 5066 3618 5121 dum

1975 5168 2132 5208 sacra
2151 5152 2491 5207 celebrantur
2510 5152 2711 5220 ofﬁcia.
2740 5150 2872 5205 Cum
2891 5156 3070 5207 autem
3081 5154 3325 5224 quinque
3347 5169 3615 5209 annorum

1973 5245 2184 5312 fuerint
2207 5242 2507 5312 adimpleta
2541 5242 2837 5305 curricula,
2863 5243 3212 5310 ingrediatur
3243 5245 3533 5303 ecclesiam,
3565 5245 3615 5295 et

1975 5337 2118 5389 inter
2136 5333 2418 5388 audientes
2437 5336 2538 5387 stet
2555 5347 2675 5386 eum
2704 5333 2850 5386 omni
2881 5334 3067 5387 timore
3092 5339 3257 5403 atque
3289 5329 3610 5386 obedientia.

1975 5427 2116 5479 Dum
2139 5437 2262 5478 vero
2281 5421 2356 5477 ad
2373 5437 2582 5476 annum
2603 5422 2911 5492 pervenerit
2939 5422 3206 5482 decimun,
3228 5421 3428 5473 sanctae
3464 5431 3616 5470 com—

1975 5513 2249 5568 munionis
2273 5526 2488 5567 consors
2513 5512 2734 5576 existat,
2763 5516 2813 5565 et
2840 5512 2984 5565 inter
3009 5508 3249 5578 ﬁdelium
3287 5505 3614 5559 consortium

1978 5601 2283 5659 maneat.Si
2321 5616 2446 5657 vero
2497 5605 2625 5658 ante
2665 5601 3013 5658 constitutum
3056 5599 3264 5667 tempus
3307 5594 3436 5666 ﬁnis
3489 5593 3617 5652 vita
