4082 6168
215 270 358 332 4253

1095 276 1357 334 PSEUDO
1394 276 1809 336 LUITPRANDI
1845 279 1972 336 LIB.
2012 280 2104 337 DE
2141 275 2254 366 ᾞΤ
2257 281 2316 339 IS
2352 280 2522 340 ROM.
2563 281 2766 339 PONT.

3479 283 3619 344 ’1254

218 405 332 449 non
355 392 566 466 valent,
605 393 859 468 legitime
885 395 1194 466 accipiant.
1222 396 1280 452 Si
1319 396 1453 468 quis
1473 411 1603 454 cum
1637 397 1864 454 duabus
1890 400 1947 461 Α
1976 400 2110 456 Item
2139 400 2307 472 dicit,
2350 400 2711 470 monachum,
2739 401 2840 472 qui
2885 403 3056 459 semel
3088 418 3147 460 se
3174 406 3288 461 Deo
3339 406 3516 477 vovit,
3564 408 3621 461 et

212 481 534 554 sororibus,
567 497 670 539 aut
693 498 822 539 cum
849 483 962 555 his,
992 499 1134 556 quas
1155 499 1314 541 sacra
1338 486 1637 557 Scriptura
1659 487 1868 558 prohi—

216 570 328 640 bet,
351 570 526 627 fuerit
549 571 886 646 fornicatus,
910 573 960 630 si
988 574 1219 647 dignam
1246 577 1426 648 egerit
1450 577 1865 648 panitentiam,

217 657 390 715 liceat
410 661 462 715 ei
498 674 731 716 uxorem
771 662 1048 733 accipere.
1097 664 1382 720 Similiter
1411 670 1466 720 et
1505 665 1734 722 mulieri
1763 665 1862 721 tali

216 748 427 804 scelere
448 749 620 819 lapsa
648 749 832 806 facere
858 751 1008 808 licet.
1045 754 1204 824 Item,
1233 753 1645 825 quarentihus,
1671 758 1866 810 utrum

218 837 426 893 marito
477 851 708 894 uxorem
736 839 1054 898 adulteram
1092 842 1258 912 juxta
1315 843 1657 899 mundanam
1689 842 1866 914 legem

220 924 538 983 interﬁcere
599 927 788 997 liceat,
850 930 1166 1000 respondit,
1213 931 1414 987 dicens
1459 950 1471 986 :
1519 932 1721 986 Sancta
1770 933 1869 986 Dei

213 1015 454 1070 Ecclesia
474 1017 770 1072 mundanis
789 1033 1072 1088 nunquam
1086 1022 1478 1088 constringitur
1498 1021 1725 1088 legibus,
1748 1036 1868 1090 qua

213 1103 462 1174 gladium
500 1121 609 1160 non
633 1106 792 1162 habet
815 1109 929 1162 nisi
973 1110 1338 1179 spiritualem,
1385 1111 1484 1180 qui
1511 1125 1620 1164 non
1649 1110 1864 1173 occidit,

213 1193 312 1247 sed
334 1195 585 1264 viuiﬁcat.
616 1195 902 1252 Mandavit
930 1199 1111 1270 etiam,
1143 1203 1206 1252 ut
1229 1199 1527 1253 homicidas
1549 1203 1676 1268 post
1699 1200 1867 1254 unius

213 1284 352 1336 anni
378 1285 615 1353 spatium
650 1285 810 1340 liceat
855 1287 1130 1342 ecclesiam
1162 1279 1412 1342 introire.
1461 1290 1617 1359 Item,
1666 1293 1729 1343 ut
1773 1287 1868 1343 vi-

212 1370 328 1428 dua
351 1371 554 1443 velata,
588 1377 642 1429 et
679 1373 737 1428 in
764 1374 960 1430 eodem
1000 1374 1204 1433 habitu
1250 1389 1578 1448 permanere
1615 1375 1865 1446 professa

218 1472 328 1515 non
358 1469 683 1531 praesumat.

289 1549 346 1604 In
394 1549 510 1604 alia
562 1550 825 1620 epistola,
870 1565 1040 1622 quam
1095 1552 1391 1610 Luitberto
1432 1553 1864 1624 archiepiscopo

217 1636 363 1692 idem
387 1638 641 1708 pontifex
661 1640 897 1710 direxit,
913 1643 1199 1713 praecepit,
1221 1642 1409 1712 illum,
1435 1642 1535 1712 qui
1562 1655 1862 1714 paganum,

1977 490 2228 562 regulam
2255 495 2581 547 sanctorum
2608 493 2836 547 Patrum
2859 494 3127 564 suscepit,
3158 508 3269 551 non
3295 495 3410 566 jam
3437 509 3469 550 a
3496 509 3623 566 pro-

1977 580 2163 650 posito
2195 594 2359 650 posse
2386 581 2611 637 reverti.

2046 670 2360 726 Pradictus
2375 669 2628 741 pontifex
2643 670 2907 726 Photium
2920 669 3389 743 Constantinopol
3401 674 3516 729 itan
3526 688 3618 730 um

1975 757 2268 829 deposuit,
2310 759 2447 829 quia
2472 773 2540 814 ex
2573 758 2720 814 laico
2746 763 3113 814 consecratus
3132 759 3203 814 ab
3223 762 3624 818 excommuni-

1975 852 2101 902 cato
2121 847 2410 918 episcopo,
2431 853 2485 904 et
2501 848 2690 903 adhuc
2709 847 2927 919 Ignatio
2947 847 3273 918 patriarcha
3291 851 3621 921 superstite,

1975 933 2169 991 subito
2201 936 2506 1006 episcopus
2542 941 2629 992 est
2657 941 3061 1007 consecratus;
3093 941 3148 992 et
3184 938 3323 1008 quia
3352 941 3484 993 ante
3513 950 3626 994 au—

1975 1023 2253 1081 dientiam
2301 1026 2813 1083 excommunicatis
2872 1027 3296 1084 communicare
3358 1040 3625 1097 praesum-

1977 1116 2184 1184 pserat.

2047 1203 2196 1260 Idem
2230 1203 2486 1274 pontifex
2517 1204 2871 1263 Rothardum
2899 1206 3235 1276 episcopum
3260 1206 3629 1262 Suessionen-

1976 1305 2113 1363 sem,
2147 1293 2218 1348 ab
2248 1293 2553 1350 Hinemaro
2596 1294 2900 1351 Rhemensi
2945 1294 3380 1364 archiepiscopo
3405 1295 3628 1364 deposi-

1975 1384 2117 1452 tum,
2143 1381 2264 1437 sedi
2287 1396 2404 1438 sua
2433 1383 2726 1452 restituit;
2760 1384 2897 1454 quia
2918 1385 3180 1439 Romana
3205 1383 3360 1438 sedis
3381 1382 3625 1452 appella-

1976 1469 2057 1525 tio
2069 1471 2218 1540 apud
2236 1471 2572 1540 pradictum
2583 1472 3078 1542 archiepiscopum
3094 1478 3318 1542 tempus
3329 1471 3629 1528 dilationis

1978 1559 2286 1629 impetrare
2314 1573 2425 1615 non
2451 1559 2653 1616 valuit.
2688 1560 2793 1615 Hic
2819 1549 3110 1616 ordinavit
3129 1560 3428 1630 episcopos
3458 1574 3628 1616 sexa-

1976 1648 2136 1720 ginta
2167 1649 2444 1720 quinque,
2499 1648 2860 1720 presbyteros
2912 1653 3146 1719 septem,
3192 1649 3467 1704 diaconos
3493 1661 3628 1719 qua.

216 1727 410 1782 nonin
441 1727 612 1800 bello,
635 1730 730 1786 sed
763 1731 884 1786 odii
915 1731 1303 1804 meditatione,
1350 1731 1437 1787 vel
1471 1739 1701 1803 propter
1723 1745 1863 1788 ava-
1900 1728 2126 1793 Btuor.
2194 1738 2393 1794 Idibus
2453 1743 2644 1795 autem
2709 1737 2976 1795 Novemb.
3050 1737 3319 1810 migravit
3384 1736 3454 1793 ad
3521 1738 3626 1793 Do-

215 1815 406 1871 ritiam
460 1818 758 1888 occiderit,
812 1825 875 1876 ut
916 1821 1261 1877 homicidam
1311 1821 1515 1877 debere
1569 1822 1863 1892 panitere.

215 1905 348 1961 Item
370 1906 538 1975 juxta
579 1921 790 1964 morem
823 1909 1085 1965 Romana
1116 1909 1382 1966 Ecclesia
1417 1925 1449 1967 a
1491 1911 1868 1982 Quinquage—

215 1995 360 2051 sima
383 2010 566 2067 usque
593 1997 652 2052 in
684 1998 896 2054 Pascha
923 2000 1094 2054 etiam
1127 1999 1296 2056 Iaicis
1325 2013 1356 2054 a
1381 2013 1552 2056 carne
1580 2000 1870 2057 abstineri-

215 2083 350 2139 dum
381 2098 504 2141 esse
531 2087 815 2157 pracepit.
848 2089 982 2144 Item
1007 2088 1078 2144 de
1102 2100 1188 2159 eo,
1218 2089 1277 2144 in
1308 2089 1476 2158 cujus
1507 2089 1698 2146 lancea
1725 2089 1870 2146 alter

217 2186 276 2229 se
328 2173 638 2238 interemit,
677 2176 757 2232 ita
797 2177 1101 2247 pracepit:
1163 2176 1224 2232 Si
1247 2178 1365 2246 ejus
1416 2178 1713 2249 voluntate,
1773 2181 1870 2248 qui

217 2263 456 2317 lanceam
484 2267 678 2327 tenuit,
726 2271 935 2333 gestum
966 2271 1063 2329 est,
1109 2266 1390 2321 homicidii
1435 2282 1562 2321 reus
1601 2267 1865 2336 habetur;

216 2352 265 2405 si
300 2357 479 2406 autem
493 2369 556 2409 eo
592 2355 880 2422 ignorante
914 2360 1204 2425 patratum
1233 2360 1331 2419 est,
1359 2358 1619 2412 innoxius
1659 2372 1770 2412 esse
1790 2359 1868 2412 υἰ-

216 2440 390 2495 detur.
432 2443 592 2502 Item.
624 2443 814 2507 illum,
843 2445 943 2516 qui
971 2459 1142 2501 causa
1176 2445 1480 2515 probanda
1509 2445 1736 2501 chorda
1765 2459 1866 2502 sa-

219 2527 416 2598 gittam
438 2530 706 2586 emittens
741 2531 925 2587 ﬁlium
955 2532 1251 2602 prOprium
1301 2532 1501 2589 nolens
1550 2533 1861 2605 interemit,

211 2614 389 2682 jussit
413 2618 708 2687 paenitere,
733 2622 797 2674 ut
825 2619 894 2673 de
913 2618 1229 2675 homicidio
1255 2633 1366 2675 non
1390 2625 1589 2690 sponte
1615 2627 1860 2690 peracto.

215 2705 294 2760 De
320 2719 403 2775 eo,
438 2707 538 2778 qui
564 2708 859 2764 insaniens
882 2709 1134 2780 aliquem
1165 2709 1463 2782 occiderit,
1496 2711 1671 2766 dicit:
1702 2711 1764 2765 Si
1791 2711 1867 2764 ad

211 2808 406 2847 sanam
433 2800 660 2850 mentem
674 2801 1004 2866 perveniret,
1028 2799 1199 2854 levius
1220 2801 1482 2870 partite-re
1502 2800 1675 2870 debet,
1700 2815 1866 2869 quam

215 2882 265 2934 si
293 2884 414 2950 quis
439 2898 588 2938 sana
614 2887 808 2938 mentis
832 2887 929 2938 hoc
961 2889 1182 2952 faceret.

285 2971 436 3026 Idem
496 2971 753 3041 pontifex
796 2973 1220 3029 Constantiensi
1260 2975 1528 3044 episcopo
1572 2974 1860 3030 Salomoni

209 3058 326 3132 (30,
359 3075 412 3128 q.
456 3057 583 3130 l,c.
634 3061 928 3123 Salomoni)
981 3062 1283 3131 epistolam
1330 3062 1586 3133 scripsit,
1635 3063 1694 3117 in
1753 3075 1865 3132 qua
1896 3047 1946 3111 C

216 3147 502 3220 prohibet,
545 3162 614 3204 ne
645 3163 796 3205 unus
838 3150 1004 3206 homo
1047 3151 1300 3220 accipiat
1343 3152 1489 3207 duas
1527 3156 1867 3206 commatres

213 3237 570 3308 spirituales,
605 3251 775 3294 unam
800 3245 926 3308 post
953 3239 1161 3295 aliam:
1196 3240 1335 3310 quia
1365 3253 1496 3296 cum
1526 3239 1616 3295 vir
1638 3243 1694 3295 et
1720 3253 1868 3295 uxor

218 3340 329 3382 una
354 3340 487 3383 caro
505 3340 604 3397 per
628 3327 980 3383 connubium
1011 3327 1349 3398 efﬁciantur,
1385 3333 1562 3384 restat
1586 3328 1864 3384 nimirum

215 3421 558 3486 compatrem
588 3416 867 3472 constitui
893 3416 982 3472 illi
1015 3417 1268 3487 mulieri,
1298 3418 1467 3488 cujus
1494 3417 1552 3472 in
1581 3418 1869 3474 matrimo-

223 3505 317 3561 nio
349 3510 640 3576 assumpta
671 3519 818 3562 uxor
840 3511 1149 3563 commater
1178 3520 1300 3562 esse
1330 3507 1662 3563 videbatur:
1701 3512 1758 3563 et
1789 3506 1870 3562 id-

219 3595 372 3651 circo
399 3595 563 3665 dicit,
587 3595 774 3650 virum
802 3607 914 3650 non
942 3609 1106 3665 posse
1129 3595 1218 3650 illi
1250 3597 1478 3653 mulieri
1494 3597 1664 3668 jungi
1691 3597 1750 3652 in
1780 3609 1869 3652 co-

220 3684 371 3756 pula,
406 3699 530 3755 qua
555 3693 861 3741 commater
908 3691 1032 3740 erat
1055 3686 1200 3754 ejus,
1251 3700 1382 3742 cum
1425 3700 1536 3757 qua
1577 3700 1689 3741 una
1733 3699 1866 3742 caro

218 3771 402 3828 fuerat
430 3771 681 3828 enectus.
719 3775 854 3828 Item
888 3773 1171 3844 praecipit,
1207 3786 1275 3828 ne
1318 3774 1548 3845 mulier,
1579 3788 1704 3846 qua
1751 3773 1863 3828 viri

218 3861 400 3916 ﬁlium
427 3874 495 3916 ex
524 3861 640 3916 alia
665 3859 876 3916 femina
903 3863 1156 3932 genitum
1183 3863 1253 3916 de
1273 3877 1434 3918 sacro
1455 3861 1609 3918 fonte
1636 3861 1861 3934 levavit,

219 3954 445 4020 propter
475 3955 580 4006 hoc
608 3963 640 4004 a
670 3950 794 4006 viro
820 3955 1133 4020 separetur,
1169 3951 1304 4020 quia
1331 3952 1644 4007 secundum
1673 3965 1865 4007 sacros

214 4051 478 4109 canones,
513 4038 628 4094 nisi
652 4053 718 4094 ex
740 4038 1036 4094 amborum
1063 4052 1346 4094 consensu
1367 4045 1422 4095 et
1444 4041 1747 4113 religionis
1773 4041 1868 4097 ob-

218 4132 377 4182 tentu
409 4140 520 4183 non
547 4127 712 4184 debet
750 4129 1047 4199 conjugem
1092 4128 1386 4183 dimittere
1419 4131 1660 4197 conjux:
1700 4131 1868 4186 habet

217 4224 403 4272 tamen
433 4230 600 4288 grave
626 4223 918 4286 peccatum
942 4216 1172 4286 mulier,
1203 4231 1328 4288 qua
1357 4217 1491 4273 odio
1521 4218 1734 4274 habens
1758 4232 1870 4274 ma-

217 4306 418 4368 ritum,
464 4305 628 4377 quasi
671 4317 844 4361 causa
891 4305 1125 4374 pietatis
1172 4310 1443 4374 operatur
1491 4305 1861 4377 impietatem.

221 4398 353 4449 Item
383 4363 453 4449 de
475 4363 802 4466 presbytero
829 4363 936 4465 μὲ,
966 4409 1020 4465 q.
1055 4393 1109 4466 5,
1144 4363 1540 4464 c.-Presbyter)
1565 4363 1654 4451 uel
1680 4397 1869 4453 diaco-
1897 4363 1951 4425 D

218 4495 310 4552 no,
337 4496 502 4554 quem
525 4483 812 4538 asserebat
834 4483 1098 4540 Salomon
1124 4483 1428 4554 episcopus
1447 4484 1694 4540 crimina
1718 4485 1867 4542 nolle

219 4571 447 4640 publice
485 4573 766 4645 conﬁteri,
799 4573 894 4629 sed
943 4575 1086 4630 velle
1117 4587 1178 4629 se
1214 4588 1344 4630 cum
1379 4578 1731 4630 sacramento
1760 4575 1868 4630 de-

218 4657 464 4730 fendere,
489 4667 544 4717 et
570 4667 754 4718 tamen
777 4662 1002 4719 dicebat
1026 4671 1222 4719 notum
1248 4677 1371 4719 esse
1391 4665 1656 4735 episcopo
1679 4664 1868 4720 scelus

217 4749 408 4819 ipsius
438 4747 558 4806 fore
582 4757 906 4822 patratum;
941 4752 1261 4822 respondet,
1297 4766 1408 4808 non
1447 4766 1570 4808 esse
1598 4753 1866 4824 episcopo

213 4838 404 4894 scelus
427 4839 681 4912 legitime
720 4839 1110 4912 manifestum,
1135 4841 1185 4897 si
1225 4841 1517 4911 presbyter
1546 4841 1632 4897 vel
1661 4841 1868 4898 diaco—

216 4941 326 4983 nus
358 4941 468 4983 non
500 4927 674 4985 fuerit
696 4944 795 5000 per
813 4929 1279 5000 approbationem
1304 4929 1536 4985 testium
1571 4928 1715 4985 forte
1740 4943 1870 4986 con-

213 5017 424 5086 victus,
454 5022 555 5073 aut
585 5019 707 5089 ipse
732 5033 834 5075 sua
862 5018 1039 5075 fuerit
1071 5024 1273 5091 sponte
1303 5018 1490 5075 scelus
1518 5019 1707 5090 ipsum
1739 5033 1870 5076 con-

211 5102 422 5161 fessus.
457 5107 696 5179 Idcirco,
732 5109 1068 5179 priusquam
1117 5108 1360 5164 alterum
1411 5108 1613 5164 horum
1643 5108 1868 5164 eveniat

215 5208 331 5251 non
360 5195 564 5252 debere
594 5211 700 5253 suo
733 5196 948 5266 privari
980 5195 1196 5252 oﬁicio:
1234 5197 1370 5268 quia
1410 5196 1532 5253 sola
1553 5205 1865 5266 spontanea

211 5282 523 5348 confessio,
542 5285 626 5340 vel
640 5285 952 5341 canonicus
969 5299 1262 5356 numerus,
1276 5291 1333 5341 et
1344 5285 1595 5356 qualitas
1607 5287 1861 5356 testium,

211 5373 659 5432 decernentibus
677 5373 987 5445 episcopis,
1033 5382 1090 5430 et
1113 5381 1466 5448 accusatore,
1504 5376 1655 5447 quod
1701 5374 1868 5445 obje—

209 5466 384 5537 cerit,
407 5465 829 5538 comprobante,
858 5465 1132 5522 clericum
1171 5465 1404 5536 praprio
1433 5466 1614 5538 gradu
1658 5465 1866 5537 privat.

1979 1826 2215 1883 minum.

2421 1914 2600 1970 CVIII.
2631 1943 2706 1954 —
2732 1913 3080 1970 ADRIANUS
3110 1915 3175 1969 II.

2498 2002 2684 2073 (Anno
2721 2002 2925 2058 Christi
2954 1999 3110 2072 867.)

2048 2090 2358 2154 Adrianus,
2386 2092 2620 2147 natione
2639 2091 2948 2161 Romanus,
2971 2104 3038 2146 ex
3068 2093 3227 2160 patre
3248 2087 3514 2160 Thalaro,
3541 2102 3631 2145 se-

1976 2180 2067 2237 dit
2095 2181 2153 2235 in
2189 2179 2523 2250 episcopatu
2562 2192 2742 2235 annos
2773 2184 3039 2249 quatuor,
3085 2192 3306 2234 menses
3339 2177 3624 2249 undecim,

1974 2270 2099 2326 dies
2138 2271 2348 2326 decem.
2394 2270 2499 2324 Hic
2528 2268 2599 2325 ab
2642 2268 2913 2325 omnibus
2953 2268 3224 2324 Romanis
3271 2267 3628 2323 unanimiter

1975 2359 2190 2416 electus
2209 2364 2312 2414 est.
2340 2359 2594 2428 Quorum
2619 2358 3053 2414 unanimitatem
3076 2361 3132 2412 et
3152 2356 3504 2413 desiderium
3531 2369 3628 2412 au-

1973 2448 2140 2504 diens
2166 2449 2496 2505 Lodewicus
2528 2449 2856 2518 imperator,
2888 2459 3238 2520 cognoscens
3262 2445 3456 2515 etiam,
3491 2458 3628 2516 qua-

1975 2538 2110 2594 liter
2137 2539 2194 2594 in
2226 2552 2292 2594 eo
2326 2537 2615 2594 decretum
2657 2538 2782 2593 suis
2810 2535 3342 2608 subscriptionibus
3368 2533 3626 2590 roboras-

1975 2633 2119 2696 sent,
2146 2627 2306 2683 valde
2334 2631 2590 2699 gavisus,
2620 2641 2749 2682 mox
2775 2625 3127 2696 imperialem
3152 2624 3391 2695 scripsit
3417 2622 3629 2692 episto-

1975 2715 2110 2787 lam,
2145 2729 2244 2787 per
2282 2730 2451 2787 quam
2492 2716 2726 2771 electam
2754 2715 2877 2770 ﬁeri
2911 2715 3208 2785 prasulem
3251 2711 3619 2769 collaudavit.

1974 2805 2158 2874 Hujus
2205 2804 2561 2876 temporibus
2608 2804 2935 2860 Lodewicus
2986 2804 3145 2858 dedit
3190 2801 3455 2857 Ecclesia
3482 2799 3630 2854 Cor-

1974 2891 2191 2948 beiensi
2218 2901 2274 2949 et
2293 2893 2682 2950 Herifordensi
2717 2892 2990 2964 quasdam
3020 2891 3328 2948 decimales
3354 2887 3628 2945 ecclesias

1973 2993 2100 3034 cum
2132 2981 2276 3049 ipsis
2304 2981 2547 3036 decimis
2569 2981 2628 3034 in
2651 2981 2923 3048 parochia
2943 2979 3295 3050 Osbrugensi
3322 2975 3631 3052 [Osnabru—

1976 3067 2182 3141 gensi],
2217 3069 2608 3124 consentiente
2637 3070 2905 3138 episcopo
2925 3073 2982 3124 et
3010 3069 3165 3124 omni
3188 3068 3360 3124 clero.
3382 3066 3623 3123 Carolus

1976 3159 2358 3215 Romanorum
2377 3160 2686 3227 imperator
2697 3162 2754 3212 et
2766 3157 3050 3227 patricius
3064 3158 3224 3213 dedit
3240 3155 3628 3211 honoriﬁcam

1977 3245 2262 3316 Ecclesia,
2314 3251 2370 3303 et
2422 3245 2866 3302 honoriﬁcanda
2931 3258 2965 3300 a
3019 3248 3133 3301 Deo
3205 3241 3624 3313 Hersveldensi,

1979 3335 2250 3404 quasdam
2283 3335 2535 3391 decimas
2567 3335 2625 3389 in
2655 3333 3008 3390 Frisonevelt
3023 3339 3078 3389 et
3107 3335 3350 3404 Hassega
3380 3330 3627 3386 Halber-

1976 3423 2231 3480 stadensi
2254 3423 2321 3479 ad
2325 3424 2576 3493 jacentes
2595 3423 2852 3493 diacesi,
2884 3435 3026 3493 quas
3042 3421 3364 3490 Stephanus
3391 3431 3535 3489 papa
3565 3419 3626 3474 in

1977 3511 2218 3568 basilica
2248 3513 2306 3567 Β.
2337 3512 2486 3568 Petri
2516 3512 2611 3568 die
2653 3518 2849 3568 sancto
2879 3511 3109 3567 Pascha
3151 3523 3254 3566 sua
3285 3508 3630 3565 auctoritate

1976 3604 2033 3657 et
2055 3601 2422 3670 imperatoris
2445 3601 2894 3672 subscriptione,
2921 3604 2978 3656 et
3017 3598 3330 3670 Hisdegino
3355 3607 3377 3634 '
3402 3596 3629 3652 Halber-

1976 3690 2229 3746 stadensi
2287 3690 2556 3760 episcopo
2604 3693 2899 3760 prasente,
2958 3687 3339 3745 conﬁrmavit.
3389 3684 3629 3741 Carolus

1978 3779 2191 3850 quippe
2233 3793 2428 3836 omnes
2457 3779 2710 3835 decimas
2741 3779 2802 3834 in
2846 3777 3092 3834 Saxonis
3132 3775 3513 3832 constituerat
3555 3773 3626 3828 ad

1976 3869 2162 3940 regale
2213 3869 2538 3938 servitium,
2588 3872 2643 3924 et
2672 3881 2767 3923 eas
2797 3881 2894 3923 rex
2931 3867 3068 3922 dare
3122 3864 3332 3936 potuit,
3376 3875 3494 3934 quo
3521 3875 3631 3918 vo-

1976 3957 2108 4012 luit.

2045 4045 2151 4100 IIic
2195 4045 2511 4115 apostolica
2553 4045 2899 4102 auctoritate
2944 4043 3213 4113 ﬁrmavit,
3265 4041 3314 4098 si
3358 4040 3629 4110 deinceps

1976 4132 2265 4202 quispiam
2295 4132 2626 4203 episcopum
2659 4133 2920 4189 occidere
2951 4131 3276 4200 tentaverit,
3309 4129 3396 4185 vel
3426 4127 3629 4199 flagel-

1977 4220 2115 4289 lare,
2136 4222 2468 4278 aut'saltem
2497 4225 2811 4290 percutere,
2842 4224 2962 4276 uta
3008 4222 3122 4276 Deo
3152 4224 3208 4274 et
3237 4218 3456 4274 sanctis
3503 4218 3630 4286 ejus

1977 4310 2246 4367 omnibus
2276 4311 2356 4366 sit
2374 4309 2696 4365 anathema.
2727 4308 2868 4380 Illos
2908 4313 3120 4378 autem,
3165 4307 3265 4376 qui
3301 4306 3543 4360 illicitas
3573 4308 3630 4359 et

1981 4397 2335 4456 incestuosas
2351 4399 2588 4469 c0pulas
2613 4395 2983 4464 contrahunt,
3002 4395 3052 4450 si
3073 4394 3324 4450 secundo
3348 4393 3435 4448 vel
3455 4391 3628 4447 tertio

1977 4488 2258 4545 admoniti
2280 4503 2376 4544 eas
2398 4503 2508 4544 non
2532 4488 2879 4557 dissolvunt,
2909 4490 2965 4540 et
2982 4484 3213 4555 dignam
3233 4479 3625 4552 panitentiam

1978 4590 2088 4632 non
2118 4578 2361 4648 egerint,
2384 4591 2416 4633 a
2447 4576 2755 4633 liminibus
2782 4573 3036 4631 ecclesia
3058 4585 3187 4628 cum
3210 4570 3336 4626 suis
3357 4569 3630 4640 sequaci—

1977 4666 2088 4723 bus
2113 4665 2499 4722 eliminandos
2536 4679 2660 4722 esse
2688 4663 2961 4721 decrevit.
2991 4665 3128 4718 Item
3156 4664 3414 4730 raptores
3436 4657 3630 4729 virgi—

1979 4769 2137 4825 num,
2164 4754 2264 4824 qui
2295 4768 2390 4809 eas
2427 4753 2688 4824 legitimo
2731 4751 2980 4823 nuptiali
3017 4751 3168 4820 jure,
3193 4747 3278 4804 vel
3315 4747 3626 4803 secundum

1981 4844 2174 4912 ritum,
2200 4842 2283 4897 vel
2313 4841 2512 4913 legem,
2541 4841 2625 4896 vel
2651 4854 2863 4912 pacem,
2882 4838 3265 4910 acquisivisse
3287 4838 3624 4906 noscuntur,

1976 4932 2166 4988 eadem
2187 4929 2470 4987 sententia
2489 4929 2651 4985 feriri
2667 4928 2866 4998 jussit:
2891 4941 3036 4998 quos
3051 4927 3300 4988 tandem,
3324 4924 3439 4980 nisi
3458 4938 3488 4980 a
3507 4937 3630 4994 pra-

1977 5035 2044 5077 va
2076 5019 2453 5075 intentionem
2503 5017 2862 5087 recesserint,
2906 5013 3254 5070 anathemati
3293 5013 3630 5070 submitten-

1977 5111 2080 5166 dos
2103 5121 2226 5164 esse
2257 5107 2443 5163 modis
2472 5103 3065 5176 omnibusjudicavit.
3103 5105 3238 5159 Item
3282 5102 3622 5170 homicidas,

1976 5206 2031 5255 et
2056 5199 2352 5254 hominum
2402 5199 2785 5265 truncatores,
2841 5194 2893 5250 si
2949 5207 3060 5250 non
3091 5195 3405 5250 secundum
3447 5191 3621 5260 legem

1975 5287 2420 5358 emendaverint,
2443 5292 2500 5342 et
2522 5285 2916 5357 panitentiam
2947 5297 3056 5340 non
3079 5284 3320 5356 egerint,
3349 5277 3626 5334 similiter

1979 5379 2271 5435 invasores
2290 5381 2346 5433 et
2377 5376 2644 5433 incendia
2668 5373 2964 5446 facientes,
2992 5378 3166 5444 atque
3189 5374 3468 5438 raptores,
3494 5364 3623 5435 pari

1979 5467 2261 5524 sententia
2291 5465 2580 5524 feriendos
2607 5479 2731 5523 esse
2762 5466 2935 5523 dixit.
2967 5465 3105 5519 Item
3143 5456 3366 5527 statuit,
3413 5466 3484 5511 ne
3515 5451 3624 5510 ulli

285 5565 312 5593 ι
335 5556 659 5627 Hildegrino
687 5556 758 5614 de
784 5570 899 5630 quo
921 5555 1050 5614 Alb.
1083 5555 1392 5615 Krantzius
1416 5555 1500 5614 lib
1529 5569 1546 5613 ι
1577 5555 1939 5630 Metropolis,
1968 5572 2015 5616 c.
2041 5555 2093 5614 2.
