4082 6168
437 317 585 376 4255

1226 306 1518 366 APPEND.
1557 303 1652 361 AD
1689 303 1850 361 SJEC.
1893 302 1994 359 IX.
2040 329 2114 343 —
2148 296 2502 356 AUCTORES
2538 295 2709 355 ANNI
2735 294 2893 353 INCE
2903 293 3041 351 RTI.

3720 285 3855 345 4256

438 435 606 490 liceat
634 433 908 490 clericum
935 430 1234 488 attitulare
1267 429 1327 484 in
1357 425 1601 483 ecclesia
1625 427 1828 495 praeter
1857 421 2083 491 episco-
2113 415 2174 479 A
2203 419 2312 490 sit;
2347 419 2446 475 ubi
2479 418 2712 476 Fulconi
2746 416 3049 473 Rhemensi
3082 414 3350 485 episcOpo
3385 411 3511 468 vice
3556 421 3664 466 sua
3695 422 3853 465 com-

441 537 595 594 pum,
628 523 698 578 ad
727 523 896 591 cujus
927 519 1351 577 ordinationem
1381 521 1439 572 et
1463 518 1796 586 potestatem
1821 508 2090 566 dimcesis

438 614 694 668 omnium
719 613 849 682 jure
870 609 1273 678 Ecclesiarum,
1303 605 1615 662 secundum
1637 601 1935 672 antiquam
1961 611 2090 654 con-

439 702 821 782 stitutionem,
871 713 972 770 pro
1004 711 1106 755 sua
1132 698 1344 768 cuique
1372 694 1691 765 pertinente
1724 689 2014 761 parochia.

897 805 1038 862 CIX.
1061 835 1134 846 —
1155 802 1459 858 JOANNES
1486 802 1622 857 VIII.

969 895 1151 966 (Anno
1179 893 1382 948 Christi
1407 887 1555 962 872.)

507 989 752 1044 Joannes
773 985 926 1041 sedit
944 997 1124 1039 annos
1147 983 1360 1052 decem,
1392 980 1519 1036 dies
1540 978 1706 1035 duos.
1733 976 1836 1032 Hic
1863 975 2089 1031 decreto

2203 509 2374 566 missa
2405 523 2633 565 causam
2663 521 2859 564 eorum
2899 503 3216 562 examinari
3251 501 3566 558 mandavit.

2657 598 2845 655 CXIII.
2891 627 2964 638 -—
3006 593 3382 652 FORMOSUS.

2270 687 2576 744 Formosus
2645 686 2978 743 Portuensis
3045 685 3370 754 episcOpus,

2202 778 2476 850 quinque,
2504 790 2724 833 menses
2750 791 2848 832 sex
2873 787 2900 817 ο
2937 817 2950 830 .
2979 773 3089 844 Qui
3122 775 3427 828 Formosus
3457 767 3852 840 religiosissi-

2200 881 2328 922 mus
2356 879 2388 922 a
2419 867 2691 922 Romanis
2728 865 3088 922 vehementer
3128 860 3550 928 afflictabatur;
3595 858 3767 926 cujus
3797 859 3854 911 et

2199 956 2430 1012 hortatu
2471 970 2568 1011 rex
2603 954 2939 1024 Arnulphus
2968 955 3200 1008 Romam
3250 951 3570 1007 advenerat.
3625 950 3681 1003 In
3735 961 3854 1002 cu—

3455 679 3611 736 sedit
3675 689 3853 732 annos

1536 1066 1850 1139 quemlibet
1877 1065 2087 1135 episco-

2202 1045 2291 1114 jus
2342 1044 2624 1116 ingressu,
2670 1042 3000 1100 ulciscendo
3057 1053 3212 1111 papae
3277 1038 3574 1108 injuriam,
3639 1035 3854 1092 multos

2202 1136 2237 1146 η
2695 1133 2706 1144 .
2793 1133 2805 1144 .
2865 1145 2870 1146 ,
2986 1130 3008 1146 .
3137 1144 3166 1146 η
3347 1132 3717 1146 “unum
3751 1125 3814 1146 λ,

438 1180 572 1235 pum
607 1165 665 1221 in
698 1163 1057 1234 praesentiam
1090 1159 1330 1217 Romani
1385 1157 1652 1229 praesulis
1704 1155 2087 1222 introducere,

436 1256 522 1312 vel
554 1242 759 1311 census
789 1253 859 1308 ab
881 1266 945 1308 eo
967 1252 1320 1323 adjsumptus
1345 1247 1625 1318 publicos,
1651 1259 1752 1302 seu
1773 1245 1922 1301 dona
1947 1257 2094 1314 quae-

439 1346 578 1402 libet
609 1345 875 1416 exigere;
908 1342 1003 1399 sed
1039 1355 1140 1396 nec
1167 1353 1358 1396 coram
1391 1338 1559 1394 laicis
1583 1337 1915 1406 episcOpum
1946 1346 2092 1389 con-

437 1434 614 1490 cessit
637 1451 648 1486 :
675 1431 917 1488 clericos
943 1435 999 1486 et
1020 1426 1508 1496 sanctimoniales,
1537 1423 1792 1494 pupillos
1811 1427 1867 1477 et
1887 1422 2092 1478 viduas

438 1522 546 1580 sub
578 1521 756 1579 tutela
785 1519 1185 1589 episcoporum
1211 1528 1334 1571 esse
1363 1512 1635 1582 decrevit,
1669 1516 1724 1567 et
1757 1525 1853 1567 eos
1877 1511 1946 1566 ad
1981 1524 2093 1565 sa:—

436 1609 891 1678 culariajudicia
906 1606 1057 1661 trahi
1075 1605 1260 1661 modis
1273 1603 1543 1661 omnibus
1556 1601 1878 1657 interdixit.
1895 1599 2094 1668 Quem-

439 1698 580 1755 libet
617 1703 805 1752 autem
835 1697 1037 1751 ducem
1069 1693 1154 1749 vel
1195 1693 1375 1748 alium
1415 1696 1612 1747 contra
1645 1690 1762 1744 haec
1810 1694 2091 1760 agentem,

439 1785 1047 1842 excommunicandum
1106 1795 1230 1838 esse
1286 1781 1578 1848 decrevit;
1642 1782 2088 1849 perseverantem

440 1888 577 1932 vero
602 1873 985 1930 anathematis
1015 1870 1247 1927 vinculo
1282 1868 1696 1925 innodandum.

512 1963 661 2020 Idem
695 1962 847 2018 inter
873 1967 1074 2017 caetera
1103 1960 1172 2015 de
1197 1958 1438 2014 decimis
1464 1955 1858 2013 sacerdotibus
1884 1955 2092 2011 dandis

443 2052 524 2108 ita
550 2051 850 2122 praecepit:
895 2049 1062 2116 Quas,
1095 2047 1320 2104 scilicet
1348 2047 1620 2114 decimas,
1659 2059 2095 2115 unumquemque

438 2141 650 2212 ﬁdelem
676 2141 764 2195 illi
801 2139 1069 2195 sacerdoti
1107 2138 1240 2192 dare
1268 2137 1574 2197 censuimus
1593 2146 1615 2173 ι
1643 2137 1703 2189 in
1742 2136 1899 2204 cujus
1917 2150 2098 2205 paro—

440 2231 563 2284 chia
609 2229 739 2284 dum
774 2229 971 2300 procul
1009 2226 1173 2282 dubio
1215 2229 1425 2280 constat
1472 2224 1572 2280 sub
1617 2225 1854 2294 episcopi
1879 2225 2096 2294 proprii

441 2318 667 2387 ditione,
700 2319 832 2388 quia
857 2317 932 2371 ad
978 2317 1073 2370 hoc
1101 2314 1469 2384 recipiendum
1507 2313 1576 2367 ab
1621 2315 1862 2382 episcopo
1888 2327 1984 2366 suo
2018 2316 2097 2366 est

447 2411 794 2471 constitutus,
837 2421 1098 2472 manere;
1131 2409 1180 2459 et
1227 2404 1346 2458 ideo
1384 2403 1599 2457 nullum
1636 2403 1864 2457 alterius
1893 2401 2094 2456 dioece—

442 2513 555 2553 seos
585 2497 914 2552 sacerdotem
930 2499 1028 2549 aut
1050 2495 1267 2548 levitam
1296 2493 1457 2546 alteri
1462 2493 1593 2561 jure
1617 2507 1680 2546 ea
1708 2507 1903 2545 novum
1929 2486 2088 2563 [fors.

442 2586 728 2656 canonum]
773 2586 954 2640 debita
996 2582 1312 2652 hujusmodi
1353 2581 1550 2636 audire
1599 2581 1959 2652 impudenter,
2009 2578 2095 2633 vel

441 2679 632 2729 temere
669 2689 929 2744 querere,
971 2677 1067 2727 aut
1092 2674 1332 2741 accipe-re
1362 2671 1767 2725 damnationem
1800 2665 1818 2743 [
1819 2672 1926 2737 for.
1959 2673 2094 2722 tan-

442 2769 576 2827 tum,
603 2759 988 2836 donationem]
1016 2762 1099 2816 vel
1130 2763 1494 2816 donationem.
1531 2760 1668 2820 Cum.
1693 2775 1816 2814 vero
1848 2761 1947 2828 qui
1976 2759 2092 2812 ali-

442 2857 522 2906 ter
551 2853 683 2906 dare
709 2852 796 2905 vel
833 2852 1074 2920 accipere
1093 2851 1522 2920 praesumpserit,
1551 2849 1913 2903 ecclesiastica
1942 2862 2093 2901 com-

438 2941 695 2996 munione
738 2939 935 2993 tandiu
971 2939 1290 3008 judicamus
1328 2954 1544 2994 manere
1585 2939 1888 3008 privatum,
1927 2938 2094 2991 donec

437 3029 732 3084 secundum
770 3029 866 3083 hoc
893 3034 1093 3084 nostra
1139 3029 1449 3099 apostolicae
1490 3029 1831 3083 auctoritatis
1868 3029 2094 3098 capitu—

444 3119 555 3174 lum
579 3121 854 3175 studuerit
879 3134 1058 3188 agere.

506 3210 690 3280 Hujus
713 3209 1070 3279 temporibus
1108 3207 1439 3264 Lodewicus
1470 3205 1782 3277 imperator
1805 3206 1877 3263 ab
1910 3206 2092 3263 Adal—

439 3299 564 3372 giso
616 3300 1004 3355 Beneventano
1060 3297 1206 3353 duce
1255 3295 1604 3353 constrictus
1664 3296 1870 3354 timore
1937 3297 2089 3368 vitae,

434 3388 809 3458 jurejurando
859 3387 1126 3457 firmavit,
1182 3398 1476 3456 nunquam
1519 3399 1578 3442 se
1619 3386 1918 3442 Beneventi
1952 3386 2094 3443 ﬁnes

440 3477 593 3534 ultra
645 3478 1020 3543 intraturum,
1055 3488 1237 3546 neque
1283 3488 1352 3530 ex
1385 3475 1643 3546 periculo
1678 3475 1908 3546 injuriae
1955 3480 2092 3532 tunc

437 3567 552 3622 sibi
586 3566 760 3623 illata:
797 3567 1110 3622 vindictam
1139 3564 1454 3636 aliquando
1485 3570 1840 3621 exacturum.
1871 3564 1954 3619 Ab
1984 3565 2090 3620 hoc

437 3661 626 3712 autem
647 3657 974 3725 juramento
1027 3655 1387 3724 postmodum
1433 3655 1740 3725 praedictus
1786 3667 1927 3724 papa
1957 3669 2087 3712 eum

437 3747 624 3801 Roma
645 3745 891 3800 absolvit
920 3744 1265 3800 auctoritate
1294 3745 1394 3799 Dei
1426 3749 1482 3798 et
1507 3744 1560 3798 S.
1598 3742 1770 3813 Petri,
1803 3742 2089 3802 afﬁrmans

438 3833 588 3888 nihil
609 3833 723 3888 sibi
751 3833 967 3901 obesse,
998 3832 1147 3900 quod
1177 3831 1248 3885 ob
1281 3830 1483 3884 mortis
1511 3830 1829 3898 periculum
1855 3833 2089 3890 evaden-

434 3920 572 3975 dum
599 3923 828 3974 coactus
864 3917 1090 3989 fecerat,
1127 3931 1228 3972 nec
1266 3924 1680 3975 sacramentum
1713 3933 1836 3977 esse
1883 3922 2090 3979 dicen-

435 4009 596 4079 dum,
654 4007 802 4077 quod
867 4010 1065 4062 contra
1118 4005 1360 4062 salutem
1406 4007 1756 4081 reipublicae,
1827 4013 2088 4082 quamvis

437 4110 566 4152 cum
613 4095 814 4152 multis
839 4093 1350 4166 exsecrationibus,
1395 4094 1571 4152 fuerit
1601 4098 1906 4168 prolatum.

971 4203 1084 4259 CX.
1123 4232 1191 4242 —
1230 4203 1560 4259 MARINUS.

971 4290 1154 4363 (Anno
1179 4291 1380 4349 Christi
1405 4291 1554 4366 882.)

507 4383 764 4441 Marinus
792 4381 944 4440 sedit
975 4394 1189 4439 annum
1235 4396 1434 4454 unum,
1469 4396 1690 4440 menses
1730 4385 2004 4457 quinque.

826 4490 836 4502 ’
894 4491 1036 4547 CXI.
1058 4489 1497 4545 —ADRIANUS
1526 4491 1618 4545 III.

964 4577 1151 4649 (Anno
1182 4578 1385 4633 Christi
1411 4575 1560 4650 884.)

506 4669 798 4725 Adrianus
822 4668 974 4724 sedit
997 4680 1212 4722 annum
1249 4680 1448 4737 unum,
1491 4681 1710 4726 menses
1741 4677 1989 4742 quatuor

861 4775 1026 4830 CXII.
1056 4803 1129 4814 —
1146 4774 1540 4832 STEPHANUS
1569 4779 1651 4834 VI.

954 4861 1140 4932 (Anno
1167 4862 1370 4919 Christi
1403 4861 1559 4937 884.)

505 4950 825 5022 Stephanus
865 4951 1016 5008 sedit
1062 4966 1242 5010 annos
1290 4967 1406 5009 sex.
1469 4955 1572 5011 Hic
1631 4956 2000 5018 Herimanum
2033 4961 2061 5005 δ

432 5041 826 5099 Coloniensem
857 5041 1373 5114 archiepiscopum,
1407 5048 1462 5100 et
1499 5045 1870 5118 Adalgarium
1907 5052 2084 5106 Ham-

434 5131 772 5202 burgensem
833 5130 1328 5202 archiepiscopum
1384 5133 1455 5189 de
1479 5132 1789 5193 'Bremensi
1840 5139 2082 5198 ecclesia

432 5220 837 5278 contendentes
866 5218 1242 5276 Wormatiam
1273 5221 1342 5277 ad
1393 5224 1671 5294 synodum
1713 5227 1907 5286 venire
1944 5230 2081 5299 jus-

502 5377 525 5404 ι
548 5364 729 5418 Locus
760 5361 1085 5419 mendosus.

501 5431 945 5532 ξέῐθηνὲᾔηηξιῃέ.
1003 5434 1147 5532 Xide
1192 5435 1524 5518 Krantzium
1579 5437 1678 5494 lib.
1729 5453 1770 5496 II
1841 5445 2076 5532 Metrop.

608 5511 658 5532 ne
1042 5511 1093 5532 ιη
1141 5520 1238 5532 ιιι-ιη.
1311 5520 1367 5532 ,η
1421 5507 1606 5532 σιμ-Α...
1660 5511 1725 5532 ,Δ
1760 5525 1865 5532 -..Δ
1937 5515 2026 5532 nn.

430 5519 478 5561 c.
516 5502 662 5562 l9et
696 5502 947 5561 24.9.11».
1003 5506 1258 5562 Stadens.
1311 5507 1370 5563 in
1420 5507 1627 5565 Chron.
1657 5511 1726 5567 ad
1757 5525 1889 5572 ann.
1935 5502 2074 5575 896:

428 5559 963 5634 Trithi'in’cuiah.
995 5559 1262 5649 uirga;
1312 5559 1370 5563 '“
1431 5559 1627 5565 τ--ν--τ
1658 5559 1726 5567 --
1757 5559 1889 5572 -ι-η-
1935 5559 2076 5590 νυν,

2201 1136 2582 1190 Romanorum
2622 1133 2913 1203 principes
2950 1130 3174 1188 obviam
3201 1128 3315 1185 sibi
3347 1132 3721 1198 properantes
3747 1125 3855 1180 de-

2200 1222 2403 1279 collari
2462 1221 2746 1293 praecepit.
2819 1221 3003 1276 Causa
3059 1224 3248 1275 autem
3311 1215 3635 1272 simultatis
3708 1215 3853 1270 inter

2202 1314 2532 1368 Formosum
2578 1324 2777 1381 papam
2821 1314 2879 1366 et
2920 1311 3204 1365 Romanos
3232 1307 3348 1362 haec
3403 1304 3558 1360 fuit:
3595 1303 3848 1359 Formosi

2201 1401 2495 1457 decessore
2536 1398 2826 1469 defuncto,
2874 1397 3106 1468 Sergius
3154 1396 3388 1467 quidam
3435 1395 3706 1449 Romanae
3745 1393 3850 1447 Ec-

2201 1490 2393 1547 clesiae
2419 1489 2698 1546 diaconus
2728 1488 2861 1557 fuit,
2909 1501 3072 1558 quem
3110 1488 3491 1542 Romanorum
3527 1495 3660 1552 pars
3691 1496 3850 1552 quae-

2203 1580 2333 1635 dam
2361 1593 2560 1649 papam
2609 1577 2722 1634 sibi
2771 1577 3050 1648 elegerat:
3087 1575 3343 1646 quaadam
3374 1586 3506 1628 vero
3559 1586 3695 1641 pars
3743 1584 3848 1625 non

2209 1668 2406 1723 intima
2445 1672 2584 1722 natu
2630 1669 2964 1725 Formosum
3013 1659 3391 1737 [nominatum
3441 1658 3658 1734 Form.]
3718 1662 3851 1714 Por—

2123 1739 2169 1798 B
2209 1757 2429 1812 tuensis
2453 1756 2711 1812 civitatis
2734 1756 3090 1826 episcopum,
3131 1767 3232 1823 pro
3262 1765 3392 1808 vera
3426 1749 3730 1821 religione,
3755 1748 3852 1802 di-

2207 1845 2585 1915 vinarumque
2631 1844 3026 1900 doctrinarum
3058 1841 3301 1898 scientia
3341 1853 3541 1910 papam
3568 1838 3685 1894 sibi
3732 1837 3848 1892 ﬁeri

2203 1934 2524 1989 anhelabat.
2576 1935 2714 1989 Nam
2759 1934 2896 1988 dum
2948 1932 3007 1988 in
3046 1945 3111 1987 eo
3135 1934 3303 2000 esset,
3336 1935 3399 1986 ut
3427 1928 3668 2000 Sergius
3711 1940 3852 1996 apo-

2205 2022 2483 2078 stolorum
2523 2021 2777 2078 vicarius
2803 2020 3060 2077 ordinari
3100 2019 3412 2086 debuisset,
3450 2031 3517 2073 ea
3545 2029 3675 2087 que
3713 2015 3852 2070 For—

2207 2111 2348 2167 mosi
2406 2109 2626 2166 favebat
2699 2109 2960 2180 partibus
3013 2122 3163 2180 pars,
3215 2122 3326 2164 non
3395 2106 3676 2162 mediocri
3726 2117 3850 2160 cum

2204 2199 2459 2256 tumultu
2510 2203 2566 2255 et
2615 2199 2832 2268 injuria
2878 2199 3139 2270 Sergium
3182 2197 3252 2252 ab
3281 2197 3452 2252 altari
3501 2194 3751 2265 expulit,
3800 2198 3852 2248 et

2203 2289 2532 2344 Formosum
2581 2301 2780 2358 papam
2811 2287 3136 2344 constituit.
3170 2285 3589 2355 Descenditque
3621 2282 3850 2354 Sergius

2206 2377 2263 2432 in
2294 2377 2579 2449 Tusciam,
2617 2382 2899 2447 quatenus
2927 2375 3215 2432 Adelberti
3265 2373 3656 2445 potentissimi
3702 2385 3852 2426 mar-

2203 2467 2432 2523 chionis
2477 2466 2701 2522 auxilio
2748 2467 3095 2536 juravetur:
3155 2465 3304 2536 quod
3353 2469 3408 2520 et
3456 2463 3674 2518 factum
3740 2466 3846 2516 est.

2202 2557 2339 2610 Nam
2367 2558 2634 2614 Formoso
2663 2555 2952 2624 defuncto,
2999 2561 3171 2626 atque
3194 2553 3493 2624 Arnulpho
3525 2553 3586 2608 in
3623 2551 3857 2622 propria

2203 2645 2485 2702 exstincto
2535 2643 2824 2720 [reverso],
2901 2646 2953 2700 is
3008 2645 3108 2716 qui
3160 2650 3287 2714 post
3333 2657 3524 2700 necem
3600 2639 3856 2697 Formosi

2204 2747 2345 2803 papa
2422 2735 2776 2790 constitutus
2839 2738 2925 2790 est
2983 2735 3026 2804 d,
3096 2732 3427 2803 expellitur,
3502 2731 3859 2801 Sergiusque

2203 2835 2342 2892 papa
2365 2837 2464 2893 per
2501 2824 2866 2880 Adelbertum
2906 2823 3305 2879 constituitur.
3354 2823 3475 2892 Quo
3505 2821 3854 2889 constituto,

2204 2917 2268 2967 ut
2297 2912 2532 2984 impius,
2564 2915 3074 2984 doctrinarumque
3095 2913 3422 2969 divinarum
3448 2911 3698 2982 inscius,
3730 2911 3860 2967 For-

2203 3015 2423 3058 mosum
2463 3007 2622 3059 extra
2683 3002 3008 3073 sepulcrum
3059 3002 3308 3073 extrahi,
3380 3006 3556 3072 atque
3616 3001 3680 3057 in
3730 3002 3858 3057 sede

2119 3074 2169 3138 Ο
2205 3091 2573 3162 pontiﬁcatus
2643 3090 3096 3149 sacerdotalibus
3143 3091 3499 3147 vestimentis
3583 3091 3856 3146 indutum

2202 3180 2472 3237 collocari
2501 3182 2788 3253 praecepit,
2821 3181 2916 3236 cui
2940 3185 2996 3236 et
3014 3181 3136 3238 ait:
3170 3181 3308 3236 Cum
3334 3180 3673 3236 Portuensis
3707 3193 3857 3235 esses

2202 3270 2528 3342 episcopus,
2561 3286 2666 3327 cur
2710 3270 3049 3326 ambitionis
3101 3271 3316 3340 spiritu
3348 3270 3660 3325 Romanam
3719 3270 3857 3324 uni-

2211 3361 2486 3416 versalem
2528 3362 2715 3417 sedem
2765 3360 3104 3432 usurpasti?
3142 3360 3242 3415 His
3293 3359 3555 3430 expletis,
3609 3360 3852 3414 sacratis

2201 3454 2436 3505 exutum
2468 3450 2844 3521 vestimentis,
2871 3451 3192 3523 digitisque
3217 3448 3405 3505 tribus
3447 3449 3751 3518 abscissis,
3796 3449 3853 3502 in

2199 3538 2451 3594 Tiberim
2478 3539 2685 3609 jactari
2719 3541 3006 3610 praecepit,
3043 3545 3394 3609 cunctosque
3424 3551 3570 3608 quos
3604 3537 3731 3607 ipse
3755 3552 3856 3593 or—

2199 3625 2495 3684 dinaverat
2526 3628 2706 3700 gradu
2734 3629 2966 3699 proprio
2995 3628 3286 3698 depositos
3309 3627 3517 3683 iterum
3540 3627 3850 3682 ordinavit.

2197 3718 2356 3787 Quod
2413 3732 2583 3788 quom
2647 3718 2790 3774 male
2835 3719 3034 3790 egerit,
3089 3725 3246 3788 pater
3275 3718 3663 3787 sanctissime,
3720 3717 3854 3771 ani—-

2200 3808 2545 3862 madvertere
2586 3807 2832 3877 poteris;
2862 3809 3132 3878 quoniam
3160 3814 3215 3862 et
3250 3806 3330 3876 hi,
3360 3807 3461 3876 qui
3489 3819 3522 3860 a
3549 3807 3699 3862 Juda
3739 3807 3852 3861 Do-

2199 3896 2342 3951 mini
2378 3897 2556 3953 nostri
2579 3898 2709 3952 Jesu
2739 3897 2954 3952 Christi
2984 3898 3275 3967 proditore
3298 3905 3430 3951 ante
3463 3896 3848 3967 proditionem

2197 3986 2459 4057 salutem,
2502 4000 2603 4044 seu
2642 3986 3095 4043 benedictionem
3125 3985 3521 4056 apostolicam,
3581 3999 3854 4054 percepe-

2199 4078 2368 4146 runt;
2399 4089 2462 4131 ea
2489 4079 2614 4146 post
2646 4076 3049 4146 proditionem,
3077 4074 3413 4146 propriique
3437 4075 3705 4144 corporis
3732 4089 3855 4130 sus-

2199 4165 2526 4233 pensionem
2561 4165 2798 4221 minime
2823 4170 2958 4222 sunt
2990 4164 3222 4235 privati,
3254 4164 3366 4220 nisi
3405 4177 3551 4235 quos
3590 4163 3852 4233 improba

2197 4251 2342 4308 forte
2409 4250 2762 4308 defaedarant
2830 4253 3067 4325 ﬂagitia.
3154 4252 3482 4308 Benedictio
3556 4252 3851 4323 siquidem

2198 4355 2322 4411 qua:
2384 4341 2672 4398 ministris
2709 4342 2923 4398 Christi
2971 4343 3344 4412 impenditur,
3392 4353 3505 4397 nou
3551 4354 3656 4410 per
3700 4353 3849 4408 eum,

2109 4443 2164 4506 D
2197 4431 2296 4501 qui
2346 4430 2592 4502 videtur,
2640 4433 2987 4489 sacerdotem
3035 4430 3412 4488 infunditur:
3467 4443 3654 4502 neque
3696 4431 3849 4486 enim

2195 4520 2295 4591 qui
2341 4520 2492 4592 rigat
2546 4525 2633 4576 est
2661 4520 2910 4592 aliquid,
2957 4534 3140 4592 neque
3171 4521 3272 4593 qui
3322 4520 3558 4591 plantat,
3613 4521 3714 4575 sed
3751 4520 3848 4590 qui

2196 4609 2609 4666 incrementum
2639 4610 2758 4681 dat,
2784 4612 2933 4666 Dens
2961 4613 3008 4677 (Ι
3049 4611 3167 4665 Cor.
3219 4612 3325 4682 ιιι).
3369 4609 3608 4679 Quanta:
3658 4614 3849 4665 autem

2193 4698 2578 4770 auctoritatis,
2613 4704 2951 4772 quantaeque
3006 4699 3311 4772 religionis
3366 4713 3509 4770 papa
3536 4701 3849 4755 Formosus

2192 4786 2390 4859 fuerit,
2416 4788 2551 4844 hinc
2599 4789 2870 4862 colligere
2921 4803 3263 4860 possumus;
3316 4790 3589 4861 quoniam
3622 4789 3766 4845 dum
3816 4803 3847 4843 a

2194 4876 2581 4946 piscatoribus
2624 4879 2981 4948 postmodum
3011 4883 3161 4934 esset
3214 4879 3498 4948 inventus,
3559 4882 3745 4948 atque
3780 4875 3844 4931 ad

2193 4967 2250 5021 B.
2297 4967 2449 5023 Petri
2479 4967 2867 5038 apostolorum
2913 4969 3198 5040 principis
3243 4968 3544 5025 ecclesiam
3569 4968 3848 5038 deporta—

2193 5059 2307 5124 tus,
2345 5063 2670 5114 sanctorum
2720 5058 2977 5128 quaedam
3029 5059 3307 5130 imagines
3360 5058 3515 5114 hunc
3547 5057 3606 5112 in
3658 5055 3847 5112 loculo

2195 5145 2444 5214 positum
2502 5147 2905 5203 venerabiliter
2951 5147 3294 5205 salutarunt.
3356 5148 3469 5203 Hoc
3516 5159 3766 5216 namque
3816 5157 3846 5198 ι

2193 5233 2654 5306 religiosissimis
2680 5238 2941 5295 Romana:
2981 5238 3145 5295 urbis
3173 5238 3318 5294 viris
3349 5249 3600 5308 persaepe
3620 5234 3840 5292 audivi.

2261 5379 2496 5454 cYerba
2557 5381 2780 5452 reliqua
2823 5387 2960 5454 sunt
3015 5381 3356 5454 Luitprandi
3400 5381 3503 5438 lib.
3558 5395 3574 5437 ι
3634 5381 3844 5438 Rerum

2191 5463 2290 5524 p.te
2318 5451 2544 5524 Europ.
2577 5451 2716 5524 gest.
2750 5468 2799 5509 c.
2831 5453 2884 5509 8.

2257 5521 2284 5560 ἀ
2327 5523 2554 5596 Mortem
2582 5521 2831 5596 'Onuph.
2867 5525 2928 5582 in
2973 5526 3178 5584 Adnot.
3219 5526 3290 5582 ad
3341 5525 3626 5583 Platinam
3683 5529 3847 5596 putat

2188 5605 2312 5650 esse
2336 5591 2605 5652 fabulam.
