4082 6168
290 221 434 282 4257

1094 225 1303 283 EPIST.
1345 223 1649 284 MONACH.
1691 223 1949 283 MONTIS
1984 223 2258 282 OLIVETI
2299 224 2393 280 AD
2432 224 2612 282 LEON
2649 228 2752 283 PP.
2792 230 2887 284 III.

3550 227 3690 290 4258

364 563 1076 786 S/ECULI
1211 568 1421 714 IX
1540 565 2546 718 AUCTORES
2679 571 3617 723 ANONYMI.

709 969 1308 1075 EPISTOLA
1383 968 2337 1076 PEREGBINORUM
2412 971 3265 1084 MONACHORUM

1413 1181 1479 1224 IN
1522 1180 1753 1224 MONTE
1794 1180 2055 1225 OLIVETI
2094 1183 2553 1229 HABITANTIUM

1131 1298 1244 1360 AD
1301 1299 1644 1360 LEONEM
1705 1301 1799 1361 III
1865 1300 2380 1364 PONTIFICEM
2437 1303 2858 1368 ROMANUM

1245 1431 1420 1495 (Apud
1451 1431 1649 1492 Baluz.,
1682 1431 2018 1484 Miscellanea
2044 1446 2206 1496 sacra,
2234 1438 2359 1484 tom.
2386 1435 2450 1498 II,
2481 1451 2598 1500 pag.
2630 1439 2733 1503 84.)

359 1673 735 1730 Sanctissimo
763 1688 830 1729 ac
859 1674 1319 1731 reverentissimo
1347 1673 1580 1730 domino
1607 1673 1666 1729 in
1704 1672 1935 1730 Christo
1961 1673 2020 1734 A
2048 1688 2174 1731 mus
2206 1675 2264 1732 in
2293 1681 2486 1733 nostra
2517 1679 2714 1750 lingua
2746 1695 2872 1751 quae
2896 1695 2995 1738 vos
3021 1696 3132 1739 non
3157 1685 3359 1741 dicitis
3391 1686 3449 1742 in
3475 1688 3691 1761 Graeca,

295 1763 444 1818 Patri
473 1765 638 1819 Leos!
667 1778 888 1820 summo
911 1764 1166 1834 pontiﬁci
1193 1769 1249 1819 et
1270 1762 1581 1820 universali
1607 1777 1761 1833 papa:
1782 1763 1937 1818 sedis

293 1859 502 1910 sanctae
540 1855 866 1924 apostolica:
897 1854 1060 1912 urbis
1091 1855 1279 1911 Romae
1316 1853 1684 1926 congregatio
1724 1853 1935 1909 montis

289 1942 520 1999 Oliveti.

366 2037 604 2093 Domine
641 2035 822 2104 Pater,
871 2039 924 2090 te
953 2035 1225 2106 dignatus
1253 2038 1340 2089 est
1367 2032 1646 2090 Dominus
1691 2032 1940 2088 exaltare

294 2142 466 2199 super
515 2138 712 2183 omnes
750 2125 1088 2192 sacerdotes,
1133 2128 1191 2178 et
1235 2123 1479 2178 exaltata
1518 2127 1604 2178 est
1646 2121 1808 2177 sedes
1841 2126 1940 2178 tua

296 2222 488 2274 sancta
548 2229 719 2286 super
755 2228 951 2272 omnes
1001 2213 1162 2272 sedes
1181 2212 1663 2283 Christianorum,
1703 2213 1798 2269 cui
1838 2225 1943 2268 suo

295 2321 392 2364 ore
431 2307 705 2378 dignatus
757 2310 843 2361 est
895 2305 1162 2362 Christus
1213 2305 1404 2360 dicere
1445 2323 1458 2359 :
1507 2306 1588 2358 Tu
1634 2318 1687 2357 es
1750 2303 1942 2356 Petrus

295 2396 506 2468 (Matth.
541 2410 660 2464 xvx,
705 2393 810 2467 48),
842 2399 950 2450 etc.
996 2394 1414 2466 Benignissime
1455 2394 1640 2460 Pater,
1681 2404 1804 2459 nos,
1840 2390 1940 2461 qui

298 2499 496 2542 sumus
536 2485 630 2541 hic
673 2486 730 2540 in
772 2489 965 2540 sancta
1004 2484 1237 2540 civitate
1273 2483 1582 2539 Jerusalem
1629 2480 1941 2552 peregrini,

301 2575 480 2632 ullum
515 2574 799 2630 hominem
833 2587 1006 2643 super
1031 2577 1180 2629 terra
1214 2585 1324 2628 non
1351 2585 1608 2628 amamus
1639 2570 1941 2640 plusquam

298 2679 416 2733 vos,
443 2669 499 2720 et
525 2664 584 2719 in
615 2667 892 2734 quantum
919 2662 1172 2719 valemus
1199 2663 1259 2718 in
1283 2663 1414 2718 istis
1434 2661 1649 2717 sanctis
1679 2659 1822 2716 locis
1844 2671 1945 2729 pro

298 2753 460 2809 vobis
473 2753 568 2809 die
585 2758 872 2823 noctuque
886 2753 1128 2809 Domino
1146 2750 1446 2808 fundimus
1464 2764 1656 2821 preces
1673 2746 1944 2819 prostrati

298 2857 494 2899 omnes
523 2843 671 2899 servi
702 2843 790 2899 tui
820 2856 992 2911 super
1023 2850 1230 2897 terram
1261 2856 1390 2897 cum
1433 2840 1718 2911 lacrymis.
1751 2841 1948 2908 Itaque

2046 1771 2102 1821 et
2132 1766 2192 1822 in
2218 1767 2404 1822 Gloria
2426 1769 2584 1824 Patri
2611 1783 2718 1826 non
2759 1771 2961 1828 dicitis
2989 1775 3129 1828 sicut
3156 1780 3274 1830 erat
3310 1778 3368 1830 in
3398 1779 3691 1848 principio,

2046 1861 2102 1912 et
2125 1857 2182 1912 in
2199 1856 2386 1912 Gloria
2403 1861 2461 1912 in
2480 1860 2702 1914 excelsis
2727 1875 2836 1916 non
2855 1861 3077 1918 dicitis.
3106 1865 3186 1916 Tu
3206 1866 3349 1919 solus
3371 1867 3691 1931 altissimus,

2047 1949 2106 2000 et
2126 1947 2288 2000 Pater
2315 1952 2497 2001 noster
2523 1948 2642 2004 alio
2677 1949 2841 2005 modo
2875 1949 3096 2020 dicitis,
3125 1959 3182 2007 et
3219 1953 3277 2008 in
3308 1955 3564 2024 symbolo
3593 1970 3694 2012 nos

2049 2034 2302 2090 dicimus
2331 2035 2462 2106 plus
2491 2050 2661 2107 quam
2688 2052 2805 2110 vos,
2838 2041 2937 2108 qui
2964 2055 3030 2094 eo:
3057 2043 3220 2096 Patre
3248 2045 3490 2114 Filioque
3513 2061 3699 2114 proce-

2052 2125 2154 2187 dit,
2201 2125 2350 2180 unde
2395 2126 2542 2182 dicit
2583 2127 2690 2182 iste
2733 2128 2974 2184 Joannes
3015 2129 3294 2190 inimicus
3331 2136 3536 2191 anima:
3575 2149 3693 2190 sua:

2055 2218 2284 2283 propter
2325 2214 2478 2270 hunc
2527 2229 2839 2272 sermonem
2879 2231 2944 2272 eo
2985 2220 3132 2289 quod
3186 2222 3438 2279 haeretici
3485 2224 3689 2279 simus.

2052 2301 2204 2370 Quos
2255 2303 2724 2374 IIierosolymitas
2779 2307 3104 2377 rogavimus
3163 2311 3419 2368 dicentes
3457 2332 3469 2367 :
3507 2313 3696 2368 Nolite

2055 2387 2296 2464 [audire]
2337 2393 2500 2449 odire
2531 2393 2682 2450 hunc
2717 2396 3022 2467 hominem,
3063 2413 3163 2454 nec
3191 2399 3403 2457 dicatis
3430 2403 3500 2457 de
3529 2403 3698 2458 nobis

2054 2481 2310 2537 haereses.
2353 2483 2516 2552 Quod
2553 2485 2603 2539 si
2645 2498 2749 2543 nos
2783 2486 2986 2542 dicitis
3025 2488 3341 2554 haereticos,
3381 2491 3452 2546 de
3493 2492 3699 2548 throno

2053 2569 2202 2626 beati
2236 2572 2385 2626 Petri
2416 2573 2619 2629 dicitis
2650 2573 2928 2630 haeresim.
2964 2578 3031 2632 Et
3057 2577 3108 2632 si
3141 2577 3245 2633 hoc
3273 2579 3476 2635 dicitis
3514 2594 3703 2650 pecca-

2056 2663 2176 2715 tum
2219 2661 2501 2717 inducitis
2531 2677 2704 2734 super
2732 2678 2848 2720 vos.
2885 2667 2952 2721 Et
2985 2667 3306 2723 sacerdotes
3344 2669 3702 2739 scripserunt

2057 2750 2225 2806 nobis
2247 2757 2460 2829 cartam
2487 2751 2557 2808 de
2589 2753 2698 2808 fide
2723 2758 2916 2810 nostra
2943 2770 3113 2825 quam
3149 2756 3285 2813 licet
3318 2759 3698 2831 crederemus,

2056 2840 2297 2896 dicendo
2337 2841 2543 2897 nobis:
2574 2842 2896 2899 Creditisne
2938 2843 3090 2900 sicut
3132 2852 3326 2902 sancta
3357 2848 3702 2904 resurrectio

302 2937 491 2988 notam
541 2930 647 2984 tibi
699 2929 944 2984 facimus
987 2928 1423 2984 tribulationem
1471 2933 1742 2994 nostram,
1777 2941 1947 2996 quam
2058 2929 2337 2984 Domini?
2355 2931 2469 2984 Nos
2487 2936 2676 2986 autem
2696 2931 2958 2988 diximus
2982 2934 3127 3004 quod
3153 2935 3238 2990 sic
3258 2937 3549 2992 credimus
3573 2951 3710 3008 quo-

304 3021 400 3076 hic
431 3020 700 3090 patimur.
727 3020 987 3086 Joannes,
1023 3017 1124 3087 qui
1157 3015 1271 3072 fuit
1296 3015 1366 3071 de
1396 3015 1741 3072 monasterio
1769 3016 1824 3070 S.
1858 3017 1950 3071 Sa-
1980 3012 2034 3073 B
2062 3017 2227 3071 modo
2251 3021 2447 3072 sancta
2478 3020 2820 3074 resurrectio
2841 3021 3068 3076 Domini
3091 3026 3148 3077 et
3176 3025 3336 3079 sedes
3361 3029 3556 3080 sancta
3581 3038 3711 3096 apo-

301 3109 408 3177 bze,
448 3121 612 3178 quem
650 3107 978 3163 Theodulus
1024 3106 1322 3178 iguminus
1360 3118 1560 3160 servus
1589 3109 1774 3160 vester
1815 3104 1946 3172 scit,

307 3198 430 3267 ipse
459 3197 678 3252 levatus
708 3202 795 3252 est
820 3209 992 3265 super
1021 3208 1127 3250 nos
1155 3195 1398 3250 dicendo
1429 3194 1578 3264 quod
1612 3193 1815 3248 Franci
1851 3193 1948 3262 qui

302 3287 516 3343 suntin
549 3290 738 3343 monte
771 3285 978 3341 Oliveti
1023 3284 1276 3340 haeretici
1319 3288 1473 3352 sunt,
1511 3289 1567 3338 et
1595 3282 1749 3337 dixit
1787 3281 1955 3338 nobis

303 3376 441 3447 quia
466 3389 663 3432 omnes
686 3375 888 3430 Franci
926 3373 1180 3430 haeretici
1219 3373 1378 3442 estis,
1411 3376 1468 3428 et
1496 3371 1761 3442 reprobat
1789 3371 1954 3427 fidem

305 3473 554 3521 nostram
574 3465 817 3521 dicendo
835 3464 971 3534 quia
1001 3477 1111 3520 non
1142 3467 1229 3519 est
1256 3463 1435 3532 major
1477 3451 1731 3519 haeresis.
1752 3463 1820 3517 Et
1855 3475 1957 3518 nos

305 3555 358 3610 ei
385 3554 668 3610 dicimus:
695 3553 906 3621 Frater,
930 3552 1058 3608 sile.
1081 3553 1240 3622 Quod
1264 3552 1312 3607 si
1339 3565 1442 3608 nos
1460 3552 1612 3608 dicis
1637 3552 1954 3616 haereticos,

305 3643 375 3698 de
400 3643 529 3698 sede
567 3648 760 3698 sancta
799 3640 1112 3710 apostolica
1152 3641 1336 3697 discis
1367 3641 1649 3696 haeresim.
1682 3641 1751 3696 Et
1775 3652 1957 3710 usque

308 3734 368 3788 in
396 3738 614 3788 tantum
644 3745 746 3787 nos
775 3731 1142 3787 conturbavit
1169 3736 1232 3786 ut
1259 3731 1318 3785 in
1343 3730 1438 3786 die
1475 3729 1687 3785 natalis
1711 3729 1953 3785 Domini

309 3822 367 3876 in
391 3828 640 3877 sanctam
665 3821 987 3876 Bethlehem
1012 3822 1071 3876 in
1093 3825 1289 3876 sancto
1313 3819 1609 3890 praesepio,
1638 3819 1734 3875 ubi
1762 3823 1956 3875 noster

306 3911 586 3966 Dominus
625 3898 946 3980 redemptor
973 3909 1207 3966 humani
1237 3909 1462 3979 generis
1492 3922 1593 3978 pro
1626 3908 1823 3963 mundi
1853 3921 1955 3963 sa-

311 4000 429 4055 lute
460 3999 617 4055 nasci
648 3999 921 4070 dignatus
949 4005 1052 4066 est,
1087 3998 1452 4054 submitteret
1483 3997 1662 4052 laicos
1692 3997 1953 4053 homines

309 4089 411 4160 qui
444 4104 546 4146 nos
572 4088 724 4145 foras
755 4089 1032 4158 projicere
1070 4088 1298 4155 vellent,
1332 4087 1576 4162 dicendo
1605 4087 1754 4157 quod
1784 4087 1954 4141 hmre—

310 4179 415 4234 tici
463 4179 622 4246 estis,
656 4184 713 4233 et
742 4177 881 4233 libri
913 4191 1057 4248 quos
1102 4176 1324 4232 habetis
1369 4176 1623 4231 haeretici
1655 4180 1808 4230 sunt.
1851 4175 1954 4231 Sed

311 4281 412 4338 per
435 4274 676 4324 vestram
709 4272 958 4323 sanctam
999 4265 1315 4321 orationem
1341 4270 1397 4320 et
1423 4264 1587 4320 tidem
1615 4262 1961 4320 confortavit

2061 3105 2266 3161 stolica
2313 3105 2580 3161 Romana.
2641 3108 2772 3162 Post
2824 3107 2941 3162 haec
2993 3109 3114 3178 ipse
3164 3112 3609 3168 archidiaconus
3649 3113 3710 3167 in

2063 3199 2259 3248 sancto
2287 3193 2659 3250 Constantino
2692 3208 2803 3250 una
2844 3195 3140 3252 nobiscum
3169 3199 3429 3254 ascendit
3460 3200 3518 3254 in
3543 3213 3712 3271 pergo

2063 3286 2120 3337 et
2150 3282 2288 3353 legit
2320 3283 2498 3352 ipsam
2531 3291 2742 3339 cartam
2775 3285 2835 3339 in
2863 3287 3091 3356 populo.
3128 3289 3196 3342 Et
3225 3301 3328 3344 nos
3356 3289 3504 3344 servi
3537 3289 3710 3344 vestri

2065 3370 2673 3430 anathematizavimus
2709 3387 2931 3430 omnem
2981 3375 3242 3432 haeresim
3278 3381 3334 3432 et
3374 3391 3570 3432 omnes
3608 3377 3708 3448 qui

2065 3462 2134 3517 de
2156 3469 2350 3516 sancta
2376 3463 2507 3517 sede
2529 3463 2841 3532 apostolica
2873 3465 3121 3520 Romana
3146 3465 3403 3521 dixerint
3430 3466 3711 3521 haeresim.

2067 3553 2135 3606 Et
2156 3564 2328 3620 nunc,
2355 3551 2586 3607 domine
2611 3553 2772 3607 Pater
2793 3553 3223 3624 benignissime,
3253 3555 3505 3626 cogitare
3523 3555 3716 3626 digne-

2067 3641 2151 3695 ris
2170 3641 2240 3696 de
2262 3639 2428 3696 nobis
2449 3641 2629 3697 servis
2654 3642 2792 3711 tuis,
2818 3643 2917 3714 qui
2941 3644 3049 3699 etsi
3080 3645 3150 3699 de
3172 3644 3487 3715 longinquo
3509 3645 3714 3714 simus,

2067 3743 2197 3784 oves
2223 3735 2332 3785 tua:
2358 3744 2575 3800 sumus,
2608 3736 2664 3786 et
2694 3732 2800 3786 tibi
2834 3733 3177 3789 commissus
3205 3739 3290 3789 est
3321 3734 3509 3789 omnis
3542 3747 3716 3789 mun-

2063 3817 2194 3888 dus,
2227 3818 2381 3874 sicut
2409 3824 2592 3874 vestra
2636 3821 2913 3876 sanctitas
2949 3821 3081 3892 scit,
3125 3821 3280 3878 sicut
3309 3823 3394 3878 ait
3437 3823 3715 3879 Dominus

2066 3908 2229 3964 Petro
2264 3927 2280 3962 :
2319 3909 2380 3962 Si
2417 3911 2602 3978 diligis
2646 3925 2747 3972 me,
2788 3910 2962 3973 Petre,
2995 3926 3161 3980 pasce
3203 3926 3322 3966 oves
3360 3927 3506 3966 meas
3542 3912 3717 3982 (Joan.

2065 4012 2188 4067 xxi,
2233 3996 2334 4070 46).
2377 4000 2792 4070 Benignissime
2837 4010 3012 4070 pater,
3055 3999 3193 4055 dum
3239 4013 3418 4056 essem
3462 4013 3565 4071 ego
3610 4001 3718 4056 Leo

2067 4099 2265 4156 servus
2302 4092 2484 4141 vester
2530 4087 2597 4142 ad
2640 4093 2834 4144 sancta
2881 4089 3122 4160 vestigia
3171 4094 3356 4145 vestra
3410 4093 3466 4144 et
3507 4089 3575 4143 ad
3619 4089 3714 4158 pia

2070 4173 2310 4245 vestigia
2346 4175 2539 4230 domni
2570 4175 2758 4232 Caroli
2801 4177 3051 4245 piissimi
3092 4177 3458 4248 imperatoris
3489 4177 3715 4248 ﬁliique

2069 4263 2263 4334 vestri,
2305 4264 2636 4319 audivimus
2677 4264 2734 4318 in
2774 4266 2990 4334 capella
3029 4268 3154 4335 ejus
3193 4267 3312 4322 dici
3358 4267 3416 4322 in
3457 4265 3714 4335 symbolo

313 4371 418 4412 nos
442 4357 735 4412 Dominus.
765 4358 884 4410 Non
907 4355 1059 4410 enim
1090 4358 1402 4424 potuerunt
1427 4366 1530 4408 nos
1553 4351 1705 4408 foras
1731 4352 1956 4421 ejicere.
1992 4371 2041 4434 α
2074 4352 2202 4408 fidei
2242 4355 2339 4422 qui
2379 4370 2446 4408 ea:
2483 4355 2643 4408 Patre
2690 4354 2936 4422 Filioque
2967 4356 3232 4424 procedit,
3279 4360 3335 4410 et
3376 4355 3434 4409 in
3477 4353 3717 4409 homilia

311 4447 580 4502 Diximus
604 4459 800 4502 omnes
827 4463 839 4500 :
865 4445 968 4500 Hic
993 4443 1259 4499 volumus
1293 4443 1456 4500 mori.
1499 4444 1637 4498 Nam
1673 4441 1824 4498 foras
1855 4455 1959 4498 nos

314 4549 425 4592 non
446 4536 712 4605 ejicietis.
743 4535 899 4590 Unde
923 4539 978 4589 et
1007 4531 1249 4589 fecimus
1269 4546 1458 4589 vocem
1488 4537 1740 4588 nostram
1767 4545 1962 4587 omnes

315 4638 419 4680 nos
456 4625 603 4681 servi
639 4625 813 4680 vestri
856 4624 1072 4694 pariter
1107 4621 1350 4680 dicendo
1393 4624 1461 4679 ad
1503 4622 1825 4678 sacerdotes
1859 4621 1960 4692 qui

312 4719 452 4771 sunt
496 4714 554 4768 in
600 4719 794 4770 sancta
832 4714 1108 4769 civitate:
1146 4713 1363 4779 Videte,
1411 4718 1599 4782 patres
1635 4717 1692 4768 et
1731 4711 1955 4780 fratres,

311 4805 385 4860 de
410 4806 520 4861 isto
548 4803 778 4860 homine
805 4804 904 4874 qui
931 4808 1128 4859 contra
1151 4816 1255 4859 nos
1277 4806 1434 4858 tanta
1458 4808 1513 4857 et
1536 4801 1673 4857 talia
1701 4802 1964 4871 loquitur

313 4899 371 4950 et
395 4900 591 4951 contra
624 4893 788 4950 fidem
815 4898 1066 4948 sanctam
1098 4892 1426 4960 Romanam,
1457 4891 1596 4961 quia
1627 4890 1766 4946 talia
1797 4888 1964 4945 verba

317 4997 608 5053 nunquam
635 4983 967 5040 audivimus
981 4983 1050 5038 de
1073 4986 1234 5053 gente
1260 4985 1472 5038 nostra.
1494 4981 1563 5035 Et
1585 4985 1711 5049 post
1733 4979 1849 5034 haec
1862 4979 1964 5034 die

315 5076 514 5128 sancto
555 5073 856 5129 Dominico
903 5072 1230 5140 congregati
1281 5077 1417 5127 sunt
1463 5069 1786 5126 sacerdotes
1831 5083 1961 5124 cum

314 5162 471 5218 clero
500 5167 556 5216 et
600 5162 810 5232 populo
846 5167 1043 5218 contra
1075 5164 1336 5216 sanctum
1367 5159 1696 5230 sepulcrum
1729 5159 1961 5215 Domini

313 5255 374 5308 et
400 5251 552 5306 inter
577 5256 832 5307 sanctum
857 5250 1129 5306 Calvariae
1156 5249 1362 5320 locum,
1390 5253 1447 5304 et
1474 5249 1968 5319 interrogaverunt

319 5353 423 5396 nos
451 5339 523 5394 de
554 5338 661 5394 Ilde
691 5345 886 5394 nostra
919 5337 1030 5407 ipsi
1069 5337 1392 5393 sacerdotes
1439 5336 1690 5407 qualiter
1718 5337 1970 5393 credere-

319 5442 448 5488 mus
477 5427 815 5502 symbolum.
850 5429 963 5483 Nos
991 5432 1182 5483 autem
1212 5426 1456 5483 dicendo
1488 5427 1638 5497 quod
1671 5428 1757 5483 sic
1787 5426 1982 5491 credi.

323 5535 450 5578 mus
477 5522 631 5579 sicut
659 5523 855 5576 sancta
876 5518 1130 5575 Ecclesia
1160 5518 1431 5590 Romana,
1463 5519 1725 5578 diximus
1749 5526 1808 5578 et
1835 5521 1984 5578 dici-

787 5619 1019 5676 Pnnon.
1054 5617 1308 5674 CXXIX.

2071 4441 2254 4496 sancti
2288 4441 2572 4514 Gregorii,
2616 4456 2785 4512 quam
2832 4441 2997 4498 nobis
3042 4443 3199 4499 filius
3241 4447 3426 4498 vester
3472 4442 3718 4498 domnus

2069 4529 2308 4587 Carolus
2361 4531 2670 4601 imperator
2721 4531 2900 4601 dedit,
2957 4531 3016 4586 in
3069 4532 3334 4603 parabola
3395 4535 3719 4587 octavarum

2073 4619 2318 4689 Pascha},
2353 4619 2451 4675 ubi
2478 4621 2666 4678 dixit:
2691 4621 2800 4676 Sed
2823 4622 2940 4689 ejus
2970 4623 3155 4677 missio
3180 4624 3302 4692 ipsa
3319 4622 3594 4691 processio
3619 4625 3718 4684 est,

2073 4709 2172 4776 qui
2196 4707 2262 4762 de
2305 4709 2467 4762 Patre
2497 4710 2746 4778 procedit
2787 4715 2838 4764 et
2876 4711 3034 4764 Filio.
3082 4711 3148 4765 Et
3192 4710 3252 4765 in
3293 4709 3488 4782 regula
3537 4709 3720 4766 sancti

2071 4796 2384 4868 Benedicti,
2426 4811 2596 4866 quam
2645 4797 2811 4853 nobis
2847 4799 3007 4854 dedit
3046 4799 3202 4856 filius
3250 4808 3435 4858 vester
3470 4799 3718 4856 domnus

2069 4885 2327 4957 Carolus,
2376 4901 2500 4957 quae
2541 4885 2709 4943 habet
2748 4886 2912 4942 fidem
2945 4888 3159 4957 scripta
3199 4889 3270 4945 de
3299 4895 3494 4946 sancta
3527 4894 3582 4947 et
3623 4891 3722 4946 in-

2073 4975 2380 5046 separabili
2421 4976 2720 5045 Trinitate,
2761 4975 2947 5031 dicit:
2974 4975 3142 5032 Credo
3172 4977 3436 5048 Spiritum
3474 4984 3722 5035 sanctum

2071 5069 2240 5120 Deum
2281 5080 2467 5119 verum
2505 5081 2572 5120 ea:
2611 5067 2772 5119 Patre
2812 5066 3188 5135 procedentem
3241 5072 3292 5122 et
3337 5070 3494 5123 Filio.
3541 5069 3609 5122 Et
3658 5067 3716 5120 in

2073 5155 2305 5226 dialogo
2351 5170 2518 5226 quem
2564 5155 2731 5212 nobis
2770 5162 2954 5212 vestra
2997 5157 3272 5214 sanctitas
3310 5160 3446 5214 dare
3483 5157 3718 5226 dignata

2076 5252 2163 5303 est
2193 5245 2464 5302 similiter
2481 5246 2646 5302 dicit.
2676 5249 2743 5301 Et
2769 5247 2826 5302 in
2854 5247 2962 5304 ﬂde
2987 5247 3167 5303 sancti
3199 5245 3496 5302 Athanasii
3526 5242 3718 5298 eodem

2082 5337 2248 5392 modo
2276 5335 2442 5391 dicit.
2475 5337 2668 5406 Itaque
2702 5349 2798 5405 per
2829 5337 3014 5406 ipsum
3045 5337 3310 5392 Joannem
3346 5333 3488 5388 facta
3515 5335 3601 5386 est
3630 5344 3724 5386 no-

2084 5427 2178 5482 bis
2202 5425 2436 5498 grandis
2459 5423 2722 5482 confusio
2753 5425 2812 5483 in
2843 5430 3035 5481 sancta
3061 5425 3312 5491 civitate,
3347 5418 3616 5490 quoniam
3638 5419 3720 5474 di-

2080 5522 2160 5580 cit
2195 5521 2344 5594 quod
2382 5519 2635 5590 Spiritus
2668 5524 2900 5576 sanctus
2931 5530 3041 5573 non
3082 5510 3338 5584 procedit
3371 5509 3442 5566 de
3472 5511 3634 5566 Patre
3662 5513 3720 5566 et

3437 5604 3506 5664 40
