4082 6168
403 224 542 283 4259

1288 217 1578 275 ΑΡΡΕΝῙ).
1619 216 1712 271 AD
1748 212 1916 271 SIEC.
1954 213 2053 270 IX.
2084 241 2155 254 --
2179 212 2544 270 AUCTORES
2579 212 2918 271 ANONYMI.

3679 207 3817 267 4260

399 347 570 417 Filio,
606 349 662 402 et
698 345 767 401 de
799 343 905 401 hoc
932 344 1094 400 misit
1131 341 1398 415 grandem
1438 351 1684 399 errorem
1727 354 1826 410 per
1853 336 2044 394 omnia
2073 337 2133 398 A
2156 337 2281 393 tens
2326 339 2478 394 Deus
2516 352 2619 395 sua
2669 352 2766 394 vos
2816 338 3168 408 protectione
3214 336 3524 406 custodiat,
3568 339 3746 406 atque
3786 346 3814 385 a

403 435 768 504 monasteria,
810 439 868 489 et
906 432 1235 504 requirebat
1274 431 1439 486 ﬁdem
1483 435 1732 487 nostram
1773 433 1828 483 et
1867 427 2048 493 libros

406 532 649 596 nostros,
686 529 742 580 et
771 523 841 580 de
868 523 1103 579 domino
1131 520 1407 591 Gregorio
1435 520 1584 575 dicit
1614 519 1762 590 quod
1791 531 1902 573 non
1931 515 2051 571 sint

405 615 720 686 recipiendi
748 615 870 685 ejus
891 611 1048 668 libri.
1075 611 1230 667 Unde
1254 611 1461 666 iterum
1483 615 1654 680 atque
1673 609 1902 675 iterum,
1927 617 2051 660 san-

401 709 488 760 cte
510 706 688 772 Pater,
719 703 778 758 in
802 707 1007 757 terram
1034 699 1301 769 prostrati
1339 713 1468 755 cum
1502 697 1770 768 lacrymis
1806 692 2050 766 postula-

404 807 533 849 mus
557 801 614 850 et
639 805 903 863 rogamus
928 795 981 845 te
1009 803 1106 859 per
1133 790 1350 844 Patrem
1373 793 1429 843 et
1452 787 1661 842 Filium
1693 791 1747 841 et
1772 784 2052 854 Spiritum

403 886 684 953 sanctum,
715 881 813 952 qui
837 879 1096 935 Trinitas
1119 876 1526 948 inseperabilis
1551 890 1701 932 unus
1721 873 1960 942 dicitur,
1990 875 2054 926 ut

403 971 662 1044 digneris
689 969 983 1041 inquirere
1012 972 1124 1022 tam
1154 967 1213 1022 in
1243 968 1437 1022 Graco
1468 979 1636 1036 quam
1662 965 1721 1018 in
1755 961 1956 1018 Latino
1984 959 2054 1014 de

403 1061 618 1117 sanctis
645 1059 912 1114 Patribus
933 1057 1031 1128 qui
1054 1055 1382 1126 Symbolum
1405 1057 1849 1124 composuerunt
1876 1050 2052 1104 istum

404 1161 718 1207 sermonem
748 1147 846 1202 ubi
878 1146 1098 1202 dicitur
1127 1161 1194 1200 ea:
1230 1147 1390 1199 Patre
1419 1145 1664 1212 Filioque
1686 1139 1950 1211 procedit.
1986 1138 2055 1192 Et

403 1241 462 1295 in
501 1239 694 1295 Graco
735 1250 846 1292 non
885 1236 1090 1291 dicunt
1126 1235 1279 1290 sicut
1319 1247 1442 1302 nos,
1483 1232 1577 1287 sed
1614 1231 1817 1286 dicunt
1856 1228 1951 1297 qui
1988 1241 2056 1280 ea:

403 1330 566 1382 Patre
598 1326 870 1396 procedit,
910 1329 968 1378 et
1007 1323 1203 1378 vident
1249 1323 1422 1378 istum
1470 1333 1782 1375 sermonem
1828 1327 2080 1399 gravem

401 1429 567 1486 quem
611 1428 711 1469 nos
743 1413 995 1467 dicimus
1035 1412 1091 1465 in
1131 1411 1350 1465 Latino.
1386 1411 1454 1464 Et
1493 1408 1758 1463 mandare
1796 1401 2055 1474 digneris

402 1506 609 1560 domno
634 1501 834 1556 Carolo
863 1499 1192 1569 imperatori
1217 1498 1338 1553 ﬁlio
1365 1501 1549 1554 vestro
1573 1495 1718 1567 quod
1750 1507 1852 1548 nos
1878 1493 2051 1547 istum

402 1603 715 1648 sermonem
763 1589 820 1642 in
861 1589 986 1656 ejus
1024 1587 1239 1656 capella
1286 1586 1635 1653 audivimus,
1673 1584 1769 1652 qui
1798 1598 1865 1636 ea:
1891 1582 2054 1634 Patre

2162 426 2396 495 perﬁdis
2435 426 2704 483 omnibus
2756 440 2990 497 regnum
3045 429 3292 482 vestrum
3345 425 3438 480 sui
3481 424 3814 479 extensione

2161 516 2382 572 brachii
2410 515 2696 586 defendat,
2724 529 2935 586 vosque
2964 520 3090 585 post
3122 515 3288 586 longa
3319 528 3600 570 annorum
3637 512 3819 568 curri.

2159 605 2287 661 cula
2318 607 2386 660 ad
2434 605 2642 678 gaudia
2667 610 2875 660 aterna
2907 605 3195 674 perducat.
3227 603 3563 659 Piissimum
3590 602 3810 657 domini

2160 693 2344 749 Caroli
2391 694 2695 764 imperium
2738 694 2922 765 gratia
2971 706 3218 762 superna
3273 692 3587 763 custodiat,
3649 691 3815 760 eique

2165 783 2420 838 omnium
2462 783 2717 855 gentium
2758 783 2904 840 colla
2945 782 3292 838 substernat.

2232 873 2432 941 Incipit
2470 871 2784 939 Symbolum
2823 871 3134 926 orthodoxa
3169 871 3300 939 ﬁdei
3333 870 3528 923 Leonis
3558 883 3736 938 papa.

2234 961 2341 1014 LEO
2366 960 2672 1030 episcOpus
2693 974 2890 1016 servus
2912 973 3200 1016 servorum
3221 958 3320 1014 Dei
3343 957 3611 1014 omnibus
3631 958 3816 1012 orien-

2164 1047 2378 1104 talibus
2401 1049 2696 1105 Ecclesiis.
2727 1051 2839 1105 Hoc
2863 1049 3183 1118 symbolum
3213 1047 3546 1103 orthodoxa
3573 1047 3706 1101 ﬁdei
3727 1061 3816 1101 vo-

2164 1136 2256 1193 bis
2284 1137 2571 1194 mittimus
2593 1144 2659 1194 ut
2677 1145 2787 1194 tam
2815 1153 2914 1195 vos
2937 1151 3103 1208 quam
3134 1137 3322 1194 omnis
3349 1137 3599 1192 mundus
3621 1149 3816 1191 secun-

2163 1227 2297 1282 dum
2334 1229 2639 1283 Romanam
2685 1233 2934 1284 sanctam
2978 1227 3320 1283 catholicam
3349 1231 3404 1281 et
3437 1224 3815 1295 apostolicam

2164 1315 2473 1371 Ecclesiam
2542 1321 2749 1372 rectam
2810 1323 2866 1371 et
2924 1316 3255 1371 inviolatam
3323 1315 3567 1370 teneatis
3627 1313 3814 1369 ﬁdem.

2161 1403 2461 1460 Credimus
2499 1408 2749 1460 sanctam
2794 1405 3152 1474 Trinitatem,
3187 1403 3242 1458 id
3284 1409 3388 1474 est,
3431 1404 3677 1469 Patrem,
3719 1401 3810 1456 Fi-

2164 1490 2329 1561 lium,
2366 1498 2421 1548 et
2460 1493 2739 1562 Spiritum
2785 1498 3066 1563 sanctum,
3107 1505 3284 1548 unum
3322 1493 3499 1547 Deum
3545 1491 3821 1559 omnipo—

2163 1585 2392 1650 tentem,
2441 1583 2618 1637 unius
2670 1581 3026 1652 substantia,
3081 1581 3258 1637 unius
3300 1580 3584 1649 essentia,
3641 1579 3818 1634 unius

401 1681 648 1747 Filioque
680 1676 943 1747 procedit.
985 1677 1057 1730 Et
1095 1688 1199 1730 nos
1238 1674 1333 1729 hic
1372 1687 1565 1730 servos
1610 1676 1831 1728 vestros
1868 1674 2054 1725 certos
2084 1683 2132 1744 Β
2165 1670 2465 1739 potestatis
2522 1671 2840 1727 Creatorem
2883 1670 3140 1727 omnium
3181 1676 3600 1738 creaturarum,
3637 1682 3672 1723 a
3707 1683 3818 1737 quo

403 1767 586 1823 facere
614 1764 892 1837 digneris,
918 1765 1055 1834 quia
1080 1763 1241 1819 nulla
1267 1763 1485 1833 species
1507 1762 1682 1831 hujus
1711 1759 2052 1817 sacramenti

402 1861 517 1912 tam
567 1854 734 1910 nobis
775 1852 1044 1909 amabilis
1082 1853 1344 1908 videatur
1383 1864 1553 1921 quam
1593 1854 1826 1907 sanctus
1871 1855 2056 1904 vester

401 1945 598 2001 vultus
634 1948 690 1998 et
727 1948 924 1998 sancta
959 1942 1144 1998 oratio
1182 1946 1238 1997 et
1270 1941 1594 2011 deprecatio
1642 1953 1742 1995 seu
1784 1937 2056 1994 memoria

404 2038 607 2089 vestra.
646 2032 804 2088 Unde
837 2036 893 2086 et
925 2031 1236 2101 poscimus,
1283 2028 1698 2101 benignissime
1738 2030 1920 2098 Pater,
1953 2041 2056 2082 ve—

405 2128 580 2180 stram
616 2121 1039 2178 sanctissimam
1085 2121 1349 2191 pietatem
1380 2124 1446 2175 ut
1483 2120 1586 2174 hos
1615 2131 1808 2174 servos
1838 2121 2056 2173 vestros

404 2216 672 2270 Joannem
722 2210 1135 2282 presbyterum,
1169 2210 1397 2281 quando
1441 2211 1554 2265 Deo
1587 2208 1942 2280 gubernante
1983 2206 2051 2263 ad

401 2307 816 2358 sacrosanctam
842 2305 1083 2356 vestram
1111 2299 1444 2371 gravitatem
1473 2297 1853 2367 pervenerint,
1886 2295 2058 2352 beni-

401 2405 508 2461 gne
533 2391 825 2460 suscipere
852 2389 1172 2460 dignemini
1204 2394 1261 2444 et
1291 2387 1458 2443 nobis
1483 2387 1665 2442 servis
1693 2387 1901 2442 vestris
1925 2399 2057 2441 cer—

404 2486 526 2535 tum
559 2480 885 2534 mandatum
915 2477 1186 2550 dirigere.
1219 2477 1692 2532 Commendamus
1717 2489 1821 2531 nos
1849 2471 2054 2530 Domi-—

404 2568 594 2637 nicus,
627 2568 976 2636 Theodorus,
1014 2565 1392 2636 Arimundus,
1419 2564 1753 2635 Gregorius.
1783 2565 2050 2631 Joannes,

403 2658 530 2725 Leo,
563 2661 619 2711 et
656 2655 845 2710 omnis
881 2654 1250 2726 congregatio
1277 2655 1348 2708 de
1381 2659 1570 2708 monte
1607 2659 1802 2706 sancto
1839 2649 2049 2705 Oliveti

403 2745 646 2800 humilis
669 2744 818 2799 servi
849 2744 1020 2798 vestri
1045 2742 1254 2798 vestris
1277 2742 1460 2797 sacris
1483 2755 1548 2796 ac
1577 2743 1688 2796 Deo
1716 2740 1913 2811 dignis
1933 2753 2054 2795 ora-

401 2832 684 2888 tionibus.
732 2833 884 2886 Deus
921 2835 977 2884 et
1013 2829 1292 2885 Dominus
1343 2834 1536 2885 noster
1574 2834 1648 2898 te,
1691 2827 2054 2884 sanctissime

403 2922 584 2990 Pater,
628 2933 759 2974 cum
803 2917 1074 2974 omnibus
1121 2918 1241 2974 tuis
1279 2919 1348 2973 ad
1389 2918 1795 2974 exaltationem
1841 2922 2052 2972 sancta

2165 1758 2374 1828 omnia,
2427 1773 2526 1828 per
2566 1773 2732 1830 quem
2772 1760 2983 1826 omnia,
3030 1760 3090 1814 in
3125 1772 3238 1829 quo
3274 1758 3487 1826 omnia,
3528 1759 3753 1812 Patrem
3786 1770 3815 1810 a

2165 1860 2226 1902 se
2266 1847 2412 1918 ipso,
2467 1861 2579 1903 non
2633 1848 2704 1903 ab
2759 1847 2897 1918 alio,
2962 1848 3174 1903 Filium
3223 1861 3256 1902 a
3311 1848 3475 1902 Patre
3536 1846 3813 1918 genitum,

2163 1936 2340 1991 Deum
2370 1950 2564 1993 verum
2600 1937 2670 1993 de
2701 1938 2814 1993 Deo
2848 1950 2999 2009 vero,
3040 1936 3230 1992 lumen
3267 1949 3462 1991 verum
3495 1935 3570 1990 de
3600 1935 3817 1990 lumine

2165 2037 2316 2096 vero,
2365 2039 2476 2081 non
2531 2031 2716 2082 tamen
2770 2027 2886 2082 duo
2937 2025 3176 2096 lumina,
3229 2026 3324 2081 sed
3375 2038 3554 2080 unum
3601 2024 3808 2079 lumen.

2164 2113 2446 2184 Spiritum
2478 2119 2740 2171 sanctum
2766 2129 2798 2171 a
2827 2116 2991 2171 Patre
3021 2121 3078 2170 et
3100 2127 3132 2170 a
3170 2114 3319 2170 Filio
3353 2112 3655 2184 aequaliter
3697 2125 3816 2182 pro-

2165 2203 2474 2275 cedentem,
2508 2204 3056 2261 consubstantialem
3088 2209 3431 2260 coaternum
3461 2203 3616 2257 Patri
3640 2208 3698 2256 et
3718 2203 3809 2256 Fi-

2165 2290 2266 2347 lio.
2301 2294 2465 2349 Pater
2503 2285 2707 2364 plenus
2740 2295 2891 2349 Deus
2928 2294 2987 2348 in
3027 2307 3106 2349 se.
3143 2292 3330 2348 Filius
3372 2292 3577 2362 plenus
3606 2293 3758 2347 Deus
3785 2304 3814 2345 a

2163 2383 2328 2437 Patre
2357 2383 2607 2453 genitus,
2637 2382 2890 2452 Spiritus
2915 2387 3148 2439 sanctus
3182 2381 3385 2451 plenus
3414 2383 3568 2436 Deus
3597 2395 3629 2436 a
3657 2382 3816 2436 Patre

2163 2474 2220 2525 et
2239 2470 2386 2526 Filio
2412 2472 2737 2541 procedens.
2762 2473 2884 2528 Non
2911 2475 3096 2527 tamen
3125 2477 3239 2526 tres
3259 2471 3395 2526 deos
3417 2470 3695 2540 dicimus,
3721 2470 3814 2526 sed

2165 2573 2344 2616 unum
2375 2563 2550 2616 Deum
2591 2561 3057 2631 omnipotentem,
3104 2567 3400 2631 aternnm,
3432 2560 3813 2630 invisibilem,

2167 2648 2715 2721 incommutabilem,
2770 2650 2869 2721 qui
2928 2655 3084 2706 totus
3137 2655 3225 2706 est
3276 2649 3491 2720 ubique
3546 2663 3815 2720 prasens,

2169 2751 2280 2794 non
2322 2753 2420 2808 per
2451 2747 2641 2808 partes
2678 2740 2921 2810 divisus,
2963 2739 3058 2795 sed
3095 2744 3250 2796 totus
3281 2739 3340 2794 in
3379 2739 3674 2808 omnibus,
3706 2753 3815 2794 non

2166 2826 2446 2898 localiter,
2487 2829 2582 2884 sed
2627 2829 3022 2899 personaliter,
3064 2829 3164 2899 qui
3206 2829 3332 2885 sine
3365 2830 3817 2884 commutatione

2161 2916 2254 2972 sui
2302 2917 2604 2991 mutabilia
2657 2919 2872 2974 creavit
2915 2922 2970 2973 et
3007 2922 3194 2974 creata
3247 2917 3544 2988 gubernat,
3597 2930 3817 2987 semper

400 3023 519 3064 sua
557 3007 824 3063 Ecclesia
857 3013 914 3062 et
943 3007 1014 3062 ad
1042 3005 1285 3062 salutem
1321 3007 1529 3062 anima
1570 3011 1682 3062 tua
1721 3013 1776 3062 et
1801 3005 1870 3061 ad
1905 3019 2054 3077 gau—
2077 3006 2125 3070 C
2163 3019 2396 3062 manens
2422 3006 2479 3061 id
2513 3007 2662 3077 quod
2690 3012 2792 3075 est,
2829 3007 2924 3063 cui
2953 3006 3104 3062 nihil
3134 3005 3400 3063 accidens
3427 3019 3554 3062 esse
3583 3007 3814 3076 poterit,
3847 3082 3852 3086 _

396 3096 559 3153 dium
585 3100 842 3151 nostrum
873 3108 1085 3166 regere,
1120 3102 1433 3166 protegere,
1465 3099 1521 3150 et
1549 3094 1640 3165 pia
1683 3095 2051 3150 miseratione

400 3186 458 3240 in
480 3183 750 3240 omnibus
777 3189 833 3239 et
854 3197 952 3254 per
982 3184 1175 3240 omnia
1203 3184 1495 3241 custodire
1518 3183 1810 3255 dignetur,
1845 3182 1945 3253 qui
1967 3182 2052 3238 di-

395 3273 550 3330 citur
585 3272 921 3329 benedictus
961 3273 1021 3328 in
1061 3272 1288 3329 sacula.

753 3363 856 3417 Leo
887 3363 1041 3432 Papa
1076 3363 1165 3416 III
1199 3362 1387 3418 Carolo
1420 3361 1689 3430 Augusto.

464 3451 708 3508 Domino
739 3450 1006 3520 piissimo
1036 3455 1092 3506 et
1113 3450 1481 3507 serenissimo
1509 3449 1714 3506 victori
1741 3463 1806 3505 ac
1831 3448 2051 3505 trium-

399 3541 623 3613 phatori
679 3540 802 3595 ﬁlio
854 3540 1096 3596 amatori
1152 3539 1251 3594 Dei
1296 3545 1351 3595 et
1399 3539 1630 3595 Domini
1683 3538 1868 3594 nostri
1915 3539 2047 3593 Jesu

392 3629 608 3686 Christi
651 3629 866 3684 (Ζωοιο
904 3631 1161 3698 Augusto
1206 3629 1312 3682 LEO
1343 3628 1648 3696 episcopus
1687 3641 1885 3681 servus
1918 3639 2047 3680 ser-

396 3732 591 3774 vorum
632 3718 753 3773 Dei.
790 3716 996 3772 Omnia
1035 3730 1162 3786 qua
1186 3717 1256 3772 de
1291 3716 1543 3787 singulis
1584 3715 1847 3784 partibus
1876 3714 2043 3770 nobis

395 3807 666 3862 accidunt
692 3818 918 3860 necesse
943 3812 1028 3860 est
1060 3809 1122 3858 ut
1151 3812 1354 3858 vestra
1386 3803 1721 3858 intimemus
1752 3802 2040 3872 imperiali

399 3893 680 3963 potestati.
716 3893 984 3946 Prasenti
1015 3891 1303 3960 siquidem
1334 3903 1483 3946 anno
1507 3890 1846 3958 direxerunt
1876 3890 2043 3946 nobis

393 3979 693 4051 epistolam
725 3979 988 4034 monachi
1016 3979 1116 4048 qui
1149 3979 1206 4033 in
1237 3986 1431 4035 sancto
1461 3985 1648 4036 monte
1677 3979 1886 4036 Oliveti
1915 3994 2042 4036 mo-

396 4073 596 4125 rantur
618 4068 749 4124 ﬁdei
771 4067 1191 4123 contentionem
1214 4067 1600 4124 continentem
1625 4082 1794 4139 quam
1817 4069 1967 4126 inter
1984 4083 2044 4126 se

395 4158 694 4213 habebant.
730 4160 843 4213 Nos
870 4169 1003 4212 vero
1041 4155 1368 4226 Symbolum
1395 4158 1726 4214 orthodoxa
1758 4158 1888 4214 ﬁdei
1920 4159 2043 4215 illis

396 4247 683 4317 misimus,
719 4251 1002 4318 quatenus
1040 4259 1234 4302 omnes
1273 4247 1585 4304 secundum
1618 4248 1764 4302 hanc
1790 4252 2042 4304 nostram

393 4341 643 4394 sanctam
691 4336 1034 4392 catholicam
1080 4341 1136 4392 et
1177 4337 1550 4406 apostolicam
1587 4335 1900 4393 Ecclesiam
1947 4350 2043 4393 re-

393 4430 541 4482 ctam
577 4429 635 4481 et
678 4424 1010 4480 inviolatam
1053 4429 1279 4480 teneant
1320 4424 1504 4479 ﬁdem.
1547 4424 1725 4492 Quam
1766 4438 1894 4482 vero
1929 4424 2048 4496 epi.

391 4515 596 4571 stolam
633 4522 832 4570 vestra
876 4513 1162 4583 imperiali
1197 4512 1464 4583 potentia
1503 4511 1768 4568 misimus
1800 4513 2050 4586 relegen-

390 4603 539 4658 dam.
575 4605 792 4658 Interea
819 4606 1162 4658 revertentes
1189 4605 1491 4670 praesentes
1519 4600 1713 4657 ﬁdeles
1733 4603 2046 4659 servientes

391 4690 584 4760 vestri,
625 4691 873 4762 Agamus
913 4689 1180 4745 videlicet
1215 4693 1274 4744 et
1314 4689 1664 4760 Roculphus,
1705 4704 1736 4746 a
1770 4691 2044 4748 Hieroso-

394 4778 564 4848 lymis
586 4778 918 4833 detulerunt
945 4776 1112 4833 nobis
1139 4777 1440 4847 epistolam
1471 4780 1697 4836 Thoma
1727 4779 2044 4853 Ilierolosy.

395 4879 614 4922 morum
660 4864 1016 4935 patriarcha.
1059 4865 1238 4934 Quam
1271 4867 1582 4940 relegentes
1625 4869 1944 4938 reperimus
1976 4877 2039 4926 ut

396 4967 493 5025 per
531 4958 782 5009 nostram
832 4955 1204 5024 precatoriam
1243 4956 1543 5026 epistolam
1587 4963 1787 5013 vestra
1834 4958 2034 5028 pietati

395 5057 492 5100 eos
526 5044 1066 5100 commendaremus.
1109 5045 1232 5114 Qua
1259 5044 1330 5099 de
1370 5058 1429 5100 re
1461 5059 1758 5115 precamur
1794 5051 2037 5103 vestram

395 5131 748 5202 imperialem
795 5133 1103 5201 potentiam
1151 5138 1233 5202 ut,
1266 5134 1418 5190 sicut
1457 5134 1617 5191 soliti
1657 5136 1816 5206 estis,
1865 5149 2040 5205 super

395 5235 592 5277 omnes
626 5220 821 5276 ﬁdeles
852 5226 1069 5276 vestros
1096 5221 1391 5292 impertire
1414 5223 1774 5295 suﬁragium,
1800 5224 1878 5279 ita
1907 5239 2037 5281 cum

395 5311 480 5366 eis
512 5309 966 5366 misericordiam
1012 5308 1195 5366 facere
1233 5311 1502 5382 jubeatis.
1536 5314 1718 5382 Ipsam
1752 5325 1881 5368 vero
1909 5315 2042 5384 epi-

393 5400 596 5458 stolam
624 5414 791 5472 quam
818 5401 986 5457 nobis
1005 5403 1265 5472 pradicti
1289 5401 1484 5458 ﬁdeles
1509 5401 1683 5458 vestri
1708 5402 2041 5460 detulerunt

396 5493 596 5545 vestra
629 5490 926 5548 serenitati
968 5491 1256 5549 misimus.
1282 5492 1384 5546 His
1413 5490 1749 5567 pralibatis,
1776 5495 2048 5568 omnipo—

2165 3097 2298 3166 quia
2321 3095 2574 3165 simplici
2595 3095 2925 3151 divinitatis
2952 3100 3169 3152 natura
3191 3095 3338 3150 nihil
3359 3095 3494 3150 addi
3519 3095 3609 3150 vel
3630 3096 3813 3151 minui

2166 3188 2366 3255 potest,
2409 3185 2546 3255 quia
2583 3198 2805 3255 semper
2841 3186 2991 3256 quod
3028 3190 3134 3250 est,
3171 3186 3266 3241 cui
3303 3199 3526 3255 semper
3562 3185 3811 3254 primum

2161 3278 2268 3342 est,
2296 3274 2392 3329 cui
2420 3273 2834 3344 sempiternum
2861 3279 2969 3345 est,
2997 3275 3092 3331 cui
3123 3275 3270 3330 idem
3306 3279 3392 3329 est
3420 3286 3564 3341 esse,
3604 3274 3810 3343 vivere,

2160 3367 2217 3418 et
2244 3362 2584 3433 intelligere.
2623 3363 2689 3417 Et
2710 3363 2828 3418 hac
2857 3363 2968 3418 tria
2999 3377 3150 3419 unus
3175 3364 3342 3419 Deus.
3375 3364 3502 3418 Hac
3524 3363 3641 3418 tria
3666 3363 3808 3418 idem

2157 3451 2310 3507 Deus
2348 3455 2404 3506 et
2439 3451 2741 3523 Dominus,
2784 3465 2913 3508 vera
2961 3457 3018 3508 et
3055 3453 3403 3522 sempiterna
3443 3452 3708 3507 Trinitas
3755 3453 3810 3507 in

2157 3541 2440 3611 personis,
2481 3554 2611 3596 vera
2651 3545 2706 3596 et
2746 3541 3091 3611 sempiterna
3133 3541 3325 3598 unitas
3361 3541 3419 3596 in
3460 3541 3808 3608 substantia,

2155 3629 2293 3698 quia
2336 3642 2448 3686 una
2486 3634 2575 3685 est
2600 3628 2930 3686 substantia
2959 3631 3123 3686 Pater
3159 3635 3216 3686 et
3251 3629 3440 3685 Filius
3468 3634 3526 3685 et
3554 3630 3811 3699 Spiritus

2153 3719 2564 3788 sanctusjllac
2580 3732 2709 3774 vero
2740 3724 2930 3775 sancta
2961 3720 3215 3774 Trinitas
3247 3719 3502 3774 nihilest
3529 3718 3590 3774 in
3623 3719 3810 3774 tribus

2155 3806 2414 3874 personis
2441 3807 2618 3862 simul
2646 3807 2961 3865 nominatis
2989 3821 3154 3878 quam
3184 3809 3240 3863 in
3269 3821 3377 3864 una
3403 3807 3675 3878 qualibet
3698 3823 3811 3878 per-

2153 3909 2290 3952 sona
2314 3896 2483 3952 semel
2503 3897 2680 3967 dicta,
2705 3897 2977 3968 quoniam
3002 3911 3357 3969 unaquaque
3381 3910 3626 3967 persona
3649 3896 3809 3966 plena

2151 3990 2236 4040 est
2267 3985 2590 4041 substantia
2624 3986 2682 4041 in
2714 3999 2792 4057 se,
2823 3999 2934 4042 non
2963 3993 3151 4043 tamen
3183 3993 3298 4042 tres
3322 3985 3688 4055 substantia,
3714 3985 3804 4040 sed

2154 4087 2306 4128 unus
2335 4075 2504 4143 Deus,
2533 4089 2645 4130 una
2685 4075 3030 4147 substantia,
3057 4090 3170 4132 una
3197 4075 3462 4144 essentia,
3500 4088 3616 4130 una
3641 4080 3809 4130 ater—

2153 4160 2326 4232 nitas,
2371 4176 2482 4218 una
2515 4163 2870 4235 magnitudo,
2905 4177 3018 4220 una
3056 4164 3302 4234 bonitas,
3341 4166 3504 4219 Pater
3535 4169 3594 4218 et
3623 4163 3811 4218 Filius

2152 4253 2209 4306 et
2245 4251 2498 4321 Spiritus
2531 4257 2783 4309 sanctus.
2827 4255 2938 4309 Nec
2976 4253 3136 4309 aliud
3172 4261 3259 4309 est
3297 4255 3460 4308 Pater
3499 4253 3560 4308 in
3605 4259 3810 4309 natura

2157 4352 2326 4409 quam
2355 4339 2545 4396 Filius
2588 4340 2674 4396 vel
2703 4340 2957 4411 Spiritus
2995 4347 3248 4412 sanctus,
3293 4355 3394 4397 nec
3422 4341 3583 4396 aliud
3621 4341 3809 4397 Filius

2155 4431 2213 4482 et
2249 4427 2503 4497 Spiritus
2541 4435 2776 4486 sanctus
2807 4444 2978 4501 quam
3023 4431 3186 4487 Pater
3229 4431 3288 4485 in
3325 4435 3552 4500 natura,
3589 4430 3808 4501 quibus

2157 4520 2242 4572 est
2263 4529 2377 4572 una
2408 4523 2631 4574 natura.
2663 4517 2772 4574 Sed
2797 4519 2952 4574 alius
2980 4525 3065 4575 est
3086 4521 3249 4576 Pater
3275 4520 3334 4575 in
3362 4532 3624 4590 persona,
3654 4520 3809 4575 alius

2153 4605 2340 4661 Filius
2369 4605 2429 4661 in
2452 4619 2711 4678 persona,
2737 4607 2892 4664 alius
2916 4609 3170 4678 Spiritus
3191 4615 3422 4665 sanctus
3448 4608 3510 4664 in
3541 4621 3803 4678 persona.

2156 4695 2217 4748 In
2252 4696 2414 4750 Patre
2455 4696 2766 4768 aternitas,
2811 4697 2872 4752 in
2909 4697 3058 4754 Filio
3102 4698 3420 4769 aqualitas,
3471 4698 3532 4753 in
3577 4697 3807 4768 Spiritu

2153 4789 2348 4840 sancto
2391 4785 2732 4841 aternitatis
2774 4786 3241 4858 aqualitatisque
3274 4787 3574 4844 connexio.
3619 4787 3806 4843 Unum

2151 4886 2348 4929 omnes
2393 4873 2454 4928 in
2492 4873 2836 4946 substantia,
2877 4881 2932 4930 et
2968 4876 3237 4941 essentia,
3277 4876 3723 4947 omnipotentia,
3754 4883 3807 4932 et

2148 4962 2472 5018 divinitate.
2511 4963 2676 5019 Sicut
2706 4964 2858 5020 enim
2889 4964 3083 5021 eadem
3123 4970 3320 5021 sancta
3356 4965 3615 5021 Trinitas
3645 4967 3806 5021 inse-

2151 5052 2429 5122 parabilis
2476 5059 2562 5109 est
2591 5053 2651 5108 in
2683 5053 3030 5125 substantia,
3072 5053 3153 5109 ita
3185 5053 3597 5125 inseparabilis
3629 5060 3720 5110 est
3745 5056 3801 5110 in

2148 5142 2439 5212 operibus,
2490 5143 2752 5212 quamvis
2795 5157 2960 5214 opera
3004 5144 3107 5199 Dei
3153 5143 3498 5214 quibusdam
3537 5144 3801 5214 personis

2149 5230 2479 5300 specialiter
2519 5232 2878 5300 conveniant,
2925 5233 3079 5290 sicut
3116 5233 3271 5288 Patri
3306 5246 3415 5289 vox
3447 5231 3548 5288 illa
3579 5247 3710 5303 qua
3733 5232 3802 5287 de

2149 5319 2291 5375 calo
2316 5321 2514 5377 sonuit
2537 5335 2710 5390 super
2740 5321 3034 5378 Christum
3073 5321 3449 5392 baptizatum,
3479 5327 3537 5377 et
3565 5321 3635 5376 ad
3661 5321 3797 5377 Filii

2120 5421 2446 5479 .personam
2480 5409 2860 5467 humanitatis
2891 5411 3287 5467 tantummodo
3319 5411 3570 5481 pertinet
3593 5425 3802 5468 susce-

2149 5497 2288 5570 ptio,
2315 5497 2652 5571 et_Spiritus
2672 5499 2854 5557 sancti
2879 5512 3131 5572 persona
3152 5500 3383 5571 proprie
3401 5499 3680 5572 congruit
3696 5500 3801 5557 illa
