4082 6168
321 192 455 250 4264

1363 182 1658 254 ΗΟΜῙΙιΙΑ
1695 200 1786 256 DE
1822 199 2097 258 DECIMIS
2134 202 2220 258 ET
2246 202 2337 258 DE
2373 204 2658 264 JEJUNIO.

3587 213 3726 276 1962

318 318 585 374 columba
619 318 677 374 in
729 320 898 389 cujus
933 321 1120 390 specie
1147 321 1293 376 idem
1313 319 1566 391 Spiritus
1614 326 1850 378 sanctus
1879 322 1970 378 de—
1994 324 2051 384 A
2079 328 2250 395 atque
2273 326 2670 399 immortalem,
2698 331 3035 388 crucifixum
3062 333 3121 389 in
3159 334 3497 392 inﬁrmitate
3519 341 3715 394 nostra

321 407 546 463 scendit
575 421 747 477 super
775 410 1033 464 eumdem
1064 410 1275 465 Filium
1321 409 1635 466 secundum
1678 411 1966 466 hominem

320 496 690 566 baptizatum.
738 499 943 554 Tamen
989 498 1203 570 absque
1233 500 1387 555 omni
1419 499 1781 556 dubitatione
1809 500 1966 555 illam

319 601 508 642 vorem
537 590 592 642 et
637 588 794 643 illam
826 589 1146 646 columbam
1189 591 1248 645 in
1295 591 1511 646 Christi
1557 591 1965 647 humanitatem

321 679 438 731 tota
471 680 666 731 sancta
694 677 949 733 Trinitas
991 685 1221 748 operata
1250 685 1355 750 est,
1389 681 1557 749 cujus
1605 693 1773 749 opera
1805 679 1968 736 inse-

321 763 604 832 parabilia
635 768 789 820 sunt.
819 767 1120 822 Credimus
1144 769 1404 823 eumdem
1451 769 1663 824 Filium
1702 770 1800 824 Dei
1825 771 1968 824 Ver-

321 851 455 907 bum
483 853 830 909 teternaliter
876 861 1072 911 natum
1097 857 1168 912 de
1197 859 1378 929 Patre,
1420 857 1964 913 consubstantialem

320 941 473 996 Patri
498 956 597 1012 per
621 940 1254 1014 omnia,'temporaliter
1279 953 1472 1003 natum
1495 947 1564 1002 de
1583 947 1807 1016 Spiritu
1829 960 1969 1001 san-

318 1034 411 1085 cto
442 1034 497 1086 et
542 1032 720 1087 Maria
771 1032 1017 1104 virgine,
1077 1035 1221 1092 duas
1269 1035 1565 1092 habentem
1616 1037 1964 1107 nativitates,

320 1133 491 1174 unam
521 1133 589 1175 ex
619 1122 781 1177 Patre
810 1128 1096 1196 aeternam,
1125 1124 1361 1180 alteram
1401 1139 1471 1181 ex
1512 1132 1689 1181 matre
1741 1132 1966 1196 tempo—

320 1207 516 1277 ralem,
547 1209 648 1278 qui
674 1210 846 1266 etiam
878 1211 1064 1268 Filius
1091 1214 1191 1269 Dei
1233 1228 1350 1270 suae
1379 1215 1572 1270 carnis
1597 1216 1967 1284 conceptione

318 1301 628 1366 conceptus
657 1304 823 1355 estet
851 1315 967 1358 suae
998 1303 1192 1359 carnis
1218 1304 1514 1359 nativitate
1549 1309 1738 1359 natus.
1789 1305 1966 1359 Deum

318 1399 513 1442 verum
556 1388 896 1447 confitemur
937 1400 1271 1462 conceptum
1303 1400 1359 1448 et
1395 1395 1570 1450 Deum
1603 1406 1798 1449 verum
1857 1406 1967 1448 na—

320 1478 463 1545 tum,
495 1479 754 1534 eumdem
781 1493 976 1536 verum
1015 1483 1190 1537 Deum
1221 1495 1415 1538 verum
1467 1482 1751 1538 hominem
1785 1495 1964 1537 unum

316 1564 608 1622 Christum
660 1568 871 1624 Filium
900 1570 1001 1625 Dei
1056 1571 1439 1642 unigenitum,
1489 1585 1587 1641 per
1632 1571 1881 1640 primum
1911 1574 1968 1625 et

2081 414 2454 486 eumdemque
2487 430 2707 486 semper
2753 419 3031 475 viventem
3083 423 3142 477 in
3186 424 3398 480 virtute
3443 441 3565 491 sua,
3619 427 3718 497 qui

2083 508 2344 558 mortuus
2369 509 2455 560 est
2483 505 2676 560 carnis
2701 520 2817 560 suae
2852 512 3026 562 morte
3068 514 3123 563 et
3153 512 3431 584 sepultus,
3458 520 3629 583 atque
3655 513 3725 568 ab

2082 591 2304 661 inferis,
2344 593 2609 649 damnato
2636 601 2690 650 et
2711 594 2958 664 spoliato
2989 597 3248 667 principe
3284 602 3464 656 totius
3490 602 3724 672 iniqui-

2078 681 2234 752 tatis,
2289 681 2515 737 rediens
2569 683 2736 738 tertia
2788 684 2883 739 die
2958 687 3291 757 resurrexit,
3364 695 3535 760 atque
3591 706 3718 747 cum

2078 769 2369 838 triumpho
2397 771 2593 841 gloriae
2623 772 2952 828 videntibus
2976 774 3286 844 discipulis
3311 779 3514 834 cmlum
3533 794 3729 836 ascen-

2075 858 2183 928 dit,
2212 859 2413 914 sedens
2454 859 2511 914 in
2539 861 2768 916 dextera
2817 862 3020 926 Patris,
3057 864 3111 918 id
3162 868 3268 933 est,
3306 867 3595 935 majestate
3624 871 3724 925 di-

2074 949 2357 1019 vinitatis,
2391 948 2522 1004 inde
2559 949 2676 1018 jam
2702 955 2978 1006 venturus
3002 953 3266 1021 judicare
3290 955 3450 1012 vivos
3479 961 3534 1012 et
3563 972 3721 1015 mor-

2077 1042 2228 1107 tuos,
2261 1050 2426 1107 quem
2461 1037 2625 1107 impii
2651 1038 3002 1106 judicantem
3047 1041 3322 1098 videbunt
3347 1043 3406 1098 in
3438 1058 3501 1100 ea
3539 1044 3716 1103 forma

2077 1139 2188 1196 qua
2217 1125 2531 1181 cruciﬁxus
2556 1131 2660 1196 est,
2692 1141 2802 1182 non
2832 1128 2890 1184 in
2929 1141 2994 1184 ea
3022 1129 3350 1186 humilitate
3377 1142 3486 1202 qua
3507 1134 3719 1202 injuste

2070 1214 2367 1284 judicatus
2396 1221 2500 1284 est,
2533 1215 2628 1270 sed
2655 1215 2713 1270 in
2753 1230 2817 1271 ea
2857 1217 3120 1273 claritate
3163 1233 3274 1289 qua
3299 1221 3454 1289 juste
3477 1223 3715 1291 judica-

2077 1307 2244 1359 turus
2271 1308 2356 1358 est
2388 1303 2700 1375 mundum;
2753 1306 2922 1375 cujus
2973 1308 3287 1376 majestatis
3316 1310 3464 1365 visio
3505 1317 3716 1369 aeterna

2074 1397 2162 1447 est
2206 1392 2464 1446 omnium
2520 1397 2845 1448 sanctorum
2875 1394 3190 1452 beatitudo.
3241 1397 3349 1466 Qui
3401 1399 3714 1454 secundum

2077 1481 2222 1536 hanc
2269 1480 2434 1536 fidem
2482 1486 2686 1536 rectam
2741 1495 2852 1537 non
2899 1484 3229 1555 crediderit,
3284 1486 3437 1541 hunc
3487 1488 3719 1543 damnat

2075 1574 2290 1640 sancta,
2314 1570 2598 1625 catholica
2617 1575 2674 1625 et
2696 1571 3012 1640 apostolica
3033 1572 3306 1641 Ecclesia,
3331 1588 3457 1643 quae
3483 1573 3719 1630 fundata

319 1652 628 1723 perfectum
658 1657 717 1712 in
747 1658 973 1714 duabus
1004 1661 1231 1716 naturis
1261 1661 1320 1715 in
1352 1661 1526 1716 unius
1564 1673 1818 1730 personae
1850 1661 1965 1717 sin-
1992 1670 2044 1732 Β
2074 1667 2161 1716 est
2183 1659 2254 1716 ab
2286 1660 2411 1730 ipso
2439 1662 2570 1716 Jesu
2592 1659 2821 1716 Christo
2851 1661 3092 1717 Domino
3121 1666 3334 1732 nostro,
3375 1662 3468 1717 cui
3496 1667 3582 1719 est
3603 1663 3718 1734 glo-

319 1743 627 1814 gularitate
676 1747 1086 1818 impassibilem
1157 1755 1213 1805 et
1257 1748 1606 1821 passibilem,
1667 1751 1962 1807 mortalem

2074 1751 2161 1806 ria
2185 1751 2243 1805 in
2266 1750 2492 1806 sarcula.
2523 1749 2716 1805 Amen.

1003 2097 1412 2168 HOMILIA
1511 2096 1633 2165 DE
1727 2095 2131 2166 DECIMIS
2225 2098 2338 2167 ET
2428 2099 2551 2168 DE
2647 2101 3037 2174 JEJUNIO

1089 2276 1378 2340 Auctore
1413 2275 1694 2354 incerto,
1725 2274 1846 2340 sed
1873 2276 1994 2356 qui
2027 2293 2157 2340 ωυο
2201 2277 2436 2342 Caroli
2462 2280 2709 2360 Magni
2746 2280 2951 2344 vixit.

1555 2439 1730 2502 (Apud
1765 2437 1962 2497 Baluz.,
1993 2437 2215 2500 Capitul.
2255 2440 2380 2486 tom.
2418 2437 2507 2499 ΙΙ.)

381 2737 551 2793 Totos
580 2736 842 2793 homines
859 2735 1080 2792 debetis
1103 2748 1292 2791 amare
1319 2739 1376 2790 et
1423 2733 1770 2804 benefacere,
1801 2731 1958 2788 dile—
1984 2734 2031 2794 Ο
2059 2734 2314 2804 jejunate
2344 2733 2440 2789 die
2487 2734 2757 2790 Mercoris
2785 2738 2842 2790 et
2885 2736 3120 2792 Veneris
3148 2741 3202 2793 et
3251 2736 3502 2793 Sabbati.
3553 2739 3622 2793 Et
3652 2737 3712 2792 in

310 2826 558 2882 ctissimi
583 2825 803 2882 fratres.
830 2827 933 2881 Sed
955 2826 1083 2895 plus
1105 2825 1228 2880 illis
1247 2825 1468 2880 debetis
1487 2823 1673 2879 facere
1695 2822 1836 2877 bene
1853 2821 1954 2890 qui

312 2915 444 2984 plus
464 2917 575 2971 Deo
596 2915 854 2970 serviunt
873 2919 928 2969 et
947 2928 1075 2969 cum
1099 2913 1245 2968 bona
1268 2913 1375 2967 fide
1408 2913 1626 2968 vivunt.
1662 2910 1958 2965 Primitias

309 3005 381 3058 de
407 3002 695 3058 fructibus
717 3003 923 3057 vestris
943 3007 1000 3056 et
1018 3002 1088 3057 de
1113 3001 1409 3056 laboribus
1425 3000 1647 3054 debetis
1664 2998 1867 3054 offerre
1887 3000 1956 3054 ad

309 3091 510 3160 altare,
542 3093 598 3146 id
630 3096 735 3162 est,
760 3091 949 3159 spicas
968 3103 1141 3145 novas
1161 3094 1216 3144 et
1246 3104 1384 3144 uvas
1409 3095 1465 3143 et
1487 3087 1626 3142 fava.
1661 3087 1822 3142 Alias
1847 3087 1962 3156 pri-

311 3179 510 3236 mitias
531 3180 598 3235 ad
630 3180 863 3235 domum
898 3178 1208 3249 presbyteri
1230 3178 1300 3232 de
1328 3177 1485 3232 omni
1515 3175 1709 3231 fructu
1737 3175 1960 3230 debetis

311 3275 556 3339 portare,
575 3273 632 3324 et
648 3268 940 3340 presbyter
973 3281 1068 3323 eas
1090 3266 1405 3322 benedicat.
1429 3266 1499 3320 Et
1518 3265 1603 3320 sic
1631 3277 1761 3320 cum
1785 3263 1962 3319 bene-

306 3358 564 3414 dictione
582 3358 812 3414 Domini
839 3358 1192 3413 manducate.
1217 3358 1286 3410 Et
1306 3353 1620 3426 precamini
1653 3353 1958 3408 Dominum

309 3453 375 3504 ut
403 3461 531 3503 cum
568 3460 672 3503 sua
693 3447 876 3518 gratia
896 3455 951 3503 et
973 3445 1370 3502 misericordia
1412 3443 1683 3499 concedat
1711 3441 1873 3496 vobis
1902 3441 1959 3495 in

311 3550 444 3608 pace
473 3536 744 3608 colligere
773 3535 920 3591 alios
945 3533 1168 3591 fructus
1187 3541 1241 3590 et
1272 3535 1332 3589 in
1364 3547 1469 3589 suo
1495 3537 1689 3588 sancto
1725 3529 1961 3586 servitio

307 3627 526 3682 usitare
555 3632 610 3680 et
636 3625 784 3696 quod
820 3623 908 3680 illi
956 3624 1139 3693 placet
1169 3624 1301 3679 inde
1342 3621 1544 3677 facere.
1598 3622 1664 3676 Et
1707 3620 1960 3675 decimas

306 3721 522 3771 vestras
555 3729 664 3770 non
710 3713 930 3769 debetis
973 3714 1218 3769 retinere
1271 3725 1372 3766 nec
1403 3710 1562 3766 tarde
1591 3710 1802 3764 donare
1859 3720 1958 3762 nec

308 3805 479 3872 peimi
511 3817 699 3859 causa.
737 3805 846 3857 Nec
865 3801 1087 3857 debetis
1106 3807 1430 3869 exspectare
1461 3805 1525 3853 ut
1561 3795 1873 3867 presbyteri
1901 3801 1958 3850 et

305 3893 502 3947 clerici
525 3893 628 3947 alii
660 3893 913 3946 decimas
939 3890 1101 3946 vobis
1144 3890 1477 3958 requirant;
1511 3887 1607 3942 sed
1639 3900 1769 3940 cum
1805 3885 1954 3940 bona

306 3981 594 4037 voluntate
623 3995 722 4036 vos
750 3981 860 4050 ipsi
889 3981 1014 4035 sine
1052 3976 1443 4034 admonitione
1473 3974 1694 4030 debetis
1741 3975 1953 4028 donare

2067 2821 2191 2877 illis
2209 2821 2415 2878 diebus
2431 2820 2650 2877 debetis
2666 2822 2860 2878 venire
2880 2824 2947 2878 ad
2971 2824 3280 2880 Ecclesiam
3303 2826 3506 2881 audire
3528 2839 3718 2882 unus-

2068 2910 2316 2979 quisque
2344 2911 2575 2964 missam
2614 2915 2670 2965 et
2698 2913 2810 2967 Deo
2840 2911 3043 2968 offerre
3073 2913 3358 2969 sacrificia
3388 2920 3444 2970 et
3471 2913 3718 2969 lumina-

2069 2997 2154 3052 ria
2179 3001 2237 3052 et
2267 2997 2563 3052 incensum
2595 3003 2650 3052 et
2672 2999 3008 3056 elimosinas
3043 3002 3272 3056 donare.
3306 3002 3515 3058 Nullus
3543 3002 3720 3057 Chri-

2068 3084 2296 3140 stianus
2314 3084 2482 3139 debet
2517 3085 2707 3140 laxare
2739 3087 2848 3141 ista
2869 3087 3112 3158 jejunia,
3133 3089 3182 3143 si
3215 3089 3350 3143 talis
3375 3087 3564 3144 infans
3602 3103 3711 3145 non

2068 3174 2154 3225 est
2184 3173 2284 3240 qui
2320 3185 2428 3227 non
2463 3174 2642 3242 possit
2662 3174 2941 3244 jejunare,
2966 3183 3068 3230 aut
3093 3176 3229 3231 talis
3262 3189 3431 3231 senex
3454 3176 3537 3231 vel
3563 3177 3718 3232 inﬁr-

2072 3274 2218 3314 mus.
2238 3261 2420 3330 thui
2448 3261 2554 3316 iste
2579 3261 3093 3330 jejunialaxataut
3127 3263 3388 3335 negligit,
3423 3270 3714 3334 peccatum

2071 3348 2282 3419 grande
2309 3349 2440 3404 inde
2471 3349 2657 3405 habet.
2715 3352 2821 3405 [sta
2845 3351 3067 3419 jejunia
3096 3352 3318 3407 debetis
3348 3353 3639 3408 custodire
3661 3357 3718 3407 et

2070 3436 2387 3508 observare,
2414 3438 2470 3492 id
2498 3443 2602 3507 est,
2627 3439 2722 3494 die
2745 3439 3016 3495 Mercoris
3035 3444 3165 3496 ante
3198 3441 3431 3496 initium
3453 3441 3717 3510 Quadra—

2071 3525 2317 3596 gesimae,
2351 3531 2407 3581 et
2434 3526 2530 3581 die
2556 3528 2731 3597 Jovis,
2767 3529 3000 3584 Veneris
3029 3535 3086 3584 et
3125 3529 3386 3584 Sabbato.
3424 3531 3489 3584 Et
3533 3534 3714 3584 totum

2067 3615 2576 3685 Quadragesimum
2620 3617 2843 3672 debetis
2867 3618 3146 3687 jejunare,
3178 3619 3292 3674 nisi
3322 3619 3381 3674 in
3409 3618 3506 3673 die
3533 3618 3716 3673 Domi-

2069 3703 2200 3759 nico
2223 3717 2332 3758 non
2353 3703 2574 3759 debetis
2594 3705 2874 3773 jejunare.
2910 3707 3018 3774 Qui
3064 3708 3122 3761 in
3145 3708 3239 3762 die
3263 3707 3557 3762 Dominico
3585 3706 3712 3762 sine

2065 3792 2260 3862 aliqua
2285 3793 2619 3848 necessitate
2646 3795 2887 3863 jejunat,
2925 3799 3213 3864 peccatum
3266 3796 3396 3850 inde
3435 3795 3620 3850 habet.
3656 3796 3716 3848 In

2065 3884 2267 3955 vigilia
2288 3885 2510 3939 Natalis
2537 3886 2762 3940 Domini
2790 3886 3063 3954 jejunate,
3092 3892 3148 3940 et
3171 3887 3229 3940 in
3266 3886 3470 3957 vigilia
3493 3885 3716 3940 Pascha:

2065 3978 2119 4026 et
2169 3973 2550 4026 Pentecosten.
2577 3975 2636 4027 In
2674 3974 2874 4043 vigilia
2905 3975 3088 4029 sancti
3115 3974 3264 4030 Petri
3297 3980 3353 4029 et
3382 3973 3563 4029 sancti
3596 3973 3722 4028 An-

304 4077 361 4125 et
385 4071 452 4126 ad
474 4070 706 4126 domum
732 4069 1043 4140 presbyteri
1071 4069 1297 4122 ducere.
1321 4064 1480 4118 Alias
1500 4063 1836 4117 elimosinas
1861 4062 1955 4114 de-
1985 4079 2032 4136 D
2063 4061 2211 4114 ιιι-επ
2241 4067 2296 4114 et
2327 4063 2509 4115 sancti
2539 4062 2817 4118 Johannis
2845 4066 3110 4134 Baptistae
3135 4066 3410 4134 jejunate,
3437 4069 3492 4117 et
3524 4076 3713 4132 preca-

308 4159 454 4216 betis
473 4161 806 4231 dispensare
833 4173 928 4229 per
961 4156 1216 4226 hospites
1240 4160 1296 4209 et
1321 4165 1613 4223 pauperes.
1647 4152 1751 4206 Sed
1805 4150 1954 4205 deci-

307 4263 428 4304 mas
449 4264 559 4306 non
579 4250 712 4306 licet
732 4249 895 4305 vobis
927 4247 1140 4303 donare
1162 4243 1327 4299 alteri
1348 4255 1517 4313 quam
1555 4239 1856 4296 sacerdoti.
1885 4241 1953 4293 Et

305 4337 406 4393 ille
434 4340 727 4408 dispensat
754 4353 849 4395 eas
896 4351 1026 4393 cum
1058 4335 1264 4390 timore
1306 4337 1361 4388 et
1391 4330 1706 4387 reverentia
1747 4328 1844 4383 Dei
1877 4329 1947 4384 ad

303 4431 452 4483 tecta
485 4428 745 4484 Ecclesiae
769 4434 824 4484 et
855 4428 914 4483 in
947 4425 1258 4482 luminaria
1288 4428 1342 4478 et
1376 4423 1435 4477 in
1462 4420 1826 4488 susceptione
1855 4419 1952 4472 ho-

303 4517 520 4586 spitum
549 4522 602 4573 et
634 4529 944 4586 pauperum
976 4519 1034 4571 et
1061 4515 1120 4570 in
1150 4526 1286 4568 suos
1318 4526 1458 4567 usus
1487 4514 1542 4566 et
1567 4521 1729 4565 suam
1767 4521 1952 4562 neces-

303 4605 550 4660 sitatem.
578 4605 801 4675 Jejunia
829 4605 1050 4660 debetis
1079 4601 1373 4659 custodire
1395 4601 1652 4669 Quatuor
1673 4599 1948 4666 Tempora

303 4694 364 4749 in
387 4707 555 4764 anno,
588 4696 642 4751 id
684 4699 789 4766 est,
820 4709 1010 4750 mense
1059 4693 1262 4748 Martio
1294 4691 1354 4746 in
1388 4691 1572 4759 prima
1603 4687 1942 4757 septimana,

302 4785 531 4854 quando
550 4785 728 4840 intrat
756 4785 1017 4851 Martius,
1036 4782 1257 4838 debetis
1268 4781 1530 4850 jejunare
1546 4778 1642 4833 die
1673 4775 1946 4830 Mercoris

206 4941 216 4949 ο
297 4877 361 4929 et
381 4875 476 4929 die
506 4873 742 4930 Veneris
761 4879 818 4930 et
843 4873 939 4929 die
962 4871 1212 4929 Sabbati.
1248 4873 1310 4926 In
1337 4879 1527 4924 mense
1549 4865 1720 4922 Junio
1763 4865 1820 4918 in
1852 4877 1949 4919 se-

234 5021 238 5025 .
298 4963 488 5018 cunda
505 4964 818 5034 septimana
848 4968 1144 5033 postquam
1169 4958 1377 5014 Junius
1412 4957 1608 5025 intrat,
1637 4953 1952 5020 debetisje-

291 5055 503 5124 junare
530 5053 625 5108 die
669 5052 939 5108 Mercoris
985 5055 1041 5105 et
1072 5048 1304 5105 Veneris
1348 5050 1404 5102 et
1448 5045 1544 5100 die
1579 5043 1830 5099 Sabbati.
1889 5045 1946 5096 In

298 5155 492 5198 mense
529 5141 840 5212 Septembr.
902 5140 962 5194 in
1020 5139 1191 5193 tertia
1247 5136 1565 5207 septimana
1643 5137 1943 5202 postquam

291 5231 625 5303 September
654 5231 850 5299 intrat,
883 5229 1139 5298 jejunate
1176 5227 1271 5283 die
1305 5223 1576 5281 Mercoris
1610 5228 1664 5278 et
1712 5221 1944 5277 Veneris

295 5320 628 5378 etSabbati.
655 5322 714 5375 in
741 5332 931 5375 mense
959 5315 1260 5373 December
1291 5316 1349 5371 in
1388 5318 1589 5385 quarta
1626 5311 1944 5381 septimana

2065 4148 2206 4202 mini
2238 4153 2299 4203 ut
2334 4149 2445 4217 ipsi
2474 4154 2637 4204 orent
2666 4164 2769 4219 pro
2804 4152 2965 4207 vobis
3011 4154 3079 4207 ad
3129 4153 3454 4207 Dominum.
3492 4152 3558 4206 Et
3611 4150 3714 4206 illo

2064 4241 2178 4294 tres
2207 4239 2334 4292 dies
2349 4243 2480 4292 ante
2504 4237 2909 4294 Ascensionem
2933 4242 3159 4296 Domini
3184 4243 3456 4310 jejunate.
3485 4243 3550 4294 Et
3569 4254 3713 4296 cru-

2062 4341 2154 4383 ces
2178 4333 2234 4382 et
2264 4327 2544 4397 reliquias
2575 4327 2908 4399 sequimini,
2945 4341 3057 4384 non
3085 4329 3143 4382 in
3165 4331 3312 4398 joco,
3347 4343 3445 4383 nec
3483 4327 3718 4382 caballi-

2060 4416 2275 4486 cando;
2307 4418 2401 4471 sed
2435 4430 2565 4472 cum
2603 4415 2934 4472 humilitate
2958 4421 3014 4470 et
3041 4417 3390 4471 contritione
3410 4415 3606 4470 cordis
3627 4428 3714 4470 ce-

2061 4505 2274 4560 lebrate
2298 4506 2450 4574 ipsas
2471 4506 2834 4578 Rogationes,
2857 4509 2914 4560 et
2937 4518 2969 4560 a
2999 4518 3167 4560 carne
3188 4517 3384 4561 omnes
3408 4503 3710 4576 abstinete,

2059 4599 2116 4649 et
2146 4594 2352 4649 missas
2380 4595 2594 4649 audite.
2625 4595 2734 4663 Qui
2767 4594 2853 4649 vel
2879 4593 2998 4649 alio
3036 4601 3288 4664 tempore
3316 4593 3400 4648 vel
3432 4592 3570 4648 aliis
3593 4593 3710 4648 die-

2060 4681 2168 4737 bus
2193 4683 2434 4752 jejunat,
2469 4683 2782 4737 mercedem
2812 4683 2944 4738 inde
2975 4682 3159 4738 habet.
3191 4683 3395 4738 Tamen
3435 4681 3544 4736 ista
3563 4682 3708 4750 jeju-

2059 4772 2158 4827 nia
2183 4785 2309 4841 quae
2341 4770 2600 4825 diximus
2632 4770 2830 4826 nullus
2858 4771 3152 4827 dimittere
3188 4771 3372 4842 debet,
3423 4769 3520 4825 sed
3575 4784 3720 4856 cum.

2061 4861 2206 4917 bona
2234 4860 2527 4916 voluntate
2549 4859 2716 4915 debet
2735 4872 2798 4914 ea
2840 4861 3134 4916 custodire
3163 4865 3219 4915 et
3242 4873 3406 4916 orare
3438 4873 3539 4930 pro
3569 4873 3628 4915 se
3652 4864 3710 4914 et

2063 4963 2163 5019 pro
2180 4950 2305 5005 suis
2321 4949 2544 5019 amicis,
2565 4953 2630 5004 ut
2649 4961 2746 5018 per
2765 4948 2881 5003 hinc
2893 4949 3117 5017 jejunia
3136 4954 3193 5003 et
3209 4962 3307 5018 per
3320 4949 3436 5004 alia
3460 4963 3562 5019 pro
3577 4963 3638 5004 se
3654 4954 3710 5004 et

2059 5038 2503 5107 perelimosinas
2515 5037 2670 5106 pium
2699 5037 3002 5092 Dominum
3023 5038 3336 5108 propitium
3350 5044 3406 5093 et
3421 5038 3703 5107 placatum

2061 5126 2265 5182 habere
2291 5128 2598 5197 possimus,
2641 5125 2765 5196 ipso
2798 5130 3099 5195 praestante
3128 5127 3227 5197 qui
3259 5127 3476 5183 vivitet
3506 5127 3704 5193 regnat

2060 5217 2118 5272 in
2153 5217 2343 5272 secula
2377 5216 2721 5272 seculorum.
2764 5216 2961 5271 Amen.

1801 5509 2206 5526 ἰμ-
