4046 6182
373 191 510 250 4263

1252 190 1542 247 APPEND.
1583 190 1674 246 AD
1711 188 1871 246 SEC.
1912 189 2010 246 IX.
2040 183 2494 243 —-AUCTORES
2531 179 2866 238 ANON'YMI.

3637 164 3787 234 4264

1824 530 2313 602 NARRATIO

729 706 827 767 De
871 697 1195 765 Monaolw
1246 690 1733 759 Cenomanensi
1779 691 1871 755 ad
1911 691 2306 755 canonicam
2351 687 2567 752 vitam
2616 691 2681 753 et
2732 686 3038 752 habitum
3074 702 3409 752 converso.

1695 825 1878 888 (Apud
1913 825 2088 874 Baluz.
2127 822 2215 874 ubi
2250 823 2446 888 supra.)

439 1115 602 1171 Sicut
630 1111 845 1169 cotidie
869 1110 1063 1164 sancta
1093 1103 1346 1162 Ecclesia
1375 1102 1443 1159 ad
1472 1105 1680 1157 sortem
1702 1100 2010 1157 electorum
2043 1101 2100 1162 A
2123 1111 2183 1154 re
2201 1096 2530 1153 consultum
2564 1095 2752 1166 ipsius
2780 1093 2944 1150 urbis
2973 1092 3251 1164 episcOpi,
3301 1090 3577 1147 videlicet
3604 1101 3786 1144 vene-

363 1209 535 1274 atque
586 1199 999 1257 beatitudinem
1067 1199 1350 1266 perpetuae
1419 1192 1549 1248 vitae
1613 1189 2010 1261 capessendam

363 1291 610 1348 diversis
629 1285 1078 1354 evocationibus,
1108 1297 1221 1340 non
1257 1281 1442 1338 solum
1473 1281 1775 1350 despectus
1805 1278 2007 1348 seculi,

365 1382 460 1438 sed
479 1381 650 1436 etiam
672 1392 788 1446 eos,
807 1376 956 1447 quod
983 1376 1167 1444 majus
1195 1377 1300 1442 est,
1339 1385 1484 1443 quos
1515 1368 1830 1426 mundialis
1858 1367 2010 1424 actio

368 1469 706 1541 pertloridos
737 1465 896 1537 facit,
929 1464 1228 1520 adtrahere
1253 1463 1524 1530 decertat,
1559 1465 1623 1514 ut
1672 1458 1804 1513 illos
1834 1457 1929 1512 hic
1954 1460 2011 1512 et

365 1559 673 1615 diversitas
697 1557 976 1612 bonorum
1003 1559 1232 1610 actuum
1258 1550 1607 1620 multiplicet
1634 1552 1691 1604 et
1729 1547 1855 1602 illic
1879 1546 2009 1601 dis-

364 1648 641 1704 similitas
672 1643 1076 1701 retributionis
1104 1642 1275 1697 variae
1313 1644 1494 1710 ornet,
1547 1639 1624 1693 ita
1663 1651 1693 1692 e
1722 1635 2010 1693 contrario

367 1737 628 1806 antiquis
660 1735 843 1791 hostis
865 1734 990 1803 pios
1023 1731 1411 1786 indesinenter
1439 1727 1737 1797 subripere
1768 1739 1878 1781 non
1899 1738 2014 1780 ces-

369 1831 475 1892 sat,
502 1831 567 1880 ut
596 1839 738 1894 quos
768 1827 1058 1879 consortes
1089 1833 1200 1875 non
1243 1821 1426 1888 potest
1452 1816 1657 1872 habere
1696 1815 1754 1869 in
1803 1813 2008 1886 gloria,

369 1914 560 1970 saltim
591 1913 780 1969 socios
808 1925 999 1967 secum
1040 1913 1344 1980 c0gnoscat
1375 1907 1433 1962 in
1475 1918 1656 1975 poena.
1698 1906 1837 1959 Nam
1882 1915 2011 1957 cum

373 2003 430 2058 in
479 2002 670 2058 tribus
720 1999 1046 2068 ordinibus,
1098 1997 1155 2052 id
1221 2001 1327 2068 est,
1373 1996 1669 2064 laicorum,
1701 1991 2016 2048 canonico-

370 2105 517 2161 rum,
565 2090 1108 2158 monachorumque,
1144 2099 1254 2142 non
1293 2085 1485 2141 desint
1515 2084 1614 2155 qui
1661 2095 1693 2137 a
1743 2082 2012 2152 primaevo

369 2188 619 2251 tempore
658 2179 945 2235 nobiliora
996 2182 1120 2232 acta
1169 2173 1517 2246 perscrutari
1567 2178 1737 2243 atque
1779 2168 2010 2242 aggredi

373 2269 648 2327 tentarint
692 2269 826 2324 dato
875 2266 1163 2322 divinitus
1231 2262 1592 2333 intelligibili
1657 2261 1871 2331 animo,
1919 2273 2014 2315 eos

370 2359 612 2415 maxime
639 2357 906 2413 insidiari
931 2355 1143 2410 nititur
1167 2367 1312 2424 quos
1338 2353 1396 2407 in
1417 2350 1662 2421 juvenili
1698 2354 1861 2405 aetate
1885 2363 2018 2404 cre—

2123 1185 2327 1242 rabilis
2356 1185 2633 1256 Rotberti,
2669 1188 2900 1254 peteret,
2953 1195 3063 1239 non
3110 1181 3295 1238 solum
3335 1193 3457 1237 suae
3507 1177 3784 1248 petitioni

2119 1287 2414 1331 assensum
2473 1274 2738 1344 praebuit,
2799 1287 2994 1330 verum
3064 1271 3237 1327 etiam
3312 1267 3652 1326 omnimodo
3724 1265 3784 1321 id

2117 1365 2399 1436 agendum
2430 1364 2731 1420 exhortare
2761 1363 3004 1432 curavit,
3057 1365 3330 1432 reputans
3379 1360 3439 1414 in
3496 1371 3677 1428 puero
3727 1361 3787 1412 et

2116 1453 2384 1509 Ecclesiae
2434 1453 2743 1509 utilitatem
2786 1465 2887 1522 pro
2911 1465 3112 1524 genere
3157 1448 3461 1520 spectabili
3497 1444 3783 1517 profutu-

2119 1556 2234 1598 ram
2258 1548 2313 1599 et
2335 1543 2819 1599 immortalitatem
2842 1542 3047 1598 animae
3071 1539 3304 1596 dulcius
3341 1537 3586 1593 vivendo
3605 1541 3787 1604 atque

2119 1633 2385 1688 Ecclesiae
2412 1634 2680 1689 instituta
2716 1631 3019 1687 militando
3046 1636 3420 1700 recepturam.
3457 1627 3784 1683 Praedictus

2123 1722 2315 1791 itaque
2343 1723 2606 1777 sacerdos
2637 1721 2744 1777 hoc
2789 1720 3074 1792 negotium
3124 1717 3440 1788 adimplere
3469 1715 3783 1778 festinans,

2121 1810 2382 1867 adhibito
2405 1825 2593 1867 secum
2619 1810 2795 1866 fratre
2815 1824 2920 1866 suo
2951 1810 3180 1866 nomine
3194 1808 3522 1875 Wanilone,
3559 1805 3785 1862 obtulit

2122 1900 2514 1971 supradictum
2529 1905 2808 1970 nepotem,
2823 1898 3162 1970 cognomine
3173 1897 3549 1968 Rigrannum,
3562 1895 3785 1950 domno

2121 1990 2388 2061 episcopo
2417 1988 2798 2058 Ecclesizeque
2819 1989 2965 2058 ejus,
2991 1991 3053 2044 ut
3069 1986 3138 2042 ab
3156 2000 3222 2043 eo
3246 1991 3301 2042 et
3318 1985 3506 2056 ipsius
3525 1997 3786 2055 congre-

2121 2079 2350 2151 gatione
2362 2078 2630 2134 honorem
2642 2077 2949 2134 clericatus
2961 2076 3251 2146 suscipere
3265 2079 3595 2130 mereretur.
3610 2072 3782 2142 Quod

2122 2183 2250 2226 cum
2274 2168 2484 2224 factum
2501 2167 2705 2224 diebus
2721 2172 2982 2223 sanctum
3002 2165 3226 2220 Paschze
3245 2163 3452 2221 fuisset
3473 2163 3786 2233 nobiliter,

2121 2259 2308 2315 denuo
2333 2258 2578 2314 domnus
2595 2257 2899 2328 episcopus
2921 2254 3153 2326 praefato
3181 2253 3486 2323 avunculo,
3510 2253 3614 2322 qui
3643 2265 3785 2307 eum

2126 2348 2185 2402 in
2206 2347 2493 2417 spiritalis
2524 2346 2631 2402 filii
2663 2347 2840 2402 vicem
2867 2347 3213 2414 susceperat,
3241 2342 3664 2399 commendavit
3721 2345 3788 2396 ut

369 2449 517 2505 verit
546 2462 605 2502 se
645 2446 796 2508 ultro
843 2443 1164 2500 Dominicis
1207 2441 1504 2512 praeceptis
1535 2439 1907 2510 mancipasse,
1954 2442 2017 2494 ut
2049 2439 2098 2500 B
2125 2441 2282 2493 tutor
2305 2443 2613 2507 custosque
2653 2436 2914 2505 corporis
2969 2439 3025 2490 et
3075 2433 3282 2489 anima:
3329 2433 3456 2502 ejus
3500 2431 3664 2486 fieret
3719 2443 3789 2484 ac

371 2542 528 2593 tanto
555 2533 908 2606 profundius
925 2532 992 2588 ad
1028 2532 1140 2587 ima
1169 2531 1422 2603 gaudens
1449 2528 1718 2600 projiciat
1743 2531 1957 2598 quanto
1983 2540 2014 2581 a

370 2626 496 2682 suis
513 2623 771 2680 cruentis
801 2621 1068 2678 faucibus
1098 2620 1268 2677 semel
1296 2619 1543 2674 evasisse
1567 2617 1830 2674 dolebat:
1863 2629 2016 2686 quo-

371 2728 496 2771 rum
525 2713 775 2770 deviatio
811 2725 844 2768 a
897 2711 1187 2780 proposito
1230 2714 1427 2764 sancto
1469 2719 1638 2777 quam
1665 2704 2015 2760 damnabilis

367 2816 491 2859 esse
514 2808 811 2858 censeatur
855 2799 1180 2870 evangelica
1217 2802 1275 2853 et
1319 2795 1631 2866 apostolica
1672 2795 2014 2850 documenta

366 2891 625 2960 edocent,
656 2890 895 2959 suisque
949 2886 1426 2942 medicaminibus
1480 2889 1543 2940 ut
1593 2885 1781 2940 denuo
1827 2882 2014 2939 refor-

369 2986 614 3050 mentur,
658 2978 906 3049 qualiter
961 2976 1310 3047 serpentinis
1365 2973 1597 3031 venenis
1653 2973 2008 3042 sauciantur,

365 3069 754 3127 corroborant.
777 3068 915 3123 Cum
943 3066 1094 3122 enim
1119 3064 1438 3134 unicuique
1467 3063 1670 3118 modus
1694 3061 2013 3116 correctio-

366 3161 458 3216 nis
477 3159 788 3215 secundum
812 3156 1141 3228 gravitatem
1167 3153 1419 3225 contagii
1443 3151 1762 3220 conveniat,
1787 3150 1961 3220 idque
1976 3162 2009 3205 a

355 3249 691 3306 doctoribus
712 3245 978 3301 Ecclesia:
1004 3243 1220 3299 sanciri
1255 3243 1598 3312 permissum
1626 3240 1706 3294 sit
1737 3240 1871 3294 data
1896 3252 2010 3295 au-

361 3339 626 3396 ctoritate
649 3334 1014 3392 altitonantis
1038 3332 1279 3403 judicis,
1315 3336 1378 3387 ut
1397 3330 1569 3385 aliter
1597 3328 1818 3384 obtecta
1845 3328 2008 3383 dete-

362 3433 589 3500 gantur,
613 3425 784 3481 aliter
797 3427 991 3493 aperta
1017 3422 1335 3489 deleantur,
1365 3420 1421 3474 in
1442 3419 1535 3474 his
1554 3418 1726 3473 etiam
1754 3416 1854 3487 qui
1884 3420 2010 3486 post

360 3516 714 3572 devotionem
748 3513 1090 3568 nobiliorem
1139 3511 1208 3565 ad
1242 3508 1553 3564 secularem
1587 3507 1794 3562 iterum
1837 3504 2010 3559 habi-

361 3612 481 3661 tum
542 3604 883 3660 dilabuntur
928 3606 1100 3671 atque
1138 3605 1407 3668 apostatae
1455 3595 1783 3652 efﬁciuntur
1832 3593 2010 3661 major

359 3694 693 3749 sollicitudo
731 3695 787 3746 et
807 3704 945 3745 cura
983 3687 1308 3743 adhibenda
1339 3698 1461 3740 esse
1490 3683 1839 3739 decernitur.
1873 3681 2008 3750 Quae

2127 2525 2475 2582 nutrimenta
2525 2523 2817 2594 praeberet,
2869 2522 3144 2594 quatinus
3199 2526 3328 2592 post
3381 2520 3784 2576 edocationem

2122 2618 2317 2684 aptum
2349 2613 2568 2669 divinis
2591 2618 2646 2668 et
2670 2612 2939 2668 humanis
2963 2611 3220 2666 servitiis
3250 2610 3301 2666 ei
3354 2609 3589 2665 reddere
3638 2622 3788 2678 pos-

2122 2707 2226 2758 set.
2249 2703 2358 2772 Qui
2381 2703 2686 2772 imperium
2705 2701 2799 2757 sui
2821 2701 3068 2757 senioris
3085 2699 3331 2755 libenter
3351 2698 3784 2767 obtemperans,

2123 2792 2336 2862 recepit
2379 2805 2639 2861 puerum.
2679 2793 2935 2860 Cumque
2985 2789 3134 2858 apud
3167 2803 3227 2844 se
3259 2802 3371 2844 non
3399 2800 3525 2843 esse
3550 2786 3785 2856 cOpiam

2121 2881 2444 2936 litterarum
2475 2884 2858 2952 cognosceret,
2895 2879 3053 2934 misit
3077 2892 3203 2934 eum
3235 2877 3291 2932 in
3326 2877 3617 2948 quoddam
3649 2888 3787 2930 mo—

2123 2971 2435 3026 nasterium
2465 2971 2652 3040 ipsius
2681 2969 2958 3039 episcopi,
2993 2968 3091 3024 ubi
3116 2969 3254 3024 ordo
3294 2966 3656 3022 monasticus
3683 2965 3785 3019 vi-

2121 3059 2304 3129 gebat,
2325 3064 2389 3115 ut
2407 3059 2532 3114 illic
2556 3060 2940 3115 instrueretur
2956 3059 3137 3114 sacris
3169 3057 3386 3112 litteris
3406 3062 3464 3111 et
3499 3055 3783 3110 erudire—

2121 3155 2234 3203 tur.
2259 3149 2404 3219 Ergo
2425 3153 2727 3218 susceptus
2752 3162 2890 3217 puer
2913 3149 2970 3202 in
3014 3147 3378 3214 monasterio,
3403 3146 3782 3215 traditusque

2123 3238 2413 3309 magistro,
2437 3252 2566 3293 cum
2591 3237 2886 3308 perplures
2904 3237 3029 3292 dies
3051 3236 3415 3293 scholasticis
3435 3234 3780 3304 disciplinis

2117 3340 2343 3396 operam
2365 3327 2637 3398 dedisset,
2666 3327 2909 3398 quodam
2929 3332 3179 3396 tempore
3199 3326 3373 3396 coepit
3393 3324 3635 3396 fatigari
3663 3324 3780 3376 lau-

2119 3429 2293 3487 guore
2322 3416 2478 3487 gravi
2506 3417 2782 3487 corporis.
2815 3418 3010 3486 Itaque
3039 3416 3176 3471 dum
3203 3414 3524 3484 saepissime
3556 3412 3778 3467 talibus

2121 3503 2572 3573 impulsionibus
2596 3506 2972 3575 cruciaretur,
2997 3505 3276 3575 dirusque
3290 3504 3456 3560 dolor
3476 3501 3782 3558 intestina-

2121 3607 2244 3648 rum
2261 3608 2324 3649 ac
2345 3595 2627 3650 viscerum
2653 3594 3169 3650 inremediabiliter
3182 3608 3310 3650 eum
3338 3599 3592 3659 vexaret,
3616 3590 3779 3647 nulla

2119 3689 2239 3738 arte
2270 3683 2599 3738 medicinali
2634 3683 2903 3739 medelam
2930 3683 3230 3754 praebente,
3263 3682 3643 3752 obtupescere
3674 3696 3779 3738 cce-

361 3780 753 3850 prtevaricatio
805 3778 1049 3846 pessima
1100 3777 1156 3829 in
1210 3780 1452 3841 utroque
1511 3785 1649 3826 sexu
1718 3770 2009 3826 modernis
2042 3789 2090 3852 α
2124 3773 2209 3843 pit
2241 3774 2512 3842 magister
2541 3787 2665 3843 qum
2690 3779 2745 3829 et
2779 3788 2883 3829 cur
2919 3773 3160 3844 agitatio
3205 3778 3376 3828 tanta;
3403 3772 3778 3828 inﬁrmitatis

359 3868 714 3936 temporibus
756 3878 930 3934 supra
986 3864 1214 3918 modum
1271 3861 1582 3931 invenitur,
1616 3859 2009 3931 plurimosque

361 3955 694 4010 vacillantes
728 3953 854 4008 suis
883 3948 2008 4019 volubilitatibusimplicareetdeperire

359 4057 393 4098 a
424 4051 577 4098 recto
629 4041 860 4097 tramite
907 4038 1224 4096 obfuscatis
1271 4036 1595 4094 luminibus
1643 4036 1852 4092 inlisit.
1901 4036 2003 4092 Sed

363 4132 499 4202 quia
536 4131 642 4186 hoc
669 4129 977 4185 devitabile
1024 4141 1203 4200 genus
1243 4131 1510 4198 promptu
1557 4131 1708 4182 stare
1754 4127 2002 4195 videtur,

358 4235 423 4276 ac
469 4223 697 4290 pr0pter
733 4218 836 4274 hoc
882 4219 940 4273 in
992 4223 1142 4274 coetu
1187 4217 1465 4273 bonorum
1503 4216 1896 4285 malorumque
1923 4227 2011 4269 ca-

358 4307 705 4364 tholicorum
734 4320 864 4377 pars
895 4306 974 4362 sit
1005 4307 1062 4360 in
1092 4304 1515 4376 redargutione,
1556 4317 1687 4372 pars
1715 4303 1772 4356 in
1803 4300 2010 4358 defen-

357 4398 518 4455 sione
550 4397 706 4468 mali,
739 4396 820 4451 ita
860 4401 923 4453 ut
952 4410 1049 4452 eos
1087 4409 1230 4466 quos
1271 4394 1328 4448 in
1357 4393 1458 4448 tali
1492 4390 1744 4447 facinore
1770 4392 2011 4460 depres-

358 4503 472 4558 sos,
503 4488 640 4544 dum
675 4500 784 4542 non
816 4491 1056 4555 possunt
1094 4485 1374 4539 innocuos
1417 4480 1600 4538 facere
1633 4481 1691 4535 in
1714 4486 1852 4547 toto,
1883 4481 2007 4537 suis

363 4577 650 4632 mendosis
700 4571 1283 4630 sermocinationibus
1311 4574 1412 4625 aut
1444 4583 1542 4639 per
1569 4569 2005 4640 abnegationem

361 4669 461 4717 aut
484 4663 1008 4719 dissimulationem
1031 4665 1196 4716 actus
1216 4658 1300 4714 vel
1325 4671 1423 4728 per
1457 4658 1711 4729 aliquam
1741 4659 2007 4715 occasio—

341 4762 490 4838 ‘nem
518 4749 848 4804 innocentes
877 4753 1160 4804 conantur
1179 4749 1494 4817 ostendere,
1524 4747 1716 4818 sitque
1739 4747 1856 4816 jam
1885 4761 2008 4819 gra-

363 4838 490 4894 vior
531 4849 697 4892 casus
740 4837 1048 4893 multorum
1073 4850 1240 4906 quam
1260 4837 1456 4906 unius,
1479 4837 1738 4892 restatde
1760 4837 1864 4892 hac
1883 4837 2006 4907 ipsa

362 4927 746 4982 controversia
777 4941 901 4997 quae
933 4925 1098 4983 modo
1124 4927 1338 4982 nostris
1365 4927 1424 4981 in
1471 4927 1730 4996 partibus
1759 4926 2011 4983 excrevit

363 5015 588 5086 aliquid
619 5015 688 5069 ad
713 5017 962 5071 medium
982 5016 1292 5087 deducere;
1319 5016 1595 5086 quatinus
1614 5018 1842 5088 cognita
1867 5017 2011 5072 veri-

2119 3861 2530 3917 adolescentem
2564 3861 2884 3933 indigeret;
2939 3862 3356 3931 sciscitansque
3380 3860 3453 3915 ab
3498 3875 3570 3916 eo
3605 3874 3774 3931 quam

2119 3949 2188 4005 ob
2214 3963 2441 4005 causam
2469 3955 2553 4006 tot
2598 3955 2652 4005 et
2701 3950 2838 4006 talia
2881 3951 3062 4006 invisa
3108 3956 3413 4021 pateretur.
3472 3948 3588 4017 Qui
3644 3963 3773 4005 cum

2116 4038 2344 4094 diutine
2379 4041 2829 4110 interrogaretur
2871 4046 2924 4095 et
2977 4039 3198 4096 nullum
3251 4045 3470 4095 certum
3530 4053 3779 4109 respon—

2118 4142 2243 4184 sum
2275 4128 2545 4199 dedisset,
2595 4130 2838 4200 quadam
2885 4130 2980 4185 die
3005 4131 3255 4186 acriores
3304 4129 3610 4185 sustinens
3635 4143 3778 4184 cru-

2118 4218 2324 4288 ciatus,
2360 4223 2423 4273 ut
2453 4231 2592 4288 pene
2621 4219 2905 4274 exanimis
2930 4221 3161 4289 jaceret,
3204 4219 3299 4274 vix
3344 4218 3629 4290 languido
3664 4219 3778 4273 ha—

2117 4307 2300 4362 nelitu
2341 4307 2530 4378 flante,
2563 4309 2787 4364 tandem
2819 4309 3115 4366 confessus
3143 4314 3230 4364 est
3271 4322 3331 4364 se
3361 4321 3392 4363 a
3444 4313 3612 4378 patre
3664 4309 3778 4363 Deo

2115 4396 2380 4454 devotum
2412 4396 2592 4454 fuisse
2625 4399 2684 4454 in
2743 4400 2913 4454 annis
2965 4398 3260 4468 prioribus
3306 4399 3365 4453 in
3417 4397 3776 4452 monasterio

2117 4487 2266 4556 quod
2317 4493 2551 4544 vocatur
2606 4489 2988 4559 Cormaricus,
3069 4493 3363 4558 propterea
3441 4487 3598 4558 quod
3656 4488 3777 4541 Do-

2117 4575 2310 4632 minus
2336 4590 2395 4632 se
2449 4577 2636 4646 ipsum
2675 4578 2792 4648 jam
2818 4582 3138 4634 emortuum
3173 4592 3275 4647 pro
3319 4582 3526 4632 eventu
3580 4577 3779 4632 nimia

2118 4665 2475 4722 inﬁrmitatis
2507 4667 2654 4736 patri
2697 4671 2824 4737 post
2850 4673 3042 4724 votum
3101 4667 3468 4738 reddidisset,
3513 4679 3585 4722 ac
3649 4667 3778 4722 ideo

2117 4769 2344 4824 sperare
2383 4770 2444 4812 se
2475 4757 2590 4826 pati
2630 4762 2741 4812 tam
2786 4757 2998 4828 gravia.
3051 4757 3173 4826 Quo
3211 4759 3436 4827 audito,
3493 4757 3774 4828 magister

2116 4844 2330 4900 tacitus
2361 4844 2511 4900 intra
2558 4859 2617 4900 se
2647 4846 2977 4916 requirebat
3021 4847 3074 4902 ei
3109 4853 3330 4916 recepto
3363 4846 3598 4914 robore,
3647 4859 3774 4900 cum

2118 4937 2340 5004 tempus
2394 4934 2799 5004 inquisitionis
2843 4937 3086 5006 adesset,
3147 4938 3197 4992 si
3244 4935 3496 4992 fuissent
3546 4938 3776 4993 insania

2119 5037 2244 5093 quae
2273 5023 2344 5078 ab
2373 5037 2438 5080 eo
2489 5025 2751 5080 audierat
2805 5025 2943 5082 hora
2992 5026 3369 5082 inﬁrmitatis.
3429 5026 3536 5082 Ille
3583 5033 3771 5084 autem

365 5103 774 5173 tatejudicium
796 5103 2456 5183 observeturveracium,ctfalsitasconfusaDadﬁrmabat
2501 5127 2629 5170 vera
2709 5128 2848 5186 esse,
2916 5115 3269 5186 docebatque
3341 5117 3613 5172 ordinem
3667 5119 3768 5172 rei.

363 5199 674 5251 evanescat.

435 5285 679 5354 Quidam
712 5295 955 5354 namque
985 5283 1252 5339 sacerdos
1279 5284 1509 5339 nomine
1541 5284 1682 5340 Urso
1707 5284 1868 5339 valde
1901 5298 2009 5352 no-~

365 5373 506 5429 bilis
525 5370 1291 5442 fuitCenomanniscivitate,
1307 5373 1407 5442 qui
1429 5386 1603 5428 unum
1617 5387 1683 5428 ex
1707 5373 2010 5444 suisnepo—

368 5461 524 5517 tibus
554 5463 920 5534 superstitem
947 5474 1069 5518 esse
1111 5459 1350 5518 volebat.
1401 5462 1655 5533 Cumque
1707 5477 1878 5535 super
1903 5464 2007 5522 hac

2119 5200 2353 5256 Dicebat
2393 5203 2564 5258 etiam
2595 5203 2738 5260 velle
2794 5218 2854 5260 se
2899 5219 3022 5261 esse
3071 5205 3436 5276 monachum,
3476 5211 3544 5263 ut
3589 5207 3774 5277 ipsius

2117 5295 2171 5344 et
2201 5291 2379 5359 patris
2407 5293 2598 5348 anima
2623 5309 2653 5350 a
2683 5294 2938 5363 periculo
2993 5296 3108 5352 voti
3143 5295 3512 5352 liberaretur.
3568 5296 3776 5367 Siqui-

2116 5378 2240 5434 dem
2288 5386 2446 5450 pater
2493 5383 2619 5452 ejus
2649 5397 2822 5454 supra
2855 5390 3219 5458 memoratus,
3262 5386 3537 5444 videlicet
3591 5386 3774 5444 Roht-

2116 5465 2332 5540 bertus,
2362 5469 2480 5539 jam
2533 5469 2801 5528 humanis
2850 5471 3021 5530 rebus
3069 5478 3405 5531 excesserat.
3471 5475 3776 5532 Deciderat
