4082 6168
239 338 359 398 4265

1281 331 1370 390 DE
1403 319 1723 392 ΜΟΝΑΟΗ.
1763 334 2114 395 CENOMAN.
2155 338 2527 399 NARRATIO.

3471 347 3609 409 4266

232 470 364 527 enim
402 466 459 522 in
512 468 806 536 rapturam
855 465 1398 533 Norcomannorum,
1429 460 1485 518 et
1526 461 1613 518 sic
1653 474 1850 518 eorum
1876 460 1932 520 A
1963 471 2152 523 scente
2180 472 2369 538 posset
2401 482 2692 543 apparere,
2744 476 3056 543 praesertim
3096 491 3226 534 cum
3271 478 3332 534 in
3371 478 3608 549 pericu-

235 559 397 631 poenis
435 556 676 612 attritus
708 555 1021 612 interierat.
1073 557 1269 626 Itaque
1313 552 1590 624 paulatim
1620 552 1852 609 adoles—

230 664 347 707 cens
383 646 801 704 informabatur
837 649 902 702 ut
943 644 1154 702 collum
1203 645 1312 700 sub
1364 643 1473 700 levi
1496 644 1634 716 jugo
1676 642 1852 698 Chri-

229 741 296 797 sti
339 737 697 795 submitteret
741 740 912 805 atque
961 735 1316 805 propositum
1375 735 1554 805 patris
1578 734 1846 804 expleret.

226 827 604 899 Sedmagister
650 826 706 881 id
769 824 891 880 ﬁeri
939 837 1102 894 posse
1149 824 1406 896 negabat,
1439 823 1853 892 diccnszQuia

228 930 566 990 nequaquam
626 915 740 972 huc
787 914 995 970 venisti
1050 917 1116 969 ut
1159 914 1472 970 monachus
1527 912 1850 982 eﬁicereris,

228 1023 316 1065 nec
344 1007 468 1063 ideo
501 1010 797 1062 tonsuram
843 1004 1136 1075 accepisti,
1189 1004 1284 1060 sed
1333 1017 1434 1060 nec
1477 1007 1738 1074 parentes
1765 1001 1852 1058 tui

224 1099 306 1154 his
350 1095 714 1153 sermonibus
763 1095 1156 1166 adquiescent.
1213 1096 1612 1151 Perseverante
1661 1096 1852 1148 autem

224 1188 316 1244 illo
361 1186 419 1241 in
468 1184 869 1241 adﬁrmatione
923 1189 978 1240 et
1031 1183 1364 1240 defensione
1403 1183 1485 1239 rei
1529 1197 1653 1253 quae
1695 1184 1854 1251 pete—

219 1277 376 1332 batur
403 1289 515 1332 non
565 1275 782 1344 ﬂendae,
825 1275 1070 1346 contigit
1101 1279 1164 1330 ut
1206 1272 1528 1330 avunculus
1570 1273 1716 1347 ejus,
1751 1269 1853 1340 qui

217 1381 334 1423 eum
389 1374 624 1436 paterno
688 1365 893 1422 affectu
951 1367 1294 1435 susceperat,
1349 1363 1618 1420 videlicet
1691 1359 1851 1430 Urso,

213 1456 518 1512 declinaret
600 1456 660 1511 in
744 1455 1156 1513 monasterium
1235 1468 1407 1510 causa
1474 1451 1847 1509 visitationis.

213 1543 358 1612 Quod
403 1559 535 1601 cum
594 1545 773 1602 edilia
822 1547 1279 1615 praepararentur
1319 1548 1376 1600 et
1416 1543 1656 1599 invicem
1711 1555 1855 1597 con—

211 1636 622 1706 fabularentur,
694 1636 844 1692 inter
909 1640 1111 1690 caetera
1162 1648 1329 1691 orsus
1377 1637 1464 1689 est
1524 1632 1853 1689 adolescens

209 1729 484 1786 avunculo
513 1728 810 1785 ostendere
839 1727 1185 1784 voluntatem
1225 1725 1526 1797 propositi,
1564 1724 1855 1781 laborem-

1962 555 2164 612 losiori
2195 561 2357 614 aetate
2382 559 2498 628 jam
2532 567 2877 630 pervenerat.
2910 565 3044 619 Erat
3075 567 3247 637 enim,
3277 571 3342 624 ut
3368 567 3611 623 aestima-

1960 645 2149 717 batur,
2177 648 2369 704 decem
2389 654 2446 705 et
2473 655 2600 706 octo
2631 665 2931 708 annorum.
2972 654 3179 709 Iterum
3214 662 3403 712 autem
3432 670 3608 713 vene-

1963 737 2169 794 rabilis
2193 739 2500 809 episcopus
2522 742 2868 811 perquisivit
2888 743 2938 799 si
2963 745 3190 800 cunctis
3209 745 3416 803 diebus
3438 748 3610 804 desti-

1963 833 2154 882 nasset
2194 841 2549 897 perseverare
2594 831 2654 886 in
2703 832 2906 889 ordine
2937 835 3267 890 monastico.
3325 835 3429 891 Illo
3475 851 3606 893 vero

1962 915 2298 973 adﬁrmante
2345 923 2402 974 et
2433 925 2786 976 contestante
2814 936 3001 978 coram
3046 924 3334 993 omnibus,
3366 925 3526 981 dedit
3551 926 3605 980 ei

1962 1003 2418 1064 benedictionem
2446 1009 2692 1067 domnus
2734 1013 3056 1083 episcopus,
3095 1015 3492 1086 concessitque
3518 1015 3608 1072 lo—

1961 1109 2089 1152 cum
2117 1101 2172 1153 et
2197 1099 2454 1155 ordinem
2484 1103 2861 1158 monasticum
2915 1117 3080 1174 quem
3107 1105 3346 1174 petebat.
3381 1105 3481 1160 His
3532 1107 3610 1162 ita

1964 1187 2292 1257 transactis,
2316 1202 2444 1244 cum
2473 1190 2734 1247 audisset
2767 1191 3037 1262 praefatus
3079 1194 3419 1266 avunculus,
3444 1195 3610 1251 vide-

1964 1274 2100 1331 licet
2127 1277 2288 1348 Urso,
2313 1293 2430 1334 rem
2451 1283 2632 1336 actam
2665 1280 2735 1336 ab
2773 1283 3039 1354 episcOpo
3079 1283 3211 1353 (non
3239 1284 3391 1340 enim
3422 1283 3612 1341 fuerat

1964 1367 2100 1420 tunc
2127 1381 2395 1435 praesens,
2425 1370 2562 1440 quia
2585 1370 2911 1428 inﬁrmatus
2938 1372 3180 1443 quodam
3209 1373 3330 1430 loco
3347 1374 3608 1447 jacebat),

1965 1456 2212 1525 graviter
2231 1459 2452 1528 accepit
2480 1474 2607 1515 cum
2631 1461 2854 1517 caeteris
2885 1461 3220 1532 parentibus
3258 1465 3406 1534 quod
3437 1477 3611 1534 nepos

1963 1558 2158 1600 eorum
2187 1548 2446 1616 perditus
2471 1554 2618 1606 esset
2643 1551 2836 1606 seculo
2852 1556 2908 1606 et
2935 1553 3268 1622 adquisitus
3292 1555 3423 1609 Deo.
3454 1553 3614 1608 Misit

1963 1635 2030 1691 ad
2059 1637 2486 1694 arcersiendum
2509 1654 2657 1695 eum.
2676 1640 2932 1712 Cumque
2959 1645 3091 1696 ante
3111 1656 3239 1697 eum
3266 1643 3608 1712 adstitisset,

1963 1741 2092 1782 cum
2124 1728 2279 1783 omni
2325 1729 2409 1784 ira
2432 1733 2487 1785 et
2516 1730 2724 1786 mentis
2756 1731 2980 1786 insania
3014 1731 3094 1786 ita
3124 1730 3191 1786 ad
3224 1745 3353 1788 eum
3384 1731 3611 1788 locutus

208 1833 310 1890 que
339 1833 508 1890 quem
548 1817 891 1889 patiebatur,
940 1831 1005 1873 ac
1029 1822 1217 1874 votum
1252 1818 1450 1887 patris.
1480 1816 1580 1872 llis
1606 1816 1847 1888 auditis,
1882 1805 1934 1866 B
1964 1821 2078 1871 est:
2111 1816 2260 1886 Quid
2300 1815 2511 1888 fecisti,
2541 1818 2758 1874 miser?
2801 1819 2987 1887 Quare
3018 1820 3330 1876 monachus
3359 1834 3482 1877 esse
3506 1835 3613 1876 vo-

206 1910 468 1966 sacerdos
499 1923 611 1965 non
667 1908 902 1963 minime
940 1909 1149 1964 anxius
1175 1908 1423 1980 graviter
1451 1906 1685 1976 ferebat,
1736 1920 1849 1962 non

205 1995 436 2072 [tamen]
466 1999 704 2054 minime
742 1997 1136 2054 contradicere
1165 1997 1413 2053 audebat
1458 1997 1608 2068 quod
1636 1996 1852 2052 exhor—

204 2089 309 2143 tari
337 2087 587 2144 nolebat.
630 2088 934 2144 Consensit
969 2094 1153 2142 tamen
1182 2087 1382 2142 nolens
1409 2086 1514 2142 diu
1545 2086 1758 2157 petenti
1791 2088 1851 2140 ut

203 2176 412 2234 faceret
441 2178 590 2247 quod
625 2177 909 2248 poscebat.
942 2176 1263 2246 Statimque
1294 2179 1510 2232 mutato
1533 2174 1736 2232 habitu
1768 2176 1851 2231 in.

198 2267 327 2322 duit
347 2267 670 2337 cucullam;
704 2281 769 2323 ac
797 2268 1005 2324 cadens
1025 2267 1092 2322 ad
1124 2266 1292 2337 pedes
1315 2265 1607 2336 avunculi,
1635 2265 1853 2322 oscula-

206 2359 296 2411 tus
308 2361 396 2412 est
413 2355 566 2412 illos.
589 2356 682 2411 Sic
703 2355 774 2411 ab
797 2356 899 2412 illo
919 2355 1014 2411 die
1035 2359 1090 2410 et
1105 2355 1374 2426 magister
1395 2355 1493 2426 qui
1517 2355 1848 2427 denegabat,

196 2449 251 2500 et
282 2445 374 2500 illi
406 2446 507 2516 qui
538 2445 877 2502 deridebant
918 2458 1108 2500 vocem
1137 2444 1450 2517 loquentis,
1480 2444 1538 2499 in
1577 2443 1854 2500 exhorta—

200 2534 418 2590 tionem
462 2540 517 2591 et
563 2535 1016 2592 consolationem
1065 2535 1213 2590 versi
1264 2537 1416 2590 sunt.
1467 2536 1684 2590 Interea
1729 2534 1853 2590 illis

194 2624 405 2682 diebus
430 2626 734 2696 episcopus
753 2639 785 2681 a
809 2625 1041 2680 civitate
1068 2624 1299 2695 longius
1326 2629 1650 2696 recesserat,
1684 2639 1853 2680 exer-

196 2728 333 2771 cens
359 2730 508 2786 opus
550 2716 981 2786 praedicationis
1010 2719 1066 2770 et
1100 2715 1557 2771 conﬁrmationis
1590 2729 1689 2786 per
1711 2729 1852 2785 pro-

201 2805 456 2861 vinciam
493 2805 637 2861 locis
663 2806 1023 2862 necessariis.
1065 2805 1202 2861 Cum
1252 2811 1440 2862 autem
1474 2810 1850 2863 reverteretur

191 2899 249 2950 et
279 2899 444 2950 esset
470 2908 580 2950 non
616 2894 779 2965 longe
799 2893 869 2948 ab
897 2894 1055 2963 urbe,
1080 2895 1302 2949 vocavit
1319 2895 1653 2965 magistrum
1677 2908 1850 2964 supra

189 2983 504 3038 memorati
527 2981 927 3047 adolescentis,
948 2982 1048 3051 qui
1073 2985 1127 3036 et
1148 2981 1322 3036 abbas
1348 2981 1681 3036 monasterii
1708 2985 1848 3052 erat,

190 3077 258 3129 ut
287 3070 477 3126 sciret
503 3083 628 3139 quac
651 3075 958 3140 agerentur
978 3069 1133 3124 circa
1157 3069 1464 3124 monachos
1495 3074 1550 3123 et
1582 3073 1856 3123 monaste-

1963 1904 2171 1961 luisti?
2192 1906 2305 1962 Cur
2325 1906 2550 1977 elegisti
2573 1921 2746 1962 unum
2775 1920 3007 1977 parvum
3032 1922 3230 1978 panem
3249 1923 3352 1978 pro
3373 1923 3610 1966 numero

1960 1996 2288 2051 centenario
2314 1998 2371 2050 et
2399 2009 2598 2065 parum
2631 1996 2828 2051 vinum
2855 2010 2954 2066 pro
2984 1997 3267 2052 calicibus
3308 2000 3608 2068 epotandis

1962 2099 2143 2156 usque
2163 2086 2232 2141 ad
2258 2085 2578 2140 satietatem
2598 2083 2626 2138 ?
2653 2085 3028 2155 Quamobrem
3071 2087 3186 2142 vita
3219 2099 3519 2156 porcorum
3550 2088 3608 2145 in

1959 2174 2354 2247 leguminibus
2374 2180 2428 2231 et
2444 2175 2611 2231 horto
2635 2178 2698 2230 ut
2716 2174 3004 2232 suciens
3025 2175 3134 2231 tibi
3160 2189 3313 2233 esses
3332 2176 3614 2234 voluisti?

1961 2264 2067 2320 Ubi
2102 2269 2272 2321 erunt
2294 2264 2519 2320 deliciae
2549 2266 2811 2321 carnium
2841 2279 2982 2336 quas
3020 2265 3324 2338 dimisisti,
3357 2267 3611 2324 suavitas

1964 2355 2285 2426 potionum,
2316 2355 2622 2411 delectatio
2660 2369 2866 2412 canum
2906 2355 3383 2427 accipitrumque,
3426 2361 3614 2414 tactus

1964 2445 2345 2514 voluptuosus
2381 2444 2689 2500 mulierum
2711 2443 2739 2498 ?
2768 2445 2906 2500 Cum
2952 2457 3086 2517 ergo
3111 2446 3369 2502 animum
3410 2445 3614 2502 adole—

1962 2534 2176 2590 scentis
2214 2537 2414 2590 contra
2441 2533 2559 2588 haec
2610 2532 2838 2590 fortiter
2870 2534 3135 2590 resistere
3162 2535 3404 2591 vidisset
3431 2538 3487 2590 et
3517 2549 3612 2590 re-

1961 2636 2167 2692 sponsa
2221 2636 2332 2677 non
2376 2621 2654 2691 juvenilis
2703 2623 2798 2677 sed
2849 2622 3048 2678 robore
3091 2622 3295 2679 senilis
3334 2627 3608 2694 cerneret,

1959 2712 2202 2769 addebat
2254 2712 2436 2767 multo
2483 2712 2868 2783 sceleratiora,
2921 2713 3001 2768 ita
3049 2716 3112 2769 ut
3163 2713 3335 2768 etiam
3383 2713 3614 2770 lenones

1962 2802 2297 2857 immitteret
2318 2801 2417 2872 qui
2445 2814 2574 2857 eum
2607 2806 3006 2872 provocarent;
3040 2815 3256 2858 necnon
3278 2802 3449 2857 etiam
3471 2817 3616 2858 con-

1961 2890 2164 2946 citavit
2190 2894 2428 2945 caeteros
2450 2891 2787 2962 avunculos,
2822 2891 3047 2946 scilicet
3066 2891 3430 2963 Lethardum,
3468 2892 3616 2949 Wa-

1965 2979 2238 3047 nilonem,
2272 2982 2329 3032 et
2357 2978 2570 3033 multos
2597 2978 2746 3034 alios
2791 2983 3071 3048 parentes,
3114 2980 3214 3050 qui
3256 2985 3312 3036 et
3349 2981 3618 3037 dicebant

1965 3067 2053 3121 ei:
2086 3066 2204 3121 Cur
2254 3079 2357 3121 nos
2405 3066 2748 3136 degenerare
2790 3066 3078 3122 voluisti?
3107 3067 3264 3137 Opus
3323 3071 3615 3140 progenici

182 3161 379 3216 rium.
436 3159 738 3228 Postquam
784 3171 916 3213 vero
965 3161 1170 3213 cuncta
1215 3157 1498 3228 cognovit,
1545 3157 1855 3212 novissime
1882 3155 1931 3217 C
1967 3159 2173 3210 nostra?
2203 3167 2334 3209 cum
2366 3154 2716 3224 pauperibus
2735 3158 2791 3209 et
2818 3155 3097 3211 mendicis
3128 3170 3238 3212 non
3272 3155 3403 3212 fuit.
3438 3157 3617 3228 Nobis

178 3252 255 3307 de
288 3247 598 3318 discipulo
631 3247 1023 3319 interrogavit.
1047 3246 1270 3316 Quibus
1303 3246 1855 3318 interrogationibus

182 3351 540 3409 responsum
573 3336 733 3392 dedit
757 3335 950 3406 abbas,
974 3341 1146 3406 atque
1171 3335 1364 3391 omnia
1399 3350 1524 3406 quae
1551 3334 1698 3391 facta
1725 3333 1857 3390 fue-

184 3430 328 3482 rant
402 3425 746 3480 enuntiavit.
810 3424 933 3494 Quo
981 3424 1202 3494 audito,
1252 3424 1497 3479 domnus
1550 3424 1854 3493 episcopus

183 3514 544 3580 admiratus,
592 3514 855 3569 concitus
890 3514 947 3568 in
1001 3514 1189 3569 eundo
1229 3527 1411 3576 usque
1466 3513 1533 3568 ad
1562 3512 1851 3569 civitatem

185 3601 484 3670 pervenit,
535 3601 928 3658 scire~volens
977 3616 1146 3672 quam
1202 3602 1447 3672 speciem
1491 3601 1720 3656 haberet
1765 3614 1854 3656 res

184 3690 425 3756 audita,
451 3691 545 3745 sed
577 3690 975 3760 incredibilis;
1006 3690 1300 3761 jussitque
1330 3691 1590 3747 abbatem
1615 3697 1671 3747 et
1701 3692 1854 3747 novi-

187 3777 345 3833 tium
399 3785 598 3834 v0care
630 3784 685 3834 et
728 3781 1002 3849 quosdam
1030 3794 1098 3836 ex
1133 3778 1428 3837 fratribus.
1470 3783 1725 3852 Cumque
1755 3794 1859 3838 co-

185 3880 316 3921 ram
354 3867 794 3939 eoassisterent,
818 3873 1003 3924 stante
1028 3870 1249 3924 circum
1275 3870 1427 3925 circa
1455 3871 1610 3926 omni
1634 3875 1858 3927 caterva

183 3955 553 4011 clericorum
576 3956 975 4027 laicorumque
990 3956 1131 4028 (erat
1148 3958 1298 4013 enim
1321 3958 1457 4013 hora
1480 3959 1547 4013 ad
1576 3959 1862 4014 celebran-

179 4045 332 4100 dum
352 4043 663 4100 missarum
679 4045 975 4116 solemnia,
993 4047 1128 4117 quia
1141 4046 1424 4102 festivitas
1437 4047 1864 4103 Puriﬁcationis

180 4137 420 4187 sancta:
440 4133 630 4189 Maria:
653 4135 942 4207 instabat),
963 4135 1046 4191 ait
1066 4134 1420 4205 stupefactus
1439 4136 1506 4190 ad
1522 4136 1861 4204 jamdictum

178 4223 530 4279 novitium:
565 4225 758 4294 Nuper
787 4229 861 4294 te,
890 4224 1065 4280 frater
1084 4225 1749 4297 Rigranne,canonicum
1781 4225 1865 4278 di-

180 4314 365 4383 misi,
401 4314 648 4369 etmodo
669 4314 1020 4370 cucullatum
1048 4314 1232 4370 video.
1272 4315 1375 4369 Dic
1401 4328 1534 4386 ergo
1567 4315 1734 4370 nobis
1761 4328 1865 4369 cur

175 4406 301 4460 hoc
341 4401 562 4471 fecisti,
592 4403 676 4458 vel
713 4404 843 4474 quis
881 4404 1085 4475 coegit,
1113 4407 1214 4459 aut
1242 4403 1552 4460 consilium
1582 4405 1760 4460 dedit.
1794 4404 1866 4459 At

1966 3243 2163 3298 ﬂoruit
2213 3221 2677 3314 mundus—copia
2706 3243 2834 3298 auri
2883 3248 2939 3298 et
2975 3245 3194 3316 argenti
3243 3221 3620 3316 lapidumque

1963 3333 2113 3401 apud
2148 3345 2251 3386 nos
2279 3330 2409 3387 fuit.
2456 3331 2634 3387 Nobis
2663 3345 2820 3388 arma
2860 3330 3082 3404 fulgida
3114 3333 3611 3403 resplenduerunt,

1964 3419 2097 3490 equi
2147 3421 2369 3476 auratis
2418 3420 2539 3476 oris
2580 3424 2636 3476 et
2667 3424 2816 3476 torto
2865 3419 3013 3476 collo
3061 3421 3401 3477 arriserunt.
3457 3424 3524 3477 Et
3551 3427 3614 3479 tu

1963 3509 2154 3565 omnia
2196 3510 2307 3566 ista
2357 3510 2674 3580 sprevisti?
2719 3511 2844 3564 Haec
2887 3509 3153 3566 dicebant
3195 3511 3479 3581 scelestes,
3514 3513 3614 3583 qui

1964 3613 2092 3655 eum
2120 3601 2187 3655 ad
2224 3599 2457 3654 meliora
2485 3600 2732 3655 excitare
2761 3598 3093 3662 debuerant,
3118 3601 3218 3670 qui
3243 3601 3424 3673 magis
3451 3615 3618 3671 pom—

1968 3691 2152 3762 patice
2165 3690 2418 3745 viventes
2437 3690 2688 3763 demergi
2705 3690 2920 3746 letheas
2948 3691 3007 3745 in
3023 3691 3205 3746 undas
3223 3691 3423 3748 volunt
3444 3706 3613 3762 quam

1965 3794 2094 3836 cum
2124 3779 2386 3836 liberatis
2409 3778 2563 3834 fonte
2585 3779 2826 3835 salutari
2844 3779 3003 3835 ablui
3027 3784 3082 3835 et
3107 3779 3372 3849 piissimo
3397 3780 3617 3839 libera—

1968 3868 2078 3924 tori
2111 3867 2312 3923 eﬁ‘ectu
2362 3867 2652 3924 decantari
2706 3873 2833 3938 post
2873 3868 3168 3927 veniarum
3208 3868 3479 3941 laborem,
3517 3872 3619 3927 di-

1971 3957 2149 4012 cendo
2175 3976 2186 4011 :
2227 3959 2600 4011 Transivimus
2624 3973 2726 4026 per
2753 3960 2933 4025 ignem
2963 3962 3013 4011 et
3033 3974 3256 4027 aquam,
3299 3963 3348 4014 et
3377 3960 3620 4015 eduan‘sti

1972 4061 2069 4099 nos
2093 4047 2152 4098 in
2171 4047 2518 4112 refrigerium
2550 4047 2720 4111 (Psal.
2759 4061 2889 4117 va,
2927 4044 3028 4120 42).
3062 4047 3165 4103 Sed
3197 4048 3427 4105 animus
3448 4050 3618 4118 juve-

1974 4134 2067 4188 nis
2094 4133 2345 4188 invictus
2376 4135 2710 4204 permansit,
2739 4137 2977 4204 cupiens
3003 4135 3301 4192 observare
3332 4139 3481 4208 quod
3515 4152 3621 4195 cm-

1973 4226 2150 4292 perat,
2187 4221 2267 4277 ita
2294 4225 2358 4277 ut
2389 4235 2489 4292 per
2535 4223 2792 4292 quinque
2820 4236 2998 4279 annos
3051 4239 3178 4281 eum
3217 4239 3479 4282 revocare
3509 4241 3620 4283 non

1974 4316 2223 4382 possent,
2256 4311 2489 4367 ordines
2515 4325 2651 4367 suos
2671 4315 2727 4366 et
2745 4310 2980 4368 affectus
3011 4314 3300 4384 regulares
3324 4315 3382 4369 in
3416 4329 3620 4370 mona—

1974 4401 2151 4457 sterio
2180 4416 2310 4457 cum
2333 4400 2557 4456 caeteris
2583 4399 2932 4456 custodiens.
2959 4402 3132 4456 Porro
3167 4402 3316 4457 inter
3347 4394 3468 4457 haec
3490 4416 3618 4457 cum

180 4493 296 4549 ille
332 4491 674 4562 respondit:
705 4492 939 4548 Nullius
960 4493 1204 4548 consilio
1234 4493 1317 4549 vel
1350 4494 1734 4565 suggestione,
1767 4495 1863 4550 sed
1897 4483 1952 4543 D
1975 4504 2194 4547 omnem
2228 4491 2655 4546 bacchationem
2691 4503 2863 4561 super
2891 4491 3230 4560 jamdictum
3279 4491 3618 4562 magistrum

175 4583 320 4639 sola
357 4581 658 4636 voluntate
678 4587 732 4637 et
754 4583 1061 4652 sponsione
1094 4583 1312 4654 proprii
1339 4583 1542 4654 animi,
1579 4597 1611 4638 a
1643 4597 1730 4638 me
1761 4584 1866 4639 hoc

175 4677 404 4727 actum
425 4673 528 4724 est.
553 4670 772 4726 Retulit
791 4671 1646 4740 itaqueaudientibusomnibus
1662 4677 1868 4729 cuncta

173 4759 488 4832 superius
517 4761 690 4816 dicta.
725 4759 980 4816 Addebat
1003 4761 1174 4816 etiam
1198 4761 1485 4816 somnium
1512 4762 1776 4817 mirabile
1810 4776 1869 4818 se

174 4852 453 4921 vidisse,
502 4852 670 4919 cujus
710 4849 1106 4919 interpretatio
1155 4848 1290 4904 talis
1315 4855 1455 4918 erat,
1511 4855 1574 4904 ut
1613 4850 1868 4905 seculum

1976 4580 2349 4651 exagitarent,
2371 4580 2658 4649 culpando
2690 4580 2876 4650 illum,
2908 4584 2964 4635 et
2989 4580 3333 4650 requirendo
3371 4580 3628 4650 discipu-

1978 4670 2118 4738 lum,
2145 4669 2392 4725 festinus
2444 4669 2716 4741 magister
2746 4671 2978 4726 reddere
3013 4670 3468 4726 commendatum
3509 4685 3621 4726 non

1979 4758 2248 4830 neglexit.
2270 4758 2378 4826 Qui
2405 4758 2749 4828 recipientes
2774 4764 3052 4830 nepotem,
3077 4759 3444 4816 retinuerunt
3471 4762 3621 4832 apud

1981 4862 2040 4903 se
2064 4861 2287 4917 semper
2311 4847 2550 4920 ﬁguram
2575 4847 2838 4903 monachi
2863 4848 3178 4903 habentem.
3211 4850 3342 4904 Post
3361 4851 3630 4906 retentio-

1983 4950 2108 4991 nem
2139 4950 2270 4992 vero
2300 4941 2428 4992 octo
2452 4936 2675 4992 dierum
2709 4940 2764 4992 et
2799 4937 3071 5006 amplius,
3105 4952 3309 4993 rursus
3345 4937 3508 4994 valde
3535 4939 3629 4996 ob-

1983 5030 2270 5082 secrantes
2315 5025 2662 5081 remiserunt
2700 5039 2828 5081 eum
2858 5025 2916 5081 in
2961 5027 3390 5099 monasterium,
3422 5028 3631 5099 depre—

1983 5119 2146 5171 cante
2174 5115 2484 5186 diséipulo,
2506 5120 2563 5171 et
2593 5115 2718 5170 illis
2736 5115 3246 5172 consentientibus.
3275 5117 3413 5173 Cum
3443 5122 3631 5172 autem

1986 5209 2210 5274 tempus
2237 5204 2558 5274 accipiendi
2585 5204 2801 5274 primos
2821 5205 3033 5276 gradus
3058 5205 3478 5262 ecclesiasticos
3502 5216 3634 5272 per-

1988 5294 2496 5363 transiret,audita
2518 5293 3006 5349 circumventione
3035 5294 3449 5351 avunculorum
3477 5303 3636 5344 vene-

1991 5383 2197 5439 rabilis
2229 5384 2534 5454 episcopus
2571 5384 2733 5439 misit
2772 5384 2840 5439 ad
2888 5384 3224 5454 praedictum
3266 5379 3636 5446 sacerdotem,

1991 5476 2055 5528 ut
2085 5473 2231 5543 quod
2266 5472 2430 5542 prius
2459 5477 2837 5541 concesserat,
2865 5473 3019 5528 sicut
3047 5470 3325 5535 diximus,
3361 5471 3418 5521 et
3447 5470 3641 5537 postea

1991 5576 2023 5617 a
2053 5574 2333 5617 consensu
2366 5561 2597 5632 longius
2628 5576 2687 5617 se
2713 5563 3046 5617 retraxerat,
3080 5558 3196 5626 jam
3218 5560 3356 5611 tunc
3380 5559 3645 5610 assenta—

1993 5655 2172 5722 retur,
2202 5654 2265 5706 ut
2284 5651 2497 5722 gradus
2521 5649 2943 5706 ecclesiasticos
2982 5645 3088 5701 sub
3121 5645 3247 5715 ipso
3282 5643 3484 5701 habitu
3517 5659 3606 5702 mo
3629 5674 3648 5688 -

171 4941 556 5008 dimitteret,
624 4943 680 4994 et
726 4939 900 4994 vitam
952 4939 1323 4994 monasticam
1376 4943 1618 4993 teneret.
1671 4938 1872 4993 Adhuc

170 5033 406 5084 autem
433 5040 544 5082 non
576 5029 839 5084 credente
869 5028 1156 5096 episcopo,
1188 5041 1288 5082 nec
1318 5027 1541 5082 caeteris
1569 5027 1875 5083 adtenden-

173 5119 395 5188 tibus,
430 5116 717 5185 adjuravit
736 5130 865 5172 eum
887 5129 953 5170 ex
971 5130 1074 5170 suo
1099 5116 1422 5170 ministerio
1443 5115 1787 5171 terribiliter
1813 5120 1876 5170 ut

172 5207 348 5279 proﬁ
361 5210 588 5261 teretur
609 5205 658 5260 si
681 5218 810 5260 vera
827 5211 1030 5259 essent.
1056 5207 1180 5272 Ipse
1199 5217 1330 5260 vero
1352 5204 1724 5261 conﬁrmabat
1744 5218 1872 5259 cum

167 5293 599 5368 jurejurando
630 5291 782 5348 nihil
814 5293 1077 5347 mendose
1103 5292 1356 5348 locutum
1404 5307 1463 5348 se
1490 5306 1634 5348 esse.
1659 5293 1879 5362 Quam-

168 5387 413 5442 obrem
447 5379 795 5437 venerabilis
814 5380 1118 5450 episcopus
1150 5384 1386 5435 moestus
1425 5387 1480 5437 et
1522 5383 1710 5438 omnis
1734 5396 1879 5439 con-

174 5472 482 5547 gregatio
502 5472 628 5541 ejus
647 5469 917 5526 dolebant
943 5469 1107 5540 quasi
1132 5469 1386 5524 ablatum
1415 5470 1682 5526 solatium
1705 5473 1772 5527 ad
1776 5473 1796 5540 j
1807 5487 1880 5526 u-

171 5564 319 5620 tori
333 5575 558 5632 umque
573 5560 844 5616 Ecclesiae
864 5573 982 5616 suae
998 5560 1298 5629 traditum,
1327 5560 1687 5618 sciscitantes
1706 5562 1878 5618 etiam

178 5656 383 5710 inter
414 5663 475 5705 se
503 5650 843 5706 admirando
890 5665 1015 5722 quae
1046 5653 1204 5707 tanta
1249 5651 1556 5721 prudentia
1593 5651 1651 5706 in
1689 5652 1891 5709 adole-
