4046 6182
408 330 545 390 1267

1297 333 1592 391 ΑΡΡΕΝῙ).
1632 333 1725 390 AD
1761 333 1923 390 SEC.
1965 332 2064 390 IX.
2095 363 2163 374 —-
2192 331 2546 390 AUCTORES
2581 328 2917 389 ANONYMI.

3681 329 3821 390 1268

406 462 626 519 nachus
695 462 1028 534 susciperet.
1095 463 1241 533 Ergo
1301 463 1404 519 diu
1459 463 1866 520 dissimulante
1928 459 3817 532 illo,Adotescontralegem,arripiendoministeriumepiscopi.

406 551 718 608 novissime
785 552 1075 608 mandavit
1130 552 1339 608 domno
1393 553 1664 622 episcopo
1731 557 1796 607 ut
1846 549 2054 607 faceret

404 642 550 710 quod
603 641 752 698 ratio
801 647 857 697 et
914 642 1228 698 auctoritas
1275 640 1720 698 commendabat.
1792 641 1951 710 Quod
1997 646 2054 697 et

403 728 614 787 factum
644 737 766 798 est;
804 731 1137 801 accepitque
1179 730 1606 787 benedictiones
1635 731 1891 802 quinque
1917 744 2053 802 gra-

402 817 602 887 duum,
625 821 834 892 degens
859 825 914 876 et
943 834 1308 890 perseverans
1337 821 1659 877 voluntarie
1705 821 1762 876 in
1800 825 2051 876 sanctam

403 910 909 966 conversationem.
931 910 1116 981 Igitur
1136 910 1380 980 expletis
1402 915 1594 980 postea
1615 912 1784 967 annis
1799 910 2050 980 duobus,

402 1000 734 1067 supervenit
776 999 1071 1068 repentina
1112 999 1237 1055 dies
1269 999 1695 1070 adimprovisus
1739 1000 1873 1055 ﬁnis
1923 1000 2054 1055 vita:

403 1087 658 1144 Ursonis.
720 1088 976 1159 Cumque
1027 1090 1092 1144 ad
1146 1088 1364 1144 exitum
1425 1095 1784 1160 urgueretur,
1833 1088 2053 1144 vocavit

405 1176 736 1245 praedictum
775 1178 1114 1233 monachum
1146 1185 1403 1248 nepotem
1426 1193 1613 1234 suum.
1642 1181 1768 1248 Ipso
1791 1191 1923 1233 vero
1943 1178 2054 1233 ad—

403 1265 640 1320 sistente
657 1279 843 1320 coram
869 1279 953 1336 eo,
978 1278 1301 1321 ammonere
1321 1267 1629 1322 curavitde
1649 1267 1834 1338 gloria
1851 1266 2049 1322 mundi

404 1367 570 1424 quam
602 1354 982 1423 relinquebat,
1010 1368 1118 1410 non
1149 1354 1452 1411 dimittens
1476 1356 1847 1412 intentionem
1883 1370 2050 1427 quam

404 1456 624 1512 semper
646 1442 922 1498 habuerat
954 1448 1014 1498 ut
1066 1444 1135 1498 ad
1168 1444 1497 1499 canonicam
1531 1445 1703 1500 vitam
1740 1449 2053 1500 revertere—

405 1540 519 1601 tur,
575 1533 708 1588 dato
738 1531 1007 1599 consilio,
1048 1537 1104 1587 et
1135 1532 1307 1589 rebus
1337 1533 1580 1588 maxime
1628 1533 1896 1588 omnibus
1927 1547 2053 1603 quae

409 1620 615 1676 habere
641 1625 923 1693 potuerat,
957 1625 1020 1678 ut
1051 1622 1174 1691 ejus
1208 1627 1448 1677 mentem
1499 1623 1568 1678 ad
1614 1621 1963 1692 cupidiciam
1997 1627 2053 1677 et

411 1711 636 1765 inanem
678 1710 918 1782 gloriam
952 1711 1248 1766 excitaret.
1299 1711 1486 1782 Atque
1527 1711 1606 1766 ita
1637 1710 1804 1766 obiit.
1839 1711 2054 1780 Imple-

2163 553 2301 606 Nam
2325 550 2690 607 incluserunt
2707 564 2837 606 eum
2864 551 2924 606 in
2952 551 3198 620 quodam
3223 550 3538 619 caenaculo,
3567 550 3670 606 ubi
3695 551 3821 606 sine

2162 639 2386 710 judicio
2415 639 2762 695 venerabilis
2791 639 3047 710 episc0pi
3079 645 3136 695 et
3165 641 3528 696 sacerdotum
3557 641 3820 696 exuendo

2165 729 2331 785 illum
2371 735 2580 784 vestem
2627 729 3022 800 monasticam,
3071 729 3391 785 iuduerunt
3413 728 3588 784 albis.
3633 730 3820 801 Atque

2163 817 2245 873 ita
2268 819 2338 874 ad
2379 818 2690 875 secularem
2717 818 3204 874 conversationem
3244 832 3508 874 reversus
3535 823 3642 874 est.
3674 819 3822 874 Om-

2164 921 2404 978 nemque
2431 908 2705 964 delictum
2738 921 2912 977 super
2939 907 3276 978 magistrum
3305 913 3361 962 et
3383 907 3659 963 domuum
3684 908 3822 978 epi—

2164 1011 2397 1067 scopum
2447 1002 2858 1068 congesserunt
2914 1011 3015 1066 pro
3069 995 3408 1052 benefactis.
3457 998 3621 1066 Ipsos
3661 997 3820 1053 enim

2161 1100 2300 1142 vana
2331 1087 2586 1142 versutio
2611 1085 3038 1142 contenebratis
3067 1085 3256 1142 oculis
3304 1085 3553 1157 grrviter
3579 1087 3650 1142 ad
3683 1089 3822 1143 rui—

2162 1188 2291 1230 nam
2322 1175 2511 1245 laquei
2557 1174 2852 1231 subduxit.
2898 1173 3007 1242 Qui
3061 1189 3158 1244 per
3197 1179 3407 1244 septem
3457 1188 3641 1231 annos
3670 1176 3822 1232 hanc

2161 1264 2494 1319 violentiam
2536 1264 2855 1319 timuerunt
2880 1262 3084 1326 facere,
3119 1268 3184 1319 ut
3210 1263 3391 1319 multo
3423 1263 3826 1319 damnabilior

2164 1353 2322 1408 ﬁeret
2375 1353 2606 1424 longius
2647 1353 2920 1408 ventilata
2959 1357 3015 1408 et
3055 1357 3296 1422 patrata,
3331 1353 3558 1408 etiamsi
3604 1353 3824 1408 malum

2160 1449 2327 1499 esset.
2352 1444 2499 1512 Quia
2522 1450 2736 1514 quanto
2761 1443 2892 1512 plus
2909 1443 3142 1514 aliquod
3167 1442 3378 1498 bonum
3399 1443 3828 1512 perduraverit,

2163 1536 2340 1601 tanto,
2389 1533 2440 1588 si
2497 1532 2791 1597 ceciderit,
2848 1529 3195 1602 profundius
3250 1531 3389 1586 ruit.
3435 1532 3729 1586 Similiter
3771 1537 3831 1588 et

2165 1620 2378 1676 malum
2411 1626 2626 1692 quanto
2669 1620 2923 1691 amplius
2971 1622 3340 1690 succreverit,
3368 1625 3526 1676 tanto
3562 1621 3832 1693 graviori

2167 1725 2343 1781 poenae
2402 1710 2744 1780 subjacebit.
2815 1711 2968 1780 Quos
3018 1711 3158 1767 talia
3206 1717 3511 1778 sectantes,
3562 1711 3837 1782 neglecto

405 1801 601 1870 vitque
615 1804 876 1856 mortuus
889 1800 1037 1869 quod
1062 1800 1288 1869 explere
1306 1801 1638 1870 nequiverat
1656 1800 1837 1855 vivus.
1857 1799 2052 1855 Exilla
2083 1791 2136 1851 Β
2168 1798 2359 1855 fructu
2383 1800 2755 1870 poenitentiae,
2788 1801 2986 1856 inanes
3013 1801 3208 1857 socius
3227 1797 3456 1875 [socios]
3495 1800 3707 1856 habere
3735 1817 3841 1858 cu-

405 1902 538 1960 crgo
558 1888 654 1944 die
673 1902 703 1944 a
733 1889 978 1958 pristina
1000 1889 1293 1945 voluntate
1323 1887 1713 1944 subdiaconus
1737 1889 1912 1958 cmpit
1931 1902 2054 1944 esse

405 1978 650 2045 alienus,
697 1979 937 2047 junctus
968 1978 1397 2034 conversatione
1434 1982 1490 2033 et
1518 1977 1711 2032 animo
1752 1977 2058 2033 avunculis

405 2066 550 2132 suis,
568 2067 845 2122 Lethardo
859 2066 1472 2137 scilicetetAmarrico,
1488 2080 1729 2136 quorum
1743 2066 1990 2122 consilio
2002 2071 2060 2122 et

409 2156 641 2228 ingenio
670 2161 825 2213 totus
848 2155 1029 2212 fertur
1055 2156 1115 2212 in
1145 2170 1420 2227 praeceps;
1457 2155 1714 2226 ﬁuntque
1745 2155 1858 2226 ipsi
1880 2168 2061 2212 sacer-

2169 1890 2337 1960 piunt
2366 1895 2538 1960 atque
2567 1903 2812 1947 avernus
2841 1891 3136 1960 suscipere
3174 1891 3482 1946 desiderat.

2236 1979 2420 2048 Hujus
2442 1978 2524 2034 rei
2545 1982 2709 2035 testis
2725 1979 3014 2036 estomnis
3034 1979 3174 2035 ordo
3194 1979 3381 2049 ipsius
3407 1979 3699 2044 Ecclesiae,
3723 1982 3836 2052 qui

2169 2068 2572 2139 unusquisque
2603 2070 2916 2126 secundum
2947 2083 3119 2125 suum
3160 2068 3552 2125 ministerium
3580 2070 3841 2139 probare

2170 2161 2354 2227 potest
2381 2158 2461 2214 ita
2499 2157 2712 2215 factum
2742 2173 2882 2215 esse.

666 2503 1512 2634 EPISTOLA'CLERI
1612 2503 2191 2634 RAVENNATIS
2283 2506 2407 2632 All
2510 2505 2944 2635 CAMLUM
3041 2503 3549 2632 JUNIOREM.

1735 2740 1848 2802 (Ex
1883 2739 2127 2788 Bibiioth.
2174 2739 2282 2788 PP.
2319 2739 2475 2800 max.)

1898 2910 2304 2922 —_

476 3025 697 3082 Divina:
728 3026 1020 3098 largitatis
1051 3041 1303 3097 munere,
1351 3028 1656 3098 sapientia,
1691 3029 2058 3099 potentiaque
2088 3027 2134 3090 C
2166 3033 2254 3084 tra
2280 3027 2735 3086 ecclesiasticum
2786 3042 2997 3085 morem
3050 3025 3289 3094 faciunt,
3324 3027 3428 3097 qui
3477 3025 3539 3081 in
3584 3025 3841 3082 ecclesia

411 3115 772 3188 praefulgido,
822 3117 1058 3174 domino
1103 3119 1222 3191 regi
1267 3119 1481 3174 ΟΑιιοιο
1538 3119 1810 3190 glorioso,
1863 3123 2056 3175 sancta

411 3206 706 3262 Ravennas
760 3207 1036 3277 Ecclesia,
1098 3207 1345 3279 inclytos
1390 3223 1520 3265 cum
1569 3208 1736 3266 felice
1787 3223 2055 3265 successu

409 3310 520 3352 sem
534 3309 630 3366 per
671 3310 896 3352 manere
928 3297 1274 3366 triumphos.

479 3387 816 3457 Quanquam
844 3386 997 3441 enim
1043 3391 1243 3442 vestrae
1295 3387 1664 3444 celsitudinis
1701 3386 1921 3459 gloriae,
1957 3401 2057 3456 pro

409 3476 706 3546 sapientiae
735 3475 1066 3546 altitudine,
1113 3482 1168 3532 et
1201 3477 1412 3532 honore
1444 3477 1694 3547 imperii,
1731 3477 1878 3548 quod
1912 3477 2060 3531 inter

411 3566 677 3621 mortales
736 3566 1079 3636 principalis
1127 3565 1388 3638 habetur,
1446 3567 1673 3623 vivendi
1718 3572 1774 3622 et
1817 3565 2056 3621 docendi

411 3654 815 3710 ecclesiastica:
877 3654 1088 3726 regula:
1133 3669 1272 3724 pene
1318 3657 1510 3711 omnia
1554 3661 1685 3711 nota
1732 3655 2056 3726 videantur,

413 3743 679 3812 nihilque
708 3743 788 3798 sit
813 3745 962 3814 quod
985 3745 1054 3798 de
1085 3746 1266 3801 sacris
1302 3743 1649 3800 lectionibus
1681 3744 1871 3800 minus
1899 3744 2062 3800 intel-

415 3831 621 3885 lectum
662 3837 860 3887 vestrae
905 3833 1082 3901 regali
1127 3833 1444 3902 prudentiae
1486 3832 1837 3888 arbitretur:
1876 3837 2061 3889 tamen

415 3919 686 3991 quoniam
721 3921 1006 3988 quondam
1029 3920 1421 3975 diﬁicultatem
1449 3928 1503 3977 et
1533 3922 1867 3992 scrupulum
1892 3936 2064 3992 super

415 4008 793 4080 quorumdam
813 4008 1035 4078 habitu,
1059 4009 1160 4079 qui
1178 4023 1245 4065 ex
1269 4011 1516 4067 diversis
1537 4025 1758 4068 morum
1778 4018 1834 4068 et
1854 4012 2063 4083 regula:

413 4097 748 4166 disciplinis
799 4099 867 4154 ad
920 4110 1135 4152 sacram
1188 4101 1531 4168 proveniunt
1584 4101 1946 4173 dignitatem,
1999 4101 2061 4155 in

412 4192 598 4243 vestra
637 4200 799 4242 sacra
844 4192 1028 4242 mente
1075 4187 1194 4244 fore
1218 4189 1569 4262 audivimus,
1601 4191 1858 4247 collectis
1889 4205 2061 4260 super

415 4277 520 4332 hoc
551 4275 894 4346 quibusdam
924 4278 1151 4334 Patrum
1182 4280 1552 4350 antiquorum
1580 4280 1876 4350 exemplis,
1905 4282 2055 4350 quod

2167 3132 2281 3173 non
2334 3121 2676 3173 creverunt:
2717 3119 2812 3174 sed
2845 3118 2962 3173 alio
3013 3115 3306 3172 venientes
3357 3115 3594 3185 itinere,
3632 3127 3839 3172 secum

2170 3206 2288 3261 haec
2315 3207 2374 3261 in
2401 3206 2724 3277 ecclesiam,
2754 3221 2878 3278 quze
2907 3206 2966 3260 in
2995 3205 3111 3260 alia
3141 3204 3583 3261 conversatione
3607 3203 3838 3260 habue—

2170 3301 2317 3366 rant,
2365 3296 2710 3352 intulerunt.
2765 3295 2978 3351 Amicti
3011 3295 3164 3350 enim
3196 3294 3394 3365 pallio,
3428 3293 3589 3348 sicut
3645 3292 3834 3348 Graeci

2169 3384 2455 3455 monachi,
2506 3391 2562 3441 et
2620 3383 2847 3439 lumbos
2893 3383 3189 3453 przecincti
3230 3384 3477 3439 credunt
3522 3396 3587 3437 se
3619 3389 3836 3438 sancte

2167 3473 2477 3544 Scriptura:
2508 3474 2672 3530 ﬁdem
2712 3487 2824 3529 non
2852 3487 2950 3544 per
2975 3473 3269 3543 spiritum,
3301 3472 3397 3526 sed
3447 3485 3547 3541 per
3577 3471 3834 3528 litteram

2169 3563 2606 3632 complecturos.
2647 3565 2785 3618 Nam
2813 3563 2860 3619 si
2887 3563 2954 3618 ad
2988 3563 3093 3618 hoc
3123 3563 3231 3618 ista
3267 3569 3548 3632 praecepta
3575 3568 3738 3630 sunt,
3772 3569 3835 3618 ut

2171 3653 2365 3708 taliter
2407 3659 2799 3708 servarentur:
2850 3666 2954 3708 cur
2985 3665 3096 3708 non
3142 3652 3287 3709 ﬁunt
3317 3652 3534 3722 pariter
3576 3667 3705 3721 quae
3737 3666 3834 3706 se-

2173 3747 2455 3812 quuntur.
2508 3748 2573 3797 ut
2604 3742 2848 3816 lucernae
2889 3742 3154 3798 ardentes
3193 3755 3307 3798 una
3337 3754 3470 3796 cum
3496 3739 3710 3796 baculo
3743 3748 3834 3796 te-

2175 3831 2466 3887 neantur?
2507 3831 2725 3888 Habent
2769 3833 2922 3887 enim
2968 3844 3136 3887 suum
3198 3831 3309 3886 ista
3362 3831 3733 3901 mysterium,
3779 3838 3834 3886 et

2175 3921 2636 3992 intelligentibus
2686 3921 2764 3977 ita
2803 3921 2956 3977 clara
2995 3926 3150 3990 sunt,
3199 3925 3261 3975 ut
3300 3933 3368 3974 ea
3407 3919 3618 3990 magis,
3657 3933 3830 3990 quam

2171 4010 2350 4080 decet,
2384 4010 2809 4081 signiﬁcatione
2845 4015 3162 4065 serventur.
3194 4010 3331 4062 Nam
3385 4007 3448 4063 in
3491 4007 3828 4063 lumborum

2171 4098 2596 4170 signiﬁcatione
2621 4099 2877 4167 castitas,
2913 4099 2972 4152 in
3003 4097 3206 4153 baculo
3229 4097 3481 4169 regimen
3515 4096 3828 4166 pastorale,

2173 4189 2232 4244 in
2268 4188 2522 4245 lucernis
2564 4187 2902 4244 ardentibus
2949 4187 3140 4259 fulgor
3167 4188 3359 4256 operis
3395 4186 3535 4242 boni
3585 4189 3833 4242 demon-

2167 4284 2403 4334 stratur.
2440 4297 2466 4328 ι)

411 4365 480 4422 de
507 4365 612 4421 hoc
640 4365 860 4436 priores
891 4369 1138 4423 sensisse
1167 4369 1494 4440 contigerit,
1522 4373 1577 4424 et
1608 4369 1744 4438 quid
1775 4369 1904 4425 data
1945 4383 2059 4426 au—
2085 4376 2140 4437 D
2240 4368 2458 4425 Habent
2506 4372 2691 4424 tamen
2743 4367 2803 4423 hi
2850 4367 3024 4423 istum
3061 4365 3302 4423 forsitan
3334 4365 3584 4433 cultum,
3616 4380 3829 4422 morem

413 4456 678 4512 ctoritate
732 4458 1147 4526 mandaverint,
1199 4463 1418 4512 servato
1477 4457 1535 4511 in
1587 4457 1802 4514 talibus
1851 4464 2060 4515 nostra:

414 4549 606 4601 tenore
637 4545 926 4616 Ecclesiae,
968 4547 1206 4617 dignum
1238 4545 1511 4600 duximus
1558 4552 1613 4601 et
1645 4560 1854 4603 morem
1883 4554 2061 4604 notraa

412 4635 677 4690 Ecclesiae
707 4636 1117 4700 demonstrare,
1151 4639 1207 4688 et
1231 4638 1474 4689 vestram
1507 4635 1566 4690 in
1598 4636 1818 4694 talibus
1848 4635 2063 4694 ferven-

408 4728 518 4778 tem
547 4725 910 4794 diligentiam
938 4736 1220 4779 serenare.

484 4811 826 4866 Pontiﬁcum
855 4812 1007 4866 enim
1046 4814 1428 4870 Romanorum
1473 4817 1808 4884 auctoritas,
1840 4817 2056 4888 quibus

415 4899 474 4952 in
491 4898 554 4952 Β.
580 4899 742 4954 Petro
759 4913 893 4956 cura
917 4906 972 4956 et
987 4900 1323 4958 sollicitudo
1346 4904 1610 4972 pascendi
1626 4918 1848 4974 gregem
1872 4904 2056 4960 Eccle-

410 4989 510 5044 sia:
531 5002 563 5043 a
592 4990 834 5047 Domino
858 4993 987 5047 Jesu
1007 4991 1237 5047 Christo
1267 4997 1354 5048 est
1383 4993 1612 5061 tradita,
1641 5007 1710 5049 ex
1739 4994 1891 5050 clara
1923 4994 2052 5051 ﬁdei

411 5077 852 5156 puritatedocet,
871 5080 1083 5148 quibus
1105 5080 1274 5136 rebus
1289 5087 1345 5135 et
1367 5082 2053 5152 regulisChristianorum

410 5167 526 5224 vita
557 5167 616 5222 in
666 5180 769 5222 sua
812 5169 1092 5239 cujusque
1122 5168 1476 5258 professione
1513 5171 1715 5226 debeat
1743 5173 2052 5237 contineri,

409 5257 714 5329 qualisque
752 5264 1010 5312 servetur
1042 5258 1100 5312 in
1135 5257 1313 5315 urbis’
1349 5261 1537 5315 Romae
1576 5261 1838 5318 ecclesiis
1865 5263 2057 5320 disci—

411 5349 588 5419 plina,
623 5361 864 5417 quorum
911 5346 1110 5402 beatus
1151 5348 1495 5404 C(elestinus
1525 5349 1594 5405 de
1622 5349 1726 5404 hac
1759 5365 1817 5407 re
1841 5352 2055 5423 dispu-

408 5444 556 5506 tans,
592 5438 744 5493 inter
790 5442 990 5492 ctetera
1022 5434 1230 5491 infert:
1287 5457 1312 5487 ε(
1345 5438 1605 5493 Dicimus
1637 5439 1786 5495 enim
1818 5443 2049 5499 Domini

408 5527 728 5582 sacerdotes
739 5525 1140 5594 superstitioso
1159 5523 1351 5592 potius
1363 5525 1546 5580 cultui
1568 5526 1864 5601 inservire,
1880 5545 2045 5601 quam

411 5614 618 5669 mentis
644 5614 726 5670 vel
756 5614 887 5670 ﬁdei
913 5614 1176 5685 puritati,
1199 5619 1254 5668 et
1287 5627 1396 5669 non
1432 5616 1663 5687 mirum,
1695 5620 1794 5680 ait,
1827 5619 1877 5673 si
1904 5633 2049 5674 con—

2173 4459 2366 4528 potius
2393 4471 2562 4528 quam
2591 4457 2871 4513 rationem
2905 4462 3224 4527 sequentes,
3272 4455 3374 4527 qui
3411 4456 3830 4511 remotioribus

2173 4547 2432 4604 habitant
2459 4547 2622 4617 locis,
2661 4553 2716 4602 et
2747 4546 2999 4617 procula
3023 4547 3244 4602 caeteris
3267 4545 3503 4617 degunt.
3541 4544 3712 4600 Unde
3744 4545 3826 4599 hic

2174 4635 2407 4690 habitus
2432 4636 2490 4690 in
2516 4635 2791 4691 Ecclesiis
2815 4634 3152 4705 Gallicanis,
3179 4640 3243 4690 ut
3259 4640 3341 4689 tot
3357 4647 3674 4702 annorum,
3703 4640 3826 4689 tan-

2169 4730 2472 4795 torumque
2525 4725 2858 4794 pontiﬁcum
2901 4723 2957 4778 in
2989 4723 3233 4778 alterum
3267 4723 3530 4780 habitum
3578 4739 3823 4780 consue-

2167 4814 2305 4869 tudo
2364 4814 2662 4870 vertatur?
2711 4812 3084 4869 Discernendi
3140 4826 3174 4868 a
3234 4813 3393 4884 plebe
3453 4814 3546 4869 vel
3608 4815 3822 4870 caeteris

2164 4917 2385 4974 sumus,
2411 4903 2695 4974 doctrina,
2729 4917 2842 4960 non
2865 4907 3054 4972 veste;
3098 4904 3558 4974 conversatione,
3592 4919 3709 4960 non
3741 4905 3821 4959 ba-

2164 4994 2332 5061 bitu;
2383 4993 2589 5049 mentis
2644 4993 2916 5063 puritate,
2967 5005 3078 5048 non
3146 4991 3328 5048 cultu.
3380 4993 3641 5048 Docendi
3679 4994 3820 5048 enim

2167 5089 2301 5141 sunt
2327 5084 2522 5154 pepuli
2551 5083 2746 5154 potius
2773 5095 2942 5154 quam
2971 5082 3246 5152 ludendi;
3278 5095 3378 5138 nec
3411 5081 3818 5152 imponendum

2163 5179 2248 5230 est
2291 5187 2488 5229 eorum
2531 5174 2740 5239 oculis,
2801 5173 2897 5229 sed
2931 5172 3218 5228 mentibus
3249 5179 3533 5242 praecepta
3561 5180 3700 5228 sunt
3731 5174 3818 5227 in-

2165 5262 2471 5319 fundenda.
2522 5264 2628 5318 Leo
2657 5263 2813 5318 enim
2866 5270 3075 5319 sanctae
3100 5263 3367 5320 Romanae
3396 5265 3561 5320 sedis
3597 5265 3817 5335 episco-

2165 5368 2271 5424 pus
2301 5353 2482 5409 dicit:
2521 5373 2547 5405 «
2597 5353 2959 5423 Propositum
2993 5353 3256 5410 monachi
3306 5355 3552 5426 proprio
3580 5354 3816 5410 arbitria

2161 5443 2245 5498 vel
2285 5443 2577 5499 voluntate
2626 5448 2975 5515 susceptum,
3025 5444 3212 5499 deseri
3259 5457 3373 5500 non
3409 5458 3583 5514 posse
3609 5444 3814 5514 absque

2163 5538 2407 5602 peccato.
2441 5533 2588 5602 Quia
2622 5533 2774 5604 quod
2823 5534 2957 5604 quis
2999 5533 3153 5589 vovit
3181 5534 3315 5602 Deo,
3362 5534 3541 5591 debet
3570 5537 3809 5592 reddere.

2160 5621 2316 5676 Unde
2345 5636 2497 5694 eum,
2527 5624 2628 5695 qui
2680 5623 2879 5680 relicta
2907 5623 3338 5694 singularitatis
3370 5624 3807 5694 professionem!
