4082 6168
276 335 419 396 4Ξ69

1202 337 1295 396 DE
1322 329 1658 397 CONVERS.
1700 333 2014 393 BOIORUM
2047 336 2136 392 ET
2171 337 2760 398 CARENTANORUM.

3551 333 3688 394 4270

276 461 672 532 militiam,vel
698 462 767 518 ad
797 463 1032 533 nuptias
1053 462 1358 520 devolutus
1377 466 1462 520 est
1479 461 1728 534 publica
1755 458 2006 533 pani-A
2044 475 2401 536 nequaquam
2423 465 2724 537 obnoxius,
2749 465 2800 520 si
2822 466 3000 522 curia
3026 466 3302 536 probatur
3327 465 3570 523 nexibus
3594 465 3692 522 ab-

275 553 472 610 tentia
496 551 889 610 satisfactione
929 554 1309 627 purgandum.
1346 571 1373 604 n
1414 553 1690 610 Relictam
1718 553 1930 626 singu—

277 642 530 700 laritatis
584 641 1013 714 professionem,
1082 657 1193 700 non
1243 645 1560 715 scapulare,
1623 643 1772 714 quod
1829 657 1931 712 pro

276 747 446 804 Opere
476 731 682 804 fertur,
705 733 962 803 exemplo
987 747 1162 804 supra
1183 735 1339 791 dicto
1368 734 1708 804 accipimus.
1736 735 1930 803 Neque

276 823 326 878 si
372 824 442 879 ad
475 823 783 878 sacerdotii
838 824 1179 895 dignitatem
1226 823 1574 893 ascenderis,
1627 823 1722 879 sed
1750 822 1800 878 si
1857 821 1925 877 ad

279 912 550 969 militiam
572 911 657 968 vel
680 913 748 968 ad
775 913 1008 983 nuptias
1027 913 1332 969 devolutus
1350 916 1454 977 est,
1482 911 1726 982 publica
1752 911 1930 981 pani-

277 1003 470 1058 teutia
509 1001 902 1058 satisfactione
943 1003 1276 1074 purgandus
1313 1003 1575 1058 habetur.
1618 1005 1679 1058 In
1713 1001 1928 1072 quibus

277 1093 412 1148 licet
438 1093 710 1148 innocens
743 1093 924 1162 possit
953 1106 1074 1148 esse
1102 1091 1335 1158 militia,
1363 1096 1420 1147 et
1451 1092 1751 1148 honestum
1781 1104 1928 1146 con-

269 1183 520 1253 jugium,
573 1181 907 1238 electionem
954 1182 1269 1250 meliorem,
1300 1196 1426 1253 qua
1471 1183 1529 1237 in
1583 1181 1922 1237 sacerdotali

274 1270 459 1327 officio
486 1285 609 1328 esse
641 1285 750 1326 non
779 1275 982 1342 potest,
1027 1272 1370 1342 deseruisse,
1407 1271 1789 1342 transgressio
1818 1274 1922 1325 est.

276 1360 336 1414 ln
375 1375 490 1430 quo
520 1361 775 1431 capitulo
829 1361 1186 1431 propositum
1233 1361 1520 1428 monachi,
1567 1359 1924 1416 devotionem

275 1450 483 1505 Sancta
514 1450 988 1521 conversationis,
1025 1464 1136 1506 non
1177 1451 1420 1506 vestium
1447 1450 1668 1506 cultum
1697 1447 1926 1504 intelli-

274 1547 491 1609 gentes,
527 1540 631 1609 qui
680 1539 982 1609 multiplex
1012 1547 1068 1596 et
1095 1541 1293 1596 varius
1321 1554 1420 1609 pro
1453 1539 1706 1596 locorum
1741 1542 1797 1593 et
1828 1551 1925 1592 re—

272 1642 516 1700 gnorum
547 1629 900 1700 diversitate,
929 1631 987 1685 in
1007 1631 1335 1686 Gracorum
1361 1635 1418 1684 et
1443 1629 1772 1684 Latinorum
1800 1639 1914 1682 mo-

272 1718 477 1773 nachis
501 1718 826 1786 invenitur;
856 1720 914 1774 in
948 1719 1040 1774 his
1071 1719 1170 1790 qui
1201 1718 1270 1774 ad
1305 1718 1557 1790 regimen
1579 1715 1922 1773 ecclesiasti-

2042 555 2290 622 solutus,
2323 560 2687 626 paternorum
2713 556 3069 612 decretorum
3111 556 3328 628 regulis
3357 560 3457 612 aut
3506 556 3689 612 insti-

2041 646 2190 702 tutis
2217 645 2553 718 obnoxium,
2583 647 2678 702 sed
2705 647 2896 716 potius
2916 658 3126 701 morem
3156 647 3256 717 qui
3284 646 3343 702 in
3364 659 3428 702 ea
3449 645 3688 703 ecclesia

2040 749 2110 792 ex
2138 736 2380 807 antiquo
2403 740 2509 807 est,
2555 736 2974 794 inviolabiliter
3015 737 3342 793 omnimodo
3374 737 3690 794 observan-

2038 826 2195 881 dum.
2223 827 2417 897 Neque
2446 831 2598 882 enim
2630 827 2698 883 ad
2735 827 3178 882 conservandam
3210 825 3391 881 totius
3420 826 3690 897 singula-

2039 913 2235 971 ritatis
2276 913 2709 985 professionem,
2741 928 2906 986 quam
2949 915 3299 971 sacerdotale
3341 913 3589 970 ofﬁcium
3625 914 3687 968 in

2039 1003 2218 1061 forma
2239 1005 2370 1061 vita
2400 1005 2802 1061 ecclesiastica
2824 1005 3061 1060 minime
3091 1005 3345 1075 patitur;
3379 1004 3691 1060 observan-

2035 1095 2172 1151 dum
2202 1095 2262 1151 in
2289 1095 2575 1168 singulis;
2603 1110 2727 1166 qua
2767 1097 2942 1166 hujus
2981 1100 3145 1151 secta
3173 1095 3456 1167 regularis
3481 1098 3688 1150 aucto-

2037 1185 2182 1240 ritas
2212 1185 2474 1255 pracipit
2496 1185 2801 1256 operanda,
2831 1185 2890 1240 in
2916 1197 3038 1247 esu,
3069 1185 3128 1240 in
3155 1184 3410 1254 silentio,
3442 1185 3500 1239 in
3524 1183 3688 1239 horis

2035 1275 2452 1346 custodiendis,
2468 1274 2599 1346 etZin
2623 1274 2893 1331 omnibus
2910 1274 3272 1346 regularibus
3292 1274 3518 1330 actibus
3533 1275 3688 1330 exhi-

2035 1363 2258 1434 bendis,
2283 1365 2469 1420 solum
2501 1364 2799 1434 scapulare
2840 1364 3100 1433 pallium,
3137 1363 3412 1434 neglectis
3441 1363 3681 1433 cateris,

2035 1451 2324 1508 sufﬁciens
2344 1453 2600 1508 omnium
2631 1460 2929 1509 auctorum
2957 1453 3182 1520 judicio
3213 1453 3556 1508 retinemus:
3588 1453 3685 1509 sed

2036 1541 2232 1610 potius
2257 1541 2363 1597 sub
2386 1540 2588 1596 habitu
2609 1541 2944 1612 singularia
2967 1541 3082 1596 vita
3110 1542 3339 1610 penitus
3357 1541 3690 1598 discordan-

2036 1635 2138 1693 tes,
2159 1631 2219 1686 in
2241 1631 2564 1686 communis
2583 1630 2715 1686 vita
2737 1631 3179 1700 participatione
3195 1630 3686 1698 reprehendendos

2035 1719 2229 1776 acrius
2267 1719 2638 1776 astimamus.
2677 1721 2789 1775 Nec
2818 1719 2924 1775 hoc
2955 1719 3185 1790 quidem
3211 1718 3484 1789 dicimus,
3528 1725 3591 1775 ut
3622 1719 3682 1774 in

271 1821 398 1862 cum
419 1808 697 1864 canonico
717 1809 939 1878 ordine,
963 1808 1281 1878 episcopali
1303 1807 1586 1879 dignitate
1601 1811 1924 1876 sacrantur,
1958 1803 2011 1865 Β
2036 1811 2306 1868 omnibus
2328 1809 2502 1879 hujus
2529 1810 2851 1881 religionis,
2879 1823 3008 1865 cum
3040 1809 3107 1865 ad
3131 1813 3382 1865 sanctam
3413 1821 3687 1879 pervene—

271 1895 319 1950 si
350 1895 410 1950 in
437 1897 777 1953 sacerdotali
821 1897 1029 1953 habitu
1057 1901 1113 1952 et
1141 1897 1558 1952 consuetudine
1595 1896 1928 1951 ministrent

270 1983 553 2052 ecclesiis,
585 1986 641 2040 in
677 1985 892 2056 quibus
913 1986 1163 2056 provecti
1203 1989 1358 2054 sunt,
1394 1984 1541 2040 nihil
1566 1984 1796 2040 obviare
1819 1998 1927 2054 pa-

271 2074 454 2129 ternis
499 2075 870 2144 antiquorum
925 2075 1142 2147 regulis
1199 2088 1300 2144 pro
1330 2077 1540 2129 nostra
1587 2073 1924 2143 capacitatis

271 2161 658 2234 intelligentia
690 2164 923 2220 omnino
953 2163 1318 2229 conﬁdimus,
1352 2163 1446 2219 sed
1495 2163 1689 2232 potius
1734 2162 1924 2218 eccle-

269 2251 528 2308 siasticis
569 2258 626 2308 et
663 2253 1002 2324 apostolicis
1045 2253 1265 2325 regulis
1313 2252 1644 2321 innitentes,
1678 2265 1921 2308 concor—

269 2341 424 2396 diam
454 2355 622 2412 quam
653 2344 712 2398 in
739 2343 941 2399 habitu
967 2343 1326 2400 sacerdotum
1351 2345 1602 2398 Romana
1627 2347 1923 2398 conservat

271 2430 520 2487 Ecclesia
563 2433 908 2502 sequendam
938 2433 1287 2489 omnimodis
1317 2432 1680 2503 judicamus:
1713 2431 1923 2488 melius

272 2520 450 2575 multo
481 2521 660 2593 magis
699 2522 1066 2591 arbitrantes,
1099 2527 1160 2579 ut
1199 2522 1510 2579 uniformis
1551 2520 1925 2579 sacerdotalis

271 2610 444 2665 vestis
460 2611 805 2680 aequalitate,
827 2626 1126 2668 commune
1148 2612 1518 2668 ministrandi
1537 2612 1790 2669 ecclesia
1819 2612 1919 2667 mi-

272 2698 574 2756 nisterium
606 2702 948 2772 sortiantur,
973 2715 1143 2772 quam
1175 2703 1386 2758 amicto
1411 2702 1520 2759 sub
1546 2703 1760 2759 honore
1790 2716 1923 2772 pon-

278 2788 535 2846 tiflcatus
552 2791 728 2860 pallio
749 2792 1056 2863 singulari,
1082 2791 1152 2847 ab
1170 2793 1709 2863 utriusqueordine,
1726 2793 1921 2862 singu—

268 2877 522 2934 laritatis
551 2879 862 2949 siquidem,
885 2886 942 2935 et
969 2881 1332 2952 episc0palis,
1364 2881 1736 2950 professione,
1773 2881 1911 2950 vita,

265 2971 324 3022 et
349 2967 611 3022 moribus
635 2968 1014 3037 discrepetur.
1042 2971 1157 3023 Nec
1185 2969 1338 3023 enim
1359 2969 1631 3038 dicimus,
1667 2974 1729 3024 ut
1759 2983 1919 3039 gene-

266 3055 469 3110 raliter
507 3055 775 3110 omnibus
800 3055 1062 3111 ecclesiis
1089 3057 1191 3111 hac
1220 3057 1341 3127 lege
1363 3056 1596 3112 habitus
1620 3057 1919 3112 constrin-

265 3143 438 3214 gendi
478 3143 876 3198 auctoritatem
905 3144 1201 3200 donemus.

339 3231 566 3288 Scimus
608 3233 780 3301 enim,
843 3234 990 3302 quod
1043 3236 1425 3302 unusquisque
1480 3235 1541 3288 in
1602 3242 1698 3289 suo
1753 3250 1915 3289 sensu

264 3321 550 3376 abundet:
578 3322 673 3378 sed
704 3336 806 3378 nos
848 3327 1291 3393 nostrarumque
1320 3323 1691 3379 ecclesiarum
1717 3324 1916 3394 ponti-

266 3410 421 3480 ﬁces,
450 3424 594 3480 quos
619 3425 687 3467 ex
716 3412 963 3468 diversis
1001 3426 1222 3468 morum
1249 3417 1305 3468 et
1346 3412 1554 3484 regula
1583 3413 1918 3483 disciplinis

265 3498 337 3553 ad
364 3513 580 3554 sacram
615 3501 938 3569 pervenisse
989 3502 1329 3572 dignitatem
1383 3501 1715 3573 gaudemus,
1758 3502 1808 3558 si
1855 3502 1915 3556 in

270 3587 471 3642 habitu
503 3589 841 3645 sacerdotali
874 3589 1135 3645 ecclesiis
1166 3589 1643 3661 ministraverint,
1690 3590 1914 3648 nullum

270 3676 589 3733 habendum
613 3679 1034 3748 prajudicium,
1060 3693 1243 3750 neque
1268 3694 1370 3748 pro
1393 3679 1627 3736 habitus
1641 3679 1917 3750 qualitate

265 3763 555 3822 feriendos
579 3781 818 3824 censura
839 3768 1116 3825 canonica
1138 3767 1534 3839 formidamus,
1563 3783 1630 3824 ex
1651 3769 1914 3841 antiquo-

265 3868 395 3911 rum
426 3856 656 3911 Patrum
690 3856 980 3912 institutis
1019 3857 1349 3914 omnimodo
1397 3858 1768 3915 arbitramur.

338 3943 543 4000 Verum
577 3944 814 4014 insuper
861 3946 1335 4001 consuetudinem
1367 3959 1432 4001 ac
1464 3959 1673 4002 morem
1706 3952 1915 4004 nostra

262 4031 519 4088 ecclesia
543 4033 902 4088 concorditer
923 4032 1305 4102 retinendum,
1335 4047 1500 4104 quem
1528 4036 1750 4092 cateris
1769 4037 1916 4092 stola

263 4120 521 4177 vestibus
553 4122 871 4192 superjecta
902 4135 1001 4190 pro
1031 4122 1315 4192 dignitate
1349 4124 1678 4188 sacerdotii,
1711 4139 1822 4193 qua
1855 4125 1914 4180 in

268 4210 479 4280 populo
513 4211 932 4281 principantur,
953 4211 1423 4282 conservandum,
1450 4213 1498 4281 ej
1511 4229 1575 4268 us
1602 4213 1914 4284 pontificis,

264 4312 438 4370 quam
461 4299 568 4355 sub
590 4306 742 4355 veste
777 4297 1124 4370 paenitentia
1155 4303 1209 4354 et
1238 4299 1454 4355 laboris
1488 4301 1548 4355 in
1577 4315 1682 4358 suo
1713 4303 1916 4358 ordine

263 4393 595 4445 statuerunt
618 4394 894 4460 tenentes,
927 4402 1027 4459 pro
1048 4389 1292 4444 vestium
1318 4390 1595 4460 qualitate
1611 4397 1666 4448 et
1688 4391 1909 4463 habitu,

2041 1901 2157 1956 rint
2185 1899 2548 1970 dignitatem,
2568 1898 2770 1954 relicto
2800 1911 2955 1955 more
2971 1897 3225 1953 ecclesia
3245 1898 3330 1953 vel
3358 1898 3680 1970 religionis,

2039 1991 2097 2045 in
2132 2002 2241 2060 qua
2287 1988 2537 2058 provecti
2569 1993 2723 2052 sunt,
2759 1987 3089 2043 mutandam
3111 1991 3324 2041 vestem
3375 1987 3686 2057 singulari-

2036 2078 2174 2134 tatis
2196 2076 2538 2148 generaliter
2566 2089 2899 2132 censeamus
2931 2094 2942 2130 :
2975 2077 3069 2131 sed
3113 2075 3308 2145 potius
3345 2074 3404 2130 in
3435 2081 3680 2144 utroque

2037 2165 2238 2222 habitu
2278 2166 2658 2236 sacerdotum,
2693 2178 2901 2221 morem
2936 2165 3306 2221 ecclesiarum
3341 2169 3397 2220 et
3420 2164 3680 2220 ordinem

2035 2256 2095 2311 in
2129 2255 2342 2327 quibus
2368 2254 2616 2326 provecti
2649 2259 2804 2322 sunt,
2852 2253 3033 2310 nullis
3061 2256 3290 2309 Patrum
3324 2252 3682 2323 prajudiciis

2031 2345 2366 2412 obnoxium,
2420 2344 3010 2416 irreprehensibiliter
3045 2343 3397 2400 arbitramur
3429 2354 3680 2413 sequen-

2030 2435 2184 2491 dum.

2103 2525 2286 2595 Hujus
2310 2524 2462 2580 enim
2500 2527 2708 2580 nostra
2728 2521 3168 2579 consuetudinis
3194 2533 3444 2590 causam,
3471 2533 3505 2576 o
3535 2519 3680 2575 bone

2038 2628 2150 2684 rex,
2179 2628 2280 2685 pro
2320 2619 2530 2670 nostra
2585 2612 3050 2683 reprehensionis
3088 2611 3444 2679 necessitate,
3478 2613 3679 2666 vestra

2029 2703 2327 2760 serenitati
2377 2703 2696 2772 reddentes,
2749 2701 3016 2771 placitam
3078 2702 3192 2757 Deo
3243 2699 3678 2756 solicitudinem

2027 2800 2292 2864 vestram,
2339 2805 2509 2863 quam
2558 2806 2658 2863 pro
2711 2796 2866 2848 statu
2916 2795 3123 2847 sancta
3171 2790 3272 2845 Dei
3298 2788 3566 2845 Ecclesia
3619 2789 3677 2844 in

2027 2884 2296 2939 omnibus
2331 2883 2458 2939 suis
2499 2881 2858 2939 utilitatibus
2885 2895 2986 2937 vos
3015 2879 3438 2936 ferventissimo
3469 2879 3678 2935 mentis

2027 2973 2222 3028 studio
2243 2972 2451 3026 habere
2480 2972 2793 3026 multorum
2825 2971 3101 3026 relatione
3134 2969 3538 3039 comperimus,
3583 2982 3678 3024 se-

2028 3074 2228 3117 renare
2254 3061 2386 3116 data
2413 3060 2757 3115 auctoritate
2787 3058 3086 3114 humiliter
3119 3063 3486 3129 exoptamus:
3512 3058 3678 3127 pari-

1944 3145 1991 3204 C
2027 3156 2224 3220 terque
2257 3149 2428 3204 etiam
2463 3149 2769 3203 immensas
2800 3147 3114 3218 gratiarum
3157 3147 3413 3202 actiones
3450 3146 3677 3215 princi-

2025 3240 2141 3310 pali
2166 3237 2553 3308 magnitudini
2573 3241 2770 3292 vestra
2783 3235 3104 3306 referimus,
3124 3249 3245 3307 qua
3262 3247 3366 3290 nos
3379 3235 3438 3290 in
3463 3235 3678 3290 nostris

2026 3329 2188 3400 filiis,
2215 3328 2422 3383 vestris
2445 3326 2733 3398 siquidem
2766 3325 3036 3382 fidelibus
3065 3325 3415 3392 oratoribus,
3445 3337 3673 3380 monere

2025 3421 2082 3473 et
2102 3416 2390 3484 corrigere
2419 3414 2543 3470 suis
2582 3413 2763 3470 sacris
2804 3412 3070 3484 apicibus
3098 3418 3183 3468 est
3210 3411 3466 3483 dignata,
3494 3415 3551 3467 et
3576 3411 3676 3466 in—

2027 3519 2198 3576 super
2227 3509 2505 3575 quantum
2533 3517 2635 3573 pro
2657 3507 2850 3558 sancta
2874 3501 3154 3572 religione
3189 3500 3440 3556 ferveant
3466 3499 3526 3555 in
3554 3515 3672 3556 sua

2025 3594 2348 3650 devotionis
2394 3592 2786 3648 admonitione
2830 3591 3016 3660 nobis,
3080 3605 3148 3646 ne
3197 3589 3676 3660 reprehensibiles

2025 3684 2342 3754 videamur,
2390 3687 2636 3741 ostensa.
2670 3680 2829 3736 Unde
2885 3694 2954 3736 ne
2994 3685 3342 3736 statutorum
3391 3692 3674 3735 canonum

2028 3773 2087 3828 in
2131 3773 2235 3828 hac
2273 3775 2468 3827 nostra
2515 3770 2933 3827 consuetudine
2962 3783 3181 3840 semper
3225 3774 3676 3840 transgressores

2024 3862 2173 3932 apud
2223 3873 2322 3916 vos
2349 3860 2665 3926 videamur,
2709 3859 2922 3929 quibus
2945 3859 3162 3932 regulis
3181 3859 3250 3914 ad
3278 3858 3672 3928 hujuscemodi

2023 3955 2276 4006 tenorem
2310 3954 2366 4005 et
2393 3950 2652 4006 ordinem
2697 3954 2906 4005 nostra
2935 3948 3189 4004 ecclesia
3222 3947 3671 4004 conservandum

2027 4039 2355 4106 innitimur,
2386 4038 2446 4092 in
2476 4039 2568 4094 his
2590 4039 2808 4095 nostris
2833 4037 3253 4095 satisfactionis
3287 4036 3542 4094 literulis
3569 4051 3674 4093 ve-

2025 4133 2156 4182 stra
2180 4125 2486 4196 principali
2512 4127 2896 4196 magnitudini
2920 4127 3239 4199 relegendis
3257 4126 3669 4182 ostendendum

2024 4215 2356 4271 curavimus
2387 4213 2804 4283 lubentissime,
2829 4214 2877 4270 si
2914 4215 3055 4285 quid
3085 4215 3294 4271 melius
3317 4221 3420 4272 aut
3445 4215 3670 4284 piorum

2026 4305 2243 4378 regulis
2272 4303 2545 4361 canonica
2572 4303 2886 4373 scriptione
2914 4305 3326 4376 congruentius
3364 4305 3669 4360 tenendum

2023 4395 2094 4450 de
2126 4395 2229 4450 hac
2260 4408 2319 4450 re
2338 4397 2521 4449 vestra
2541 4391 2752 4463 reperit
2769 4392 2969 4447 devota
2996 4393 3317 4462 regalisque
3345 4392 3670 4462 prudentia,

265 4478 494 4534 nullum
528 4479 701 4548 hujus
743 4479 988 4548 ordinis,
1029 4478 1079 4533 si
1123 4478 1239 4533 vita
1270 4480 1396 4549 ejus
1427 4481 1485 4534 in
1516 4483 1912 4554 cujuscunque
1940 4479 1994 4540 D
2026 4483 2231 4539 vestris
2279 4483 2339 4537 in
2392 4481 2660 4538 omnibus
2700 4480 2936 4536 monitis
2982 4484 3318 4535 annuentes.
3370 4479 3675 4535 Conservet

265 4568 563 4638 proposito
598 4569 757 4624 nullo
783 4569 938 4638 gravi
973 4567 1226 4624 facinore
1275 4568 1548 4638 probatur
1595 4570 1822 4642 infecta,
1854 4573 1910 4628 id

264 4662 374 4726 est,
408 4657 457 4712 si
498 4671 608 4713 non
641 4658 717 4712 sit
746 4658 1006 4714 secunda
1037 4659 1238 4716 uxoris
1266 4659 1486 4729 copula
1532 4659 1826 4732 alligatus,
1861 4661 1911 4717 si

266 4747 604 4816 poenitentia
637 4747 866 4817 publica
892 4761 1002 4804 non
1027 4747 1300 4820 famosus,
1333 4749 1382 4804 si
1408 4749 1564 4805 nulla
1587 4757 1744 4820 parte
1780 4765 1916 4808 cor-

268 4835 428 4906 poris
446 4835 806 4906 immunitus,
833 4837 879 4892 si
903 4837 1099 4894 servili
1123 4843 1224 4893 aut
1244 4838 1575 4910 originaria
1592 4839 1913 4896 conditioni

2021 4575 2172 4628 Deus
2224 4584 2444 4627 omnem
2488 4577 2728 4627 vestram
2763 4569 3048 4626 salubrem
3101 4569 3572 4632 dominationem,
3599 4570 3666 4626 ad

2023 4660 2445 4735 gubernandum
2465 4664 2522 4714 et
2543 4659 2810 4716 tuendam
2838 4658 3148 4715 Ecclesiam
3182 4671 3344 4714 suam
3375 4664 3658 4714 sanctam:

2024 4750 2220 4806 Amen.

1644 5072 2297 5143 FBAGMENTUM

261 5210 381 5270 Ea
419 5202 742 5266 Historia
774 5203 853 5265 de
886 5202 1334 5266 Conuersione
1363 5203 1686 5267 Boiorum
1731 5207 1796 5266 et
1830 5203 2402 5350 ggsreatangramt
2422 5207 2515 5271 ad
2539 5206 2745 5287 ﬁdem
2777 5206 3271 5288 Christianam,
3309 5227 3452 5292 qua
3481 5208 3663 5272 circa

1535 5301 1791 5347 annum
1876 5303 1878 5306 ·
1989 5303 2175 5350 scrin
2213 5303 2254 5350 a
2301 5303 2370 5350 es
2409 5334 2423 5348 .

1535 5301 1791 5347 annum
1831 5301 1950 5348 ὄΰδ
1989 5301 2254 5367 ἀτηρία
2301 5301 2423 5351 εει.

1142 5388 1316 5451 (Apud
1348 5388 1606 5439 Duchesn.
1642 5390 1830 5452 Script.
1865 5404 1964 5441 rer.
1997 5393 2198 5455 Franc.,
2247 5396 2370 5445 tom.
2409 5394 2477 5457 II,
2508 5409 2624 5459 pag.
2662 5395 2795 5460 220.)

1731 5489 2148 5503 _—

338 5553 523 5626 Igitur
539 5552 779 5610 Carolus
804 5553 1131 5625 imperator,
1156 5566 1306 5610 anno
1324 5552 1655 5611 Nativitatis
1678 5555 1906 5611 Domini
2019 5570 2136 5613 sam
2167 5558 2616 5629 multitudinem,
2649 5561 2884 5617 Hunnos
2913 5557 3309 5615 exterminare.
3357 5555 3467 5625 Qui
3497 5555 3666 5613 mini-

259 5639 393 5714 746,
425 5643 656 5701 Ericum
686 5642 952 5702 comitem
972 5643 1302 5716 destinavit,
1335 5647 1393 5700 et
1417 5657 1545 5701 cum
1580 5658 1644 5702 eo
1674 5645 1914 5702 immen-

2017 5659 2105 5703 me
2131 5647 2479 5720 resistentes,
2512 5649 2887 5706 reddiderunt
2915 5660 2974 5702 se
3005 5659 3103 5715 per
3143 5641 3441 5715 prafatum
3471 5645 3661 5702 comi—
