4046 6182
370 319 502 381 4274

1292 319 1582 376 ΑΡΡΕΝΙ).
1623 317 1718 375 AD
1754 317 1914 375 SJEC.
1957 317 2056 375 IX.
2085 345 2159 358 —
2189 316 2544 374 AUCTORES
2579 317 2912 376 ANONYMI.

3639 319 3779 378 4772

367 448 474 504 tem
529 445 732 504 Carolo
789 445 1140 516 imperatori.
1207 444 1413 502 Eodem
1464 459 1597 517 ergo
1654 457 1804 500 anno
1855 435 2093 498 misitA
2123 451 2344 494 amnem
2363 440 2638 512 Danubii,
2671 446 2735 498 ιιι
2757 443 3090 511 potestative
3118 441 3393 514 populum
3431 447 3655 516 regeret
3674 456 3782 500 sua

364 537 604 595 Carolus
653 535 958 606 Pippinum
1001 535 1186 591 ﬁlium
1225 549 1392 591 suum
1444 535 1503 590 in
1553 535 1837 591 Hunniam
1883 547 2013 589 cum

369 627 628 683 exercitu
658 625 867 682 multo.
915 623 1023 691 Qui
1058 624 1390 695 perveniens
1420 637 1602 694 usque
1624 624 1693 680 ad
1738 624 2014 680 celebrem

367 729 565 772 eorum
597 715 810 784 locum,
842 713 940 784 qui
971 713 1191 770 dicitur
1221 711 1425 782 Rinch,
1465 711 1546 768 ibi
1581 713 1788 769 iterum
1821 727 2016 770 omnes

367 820 563 863 eorum
589 805 880 875 principes
911 817 969 860 se
989 803 1334 859 dediderunt
1361 803 1622 872 Pippino.
1647 802 1756 872 Qui
1787 803 1919 860 inde
1936 816 2016 859 re-

371 902 614 966 vertens,
647 900 860 965 partem
901 893 1206 948 Pannoniae
1234 893 1388 950 circa
1417 893 1604 950 locum
1654 893 1889 950 Pelessa:
1919 892 2018 948 in-

368 985 622 1055 ferioris,
654 985 802 1040 ultra
824 983 1062 1039 ﬂuvium
1084 983 1184 1054 qui
1211 983 1431 1040 dicitur
1451 983 1625 1055 Rapa,
1642 987 1700 1040 et
1723 984 1808 1040 sic
1835 996 2016 1054 usque

365 1077 434 1131 ad
487 1078 738 1132 Dranum
771 1074 890 1143 [al.,
925 1071 1192 1148 Dravum]
1223 1073 1482 1143 ﬂuvium,
1512 1081 1567 1130 et
1596 1087 1661 1130 eo
1702 1088 1883 1146 usque
1915 1072 2013 1130 ubi

364 1167 590 1222 Dranus
614 1164 744 1220 ﬂuit
777 1163 834 1218 in
853 1161 1200 1233 Danubium,
1231 1167 1399 1232 prout
1432 1167 1762 1233 potestatem
1792 1162 2012 1230 habuit,

366 1252 807 1326 praenominavit
849 1265 977 1308 eum
1021 1250 1285 1307 doctrina
1316 1256 1371 1307 et
1410 1251 1800 1309 ecclesiastico
1831 1251 2016 1308 oﬁicio

366 1355 671 1414 procurare
693 1341 964 1412 populum
994 1343 1094 1413 qui
1123 1341 1397 1398 remansit
1421 1342 1491 1397 de
1510 1343 1736 1398 Hunni:-.
1758 1348 1814 1400 et
1832 1343 2016 1400 Slavis

365 1433 424 1488 in
445 1432 566 1488 illis
585 1432 848 1502 partibus
862 1432 1078 1488 Arnoni
1099 1431 1501 1490 Juvavensium
1523 1433 1811 1504 episcopo,
1833 1447 2016 1506 usque

362 1523 431 1579 ad
479 1522 839 1592 praesentiam
898 1521 1180 1594 genitoris
1232 1523 1324 1579 sui
1381 1523 1571 1580 Caroli
1627 1523 2009 1594 imperatoris.

362 1612 724 1668 Postmodum
777 1624 931 1683 ergo,
1005 1624 1153 1668 anno
1217 1609 1346 1684 803,
1403 1613 1641 1669 Carolus
1708 1614 2016 1683 imperator

367 1701 650 1758 Boiariam
689 1702 947 1772 intravit,
971 1707 1027 1758 et
1059 1703 1118 1758 in
1158 1715 1348 1758 mense
1368 1702 1598 1760 Octobri
1631 1702 2018 1775 Salzpurgen-

2129 529 2556 601 praedicatione;
2585 536 2641 587 et
2660 532 2986 604 evangelica
3022 533 3288 590 doctrina
3308 534 3540 591 doceret
3562 537 3783 592 servire

2122 622 2253 676 Deo.

2196 711 2499 780 Postquam
2557 723 2691 783 ergo
2740 710 2978 768 Carolus
3027 712 3354 784 imperator,
3387 715 3617 771 Hunnis
3655 717 3782 785 eje-

2124 799 2255 870 ctis,
2307 800 2672 871 episc0patus
2725 801 3063 874 dignitatem
3122 804 3456 860 Juvavensis
3509 805 3781 860 Ecclesia:

2127 890 2332 946 rectori
2357 891 2790 958 commendavit,
2813 891 3028 948 Arnoni
3054 892 3319 948 videlicet
3337 893 3781 965 archiepiscopo

2126 984 2182 1038 et
2217 981 2341 1037 suis
2385 981 2816 1038 successoribus
2863 983 3090 1038 tenendi
3142 983 3553 1053 perpetualiter
3603 992 3781 1056 atque

2127 1070 2360 1142 regendi
2394 1070 2746 1142 perdonavit,
2779 1076 3075 1141 coeperunt
3119 1072 3317 1143 populi
3349 1073 3470 1129 sive
3494 1074 3645 1129 Slavi
3671 1090 3782 1131 seu

2129 1160 2342 1215 Boiarii
2393 1159 2751 1226 inhabitare,
2776 1163 3005 1231 terram,
3040 1161 3191 1218 unde
3241 1161 3330 1217 illi
3379 1163 3605 1232 expulsi
3637 1169 3784 1219 sunt

2125 1250 2339 1319 Hunni,
2372 1255 2428 1306 et
2466 1251 2867 1321 multiplicari.
2903 1251 3059 1307 Tunc
3090 1252 3314 1321 primus
3334 1251 3406 1308 ab
3433 1253 3786 1323 imperatore

2125 1341 2478 1397 constitutus
2507 1346 2594 1398 est
2617 1342 2852 1398 conﬁnii
2883 1356 3072 1398 comes
3097 1341 3516 1414 Gonterannus,
3560 1357 3786 1400 secun-

2125 1431 2237 1488 dus
2259 1433 2694 1499 Werenharius,
2726 1437 2933 1490 tertius
2955 1433 3244 1504 Albricus,
3274 1442 3514 1506 quartus
3531 1435 3793 1492 Gotefri-

2127 1522 2259 1592 dus,
2287 1522 2872 1593 quintus'Geroldus.
2923 1523 3153 1580 Interim
3181 1538 3311 1580 vero
3344 1527 3479 1582 dum
3512 1527 3787 1596 praedicti

2130 1611 2368 1668 comites
2392 1613 2725 1669 orientalem
2760 1613 3143 1682 procurabant
3167 1614 3409 1687 plagam,
3443 1615 3626 1687 aliqui
3652 1617 3793 1674 du—

2129 1715 2224 1757 ces
2245 1701 2570 1758 habitavere
2589 1702 2648 1758 in
2675 1702 2798 1758 illis
2826 1703 3085 1772 partibus
3115 1705 3184 1759 ad
3207 1705 3322 1773 jam
3345 1705 3552 1761 dictam
3585 1706 3790 1762 sedem

370 1806 508 1864 sem,
558 1795 615 1848 et
656 1790 947 1862 praefatam
999 1792 1422 1849 concessionem
1479 1792 1588 1848 ﬁlii
1620 1793 1712 1849 sui
1755 1772 2013 1860 cernens,
2048 1772 2100 1834 B
2132 1791 2574 1864 pertinentibus.
2608 1793 2719 1862 Qui
2751 1793 3065 1850 comitibus
3091 1772 3344 1864 pmfatis
3365 1795 3582 1852 subditi
3615 1794 3797 1852 fuere

367 1881 701 1953 potestative
726 1881 928 1938 multis
951 1881 1277 1939 astantibus
1295 1881 1563 1939 ﬁdelibus
1580 1883 1706 1940 suis
1723 1883 2020 1941 conﬁrma-

361 1973 464 2041 vit,
497 1977 554 2028 et
576 1971 967 2028 inconvulsam
993 1971 1114 2028 ﬁeri
1142 1973 1443 2028 concessit.

431 2055 646 2119 lterum
676 2061 943 2134 contigit,
970 2075 1119 2118 anno
1148 2062 1489 2118 Nativitatis
1512 2061 1742 2120 Domini
1763 2060 1890 2134 798,
1918 2065 2017 2122 Ar-

321 2205 324 2207 .
365 2165 568 2210 nonem
595 2153 710 2222 jam
727 2152 1080 2223 episcOpum,
1107 2165 1140 2208 a
1176 2153 1356 2208 Leone
1383 2165 1526 2224 papa
1555 2157 1786 2224 accepto
1814 2153 2011 2226 pallio,

365 2241 664 2299 remeando
694 2241 764 2298 de
789 2241 963 2298 Roma
987 2241 1210 2298 venisse
1242 2241 1395 2298 ultra
1436 2242 1670 2313 Padum,
1709 2243 1878 2314 eique
1907 2242 2018 2300 ob-

363 2331 549 2388 viasse
575 2330 815 2387 missum
839 2330 1027 2388 Caroli
1050 2344 1176 2387 cum
1201 2331 1446 2401 epistola
1466 2345 1590 2403 sua,
1620 2333 1896 2388 mandans
1923 2333 2012 2388 illi

368 2423 480 2492 ipsi
507 2422 712 2478 itinere
735 2422 793 2476 in
827 2426 1016 2491 partes
1044 2421 1338 2477 Slavorum
1373 2421 1476 2490 ire,
1509 2426 1566 2478 et
1589 2423 1890 2494 exquirere
1910 2437 2017 2480 vo—

359 2513 642 2568 luntatem
671 2511 867 2581 p0puli
894 2511 1078 2577 illius,
1102 2515 1158 2567 et
1186 2511 1492 2581 praedicare
1519 2511 1600 2567 ibi
1629 2512 1862 2568 verbum
1887 2515 1950 2571 Dr
1971 2513 2011 2568 i.

370 2602 472 2657 Sed
504 2602 641 2672 quia
667 2600 773 2656 hoc
800 2599 982 2658 facere
1013 2601 1307 2672 nequibat,
1339 2606 1643 2671 antequam
1677 2616 2012 2673 responsum

367 2690 604 2748 referret
633 2705 749 2747 suae
778 2691 1104 2763 legationis,
1140 2691 1345 2746 festine
1374 2691 1619 2760 perrexit
1651 2692 1716 2747 ad
1763 2692 2018 2762 impera-

368 2785 568 2852 torem,
595 2785 652 2836 et
683 2781 884 2836 retulit
912 2781 964 2836 ei
1003 2780 1287 2850 quidquid
1321 2793 1420 2850 per
1449 2793 1578 2834 eum
1608 2780 1880 2836 dominus
1909 2783 2017 2837 Leo

370 2884 512 2941 papa
537 2869 846 2925 mandavit.
879 2869 1012 2925 Post
1031 2870 1311 2940 expletam
1335 2869 1676 2943 legationem
1709 2871 2020 2941 imperator

371 2959 642 3031 praecepit
683 2958 900 3016 Arnoni
950 2959 1387 3030 archiepiscopo
1435 2975 1665 3034 pergere
1720 2961 1779 3016 in
1830 2965 2020 3032 partes

368 3051 685 3120 Slavorum,
715 3055 770 3105 et
801 3049 1111 3120 praevidere
1139 3064 1361 3107 omnem
1397 3051 1552 3107 illam
1583 3053 1890 3123 regionem,
1920 3066 2022 3108 ec-

2127 1883 2198 1939 ad
2251 1881 2552 1938 servitium
2606 1882 2987 1952 imperatoris.
3039 1883 3293 1952 Quorum
3341 1886 3571 1940 nomina
3613 1892 3792 1957 sunt,

2131 1971 2580 2044 Prinnihlawga,
2613 1971 2896 2042 Ceincias,
2927 1974 3220 2045 Hroymar,
3263 1974 3452 2046 Etgar.
3479 1975 3612 2032 Post
3637 1975 3794 2032 illos

2127 2075 2259 2118 vero
2282 2061 2460 2119 duces
2487 2061 2701 2118 Boiarii
2727 2066 3026 2133 coeperunt
3052 2063 3380 2133 pradictam
3406 2067 3613 2121 terram
3638 2067 3794 2121 dato

2127 2164 2322 2222 regum
2355 2149 2561 2207 habere
2615 2151 2674 2207 in
2717 2152 3074 2223 comitatum,
3125 2152 3502 2221 Hebrivvinus,
3554 2155 3796 2227 Albga-

2126 2241 2251 2297 rius
2305 2244 2362 2296 et
2404 2240 2583 2308 Palio,
2613 2241 2714 2297 His
2745 2242 2826 2297 ita
2875 2241 3140 2312 peractis,
3186 2241 3477 2300 Ratbodus
3516 2246 3799 2316 suscepit

2123 2329 2510 2388 defensionem
2541 2330 2796 2403 termini,
2823 2331 2881 2386 in
2907 2332 3076 2402 cujus
3105 2333 3292 2402 spatio
3322 2335 3594 2404 temporis
3635 2335 3799 2406 qui-

2122 2423 2250 2478 dam
2274 2421 2570 2492 Prinnina,
2589 2420 2886 2477 exsulatus
2905 2434 2938 2477 a
2954 2424 3239 2493 Moymaro
3253 2423 3398 2479 duce
3419 2426 3796 2482 Moravorum

2127 2525 2299 2581 supra
2344 2511 2690 2581 Danubium,
2747 2511 2907 2567 venit
2946 2512 3015 2566 ad
3064 2513 3402 2569 Ratbodum.
3435 2515 3545 2584 Qui
3577 2516 3797 2571 statim

2129 2601 2677 2672 praesentavitillum
2723 2600 2958 2658 domino
2990 2602 3108 2674 regi
3148 2607 3347 2659 nostro
3384 2604 3696 2674 Ludovico,
3733 2610 3797 2661 et

2130 2705 2233 2747 suo
2249 2692 2418 2760 jussu
2446 2690 2554 2746 ﬁde
2592 2691 2914 2747 instructus
2963 2691 3290 2762 baptizatus
3313 2698 3402 2749 est
3430 2694 3488 2748 in
3533 2694 3797 2751 ecclesia

2129 2780 2312 2836 sancti
2339 2779 2594 2848 Martini,
2635 2779 2758 2836 loco
2795 2780 3047 2835 Treisma
3091 2786 3309 2852 vocato,
3349 2785 3481 2838 ante
3508 2784 3798 2842 videlicet

2088 2934 2090 2936 ν
2131 2869 2437 2939 pertinenti
2479 2869 2546 2924 ad
2581 2867 2769 2925 sedem
2794 2870 3217 2926 Juvavensium.
3269 2871 3379 2940 Qui
3414 2879 3610 2942 postea
3640 2874 3799 2929 Rat—

2129 2959 2275 3015 hodo
2305 2958 2670 3029 commissus,
2703 2959 2940 3030 aliquod
2973 2973 3102 3015 cum
3138 2959 3240 3015 illo
3273 2959 3386 3016 fuit
3430 2966 3682 3031 tempus.
3725 2965 3799 3019 Et

2132 3061 2242 3103 non
2272 3045 2456 3102 multo
2488 3050 2615 3116 post
2642 3046 2711 3102 de
2741 3046 3038 3118 Vulgariis
3069 3044 3372 3122 [Bulgaris]
3407 3050 3606 3105 Hecilo
3631 3051 3801 3107 Rati-

371 3139 760 3196 clesiasticum
801 3138 1049 3195 oﬁicium
1080 3153 1234 3195 more
1259 3140 1573 3210 episcopali
1599 3141 1804 3213 colere,
1832 3156 2021 3212 popu—
2051 3130 2099 3192 C
2132 3137 2273 3191 mari
2302 3136 2470 3192 ducis
2499 3135 2646 3191 adiit
2685 3136 2993 3207 regionem.
3034 3137 3252 3208 Illoque
3276 3143 3529 3207 tempore
3545 3141 3804 3195 Ludovi-

374 3229 572 3300 losque
601 3229 660 3285 in
696 3229 805 3284 ﬁde
834 3233 891 3284 et
917 3229 1355 3285 Christianitate
1397 3230 1758 3299 praedicando
1787 3230 2024 3288 confor—

374 3324 513 3375 tare.
545 3319 706 3375 Sicut
737 3319 836 3374 ille
867 3319 1153 3389 praecepit,
1188 3318 1355 3375 fecit:
1390 3319 1532 3376 illuc
1569 3321 1851 3378 veniendo
1877 3335 2024 3376 con-

378 3408 622 3464 secravit
645 3408 936 3478 ecclesias,
971 3409 1263 3464 ordinavit
1303 3408 1680 3482 presbyteros,
1713 3410 2027 3480 populum—

376 3512 489 3568 que
515 3499 876 3567 praadicando
928 3499 1146 3566 docuit,
1201 3506 1258 3552 et
1293 3498 1425 3553 inde
1461 3499 1688 3555 rediens
1737 3500 2028 3556 nuntiavit

377 3588 710 3658 imperatori
732 3588 880 3658 quod
907 3601 1108 3658 magna
1126 3587 1354 3643 utilitas
1382 3587 1463 3642 ibi
1487 3589 1769 3657 potuisset
1789 3587 1956 3657 eﬂici,
1975 3589 2026 3642 si

378 3678 512 3746 quis
535 3677 664 3732 inde
696 3676 986 3732 habuisset
1011 3683 1312 3732 certamen.
1347 3677 1507 3732 Tunc
1531 3667 1699 3745 jussu
1732 3677 2031 3745 imperato-

383 3765 466 3820 ris
495 3765 800 3821 ordinatus
829 3770 914 3819 est
946 3765 1336 3820 Theodoricus
1381 3765 1687 3834 episcopus
1711 3763 1781 3818 ab
1804 3765 2031 3821 Arnone

381 3853 650 3922 episcopo
677 3852 1101 3908 Juvavensium.
1142 3853 1317 3920 Quem
1363 3853 1484 3920 ipse
1508 3852 1700 3907 Arnon
1743 3854 2032 3908 etGerol-

384 3941 494 3995 dus
535 3953 724 3995 comes
754 3940 1126 4009 perducentes
1165 3941 1224 3994 in
1267 3939 1611 4010 Slavoniam,
1653 3942 1940 3998 dederunt
1970 3943 2028 3997 in

387 4043 592 4085 manus
623 4028 986 4098 principum;
1023 4031 1483 4085 commendantes
1514 4030 1600 4085 illi
1634 4031 1900 4101 episcopo
1935 4046 2034 4087 re-

387 4117 611 4189 gionem
637 4118 1103 4188 Carentanorum,
1127 4122 1184 4174 et
1206 4118 1459 4175 conﬁnes
1479 4133 1673 4176 eorum
1691 4120 2033 4176 occidentali

393 4210 552 4276 parte
597 4207 772 4262 Drani
803 4207 1083 4279 ﬂuminis,
1143 4222 1325 4279 usque
1365 4209 1503 4266 dum
1541 4209 1766 4266 Dranus
1815 4209 1946 4264 ﬂuit
1976 4210 2033 4263 in

2132 3241 2236 3280 cus
2266 3239 2362 3281 rex
2412 3226 2768 3281 Boiariorum
2814 3226 2977 3282 misit
3004 3227 3321 3283 Ratbodum
3354 3242 3486 3283 cum
3526 3230 3800 3286 exercitu

2135 3314 2316 3370 multo
2353 3315 2424 3370 ad
2455 3314 2954 3371 exterminandum
3008 3317 3364 3372 Ratimarum
3394 3317 3624 3372 ducem.
3671 3320 3789 3388 Qui

2135 3402 2360 3460 diﬁisus
2386 3417 2446 3459 se
2495 3402 2723 3459 defendi
2776 3418 2959 3474 posse,
3025 3406 3084 3460 in
3133 3403 3321 3476 fugam
3354 3419 3671 3462 conversus
3711 3413 3804 3463 est

2137 3509 2266 3551 cum
2297 3495 2440 3560 suis,
2475 3495 2574 3564 qui
2598 3495 2803 3549 caedem
2825 3500 3144 3567 evaserunt,
3177 3501 3233 3550 et
3277 3496 3595 3566 praedictus
3621 3498 3804 3552 Prin—

2139 3584 2308 3639 ninas
2339 3583 2605 3638 substitit
2629 3597 2758 3638 cum
2790 3584 2937 3655 suis,
2987 3584 3360 3654 pertransivit
3403 3585 3648 3640 ﬂuvium
3689 3586 3805 3641 Sa-

2140 3687 2292 3735 vum,
2329 3672 2526 3742 ibique
2563 3677 2864 3742 susceptus
2892 3687 2924 3728 a
2972 3673 3285 3729 Salachone
3330 3674 3542 3729 comite
3593 3676 3804 3744 paciﬁ—

2141 3765 2308 3816 catus
2343 3766 2429 3815 est
2454 3774 2584 3816 cum
2623 3761 2903 3816 Ratbodo.
2945 3761 3152 3832 Aliqua
3182 3776 3313 3818 vero
3342 3763 3651 3819 occasione
3684 3765 3803 3819 ite-

2143 3863 2268 3904 rum
2295 3854 2572 3918 percepta,
2605 3849 2942 3920 rogantibus
2973 3850 3266 3920 praedictis
3295 3852 3458 3923 regis
3501 3851 3803 3922 ﬁdelibus,

2143 3938 2415 4009 praestitit
2440 3953 2537 3994 rex
2564 3939 2856 3995 Prinninze
2888 3940 3143 4011 aliquam
3171 3939 3471 3998 inferioris
3490 3943 3806 3998 Pannonia

2146 4029 2205 4082 in
2259 4026 2599 4083 beneﬁcium
2649 4031 2865 4100 partem
2915 4030 3070 4087 circa
3127 4030 3368 4086 ﬂuvium
3427 4031 3533 4102 qui
3581 4031 3809 4087 dicitur

2145 4120 2303 4175 Sava.

1804 4522 2385 4595 EXCERPTUM

1299 4683 1368 4742 Ε
1424 4679 1653 4744 libello
1708 4683 1786 4745 de
1833 4674 2260 4748 conversione
2321 4685 2884 4749 Carentanorum.

430 4838 604 4900 (Apud
631 4839 886 4890 Wiihelm
909 4841 1258 4892 Wattenbach
1291 4843 1384 4892 Bei‘
1407 4859 1544 4908 rage
1562 4859 1660 4894 zur
1686 4846 1980 4896 Geschichte
2000 4848 2092 4896 der
2115 4848 2478 4898 Christilichen
2502 4848 2710 4910 Kirche,
2747 4863 2809 4898 ex
2835 4848 2962 4900 Cod.
2995 4849 3128 4898 Bibl.
3153 4848 3288 4899 Cas.
3312 4851 3425 4909 423,
3458 4864 3585 4900 saec.
3615 4852 3777 4912 XIII.)
3818 4902 3822 4905 _

1896 5011 2222 5026 ﬁ

469 5157 804 5213 Carentanis
830 5161 1015 5228 primo
1050 5151 1380 5232 praedicavit
1417 5165 1706 5222 Modestus
1741 5166 2044 5236 episc0pus
2076 5166 2130 5228 D
2156 5169 2287 5224 Post
2321 5168 2473 5225 hunc
2492 5169 2812 5227 Hosbaldus
2847 5169 3156 5240 episcopus
3195 5170 3302 5230 sub
3351 5171 3724 5242 Liuprammo
3757 5174 3804 5224 et

402 5248 614 5305 missus
639 5252 695 5304 et
715 5255 1080 5307 consecratus
1111 5267 1142 5308 a
1183 5253 1345 5311 beato
1377 5255 1624 5327 Virgilio
1643 5255 1758 5310 sub
1799 5256 2044 5326 Pippino
2154 5257 2447 5315 Adelwino
2463 5259 2932 5330 archiepiscopis.
2957 5261 3102 5316 Huic
3120 5258 3371 5317 Osbaldo
3392 5261 3806 5331 scripsitNico-

401 5341 743 5395 Francorum
793 5352 937 5411 rege.
983 5340 1114 5397 Post
1151 5343 1306 5398 hunc
1337 5343 1551 5400 missus
1579 5348 1634 5400 et
1684 5352 2048 5404 consecratus
2157 5349 2284 5405 laus
2317 5361 2456 5420 papa
2482 5350 2628 5406 duos
2657 5363 2902 5407 canones
2927 5351 3028 5420 qui
3063 5351 3120 5406 in
3165 5364 3404 5420 corpore
3444 5352 3803 5407 decretorum

401 5433 491 5486 est
521 5428 910 5488 Theodoricus
929 5431 1233 5502 episcopus
1255 5433 1316 5488 in
1343 5435 1643 5502 praesentia
1667 5435 1853 5491 Caroli
1880 5437 2050 5508 impe-

2160 5439 2552 5497 inveniuntur.
2611 5441 2744 5496 Post
2799 5440 2952 5498 hunc
2984 5440 3283 5510 interjecto
3311 5440 3519 5510 aliquo
3565 5446 3806 5507 tem-ore

407 5520 616 5576 ratoris
645 5518 716 5575 ab
772 5521 997 5577 Arnone
1048 5520 1500 5592 archiepiscopo.
1557 5524 1687 5580 Post
1736 5524 1888 5582 hunc
1917 5526 2048 5584 Otto
2158 5529 2488 5598 supervenit
2518 5529 2751 5600 quidam
2780 5529 3015 5586 Sclavus
3066 5527 3138 5584 ab
3168 5529 3396 5600 Hystrie
3441 5535 3500 5586 et
3533 5527 3806 5584 Dalmatie

409 5610 713 5680 episcOpus
741 5616 1106 5669 consecratus
1124 5611 1196 5667 ab
1213 5610 1572 5669 Adelrammo
1593 5613 2043 5687 archiepiscopo.

2159 5618 2422 5689 partibus
2453 5618 2682 5674 nomine
2714 5618 3039 5676 Methodius
3069 5619 3172 5690 qui
3197 5618 3505 5675 adinvenit
3527 5618 3805 5677 Sclavicas

4043 2875 4046 3058 ἕ
