4046 6182
247 235 351 295 427
354 237 392 295 3
1594 242 1792 300 LIBER
1828 243 1901 301 DI

2016 243 2294 304 )MPUTO.
3111 304 3120 314 .
3517 254 3655 314 4274

247 363 477 420 litteras
521 367 587 452 et
610 362 864 420 Sclavice
903 363 1212 421 celebravit
1252 363 1514 422 divinum
1553 363 1801 422 ofﬁcium
1846 371 1980 432 etA
2084 372 2145 427 In
2174 372 2442 430 orientali
2474 374 2645 431 etiam
2679 382 2835 446 parte
2865 379 3112 436 Bavarlae
3139 381 3396 452 expulsis
3425 383 3654 441 Hunnia

245 453 524 510 vilescere
565 451 702 508 fecit
739 453 1045 523 Latinum;
1082 454 1304 510 tandem
1353 453 1586 526 fugatus
1623 469 1656 511 a
1687 455 1904 512 Caren-
2011 458 2327 517 hicomites
2343 461 2773 534 abimperatore
2792 465 2989 524 Carolo
3006 470 3201 539 etejus
3216 451 3653 530 successoribus

245 543 404 600 tanis
431 542 694 614 partibus
722 542 1308 615 intravitMoraviam,
1337 543 1534 614 ibique
1559 545 1827 616 quiescit.
2010 553 2144 604 sunt
2194 551 2496 608 constituti
2542 571 2554 607 :
2598 555 3016 627 Goterammus,
3071 561 3354 616 secundus
3407 563 3654 618 Weren-

319 633 596 702 Tempore
627 631 954 721 rDagoberti
1013 633 1165 704 regis
1216 634 1560 690 Francorum
1624 639 1900 704 praeerant
2011 635 2229 707 harius,
2262 640 2469 696 tertius
2488 640 2776 714 Albricus,
2809 649 3050 714 quartus
3068 646 3386 718 Gotfridus,
3412 651 3653 721 quintus

240 721 586 778 Carentanis
603 720 723 777 dux
751 721 935 811 Samo,
968 725 1100 811 post
1123 735 1286 791 quem
1313 722 1546 792 Boruth,
1584 729 1709 794 post
1731 740 1896 796 quem
2007 725 2306 798 Geroldus,
2339 732 2395 784 et
2425 736 2551 799 post
2582 731 2686 788 hos
2713 733 2889 788 duces
2919 734 3288 804 Helmwinus,
3321 720 3648 811 Albgarius,

242 812 518 868 Carastus
539 816 593 866 et
620 809 924 899 posthunc
951 810 1312 867 Cheitmarus
1336 815 1392 867 et
1417 817 1544 880 post
1569 812 1721 868 hunc
1745 815 1900 870 Wal-
2008 816 2154 872 Pabo
2189 822 2244 872 et
2271 818 2446 874 duces
2482 819 2927 878 Carentanorum
2968 826 3347 899 suprascripti
3381 809 3487 884 sub
3523 829 3654 885 istis

245 906 406 957 tunc.
437 903 572 955 Item
604 898 712 954 sub
740 898 942 954 Carolo
971 902 1028 954 et
1056 900 1183 969 ejus
1213 901 1645 958 successoribus
1675 901 1900 958 Priwiz-
2006 907 2319 963 comitibus
2348 912 2403 963 et
2431 908 2679 966 ducibus
2709 917 2890 968 erant.

247 992 439 1063 lauga,
478 989 754 1061 Cemicas,
793 989 1059 1061 Ztoimar,
1102 990 1290 1064 Etgar.

1495 1338 2405 1462 AJKHWYMH

1080 1573 2814 1754 IJBERnDE'COMPUTO.

1189 1834 1197 1847 ·
1273 1821 1450 1885 (Apud
1486 1821 1758 1881 Muralori,
1791 1821 2023 1873 Analect.
2058 1826 2183 1872 tom.
2222 1823 2310 1883 IlI,
2343 1837 2462 1886 pag.
2498 1823 2628 1886 108.)

1731 1999 2143 2012 —

1701 2137 2185 2208 MONITUM.

1738 2332 2142 2344 —

312 2470 1116 2554 Compotus,_s_i_ve_cornputus,
1132 2476 1280 2546 apud
1303 2477 1534 2554 rudium
1554 2478 1892 2554 saeculorum
1924 2486 1978 2548 Β
2003 2478 2683 2554 antiquorumeruditio,
2720 2494 3043 2554 quanquam
3087 2480 3307 2554 sterilis
3324 2481 3653 2554 interdum,

239 2545 725 2622 scriptoresnihil
748 2545 905 2622 aliud
930 2552 1054 2622 erat
1073 2545 1241 2622 quam
1266 2549 1472 2622 notitia
1493 2551 1894 2622 cursuslunae,
1926 2545 1966 2548 ”
2004 2545 2176 2620 atque
2223 2551 2511 2606 interdum
2551 2545 2988 2606 etiam'fabiilis
3028 2565 3094 2608 ac
3132 2552 3430 2608 erroribus
3475 2545 3663 2609 inter-'-

238 2628 306 2670 ac
353 2615 760 2693 Kalendarum,
810 2619 928 2693 sive
976 2615 1217 2674 scientia
1265 2619 1618 2676 certificandi
1672 2615 1897 2692 tempus
2007 2615 2197 2683 mista,
2242 2635 2353 2677 non
2388 2635 2586 2691 parum
2623 2622 2899 2677 inservire
2931 2624 3114 2690 possit
3151 2637 3216 2678 ac
3253 2624 3435 2678 soleat
3465 2625 3661 2693 adju-

239 2686 558 2760 secundum
610 2687 752 2742 solis
781 2694 836 2760 et
879 2688 1030 2744 lunre
1063 2704 1446 2760 progressum.
1489 2697 1552 2746 ut
1588 2686 1896 2749 Durandus

238 2756 345 2822 ait,
373 2756 475 2810 lib.
505 2770 630 2830 vm,
656 2772 776 2828 cap.
807 2756 855 2826 4,
881 2756 1403 2830 Rational.'Nempe
1430 2776 1632 2818 nomen
1658 2765 1896 2820 ductum

239 2841 272 2903 ᾳ
300 2829 678 2896 computando,
707 2830 856 2900 quod
887 2832 1272 2888 necessarium
1294 2829 1373 2888 sit
1397 2839 1726 2903 computare
1755 2835 1896 2890 solis

243 2898 509 2981 lunaque
539 2898 793 2981 cursum,
827 2914 1026 2981 annos,
1058 2917 1296 2974 menses,
1330 2898 1558 2981 acdies,
1590 2906 1896 2981 utdiscan-

241 2974 341 3045 tur
360 2970 504 3045 cyeli
527 2970 1091 3045 ndecemnovennales,
1117 2970 1346 3044 epactae,
1373 2970 1682 3045 bissextus,
1712 2977 1897 3033 saltus

243 3041 416 3124 lunae,
442 3042 724 3124 Kalendae,
755 3044 810 3099 Id
822 3060 906 3114 us,
931 3058 996 3100 ac
1021 3041 1305 3124 praecipue
1333 3041 1626 3124 Paschat_i_s
1649 3041 1893 3124 tempus,

239 3116 426 3186 atque
455 3113 569 3186 alia
615 3113 669 3170 id
719 3113 918 3185 genus,
967 3113 1092 3186 qua:
1132 3113 1325 3172 omnia
1370 3131 1523 3172 nunc
1564 3113 1894 3174 Kalendarii

239 3183 626 3258 appellatione
645 3183 1011 3242 communitis
1031 3188 1453 3258 signiﬁcantur.
1476 3189 1606 3244 Com
1619 3191 1740 3258 puti
1763 3204 1898 3246 vero

242 3255 490 3332 scientia
527 3256 668 3332 _olim
711 3270 839 3311 cum
876 3255 1224 3332 presbyteris
1266 3265 1385 3314 tum
1425 3255 1656 3315 clericis
1697 3274 1898 3332 magna

242 3325 642 3412 sollicitudine
660 3325 1080 3412 commendata;
1096 3330 1433 3412 legibusque
1451 3332 1620 3412 etiam
1641 3325 1894 3412 cautam,

247 3410 321 3478 ne
347 3399 482 3478 quis
506 3397 1446 3478 ab_ea_addiscenda'eximeretur,
1477 3397 1898 3478 utnDucangius

250 3468 310 3550 in
341 3468 876 3550 Glossarioiatino
905 3485 972 3525 ex
1009 3473 1205 3528 multis
1233 3468 1594 3550 documentis
1624 3468 1894 3530 osten’dit.

243 3540 316 3620 Et
359 3540 414 3592 in
465 3540 793 3620 id__quidem
841 3551 1239 3620 argumentum
1268 3544 1597 3620 nonnullos
1645 3550 1897 3620 veterum

248 3609 432 3684 libros
469 3609 654 3666 editos
687 3609 958 3668 habemus
987 3633 1000 3684 ;
1033 3615 1181 3670 alios
1224 3615 1588 3671 bibliotheca:
1625 3616 1900 3671 clariores

246 3681 436 3757 adhuc
464 3690 688 3738 servant
719 3681 1161 3757 manuscriptos.
1197 3689 1255 3742 In
1287 3688 1542 3756 computi
1571 3701 1700 3743 vero
1725 3687 1901 3757 expli-

247 3752 474 3826 _catione
506 3755 818 3826 praesertim
864 3752 1336 3824 Beda—excelluit,
1379 3752 1547 3826 cujus
1579 3772 1686 3814 non
1722 3752 1897 3813 unum

2005 2694 2242 2748 vandam
2291 2693 2806 2762 perﬁciendamque
2850 2694 3232 2750 recentiorum
3274 2695 3659 2750 eruditionem

2008 2764 2066 2818 in
2101 2762 2270 2818 hocce
2303 2764 2668 2832 potissimum
2701 2769 3059 2834 argumento.

2077 2835 2156 2906 En
2199 2847 2332 2906 ergo
2370 2835 2582 2890 librum
2624 2834 2694 2889 de
2728 2835 3025 2906 Compuﬂto,
3070 2849 3236 2906 quem
3281 2835 3366 2891 uti
3409 2837 3661 2892 nondum

2004 2905 2221 2960 editum
2262 2903 2544 2975 descripsi
2586 2919 2653 2963 ex
2691 2903 2886 2960 codice
2923 2903 3013 2974 70,
3053 2903 3142 2961 li't.
3184 2911 3238 2962 S.
3271 2907 3662 2962 Ambrosianae

2005 2975 2390 3048 bibliothecae.
2417 2975 2645 3048 Codicis
2676 2976 3033 3048 characteres
3060 2979 3388 3046 perantiqui
3415 2984 3572 3048 sunt,
3605 2983 3663 3034 at

2006 3060 2119 3102 non
2160 3045 2347 3100 ausim
2395 3045 2672 3100 afﬁrmare
2716 3046 2782 3099 ad
2840 3047 3020 3114 ipsam
3068 3045 3662 3105 aetatem’referendos

2007 3130 2117 3188 qua
2148 3117 2295 3172 vixit
2327 3116 2464 3172 libri
2496 3121 2714 3171 auctor.
2753 3117 3054 3188 innumera
3085 3117 3228 3184 illic,
3258 3118 3325 3188 ad
3358 3117 3658 3174 fastidium

2010 3186 2210 3258 usque,
2257 3192 2312 3242 et
2359 3188 2416 3242 in
2475 3186 2925 3259 grammaticam,
2966 3192 3035 3259 et
3085 3188 3142 3242 in
3189 3187 3659 3259 orthographiam

2010 3257 2515 3328 peccata,quorum
2549 3257 2843 3324 nonnulla,
2879 3257 3016 3327 quia
3048 3259 3223 3312 nimis
3257 3259 3316 3313 in
3349 3257 3547 3314 oculos
3580 3259 3664 3313 in-

2007 3329 2318 3396 currentia,
2348 3328 2559 3384 sustuli
2590 3347 2604 3398 ;
2629 3328 2852 3398 reliqua
2876 3342 3007 3384 vero
3031 3329 3254 3398 dimisi,
3285 3330 3660 3385 condonanda

2010 3401 2242 3456 illorum
2276 3406 2614 3469 temporum,
2649 3399 2768 3453 sive
2798 3399 2969 3454 etiam
3007 3399 3380 3456 librariorum
3413 3405 3513 3456 aut
3544 3401 3661 3454 im-

2009 3471 2340 3541 becillitati,
2378 3476 2479 3525 aut
2523 3470 2678 3525 usui.
2720 3471 2844 3538 Quo
2884 3474 3135 3541 tempore
3181 3477 3383 3527 auctor
3426 3472 3658 3540 vixerit,

2012 3555 2120 3598 non
2171 3540 2338 3596 facile
2381 3541 2772 3613 deprehendas
2809 3540 3014 3613 ,Anam'
3052 3543 3161 3597 huc
3213 3543 3311 3597 ille
3371 3543 3661 3613 congessit

2009 3613 2256 3668 aliorum
2307 3612 2655 3681 scriptorum
2705 3611 3157 3680 lucubrationes,
3210 3618 3335 3681 'qua:
3382 3614 3449 3668 ad
3491 3611 3663 3669 'varia

2009 3691 2260 3754 tempora
2310 3689 2588 3754 spectant.
2634 3684 2893 3738 Attamen
2937 3697 3086 3738 anno
3128 3683 3343 3739 Christi
3390 3681 3516 3753 810,
3562 3687 3663 3738 aut

2010 3755 2521 3839 summumpaucis
2544 3758 2670 3824 post
2690 3755 2878 3820 annis,
2904 3754 3660 3839 auctn‘rnﬂo‘ruissevid‘etnr,

249 3822 435 3898 hacde
454 3825 864 3898 reopusculum
884 3822 1898 3898 interejusOper'aoccurrit.Librum
1936 3822 1984 3883 C
2010 3827 2158 3898 quod
2190 3822 2472 3896 conjicere
2506 3822 2811 3896 possumus
2831 3840 2861 3880 e
2884 3838 3007 3894 cap.
3040 3823 3218 3898 453net
3237 3839 3306 3880 ex
3336 3825 3472 3898 aliis
3496 3822 3661 3898 locis.

246 3893 317 3948 de
349 3894 628 3965 Computo
670 3896 886 3952 Rabani
935 3893 1116 3953 Mauri
1161 3893 1348 3954 edidit
1384 3899 1654 3961 Baluzius
1690 3905 1826 3954 tom.
1871 3897 1893 3952 l

248 3965 588 4040 ﬁscellam,
616 3981 741 4040 pag.
774 3965 823 4022 4.
846 3971 908 4023 In
932 3967 1280 4025 bibliotheca
1307 3984 1534 4040 quoque
1563 3971 1901 4026 Cottoniana

247 4035 746 4110 Gildrermonachi
798 4047 1020 4095 exstare
1074 4041 1285 4096 librum
1324 4035 1458 4095 ‘ms.’
1487 4041 1558 4095 de
1603 4041 1898 4110 Computo,

248 4109 527 4181 capitulis
567 4108 638 4165 99
675 4115 1047 4179 constantem,
1089 4127 1156 4167 ex
1199 4112 1429 4167 Usserio
1470 4108 1806 4181 didicimus,
1841 4108 1907 4167 ut

251 4179 561 4254 niaximum
614 4183 976 4254 monachum,
1025 4185 1278 4238 Isaacum
1323 4182 1624 4254 Argyrum,
1675 4179 1906 4238 Duran—

250 4249 410 4325 dum,
453 4257 553 4306 aut
582 4251 731 4308 alios
774 4253 947 4308 etiam
966 4249 1145 4325 longe
1181 4249 1561 4325 antiquiores,
1597 4249 1718 4310 tum
1751 4254 1902 4325 apud

249 4319 651 4408 φφςρευηιυπι
683 4325 833 4408 apud
867 4319 1116 4408 Latinos,
1144 4319 1487 4408 praeteream,
1513 4325 1612 4408 qui
1636 4319 1908 4408 de_cy'clis

253 4393 625 4468 paschalibus
651 4400 754 4468 aut
777 4397 847 4452 de
865 4393 1316 4468 computo'egere
1349 4398 1407 4452 in
1433 4393 1614 4452 variis
1641 4393 1908 4467 epistolis

251 4467 427 4534 atque
469 4467 832 4522 tractatibus.

328 4535 589 4592 Proxime
616 4543 804 4593 autem
837 4539 1143 4608 praeteritis
1172 4538 1420 4608 saeculis,
1455 4537 1669 4608 quibus
1701 4538 1908 4593 litterae

254 4611 369 4660 tam
403 4621 673 4679 prospero
703 4623 973 4665 successu
1003 4610 1186 4666 excoli
1216 4616 1350 4666 sunt
1379 4614 1594 4679 coeptae,
1625 4615 1689 4665 ut
1715 4609 1910 4679 potius

251 4682 473 4751 veteres
514 4679 682 4736 nobis
715 4695 886 4751 quam
921 4694 1023 4736 nos
1055 4682 1345 4736 veteribus
1384 4681 1479 4734 hic
1513 4680 1766 4736 invidere
1791 4681 1908 4749 jam

249 4748 581 4819 debeamus,
613 4748 941 4807 Kalendarii
975 4753 1216 4808 scientia
1246 4751 1415 4806 anxie
1439 4751 1739 4806 admodum
1770 4748 1913 4805 eru—

251 4819 493 4890 diteque
541 4827 879 4893 pertractata
928 4823 1330 4879 celeberrimos
1371 4822 1530 4877 dedit
1579 4822 1906 4891 scriptores,

251 4905 405 4967 quos
438 4893 593 4948 nulla
622 4896 1020 4967 _non__miretur
1056 4899 1211 4967 tetas.
1233 4895 1316 4967 Et
1344 4893 1540 4967 adhuc
1561 4907 1676 4967 aevo
1715 4896 1910 4967 nostro

253 4960 536 5034 habemus
608 4964 932 5033 Cassi'num,
1010 4966 1434 5034 Blanchinium,
1515 4964 1906 5033 Bonjourium,

253 5031 633 5108 Manfredum,
647 5031 1090 5106 QuartinOnum,
1110 5038 1369 5108 aliosque
1383 5031 1716 5106 praestantes
1731 5035 1906 5103 viros,

254 5105 324 5160 in
357 5120 598 5175 quorum
631 5109 866 5178 scriptis
899 5105 1184 5178 renovata,
1217 5105 1397 5178 atque
1419 5107 1632 5178 agitata
1658 5111 1743 5160 est
1767 5119 1912 5160 con-

2010 3896 2132 3952 Non
2163 3898 2368 3952 dubito
2395 3904 2586 3953 autem
2631 3897 2771 3968 quin
2805 3903 3008 3966 praeter
3038 3896 3217 3952 multa
3248 3911 3372 3967 qua:
3405 3897 3462 3951 in
3495 3896 3666 3968 libris

2011 3969 2187 4035 Bedre,
2242 3968 2454 4022 Rabani
2497 3967 2861 4038 aliorumque
2903 3968 3143 4036 repetita
3181 3973 3512 4035 occurrunt,
3550 3967 3667 4022 alia

2013 4051 2240 4110 quoque
2290 4038 2402 4110 hic_
2433 4038 2752 4110 habeantur
2801 4053 2928 4110 qua:
2971 4038 3187 4094 frustra
3230 4039 3373 4093 alibi
3421 4039 3662 4108 quaeras,

2015 4107 2275 4180 quamvis
2303 4122 2336 4163 a
2377 4107 2544 4163 falsis
2571 4107 2949 4180 acrfabul'osis
2979 4123 3092 4165 non
3137 4123 3357 4180 semper
3386 4107 3663 4179 sejuncta.

2013 4179 2301 4249 Epistolas
2312 4180 2528 4234 Proteri
2540 4180 2577 4249 i,
2592 4179 2852 4251 Dionysii
2868 4180 3232 4250 aliorumque
3244 4179 3331 4237 0m
3343 4181 3439 4251 isi,
3455 4181 3668 4250 quippe

2017 4264 2050 4305 a
2081 4251 2380 4319 Bucherio,
2418 4254 2474 4304 et
2520 4250 2726 4320 partim
2765 4250 2935 4304 etiam
2969 4264 3000 4304 a
3032 4251 3242 4307 celebri
3285 4252 3513 4307 Petavio
3554 4265 3668 4319 pu—

2015 4321 2156 4376 blici
2208 4323 2362 4390 juris
2410 4319 2534 4390 jam’
2579 4319 2776 4375 factas.
2830 4320 3063 4376 Retinui
3126 4328 3310 4376 tamen
3368 4320 3663 4390 prologum

2017 4393 2177 4463 libri,
2213 4389 2424 4462 nempe
2461 4391 2988 4463 epistolamrsancti
3025 4391 3227 4461 Cyrilli
3267 4389 3661 4463 Alexandrini,

2058 4459 2407 4535 uan'quam‘a
2433 4464 2660 4519 Petavio
2697 4462 2906 4518 editam
2945 4459 3354 4535 inna'ppendice
3382 4461 3448 4515 ad
3487 4459 3666 4515 libros

2058 4480 2344 4535 uanquam
2376 4480 2407 4518 a
2435 4480 2660 4519 FCLaVIO
2697 4480 2906 4518 editam
2945 4480 3002 4516 ιη
3041 4480 3354 4531 appenalce
3382 4480 3448 4515 au
3487 4480 3666 4515 unros

2015 4480 2085 4591 ge
2143 4537 2331 4590 Doctr.
2392 4539 2732 4606 temporum,
2800 4538 2864 4589 ut
2919 4533 3226 4606 collatione
3293 4537 3667 4606 utrorumque

2016 4607 2448 4676 exemplarium,
2495 4601 2729 4660 mendis
2747 4605 3421 4676 scatentiumkconentur
3450 4601 3666 4676 eruditi

2019 4673 2203 4732 veram
2235 4677 2434 4748 Cyl-illi
2481 4683 2720 4748 mentem
2761 4676 3087 4748 expiscari._-
3105 4674 3242 4748 cum
3287 4673 3518 4748 prologo
3548 4673 3668 4748 sive

2020 4745 2525 4817 epistola‘laudata
2555 4747 2928 4817 conjungitur
2961 4747 3018 4817 in
3050 4745 3425 4817 Ambrosiano
3471 4745 3669 4800 codice

2021 4816 2399 4889 fragmentum
2436 4817 2594 4872 aliud
2629 4831 2756 4871 cum
2779 4816 2900 4889 hoc
2933 4816 3104 4872 titulo
3133 4834 3145 4870 :
3174 4818 3306 4889 Item
3334 4818 3476 4889 ratio
3501 4817 3666 4889 solis,

2019 4887 2295 4943 υεὶίηηεε
2337 4904 2549 4951 cursus,
2599 4892 2766 4955 atque
2807 4888 3048 4948 bissexti,
3097 4888 3246 4956 quod
3292 4887 3440 4956 apud
3500 4888 3668 4943 Peta—

2020 4961 2177 5016 vium
2230 4974 2340 5015 non
2387 4960 2616 5030 legitur,
2651 4963 2705 5013 et
2747 4964 2898 5013 certe
2939 4957 3153 5030 Cyrillo
3183 4958 3303 5014 sive
3331 4957 3526 5014 Graeco
3561 4959 3670 5030 ho-

2024 5029 2172 5111 mini
2226 5028 2598 5111 tribuendum
2669 5041 3025 5111 nequaquam
3074 5029 3343 5111 nvidetur,
3405 5028 3671 5111 quamvis

2023 5103 2358 5159 continuato
2410 5101 2558 5170 ston
2619 5101 2810 5155 omnia
2865 5105 3165 5157 nectantur
3211 5103 3270 5157 in
3321 5103 3512 5158 eodem
3566 5111 3670 5152 co—

251 5171 538 5234 troversia
568 5179 642 5251 de
667 5171 1022 5235 correctione
1059 5171 1429 5251 Gregoriana.
1457 5171 1583 5251 Non
1620 5177 1907 5251 ingratum
1938 5177 1991 5237 D
2021 5175 2149 5251 dice
2181 5173 2578 5251 Ambrosiano.
2613 5171 2716 5227 Sed
2759 5171 2912 5227 ultra
2948 5172 3205 5230 detinere
3251 5174 3513 5229 lectorem
3555 5181 3665 5221 non

251 5261 393 5321 vero
434 5250 684 5307 eruditis
722 5251 881 5307 hisce
924 5247 1192 5321 aliisque'
1218 5248 1546 5321 Kalendarii
1584 5247 1912 5321 cultoribus

252 5319 547 5376 facturum
581 5335 666 5376 me
692 5326 850 5395 puto,
884 5323 932 5378 si
967 5327 1023 5378 et
1045 5318 1197 5378 hunc
1229 5320 1440 5376 librum
1471 5318 1748 5389 evulgem,
1782 5331 1910 5372 cum

2024 5245 2225 5315 placet.
