2023 3091
162 135 231 165 4279

196 198 231 227 54
249 200 288 228 De
307 197 574 234 supputationibus.

196 234 231 263 55
250 237 288 263 De
304 233 427 263 termino
447 233 583 269 paschali.

196 269 232 299 56
250 272 289 299 De
304 270 487 299 hebdomade.

197 304 232 334 57
253 309 319 335 Item
335 307 370 334 de
386 305 567 333 hebdomade.

197 341 233 369 58
252 344 319 371 Item
335 342 370 370 de
387 340 542 369 mensibus.

198 376 233 405 59
253 380 319 406 Item
335 378 369 405 de
385 383 487 405 mense.

198 412 233 440 60
253 415 319 442 Item
335 413 370 440 de
386 411 542 440 mensibus.

198 447 229 476 64
254 451 319 477 Item
336 449 371 475 de
387 454 481 476 mense
497 451 524 474 et
539 446 613 474 lunae
629 445 818 481 longitudine.

199 483 234 511 62
252 486 290 512 De
305 484 452 512 mensibus
466 485 494 510 et
511 481 735 518 interrogatione
751 481 834 518 lunae:

199 518 234 547 63
254 522 321 548 Item
345 520 380 547 de
402 518 558 554 mensibus,
580 521 607 545 et
622 514 699 552 quot
722 516 806 544 horas
828 514 933 543 habent
956 514 985 542 in

163 554 212 582 die
224 558 252 583 et
265 559 354 584 nocte.

199 589 234 618 64
254 593 320 619 Item
333 590 368 617 de
384 589 539 617 mensibus.

199 625 234 654 65
253 627 290 654 lie
307 627 412 660 puncto
428 625 512 653 lunae.

198 660 233 689 66
252 663 292 689 De
307 659 424 688 numero
437 660 510 695 apud
526 659 666 687 Hebraeos.

199 695 234 724 67
252 698 291 724 De
305 697 390 724 annis
404 695 595 724 naturalibus.

199 731 235 760 68
253 734 292 760 De
308 732 441 759 incendio
456 732 540 759 lunae.

200 766 235 795 69
254 769 292 795 De
307 768 354 795 die
369 767 441 795 solis
453 766 584 795 orientis.

198 801 234 831 70
254 805 292 831 De
307 803 362 831 die.

199 836 231 865 74
254 840 293 866 De
309 840 399 865 nocte.

199 871 236 907 72
254 875 293 901 De
309 872 342 900 44
358 873 425 900 luna
439 872 578 907 paschali.

200 906 236 943 73
255 910 323 937 Item
339 909 374 937 de
392 907 425 935 44
440 906 513 936 luna
534 909 621 943 quota
637 906 710 934 feria
725 906 773 934 sit.

199 941 237 978 74
256 946 324 972 Item
340 945 375 972 de
391 944 514 971 termino
528 941 666 978 paschali.

199 977 236 1014 75
254 981 293 1008 De
308 980 356 1007 die
371 977 536 1014 septimanae
551 980 656 1014 quotus
671 977 719 1005 sit.

200 1012 236 1043 '76
254 1017 293 1043 De
309 1015 376 1042 luna
393 1012 422 1042 in
439 1015 500 1042 Kal.
516 1012 577 1042 Jan.

200 1048 236 1085 77
254 1052 293 1078 De
308 1051 393 1078 annis
407 1057 423 1078 a
437 1050 581 1085 principio
597 1048 706 1076 mundi.

200 1084 237 1121 78
256 1088 324 1114 Item
339 1087 375 1114 de
390 1083 475 1114 annis
490 1093 505 1114 a
520 1083 791 1121 p'rincipioimundi.

201 1119 238 1160 79
256 1123 295 1160 De
308 1122 394 1160 annis
408 1119 572 1160 ab_ori_g'ine
592 1120 702 1160 mundi.
737 1154 756 1160 υ

202 1156 237 1186 80
257 1159 324 1185 Item
338 1158 373 1185 de
385 1157 470 1185 annis
482 1154 521 1184 ab
530 1156 645 1191 origine
659 1154 769 1183 mundi.

202 1192 237 1233 §4
256 1195 295 1233 l_)e
316 1193 416 1233 mundi
434 1192 587 1233 principio2

202 1228 238 1257 82
257 1230 324 1256 Item
336 1229 371 1256 de
382 1226 480 1256 mundi
497 1226 652 1263 principio.

202 1263 238 1292 83
257 1265 296 1292 De
310 1264 394 1292 annis
407 1264 442 1291 ab
456 1263 662 1291 Incarnatione.

202 1299 238 1327 84
259 1301 297 1327 De
313 1300 379 1327 luna
394 1299 480 1334 primi
496 1299 609 1326 mensis.

203 1335 239 1371 85
258 1336 295 1362 De
311 1332 437 1362 bisseito
451 1342 499 1371 per
513 1334 624 1369 cyclum
637 1332 769 1371 solarem.
834 1368 839 1371 Δ
906 1365 925 1371 υ

203 1369 239 1398 86
258 1371 431 1405 Argumenta
446 1366 480 1397 de
495 1366 734 1405 concurrentibus
750 1366 952 1405 monstrandis.

203 1405 238 1433 87
258 1402 385 1433 De‘anno
400 1405 542 1432 bissextili
559 1404 595 1431 ab
610 1403 722 1438 origine
738 1402 847 1430 mundi.

204 1441 240 1468 88
258 1442 297 1468 De
312 1440 551 1467 concurrentibus
572 1438 775 1466 monstrandis.

203 1476 239 1504 89
258 1477 296 1503 De
310 1475 506 1503 divisionibus
519 1477 687 1509 temporum.

204 1511 239 1539 90
259 1512 296 1538 De
311 1511 416 1538 atomis
430 1511 458 1538 in
474 1511 565 1545 primo
581 1511 731 1537 momento.

205 1546 236 1575 94
259 1546 298 1573 De
314 1546 394 1574 horis
411 1547 439 1573 in
454 1553 529 1574 anno
543 1548 613 1581 quot
626 1545 694 1572 sint.

205 1582 241 1610 92
262 1584 326 1609 [tem
342 1582 377 1609 de
394 1582 472 1609 horis
484 1584 512 1609 et
529 1581 679 1609 momentis
692 1581 722 1608 in
735 1586 818 1608 anno.

205 1617 240 1646 93
260 1619 299 1645 De
314 1618 431 1651 punctis
447 1617 476 1644 in
492 1624 581 1645 anno.

205 1652 240 1681 94
260 1654 298 1680 De
314 1653 440 1680 minutis
454 1653 483 1680 in
497 1659 582 1680 anno.

206 1688 241 1717 95
259 1689 298 1716 De
314 1689 465 1716 momentis
482 1688 511 1715 in
526 1695 609 1715 anno.

206 1724 242 1752 96
261 1725 329 1751 Item
345 1724 380 1751 de
396 1724 556 1751 momentis.

206 1758 241 1787 97
260 1760 299 1786 De
315 1760 484 1794 quadrante.

206 1795 243 1823 98
260 1795 299 1822 De
314 1795 484 1829 septimanis
501 1795 529 1821 in
545 1800 630 1822 anno.

207 1830 242 1858 99
261 1830 300 1857 De
314 1830 556 1857 concurrentibus
569 1830 640 1857 solis
653 1836 702 1864 per
718 1831 808 1856 totum
824 1835 940 1856 annum.

192 1865 242 1894 400
261 1866 299 1892 De
316 1865 447 1900 partibus
466 1865 618 1893 lunaribus
633 1865 662 1892 in
681 1872 709 1891 x1
724 1864 785 1891 Kal.
802 1864 870 1899 Apr.

191 1900 238 1929 404
261 1902 300 1928 De
314 1900 556 1928 concurrentibus
571 1900 774 1928 monstrandis.

192 1936 243 1964 402
262 1937 329 1963 Item
348 1936 383 1963 de
403 1936 651 1963 concurrentibus.

193 1971 243 1999 403
262 1972 301 1997 De
316 1970 387 1998 feria
407 1971 434 1997 in
451 1971 512 1997 Kal.
527 1972 589 1998 Jan.

193 2005 243 2035 404
262 2007 301 2033 De
315 2006 393 2041 cyclo
409 2006 495 2034 solari
510 2008 538 2034 et
551 2005 658 2033 lunari.

599 134 745 164 APPEND.
767 133 813 163 AD
832 132 913 162 SEO.
934 132 972 162 1X
990 147 1027 155 —
1049 131 1227 162 AUCTORES
1246 130 1415 159 ANONYMI.

999 192 1028 223 A
1059 192 1111 229 405
1129 195 1169 222 De
1183 194 1338 229 principiis
1348 192 1364 221 4
1376 195 1545 228 temporum.

1797 122 1867 152 mo

1059 228 1110 265 406
1128 231 1167 258 De
1181 228 1270 265 cyclis
1281 228 1355 257 solis
1368 231 1395 256 et
1409 229 1492 265 lunae.

1059 263 1110 293 407
1129 266 1168 294 Ad
1185 262 1205 293 e'
1220 269 1298 294 actas
1314 265 1385 293 solis
1401 265 1429 291 in
1447 262 1480 291 42
1495 262 1650 290 mensibus.

1059 300 1110 329 408
1129 302 1168 329 De
1183 274 1321 329 44’siznis
1336 300 1412 329 cmli.
1428 298 1545 328 siderali
1562 297 1650 325 circul

1129 302 1168 329 De

1059 335 1110 372 409
1129 338 1168 365 De
1182 333 1279 365 causi's
1294 333 1531 372 quibus'nomina
1544 333 1701 368 accipiunt.

1059 371 1110 399 440
1128 373 1167 400 De
1182 380 1269 401 cursu
1282 371 1354 400 solis
1366 374 1394 399 et
1410 371 1494 399 lunae.

1059 406 1106 442 444
1128 408 1167 435 De
1182 415 1269 436 cursu
1282 408 1354 435 solis
1368 414 1416 442 per
1432 405 1465 434 42
1477 406 1569 442 signa.

1059 441 1110 470 442
1128 444 1167 471 De
1182 446 1286 472 sentem
1301 440 1446 471 sideribus
1456 440 1629 469 errantibus.

1060 477 1110 507 443
1129 480 1167 507 De
1182 477 1332 507 velocitate
1344 486 1447 506 cursus
1463 477 1548 505 lunaa.

1060 513 1110 542 444
1129 516 1168 543 De
1183 522 1302 543 ascensu
1317 514 1388 542 solis
1400 516 1428 541 et
1437 514 1585 542 descensu.

1060 548 1111 578 445
1130 551 1168 579 De
1182 550 1341 585 eclipsibus
1356 550 1427 577 solis
1441 551 1470 576 et
1485 548 1569 585 lunae.

1060 585 1111 613 446
1130 587 1169 614 De
1183 584 1272 614 variis
1285 585 1452 613 nominibus
1464 584 1545 611 solis.

1061 619 1112 657 447
1131 622 1303 657 Argumenta
1315 622 1350 649 de
1366 621 1452 657 initio
1464 617 1703 654 Quadragesimaa.

1061 655 1112 692 448
1131 655 1263 692 ῡθ“ογειο
1278 663 1379 692 magno
1396 655 1429 683 49
1445 656 1588 683 Iunarum.

1061 691 1112 720 449
1131 693 1169 720 De
1184 691 1302 720 numero
1318 691 1473 727 c’yclorum.

1062 727 1112 763 420
1134 730 1199 755 Item
1213 730 1247 755 de
1261 729 1338 763 cyclo
1356 727 1385 754 l9
1399 728 1542 763 Iunarum2

1061 762 1108 790 424
1132 764 1263 791 Prmlatio
1277 761 1367 791 sancti
1383 762 1487 790 Felicis
1499 761 1621 788 abbatis.

1061 797 1112 834 422
1132 800 1235 834 Incipit
1250 800 1383 834 prologns
1397 798 1488 826 sancti
1503 796 1614 832 Cyrilli.

1062 832 1112 861 423
1132 836 1168 861 De
1184 832 1344 862 concordia
1352 834 1501 861 mensium.

1062 868 1112 897 424
1132 872 1169 897 De
1184 871 1261 905 cyclo
1277 870 1343 897 libri
1362 871 1559 897 Romanorum.

1062 904 1113 933 425
1132 907 1169 932 De
1185 910 1265 933 :rtate
1283 907 1365 933 llllliﬁ‘.

1062 939 1112 968 426
1133 943 1198 968 item
1215 942 1249 968 de
1264 942 1337 969 lunm
1353 947 1450 968 cursu.

1228 301 1321 337 signis
1336 300 1412 335 εαξη,
1428 298 1545 337 siderali
1562 297 1683 337 circulo.

1062 975 1112 1004 427
1133 978 1258 1011 Epistolu
1272 978 1305 1004 de
1320 977 1429 1004 ratione
1443 973 1543 1003 Iunae4
1560 974 1638 1003 anni.

1062 1010 1113 1040 428
1133 1010 1199 1039 Item
1214 1013 1247 1040 de
1261 1012 1277 1039 2
1290 1020 1363 1039 anno
1377 1011 1563 1039 embolimaeo.

1061 1047 1113 1075 429
1131 1049 1169 1075 De
1182 1049 1198 1075 3
1210 1056 1283 1076 anno
1297 1048 1482 1075 embolimaao.

1062 1082 1113 1111 430
1133 1085 1200 1112 Item
1215 1082 1274 1111 de4
1291 1090 1365 1111 anno
1378 1082 1564 1111 embolimaao.
1581 1081 1653 1109 End.

1063 1118 1110 1147 434
1133 1121 1201 1147 Item
1217 1119 1252 1147 de
1265 1118 1283 1147 2
1298 1125 1372 1147 anno
1387 1118 1573 1146 embolimaeo.

1063 1153 1114 1182 432
1133 1156 1201 1183 Item
1216 1155 1251 1182 de
1266 1154 1283 1183 3
1297 1161 1371 1182 anno
1386 1154 1573 1182 embolimazo.

1064 1189 1115 1218 433
1134 1192 1202 1218 Item
1217 1191 1251 1218 de
1267 1189 1283 1218 4
1297 1197 1372 1218 anno
1387 1190 1573 1218 embolimaeo.

1065 1224 1116 1254 434
1135 1227 1173 1254 De
1187 1233 1274 1254 cursu
1291 1226 1366 1253 lunae
1379 1232 1428 1260 per
1444 1224 1476 1252 42
1489 1225 1580 1260 signa.

1066 1260 1116 1289 435
1135 1263 1173 1290 De
1187 1269 1275 1290 cursu
1291 1262 1362 1289 solis
1378 1268 1427 1296 per
1442 1260 1474 1288 42
1489 1260 1580 1296 signa.

1066 1296 1116 1332 436
1135 1299 1173 1325 De
1188 1298 1256 1325 luna
1273 1304 1322 1332 per
1338 1295 1476 1332 42'signa.

1066 1331 1116 1360 437
1136 1334 1174 1361 De
1190 1331 1358 1361 saltu'lunae
1372 1340 1421 1367 per
1436 1331 1468 1359 49
1481 1338 1583 1360 annos.

1067 1367 1118 1403 438
1137 1369 1175 1396 De
1190 1369 1312 1396 ﬂexibus
1327 1369 1496 1403 digitorum.

1067 1402 1118 1431 139
1137 1405 1175 1431 De
1190 1404 1301 1431 ratione
1317 1402 1453 1438 paschali.

1068 1438 1118 1474 440
1138 1439 1265 1474 Epistola
1278 1439 1378 1474 Cyrilli
1395 1438 1532 1473 episcopi.

1069 1473 1115 1510 444
1139 1475 1265 1510 Epistola
1281 1473 1447 1502 Paschasini
1462 1473 1601 1509 episcopi.

1068 1508 1119 1537 442
1137 1508 1175 1538 De
1191 1510 1357 1538 nominibus
1371 1508 1528 1537 stellarum.

1136 1546 1262 1586 Epistola
1274 1546 1404 1586 Dionysii
1419 1546 1532 1586 Egtigui.

1067 1579 1118 1616 444
1136 1579 1264 1616 Epistola
1278 1579 1370 1609 sancti
1383 1579 1494 1616 Cyrilli.

1068 1615 1119 1644 445
1138 1617 1265 1651 Epistula
1281 1617 1372 1644 sancti
1389 1615 1522 1644 Proterii.

1068 1651 1119 1687 446
1138 1652 1265 1687 Epistola
1281 1652 1402 1680 Moriani
1419 1651 1557 1687 episcopi.

1069 1686 1119 1715 447
1139 1686 1270 1715 Prmfatio
1288 1688 1420 1715 Patronio
1436 1688 1579 1722 episcopo.

1069 1722 1120 1758 448
1138 1724 1177 1751 De
1195 1723 1293 1751 mundi
1309 1723 1463 1758 principio.

1069 1757 1120 1794 449
1140 1759 1266 1794 Epistola
1283 1765 1361 1793 papa:
1377 1759 1486 1786 Leonis.

1069 1793 1120 1821 450
1139 1795 1177 1821 De
1192 1794 1298 1821 Pascha
1313 1796 1417 1821 autem.

1069 1828 1116 1857 454
1139 1831 1178 1857 De
1193 1829 1308 1857 nomine
1322 1830 1472 1857 mensium.

1070 1864 1122 1900 452
1141 1866 1179 1892 De
1195 1865 1379 1900 regularibus
1394 1865 1479 1893 annis
1492 1864 1606 1892 Domini
1620 1866 1648 1892 et
1666 1863 1840 1900 indictione.

1072 1899 1123 1935 453
1141 1901 1180 1928 De
1196 1899 1373 1935 argumentis
1393 1900 1427 1928 ad
1445 1900 1670 1928 lncarnationem
1685 1899 1808 1927 Christi.

1071 1934 1122 1963 454
1141 1936 1179 1963 De
1194 1934 1273 1970 cyclo
1289 1936 1493 1964 decemnovali.

1070 1970 1122 1999 455
1140 1971 1179 1998 De
1194 1971 1335 2006 partibus.

1072 2005 1123 2034 456
1142 2005 1210 2034 Item
1225 2007 1260 2034 de
1275 2007 1353 2042 cyclo
1367 2006 1577 2035 decemnovalis
1592 2005 1733 2034 Paschali.

726 2086 886 2121 Empliciunt
907 2087 1029 2121 capitula
1049 2087 1114 2114 libri
1135 2086 1167 2114 de
1187 2086 1325 2122 Computa.

209 2165 238 2193 Si
253 2165 297 2192 vis
311 2165 385 2193 scire
402 2165 479 2193 omni
493 2165 541 2193 die
555 2165 687 2194 datarum
706 2167 790 2200 quota
804 2164 875 2192 feria
893 2171 997 2193 evene—
1015 2164 1040 2194 D
1054 2165 1102 2192 Ad
1124 2167 1222 2200 feriam
1240 2166 1433 2193 inveniendam
1452 2167 1530 2193 Febr.
1548 2167 1577 2193 in
1600 2166 1664 2193 Kal.
1688 2172 1771 2193 χχχιι
1796 2173 1886 2200 usque

175 2209 224 2244 rit,
250 2212 383 2245 computa
407 2212 476 2246 quot
502 2211 565 2239 dies
591 2210 626 2238 de
651 2210 701 2238 illo
729 2216 824 2237 mense
850 2209 946 2243 habes,
971 2212 999 2237 et

175 2254 312 2283 subtrahe
333 2256 410 2283 diem
438 2255 639 2283 Kalendarum.
668 2254 775 2281 Memor
800 2256 870 2289 esto,
897 2254 995 2288 lector,

175 2302 289 2334 quotam
305 2299 405 2328 feriam
420 2300 555 2327 habueris
573 2299 601 2326 in
616 2298 763 2333 Kalendis,
780 2298 851 2326 adde
864 2299 943 2326 illam
955 2298 1000 2326 fe—

176 2343 247 2371 riam
267 2345 302 2372 ad
324 2344 390 2372 illos
410 2344 473 2371 dies
495 2343 631 2378 superius
654 2345 834 2378 memoratos,
850 2345 878 2371 et
894 2342 999 2377 partire

176 2395 225 2423 per
245 2388 262 2415 7
285 2391 403 2423 partem,
427 2391 455 2415 et
478 2387 621 2423 quidquid
647 2388 826 2422 remanserit,
850 2390 908 2415 tota
929 2387 1000 2415 feria

175 2433 240 2460 erit.
259 2432 289 2459 Si
308 2432 382 2459 nihil
396 2432 575 2462 remanserit.
589 2430 606 2459 7
622 2431 693 2459 feria
707 2432 772 2459 erit.

210 2476 239 2504 Si
254 2476 298 2503 vis
313 2476 388 2503 scire
400 2476 477 2503 omni
493 2476 541 2504 die
553 2476 695 2510 datarum,
711 2478 799 2511 quota
816 2476 883 2504 luna
900 2475 998 2511 fuerit,

177 2522 308 2554 computa
325 2522 394 2555 quot
408 2521 470 2548 dies
485 2521 520 2548 de
541 2520 592 2549 illo
614 2527 708 2548 mense
724 2520 839 2548 habeas.
861 2520 1001 2548 Subtrahe

176 2565 251 2592 diem
265 2564 382 2592 Kalend.
397 2565 504 2593 Memor
516 2568 587 2599 esto,
600 2565 698 2600 lector,
713 2567 828 2600 quotam
844 2565 942 2593 lunam
956 2565 1002 2592 ba~

176 2609 274 2637 bueris
289 2609 317 2637 in
329 2609 403 2643 Kal.,
417 2609 489 2636 adde
503 2610 580 2637 illam
596 2610 692 2637 lunam
706 2609 740 2636 ad
759 2609 825 2637 illos
837 2609 902 2637 dies
913 2616 1002 2644 supe—

177 2654 240 2682 rius
259 2657 437 2687 memoratos,
454 2656 482 2681 et
496 2654 602 2688 partire
617 2661 666 2688 per
683 2653 717 2681 30
738 2655 856 2689 partem,
872 2657 899 2681 et
913 2654 1003 2689 quid—

177 2699 246 2734 quid
260 2699 439 2734 remanserit,
452 2700 510 2726 tota
525 2698 593 2726 luna
606 2698 671 2734 erit,
688 2701 716 2726 et
726 2699 750 2726 si
765 2699 806 2726 nil
821 2699 1002 2733 remanserit,

177 2742 211 2771 30
221 2744 277 2771 erit
288 2744 365 2772 luna.
376 2743 518 2771 Similiter
528 2742 576 2778 qui
588 2741 623 2769 29
633 2743 729 2770 lunam
742 2742 885 2779 habuerit,
895 2743 1002 2778 partire

178 2795 227 2823 per
240 2787 275 2815 29
291 2791 409 2823 partem.
423 2787 571 2824 Quidquid
586 2787 765 2822 remanserit,
781 2789 840 2815 tota
853 2788 922 2816 luna
935 2788 999 2816 erit.

177 2832 206 2859 Si
224 2832 299 2860 nihil
319 2833 496 2868 remanserit,
510 2832 545 2860 29
564 2832 632 2860 luna
650 2832 715 2860 erit.

1398 2203 1427 2228 in
1442 2204 1531 2237 ﬁnem.

1089 2254 1118 2282 Si
1143 2255 1187 2282 vis
1209 2254 1284 2282 scire
1314 2255 1366 2282 hoc
1389 2255 1432 2282 vel
1461 2255 1512 2283 illo
1540 2255 1588 2283 die
1615 2258 1702 2290 quota
1729 2255 1769 2283 sit
1798 2254 1885 2282 feria.

1054 2302 1187 2334 computa
1211 2299 1274 2327 dies
1297 2306 1313 2327 a
1341 2299 1403 2327 Kal.
1419 2300 1479 2327 Jan.
1507 2307 1598 2335 usque
1619 2300 1648 2327 in
1671 2300 1746 2327 diem
1770 2300 1806 2327 de
1827 2306 1887 2334 quo

1056 2344 1195 2379 inquiris,
1219 2346 1247 2372 et
1269 2351 1333 2372 cum
1360 2344 1483 2380 noveris,
1509 2345 1581 2372 adde
1606 2343 1706 2372 feriam
1732 2351 1798 2379 quae
1827 2344 1887 2372 fuit

1054 2388 1102 2415 die
1127 2387 1189 2416 Kal.
1211 2389 1285 2424 Jan.,
1310 2390 1338 2416 et
1361 2389 1386 2416 si
1416 2388 1576 2416 bissextilis
1599 2395 1693 2416 annus
1715 2391 1769 2420 est.
1795 2389 1885 2416 etiam

1055 2431 1175 2459 bissexti
1198 2432 1284 2460 diem.
1309 2432 1420 2460 Partire
1445 2432 1542 2460 omnia
1565 2439 1614 2467 per
1634 2430 1662 2466 7,
1687 2434 1715 2459 et
1739 2435 1813 2467 quot
1838 2439 1887 2460 re—

1056 2478 1171 2504 manent
1190 2476 1263 2507 dies,
1286 2477 1358 2504 adde
1377 2476 1554 2511 septimanae,
1572 2477 1749 2512 ubicumque
1765 2477 1885 2512 quaaris,

1055 2521 1182 2549 ostendit
1205 2520 1258 2548 350
1277 2520 1311 2549 50
1332 2524 1437 2556 septem
1454 2521 1543 2549 vicies
1568 2521 1756 2556 multiplicati
1773 2520 1886 2549 faciunt

1056 2564 1108 2593 350
1123 2572 1214 2600 usque
1232 2566 1261 2593 in
1278 2565 1372 2592 ﬁnem.

1259 2610 1297 2637 De
1311 2612 1394 2644 quota
1409 2610 1476 2636 luna
1491 2611 1522 2636 in
1536 2610 1599 2637 Kal.
1613 2610 1676 2636 Jan.

1091 2654 1120 2682 Si
1136 2654 1180 2681 vis
1196 2653 1270 2681 scire
1286 2654 1349 2690 hoc,
1368 2654 1409 2682 vel
1427 2654 1511 2689 illud,
1533 2657 1621 2690 quota
1641 2654 1681 2681 sit
1699 2653 1779 2688 luna,
1803 2661 1887 2681 com—

1058 2701 1125 2734 puta
1146 2698 1221 2726 diem
1244 2705 1260 2726 a
1275 2698 1337 2726 Kal.
1353 2699 1414 2726 Jan.
1439 2706 1530 2734 usque
1554 2699 1583 2726 in
1606 2699 1681 2726 diem
1696 2698 1732 2726 de
1752 2705 1810 2734 quo
1836 2699 1887 2726 in-

1057 2743 1163 2779 quiris,
1190 2745 1218 2771 et
1243 2750 1307 2771 cum
1335 2743 1447 2778 scieris,
1476 2743 1548 2771 adde
1578 2745 1689 2771 aetatem
1717 2743 1793 2770 lunae
1822 2750 1887 2778 qua:

1057 2787 1114 2816 fuit
1142 2787 1171 2814 in
1202 2787 1263 2814 Kal.
1292 2787 1353 2814 Jan.
1386 2788 1496 2815 Partire
1519 2788 1616 2816 omnia
1647 2795 1696 2823 per
1720 2786 1767 2815 58.
1797 2787 1833 2814 Et
1858 2787 1884 2814 si

1057 2831 1182 2867 amplius
1202 2830 1237 2859 30
1259 2832 1458 2868 remanserint,
1484 2832 1553 2860 tolle
1575 2830 1610 2860 30
1635 2834 1664 2859 et
1685 2832 1761 2867 quod
1787 2838 1886 2867 super-
