4046 6182
3721 273 3859 333 1284

2118 398 2356 458 ARatio
2395 402 2634 471 qualiter
2677 400 2971 455 secundum
3018 400 3240 455 Latinos
3288 401 3374 455 vel
3417 401 3637 457 Gracos
3679 419 3853 472 argu-

2306 479 2486 527 menta
2508 473 2798 543 paschalia
2832 476 2975 526 recto
3019 475 3235 527 tramite
3261 475 3508 528 invenire
3532 475 3755 529 debeas.

2270 580 2358 634 VI.
2410 579 2598 635 Latini
2634 591 2877 649 namque
2901 592 2932 634 a
2964 595 3027 633 ιιι
3062 581 3206 635 Non.
3257 581 3419 636 Mart.
3475 595 3666 652 usque
3717 583 3775 637 in
3803 598 3854 636 Iv

2199 666 2341 722 Non.
2373 666 2532 739 Apr.,
2556 667 2762 723 diebus
2787 667 3012 723 scilicet
3039 665 3128 738 29,
3160 668 3580 725 observandum
3609 670 3850 726 maxime

2199 761 2566 826 censuerunt,
2593 760 2656 811 ut
2682 768 3046 825 quocumque
3076 770 3273 812 eorum
3299 757 3395 812 die
3417 757 3556 812 luna
3588 763 3721 814 nata
3750 756 3855 814 fue-

2199 843 2294 912 rit,
2328 841 2537 900 et‘ﬁciat
2568 843 2740 914 primi
2776 843 2988 900 mensis
3023 844 3281 914 initium,
3306 846 3475 914 cujus
3508 845 3651 901 luna
3697 843 3781 915 14,
3805 847 3854 902 si

2196 932 2359 988 Feria
2397 932 2431 988 6
2479 932 2822 1003 provenerit,
2861 932 3237 1004 subsequenti
3285 934 3616 1005 Dominica,
3667 935 3722 990 id
3775 942 3857 992 est

2197 1019 2334 1076 luna
2384 1017 2468 1085 l6,
2523 1020 2893 1077 festivitatem
2925 1021 3245 1093 paschalem
3292 1023 3420 1078 sine
3470 1023 3858 1095 ambiguitate

2197 1109 2512 1165 celebrabis
2541 1107 2632 1165 14.
2672 1112 2846 1168 Porro
2877 1111 3014 1168 luna
3048 1112 3260 1168 mensis
3282 1113 3536 1182 ejusdem
3560 1127 3596 1168 a
3625 1126 3707 1168 xv
3731 1113 3853 1169 Kal.

2197 1198 2358 1270 Apr.,
2410 1213 2591 1270 usque
2654 1199 2712 1256 in
2766 1217 2858 1256 xvx
2905 1199 3026 1256 Kal.
3079 1201 3210 1256 Mai.
3263 1202 3333 1257 ad
3390 1200 3494 1266 fer,
3547 1215 3678 1258 esse
3735 1217 3857 1259 ser—

2199 1287 2431 1343 vandas.

446 272 583 334 4283
1335 276 1628 334 APPEND.
1668 275 1761 332 AD
1797 274 1962 333 SEC.
1998 273 2078 332 IX
2107 301 2181 316 —
2215 272 2569 331 AUCTORES
2606 271 2944 330 ANONYMI.

712 406 916 474 Incipit
949 406 1146 459 iterum
1179 404 1244 459 de
1287 406 1514 459 termino
1546 405 1818 474 paschali.

511 494 656 548 Non.
717 493 850 563 Apr.
906 498 1118 550 norunt
1163 494 1326 564 quin.
1373 508 1426 548 v.
1613 507 1738 548 vui.
1788 492 1910 547 Kal.
1961 490 2093 546 inde

446 587 716 652 promunt
741 597 780 638 ι.
966 582 1043 638 Id.
1069 589 1204 652 Apr.
1235 584 1404 639 etiam
1437 583 1624 639 sexies
1653 596 1736 640 vr.
1919 582 2092 636 Nona

439 674 730 740 quaterna
777 684 1020 741 namque
1067 671 1346 741 dipondio
1385 685 1445 725 ιι.
1669 673 1802 726 Item
1853 669 2091 726 undena

439 757 703 814 ambiunt
726 760 887 830 quin.
916 773 971 814 v.
1157 773 1232 815 Iv.
1264 759 1344 814 Id.
1377 759 1616 830 capiunt
1637 765 1828 815 ternos
1859 773 1942 814 ιιι.

435 846 629 902 Terna
652 847 777 902 Kal.
807 848 1048 904 titulant
1079 860 1227 904 sena
1258 861 1338 903 v1.
1556 847 1971 917 Quatuordena
1997 860 2092 901 cu-

436 935 571 992 bant
593 935 652 992 in
681 937 850 1008 quad.
881 951 959 992 1v.
1005 937 1146 1009 Ogd.
1329 938 1586 1008 Septena
1617 938 1697 993 Id.
1736 950 1838 992 vn.
1873 936 2089 1007 eligent

434 1036 536 1082 vn.
756 1027 933 1082 Feria
970 1025 1092 1080 Kal.
1147 1025 1476 1083 sortiuntur
1530 1030 1723 1082 ternos
1771 1038 1866 1080 ιιι.

435 1115 599 1171 Dena
630 1119 873 1184 septena
916 1115 1055 1171 dant
1103 1129 1215 1171 ass.
1254 1129 1290 1170 ι.
1517 1115 1707 1171 Pridie
1739 1117 1883 1170 Non.
1921 1126 2088 1184 porro

435 1204 731 1273 quaternis
752 1217 830 1258 1v.
1123 1206 1362 1260 Novena
1393 1203 1518 1260 Kal.
1545 1209 1820 1261 notantur
1845 1214 2090 1272 namque

433 1293 686 1362 septenis
713 1306 815 1348 vu.
1036 1293 1230 1348 Pridie
1260 1294 1340 1348 Id.
1377 1294 1652 1364 panditur
1681 1293 1842 1364 quin.
1889 1305 1943 1346 v.

434 1381 554 1436 Kal.
579 1382 713 1452 Apr.
758 1396 908 1438 unus
930 1383 1278 1453 exprimitur
1315 1397 1352 1438 ι.
1538 1383 1820 1439 Duodena
1843 1392 2088 1450 namque

430 1470 593 1527 docte
626 1472 926 1542 quaternis
951 1485 1026 1526 1v.
1213 1472 1466 1541 Septena
1494 1471 1687 1542 quina
1713 1475 1944 1540 sperant
1970 1469 2084 1525 duo

431 1574 493 1616 ιι.
712 1561 1016 1630 Quartana
1049 1560 1178 1616 Kal.
1231 1561 1432 1630 Quina
1465 1561 1788 1630 conjiciunt
1812 1573 1866 1613 v.

2695 1379 2827 1432 Item
2854 1377 3002 1447 quod
3049 1381 3235 1432 verius
3269 1383 3364 1433 est.
3663 1447 3667 1452 _

2268 1465 2380 1519 VII.
2430 1465 2635 1522 Sancta
2684 1467 2936 1537 synodus
2979 1464 3086 1522 318
3136 1467 3493 1538 pontiﬁcum,
3542 1470 3650 1540 qui
3708 1473 3856 1541 apud

2193 1551 2438 1608 Nicaam
2461 1554 2749 1610 civitatem
2778 1555 3478 1628 Bythiniaconvenerunt,
3509 1558 3858 1615 inlustrante

427 1648 738 1718 Quindena
769 1654 1035 1706 constant
1067 1649 1257 1706 tribus
1301 1651 1518 1720 adepta
1540 1663 1625 1704 ιιι.
1653 1650 1795 1704 End.
2191 1641 2417 1711 Spiritu
2477 1651 2695 1714 sancto,
2745 1643 2987 1699 ﬁrmiter
3017 1651 3348 1716 sanxerunt,
3411 1653 3477 1701 ut
3505 1647 3583 1701 ab
3634 1664 3740 1702 VIII
3776 1647 3852 1704 Id.

853 1741 1056 1809 Incipit
1104 1741 1367 1794 terminus
1413 1739 1489 1793 ad
1516 1741 1650 1806 Rog,
2114 1795 2164 1809 ﬁ
2197 1731 2358 1800 Mari,
2391 1745 2572 1802 usque
2605 1732 2664 1787 in
2696 1733 2848 1788 diem
2889 1735 3034 1788 Non.
3074 1733 3233 1802 Aprf.
3259 1735 3407 1804 quod
3436 1741 3578 1790 sunt
3610 1736 3742 1792 dies
3767 1735 3854 1807 29,

499 1826 656 1884 Luna
699 1840 798 1882 xx.
858 1841 937 1882 γι.
967 1795 1065 1882 ‘Id.
1107 1827 1239 1882 Mai.
1281 1841 1338 1882 v.
1557 1795 1643 1885 ιιι.
1694 1825 1811 1882 Kal.
1865 1824 1997 1881 Mai.
2039 1839 2079 1880 I.
2114 1795 2166 1857 Β
2197 1795 2638 1891 qualiscumque
2670 1821 2806 1877 luna
2838 1827 2968 1878 nata
2993 1795 3189 1892 fuerit,
3226 1795 3489 1893 perhibet
3510 1822 3704 1882 facere
3738 1795 3857 1881 iui-'

604 1929 700 1970 xv.
746 1915 868 1972 Kal.
901 1917 1040 1971 Jun.
1094 1928 1172 1970 v1.
1210 1917 1355 1972 Non.
1389 1915 1523 1971 Mai.
1566 1928 1628 1971 ιι.
1848 1928 1924 1970 νι.
1958 1913 2084 1969 Kal.
2195 1907 2342 1964 tium
2367 1908 2539 1979 primi
2573 1910 2805 1966 mensis.

426 2005 560 2061 Mai.
601 2017 657 2060 ν.
887 2005 972 2061 Id.
1023 2004 1157 2060 Mai.
1217 2018 1302 2060 III.
1342 2017 1418 2060 IV.
1451 2007 1572 2060 Non
1601 2004 1732 2061 Mai.
1762 2017 1840 2059 VI.
2024 2016 2080 2058 ιι.
2262 1997 2396 2052 Item
2427 1996 2492 2051 de
2513 1997 2600 2052 die
2627 2000 2825 2072 mensis
2856 2003 2907 2053 et
2935 1999 3078 2072 luna
3087 1998 3367 2068 paschalis
3392 2001 3608 2058 ultima
3636 2019 3790 2072 qua-

427 2093 548 2149 Kal.
595 2094 723 2150 Jun.
765 2106 838 2149 Iv.
883 2091 1022 2165 Ogd.
1247 2107 1324 2149 ιν.
1358 2093 1437 2148 Id.
1483 2092 1592 2148 Mai
1633 2107 1735 2148 vn.
1956 2089 2078 2146 Kal.
2263 2155 2380 2165 ψη
2426 2156 2478 2165 Ἀ
2530 2161 2538 2165 _
2596 2161 2605 2165 _
2737 2071 3255 2165 .litei‘fdebf‘etur-

425 2182 556 2238 Mai.
591 2195 685 2238 ω.
723 2196 858 2238 xm.
891 2155 1015 2238 K31.
1057 2181 1191 2238 Mai.
1241 2197 1278 2238 ι.
1465 2195 1564 2237 νη.
1620 2181 1702 2237 Id.
1731 2181 1864 2237 Mai.
1892 2194 1964 2236 ιγ.
2001 2193 2077 2235 ιν,
2263 2155 2398 2210 VIII.
2423 2156 3060 2215 Statutuminvenimus
3083 2159 3141 2215 in
3160 2160 3408 2217 concilio
3425 2161 3842 2236 Romanorum,

425 2270 548 2326 Kal.
577 2271 710 2327 Mai.
744 2284 845 2327 vu.
1068 2285 1184 2326 xvr.
1222 2270 1346 2326 Kal.
1377 2272 1508 2327 Jun.
1540 2283 1595 2325 v.
1745 2269 1898 2326 Prid.
1934 2271 2080 2326 Non.

424 2360 556 2416 Mai.
581 2373 619 2416 ι.
840 2373 942 2415 vn.
969 2358 1092 2416 Kal.
1129 2360 1260 2417 Mai.
1292 2373 1371 2415 ιν.
1555 2358 1708 2414 Prid.
1739 2358 1820 2414 Id.
1849 2361 1979 2415 Mai.
2013 2373 2074 2415 ιι.

635 2462 688 2504 v.
723 2451 866 2506 Non.
902 2450 1032 2505 Mai.
1078 2462 1133 2504 v.
1357 2462 1436 2504 ιιι.
1476 2448 1751 2505 Kal.Jun.
1800 2462 1888 2505 ιιι.
1934 2449 2064 2506 Ειιίι⁴

2720 2427 2852 2480 Item
2877 2427 3029 2496 apud
3070 2425 3302 2482 Graecos.

796 2541 995 2608 Incipit
1039 2541 1304 2594 terminus
1353 2540 1703 2593 Pentecostis.
2205 2599 2219 2608 _
2406 2512 2624 2608 539cm
2672 2521 2959 2608 meum“
2987 2515 3546 2608 ‘39""3Th9‘191il'ls
3584 2517 3848 2608 “ex”.

492 2627 648 2684 Luna
679 2640 754 2683 Im
789 2641 872 2682 lx.
896 2599 1021 2684 Ral.
1046 2629 1176 2684 Jun.
1219 2641 1272 2681 ν.
1495 2640 1580 2682 m.
1614 2625 1695 2681 Id.
1729 2626 1862 2681 Mai.
1892 2639 1931 2681 ι.
2187 2599 2395 2656 drinus
2418 2601 2746 2673 episcopus,
2776 2603 2930 2659 datis
2949 2603 3215 2674 epistolis
3235 2603 3305 2659 ad
3329 2605 3719 2662 Theodosium
3747 2609 3854 2664 im-

421 2715 542 2771 Kal.
575 2717 704 2774 Jun.
738 2733 815 2772 v1.
845 2733 946 2771 xu.
992 2716 1115 2771 Kal.
1148 2717 1281 2772 Jun.
1343 2731 1402 2770 ιι.
1659 2731 1736 2769 v1.
1771 2715 1852 2770 Id.
1885 2715 2015 2771 Mai.
2043 2733 2078 2772 ν
2188 2693 2523 2759 peratorem’
2560 2691 2618 2745 in
2667 2691 2880 2762 quibus
2915 2692 3268 2748 adnuntians
3309 2693 3380 2748 ab
3408 2711 3508 2750 Vm
3553 2695 3634 2749 Μ·
3673 2698 3846 2752 Mar“

632 2821 708 2859 ιν,
744 2804 846 2859 Kal
899 2805 1030 2860 δυη,
1061 2820 1144 2858 ιη,
1365 2818 1458 2856 κν,
1495 2802 1620 2858 Kal.
1653 2805 1783 2860 Jun.
1815 2820 1894 2858 γι,
2188 2791 2368 2848 usque
2396 2778 2454 2834 in
2481 2779 2634 2836 diem
2654 2781 2798 2838 Non.
2831 2781 2993 2853 Apr.,
3025 2781 3233 2839 diebus
3253 2782 3478 2839 scilicet
3497 2781 3589 2853 29,
3625 2785 3850 2855 qualis-

416 2907 537 2946 VIII.
589 2893 671 2948 Id.
715 2894 846 2949 Jun.
905 2909 979 2948 IV.
1014 2890 1155 2963 Ogd.
1377 2907 1480 2946 vu.
1529 2891 1649 2946 Kal.
1698 2893 1826 2948 Jun.
1859 2910 1957 2949 vu.
1989 2897 2070 2954 Id.
2183 2867 2588 2963 °“"_“,l_“e‘"!“a
2617 2873 2746 2963 “at?
2787 2868 2993 2963 ,Ψθνίίτ
3026 2871 3092 2963 ίη,
3117 2871 3608 2963 αᾳθιίδθί,¹“ῳί⁰
3637 2875 3838 2943 spatio

417 2982 550 3038 Mai.
579 2997 668 3036 ω,
889 2954 1157 3037 “1.1.15”.
1194 2981 1326 3036 Jun.
1361 2996 1400 3034 ι.
1584 2997 1645 3034 Χ.
1686 2981 1966 3039 KalJun.
1993 3001 2067 3040 w-
2183 2954 2444 3040 perhibet
2487 2955 2672 3014 facere
2719 2958 2954 3014 initium
3007 2959 3183 3029 primi
3228 2960 3461 3017 mensis.
3495 2962 3656 3017 Luna
3705 2975 3840 3018 vero

631 3087 706 3127 ιν,
743 3070 822 3126 ω,
860 3069 995 3125 Mai.
1027 3086 1130 3125 νη,
1350 3069 1505 3124 prid.
1541 3069 1663 3124 Kal.
1708 3071 1837 3126 lum
1871 3088 1925 3126 ν.
2109 3121 2146 3127 _
2182 3039 2248 3097 14
2271 3057 2302 3099 a
2348 3060 2421 3098 xv
2465 3045 2586 3101 Kal.
2617 3045 2778 3117 Apr.,
2834 3062 3015 3117 usque
3046 3048 3105 3104 in
3147 3063 3220 3102 xv
3252 3049 3372 3104 Kal.
3424 3049 3555 3105 Mai.
3590 3049 3842 3107 solerter

411 3177 534 3216 xm.
570 3121 706 3216 Κίλιξ
721 3121 994 3216 JKx—1.?"
1044 3121 1247 3213 "vva.
1277 3121 1372 3214 ιιιῖ
1395 3121 1666 3214 ιιῖιίίξῖιὶ.
1712 3121 2064 3216 ’“’”ν’.ἰιει.

2189 3131 2428 3203 inquiri,
2461 3134 2633 3190 etiam
2661 3135 2711 3190 si
2756 3136 2851 3191 die
2887 3135 3263 3192 Sabbatorum
3298 3137 3591 3208 inciderit,
3619 3153 3841 3195 conse-

409 3250 540 3306 Jun.
576 3265 638 3304 ιι.
858 3263 972 3302 xvx.
1017 3245 1140 3302 Kal.
1173 3249 1304 3303 Jun.
1332 3263 1383 3301 v.
1435 3260 1489 3301 ιι.
1520 3263 1602 3301 ιιι.
1637 3247 1778 3304 End.

2189 3221 2486 3289 quentidie
2507 3223 2827 3294 Dominico,
2854 3224 2910 3280 id
2934 3231 3022 3280 est
3042 3225 3178 3282 luna
3204 3222 3286 3295 15,
3315 3226 3524 3282 Pascha
3544 3227 3842 3284 celebrare

659 3339 734 3393 De
769 3339 932 3392 armis
963 3337 1335 3392 communibus
1377 3341 1428 3391 et
1454 3337 1813 3392 ambat-mis.
2175 3310 2542 3380 conscripsit.
2570 3311 2627 3367 Si
2661 3313 2755 3369 die
2786 3313 3085 3370 Dominico
3118 3313 3252 3370 luna
3284 3311 3368 3384 14,
3397 3317 3651 3384 ejusdem
3689 3331 3844 3372 men-

2174 3397 2278 3467 sis,
2305 3397 2359 3452 id
2411 3404 2496 3454 est
2527 3400 2701 3470 primi
2736 3403 2952 3458 mensis
3005 3403 3276 3473 evenerit,
3321 3404 3444 3472 ipsa
3473 3403 3836 3461 hebdomada

2175 3488 2532 3559 transmissa,
2565 3489 2634 3545 ad
2667 3489 2903 3546 alteram
2925 3491 3078 3546 diem
3110 3492 3468 3549 Dominicam
3501 3493 3725 3550 Pascha
3752 3508 3838 3550 ce-

2171 3574 2381 3632 lebrari
2415 3577 2541 3634 sine
2587 3578 2768 3635 dubio
2814 3581 3184 3650 conscripsit.

2692 3669 2826 3722 Item
2857 3668 3010 3737 apud
3050 3669 3293 3723 Latinos.

2193 2246 2256 2300 ut
2298 2257 2400 2300 nec
2447 2249 2576 2301 ante
2625 2262 2682 2300 ιιι
2733 2246 2858 2302 Kal.
2906 2247 3066 2320 Apr.,
3123 2262 3224 2305 nec
3268 2253 3396 2320 post
3435 2266 3516 2306 vu
3549 2249 3678 2307 Kal.
3709 2251 3846 2308 Mai.

2191 2333 2404 2390 Pascha
2428 2347 2538 2392 non
2571 2335 2773 2392 debeat
2800 2336 2949 2392 ﬂeri.

479 3428 633 3485 Com.
669 3441 814 3483 com.
848 3426 994 3482 emb.
1025 3440 1171 3482 com.
1197 3440 1343 3482 com.
1377 3425 1524 3481 emb.
1551 3440 1695 3482 com.
1725 3425 1897 3496 emb.,
1930 3427 2058 3499 ogd.

407 3517 559 3573 Com.
613 3530 756 3574 com.
798 3516 944 3572 emb.
984 3529 1128 3572 com.
1164 3528 1308 3572 com.
1351 3514 1496 3570 emb.
1545 3527 1688 3572 com.
1731 3529 1880 3572 com.
1911 3516 2057 3573 emb.

407 3620 550 3663 com.
579 3606 756 3676 emb.,
783 3606 913 3662 end.

475 3695 558 3750 Tu
591 3695 732 3750 istos
762 3693 1070 3766 regulares,
1108 3693 1208 3764 qui
1250 3696 1381 3748 ante
1412 3693 1556 3748 istos
1582 3688 1614 3746 4
1639 3693 1919 3749 terminos
1949 3707 2061 3762 po-

405 3782 506 3838 siti
547 3789 702 3854 sunt,
757 3783 901 3838 adde
931 3781 1415 3838 concurrentibus
1449 3780 1762 3849 cujuslibet
1807 3783 1967 3852 anni,
2001 3787 2058 3837 et

402 3871 673 3940 deinceps
713 3871 928 3940 partire
954 3883 1052 3939 per
1091 3869 1389 3938 septimam
1425 3874 1664 3938 partem.
1690 3869 1748 3924 Si
1798 3866 1833 3924 7
1865 3883 2056 3925 rema-

403 3966 557 4030 nent,
597 3955 631 4013 7
677 3957 819 4014 feria
851 3962 1022 4014 erunt
1055 3957 1145 4012 illi
1192 3956 1450 4012 termini.
1494 3957 1552 4013 Si
1579 3972 1753 4028 super
1780 3955 1814 4014 7
1840 3954 2049 4029 suntl,

399 4045 454 4120 2,
485 4046 539 4120 3,
570 4046 622 4120 4,
655 4045 711 4117 5,
737 4046 790 4119 6,
815 4043 870 4118 7,
904 4050 1036 4103 tota
1062 4045 1219 4102 feria
1247 4050 1419 4102 erunt
1461 4047 1550 4103 illi
1577 4048 1834 4104 termini.

648 4158 725 4210 De
768 4157 927 4210 annis
962 4157 1329 4211 communibus
1360 4160 1410 4212 et
1438 4158 1799 4215 embolimwi-S.
2161 4157 2352 4165 "m"
2377 4157 2547 4182 ’”””⁷
2583 4157 2686 4232 ’ξ’
2723 4157 2827 4232 ’Ὗ
2857 4157 3058 4232 ’ν’,ῖνξ

474 4245 560 4303 IV.
589 4246 817 4302 Primus
841 4259 1028 4303 annus
1053 4261 1170 4304 com
1184 4247 1376 4303 munis
1406 4261 1481 4302 xv
1498 4248 1622 4303 Kal.
1655 4249 1787 4306 Mai.
1818 4248 2044 4321 incipit.
2585 4219 2720 4272 Item
2769 4217 2835 4272 de
2876 4220 3169 4274 παίίυίίαίθ
3219 4220 3379 4274 lum“

399 4335 694 4394 Secundus
716 4338 860 4394 Non.
893 4337 1032 4410 Apr.
1059 4339 1286 4394 Tertius
1318 4338 1524 4394 embol.
1561 4338 1772 4408 incipit
1799 4356 1899 4394 VIII
1923 4341 2046 4397 Kal.

2229 4325 2326 4379 XI.
2341 4323 2655 4392 Quarenda
2672 4325 3048 4381 estnativitas
3063 4326 3212 4382 luna
3238 4323 3301 4380 14
3323 4325 3393 4381 ab
3415 4342 3517 4381 vxu
3545 4327 3626 4382 Id.
3655 4330 3819 4384 Mart-

397 4426 534 4496 Apr.
557 4426 757 4484 Annus
779 4426 989 4484 solaris
1011 4427 1182 4484 habet
1207 4427 1333 4483 dies
1357 4424 1478 4482 365.
1502 4427 1702 4484 Annus
1721 4429 2046 4486 communis

2189 4426 2340 4482 isque
2371 4411 2430 4468 in
2452 4415 2596 4468 Non.
2628 4413 2790 4486 Apr.,
2820 4429 2946 4484 qua
2979 4415 3152 4486 primi
3181 4416 3394 4470 mensis
3426 4429 3712 4473 novorum
3743 4433 3825 4474 os-

399 4491 567 4572 habet
590 4517 718 4572 dies
755 4513 877 4572 354.
911 4515 1110 4571 Annus
1140 4513 1534 4570 embolimaus
1581 4515 1749 4572 habet
1772 4517 1898 4574 dies
1939 4516 2044 4575 384

2189 4501 2342 4557 endit
2386 4501 2645 4560 initium.
2686 4504 2733 4558 A
2766 4519 2845 4557 xu
2875 4517 3008 4560 vero
3039 4503 3164 4559 Kal.
3202 4504 3338 4576 Apr.
3395 4519 3583 4577 usque
3628 4507 3695 4562 in
3728 4523 3820 4563 xiv

393 4604 728 4660 Communis
758 4605 998 4674 dicitur,
1033 4604 1171 4674 quia
1189 4602 1405 4660 similis
1424 4609 1510 4660 est
1532 4619 1767 4662 numero
1791 4607 2038 4664 dierum.

2189 4589 2276 4645 ial.
2311 4590 2444 4660 Mai,
2471 4591 2530 4646 in
2557 4605 2918 4663 quacumque
2946 4592 3042 4648 die
3070 4590 3135 4647 14
3157 4591 3295 4649 luna
3318 4595 3669 4667 occurrerit,
3697 4597 3814 4666 ipsa

394 4693 770 4748 Embotimaus
795 4707 927 4750 vero
973 4693 1179 4764 Grac.,
1207 4693 1357 4764 quod
1402 4693 1459 4749 in
1505 4694 1770 4752 Latinum
1799 4697 2045 4754 vertitur

2189 4692 2205 4734 ι
2234 4679 2301 4734 ad
2332 4678 2773 4736 celebrationem
2808 4681 2994 4737 sancti
3033 4681 3262 4737 Pascha
3311 4683 3600 4752 perducit.

394 4785 762 4852 augmentum,
789 4783 907 4837 sive
933 4783 1201 4852 majorem
1235 4795 1468 4840 annum.
2217 4768 2278 4824 Si
2316 4781 2445 4824 vero
2480 4765 2546 4824 14
2572 4768 2708 4824 luna
2738 4774 2869 4825 ante
2889 4786 2969 4824 xu
2998 4769 3118 4826 Kal.
3153 4771 3493 4841 occurrerit,
3532 4772 3689 4828 idem
3713 4779 3808 4828 aut

854 4889 932 4943 De
968 4890 1208 4960 epistolis
1248 4888 1569 4946 Gmcomm.
2280 4856 2404 4912 Kal.
2442 4857 2603 4958 Apr.,
2631 4863 2732 4915 aut
2759 4858 3024 4960 xxvnKal.
3057 4859 3222 4930 Apr.,
3252 4864 3355 4960 aut
3381 4876 3457 4915 xv
3652 4863 3811 4960 Apr.,

466 4976 528 5032 V.
574 4977 839 5048 Legimus
899 4980 958 5034 in
990 4947 1269 5050 epistolis
1310 4981 1659 5052 Gracorum,
1712 4981 1860 5053 quod
1911 4987 2038 5052 post
2626 4948 2931 5053 ηιξξίδψθδίδ
2963 4948 3102 5053 l_“.na
3129 4962 3242 5053 9°"
3267 4955 3373 5019 es"
3413 4951 3512 5053 δῗᾳ
3557 4952 3808 5053 eam“?

394 5063 714 5136 passionem
737 5069 1125 5136 apostolorum
1145 5074 1380 5126 sanctus
1405 5070 1746 5128 Pachomius
1771 5071 1946 5126 abbas
1976 5072 2034 5128 in

2238 3753 2312 3807 X.
2339 3754 2502 3809 Esset
2524 3754 2681 3810 aliud
2716 3756 3035 3826 exemplum
3066 3757 3136 3812 de
3168 3757 3340 3812 initio
3383 3757 3554 3827 primi
3587 3761 3829 3824 mensis,

2166 3844 2230 3896 ut
2261 3849 2431 3911 quota
2478 3843 2618 3899 luna
2651 3842 2827 3899 fuerit
2861 3845 2918 3899 in
2951 3845 3073 3900 Kal.
3105 3846 3225 3900 Jan.
3277 3851 3360 3901 tot
3384 3847 3508 3902 dies
3535 3847 3606 3902 de
3635 3863 3830 3904 mense

2162 3930 2368 3987 Martio
2393 3932 2451 3986 in
2488 3933 2597 3988 ﬁne
2624 3933 3006 4003 computabis,
3043 3940 3097 3989 et
3130 3936 3386 3990 invenies
3416 3937 3616 4005 procul
3637 3939 3828 3994 dubio

2163 4017 2379 4090 lunam,
2407 4025 2462 4076 et
2510 4021 2745 4077 initium
2777 4022 2951 4090 primi
2996 4023 3209 4078 mensis
3243 4030 3425 4094 potest
3457 4031 3681 4080 tantum
3715 4032 3828 4081 tres

2160 4112 2354 4165 atates
2377 4109 2547 4182 luna,
2583 4110 2688 4165 hoc
2719 4115 2827 4181 est,
2857 4108 2946 4181 25,
2979 4108 3070 4183 28,
3120 4110 3210 4168 26.

2148 5035 2342 5091 lunam
2368 5049 2497 5092 cum
2523 5037 2591 5091 ad
2624 5034 2694 5092 30
2739 5037 2872 5106 perd
2885 5038 3097 5109 uxeris,
3133 5037 3386 5110 lunaque
3414 5039 3540 5096 alia
3563 5041 3662 5096 die
3681 5046 3810 5096 nata

389 5155 626 5227 Egypto
656 5168 785 5210 cum
837 5157 1134 5212 monachis
1172 5157 1298 5214 suis
1341 5158 1400 5213 in
1431 5158 1691 5215 oratione
1720 5173 1753 5215 a
1789 5161 2033 5217 Domino

390 5243 695 5316 r0gaverit,
728 5246 792 5304 ut
829 5245 1151 5300 ostenderet
1173 5245 1259 5301 eis
1291 5247 1576 5318 quomodo
1615 5248 1829 5305 Pascha
1856 5249 2034 5306 debe—

386 5338 514 5390 rent
537 5333 839 5391 celebrare.
872 5335 942 5390 Et
972 5334 1432 5393 misitDominus
1454 5337 1721 5410 angelum
1749 5355 1942 5414 suum,
1976 5346 2032 5398 et

384 5425 625 5495 scripsit
664 5425 734 5480 ad
772 5421 1071 5496 prafatum
1103 5429 1363 5481 sanctum
1398 5427 1765 5486 Pachomium
1806 5431 2028 5502 cyclum

381 5511 833 5570 decemnovalem
864 5513 970 5573 hoc
1002 5513 1186 5572 modo.
1218 5515 1362 5572 Non.
1393 5515 1554 5588 Apr.,
1587 5521 1644 5573 et
1667 5518 1891 5592 reliqua
1921 5535 2030 5578 us-

382 5613 494 5670 que
525 5600 584 5674 in
613 5600 800 5658 linem.

2146 5123 2343 5195 fuerit,
2380 5124 2438 5180 in
2462 5125 2587 5195 ipsa
2613 5131 2802 5182 autem
2835 5133 3096 5183 sanctum
3120 5127 3333 5184 Pascha
3352 5127 3705 5186 celebrabis.
3729 5128 3816 5183 Si-

2145 5214 2363 5270 militer
2408 5219 2617 5271 cautus
2644 5221 2788 5287 esto,
2845 5222 2910 5272 ut
2949 5232 3045 5271 xiv
3077 5216 3197 5272 Kal.
3235 5217 3367 5274 Mai.
3423 5217 3568 5274 luna
3598 5215 3665 5273 14
3695 5232 3811 5273 non

2142 5304 2527 5376 transcendat,
2559 5309 2624 5361 ut
2650 5305 2721 5362 ad
2747 5321 2850 5360 xm
2879 5305 3002 5361 Kal.
3035 5305 3171 5361 Mai.
3201 5311 3306 5362 aut
3320 5311 3381 5361 at
3409 5322 3490 5360 xu
3513 5307 3640 5362 Kal.
3666 5307 3808 5362 Mai.

2139 5394 2279 5450 Nam
2312 5393 2560 5465 incipies
2589 5394 2650 5450 in
2683 5407 2951 5466 magnum
2980 5394 3189 5451 deduci
3232 5407 3512 5451 errorem.

2815 5502 2951 5556 Item
2977 5502 3114 5556 alia.

2210 5610 2330 5666 XII.
2379 5607 2841 5666 Christianorum
2881 5621 3011 5666 vero
3045 5607 3256 5665 Pascha
3292 5605 3366 5663 ab
3409 5623 3470 5664 ιιι
3501 5608 3630 5666 Kal.
3658 5611 3810 5683 Apr.
