4046 6182
213 249 359 308 4285

1576 255 1774 312 LIBER
1810 257 1901 314 DE
1935 238 2280 315 COMPUTO.

3487 271 3625 332 4286

215 393 402 450 usque
431 380 488 434 in
512 393 591 435 vn
632 381 755 437 Kal.
811 382 989 437 Maias
1023 395 1384 453 quocumque
1427 382 1521 438 die
1562 383 1864 439 Dominico
1886 384 1945 444 A
1973 384 2129 439 teriti
2156 384 2284 441 festi
2312 401 2491 459 usque
2515 391 2582 446 ad
2611 388 2675 446 14
2705 400 3024 466 sequentes,
3052 397 3106 453 id
3131 401 3216 453 est
3235 411 3266 452 a
3301 397 3448 468 prid.
3475 401 3617 455 Non.

213 470 426 540 regula
465 471 736 526 videlicet
780 470 916 526 luna
959 471 1294 542 occurrerit,
1341 475 1600 527 sanctum
1650 473 1863 527 Pascha

213 551 404 614 modis
429 559 698 616 omnibus
720 559 1046 615 celebraris.
1080 560 1239 628 Quod
1273 563 1321 616 si
1346 564 1474 616 ante
1491 574 1549 614 xu
1574 559 1695 616 Kal.
1725 559 1860 630 Apr.

209 646 442 702 etiamsi
472 647 607 704 luna
627 649 963 720 occurrerit,
983 649 1069 704 vel
1098 654 1317 719 postvu
1338 649 1458 704 Kal.
1487 649 1620 704 Maii
1653 649 1865 705 Pascha

211 735 550 792 nullatenus
570 735 909 793 celebratur.

550 827 624 880 De
646 828 916 879 communi
939 842 1081 880 anno
1103 831 1152 881 et
1171 827 1514 881 embolimaeo.

281 912 432 969 XIII.
451 913 852 970 Communium
865 919 921 969 et
940 914 1424 970 embolimaeorum
1451 913 1596 970 ratio
1613 913 1721 969 ista
1753 918 1859 986 est,

208 1007 275 1058 ut
300 1017 397 1074 per
438 1002 744 1076 Ogdoadem
791 1005 1191 1060 etendecadem
1230 1017 1570 1058 concurrere
1598 1003 1856 1060 debeant.

206 1093 355 1147 Sunt
383 1098 570 1150 autem
615 1091 899 1162 ogdoades
926 1091 980 1164 8,
1025 1092 1335 1149 endecades
1377 1089 1434 1146 44
1474 1110 1486 1146 :
1522 1105 1665 1146 com.
1712 1106 1855 1150 com.

205 1181 356 1236 emb.
411 1199 555 1240 com.
607 1198 752 1239 com.
793 1182 937 1239 emb.
977 1197 1119 1239 com.
1169 1181 1318 1238 emb.
1361 1180 1684 1236 Endecades
1735 1179 1792 1237 44
1841 1202 1853 1238 :

204 1283 357 1325 com.
400 1286 544 1328 com.
592 1272 740 1327 emb.
769 1287 912 1327 com.
951 1271 1097 1326 emb.
1151 1285 1296 1327 com.
1333 1286 1477 1330 com.
1523 1283 1666 1325 com.
1708 1271 1856 1328 emb.

202 1374 352 1414 com.
406 1361 554 1416 emb.
583 1363 650 1416 Et
690 1361 1016 1417 inveniendi
1048 1367 1183 1417 sunt
1211 1363 1368 1418 verbi
1401 1365 1586 1435 gratia
1614 1361 1680 1419 44
1721 1363 1856 1418 luna

203 1449 911 1518 paschalisfeslivitatisin
934 1463 1082 1506 anno
1103 1453 1408 1520 prmterito.
1437 1454 1590 1509 Prid.
1620 1452 1850 1520 Id.Apr.

201 1536 320 1593 fuit
350 1539 472 1608 ipsa
524 1539 658 1594 luna
689 1535 772 1592 44.
806 1540 967 1594 Anno
1002 1545 1273 1608 prasente
1320 1542 1376 1596 in
1407 1555 1473 1597 eo
1509 1542 1770 1597 datarum
1804 1541 1852 1596 si

202 1641 380 1696 super
403 1626 723 1683 extenderit
744 1626 949 1683 diebus
985 1625 1065 1698 49,
1100 1629 1414 1686 eritannus
1439 1629 1850 1700 embolimieus,

1972 471 2106 541 Apr.
2139 489 2320 545 usque
2351 477 2410 532 in
2438 491 2537 534 vm
2571 479 2695 535 Kal.
2723 482 2882 552 Apr.,
2917 485 3051 554 quia
3085 487 3408 543 communis
3435 501 3624 546 annus

1973 565 2076 631 est,
2113 562 2256 618 ﬁunt
2279 565 2405 621 dies
2429 565 2551 622 354.

2043 650 2206 708 Anno
2249 654 2746 713 decemnovennali
2784 656 2837 728 3,
2868 658 3003 716 luna
3033 657 3098 715 49
3135 675 3167 716 a
3194 659 3260 719 45
3305 663 3440 720 luna
3471 679 3622 735 prae-

1974 740 2133 795 teriti
2176 739 2306 797 festi
2343 758 2524 814 usque
2553 746 2621 800 ad
2658 743 2723 801 44
2761 754 3084 819 sequentes,
3112 751 3168 806 id
3201 756 3286 806 est
3315 765 3347 807 a
3381 767 3458 809 vn
3489 753 3616 810 Kal.

1971 827 2106 898 Apr.
2143 845 2324 900 usque
2353 832 2408 886 in
2437 834 2567 890 Idus
2605 834 2762 905 Apr.,
2808 837 2942 906 quia
2988 838 3402 896 embolismalis
3435 856 3621 898 annus

1972 925 2074 988 est,
2108 919 2251 974 ﬁunt
2274 921 2399 976 dies
2423 920 2546 977 384.

2041 1025 2204 1081 Anno
2225 1027 2721 1086 decemnovennali
2746 1028 2798 1100 4,
2828 1031 2965 1088 luna
2998 1030 3021 1087 4
3049 1047 3080 1088 a
3106 1031 3172 1090 45
3203 1034 3341 1092 luna
3382 1043 3625 1106 praeter-

1971 1112 2038 1168 iti
2088 1111 2216 1169 festi
2261 1131 2441 1186 usque
2481 1118 2549 1172 ad
2598 1115 2663 1172 44
2709 1125 3029 1192 sequentes,
3076 1122 3132 1178 id
3163 1131 3250 1179 est
3278 1137 3309 1179 a
3348 1125 3498 1194 prid.
3536 1125 3615 1182 Il'.

1964 1201 2099 1270 Apr.
2140 1218 2319 1273 usque
2360 1205 2417 1260 in
2453 1219 2508 1260 1v
2535 1208 2676 1263 Non.
2706 1208 2841 1278 Apr.
2885 1212 3023 1281 quia
3070 1212 3394 1268 communis
3433 1228 3621 1271 annus

1965 1295 2071 1360 est,
2101 1291 2244 1346 ﬁunt
2275 1292 2400 1348 dies
2419 1291 2543 1350 354.

2033 1379 2195 1435 Anno
2242 1381 2738 1440 decemnovennali
2775 1383 2830 1456 5,
2880 1385 3017 1442 luna
3047 1385 3084 1442 2
3115 1401 3147 1444 a
3187 1387 3252 1444 45
3289 1389 3424 1446 luna
3468 1406 3620 1461 pra:-

1964 1466 2120 1522 teriti
2169 1467 2298 1524 festi
2333 1485 2512 1540 usque
2540 1473 2598 1527 in
2642 1470 2707 1526 44
2736 1480 3056 1546 sequentes,
3095 1478 3149 1532 id
3183 1483 3269 1533 est
3303 1493 3333 1534 e
3370 1493 3436 1534 ιιι
3472 1482 3614 1537 Νοη.

1961 1554 2096 1624 Apr.
2143 1571 2324 1626 usque
2369 1558 2426 1612 in
2463 1572 2520 1614 χι
2560 1561 2684 1615 Kal.
2725 1561 2885 1634 Apr.,
2919 1564 3056 1634 quia
3087 1568 3410 1623 communis
3429 1581 3620 1626 annus

1963 1647 2068 1712 est,
2094 1643 2238 1700 ﬁunt
2267 1645 2392 1700 dies
2421 1643 2544 1701 354.

199 1719 252 1772 si
292 1724 440 1817 retro
473 1717 700 1773 inventa
723 1716 900 1774 fuerit
940 1718 1147 1775 diebus
1183 1717 1268 1785 44,
1320 1721 1433 1776 erit
1468 1735 1656 1777 annus
1693 1733 1857 1776 com-
1885 1717 1938 1778 B
2033 1751 2198 1808 Anno
2217 1752 2714 1811 decemnovennali
2738 1754 2790 1825 δ’
2815 1755 2952 1813 luna
2981 1756 3014 1814 3
3043 1773 3075 1815 a
3117 1758 3350 1818 451nm
3380 1768 3621 1832 prime“

203 1818 421 1860 munis.

395 1897 528 1949 Item
549 1895 615 1949 de
633 1896 797 1949 ann-is
824 1897 1193 1952 communibus
1215 1901 1266 1953 et
1286 1899 1643 1953 embolimaeis.

277 1983 419 2039 XIV.
456 1985 515 2040 Si
557 1985 648 2039 vis
691 1985 839 2040 scire
883 1987 1112 2056 quando
1146 1987 1204 2042 in
1222 1999 1371 2044 anno
1405 1987 1718 2057 communi,
1770 1984 1854 2041 vel

201 2073 432 2143 quando
466 2073 523 2128 in
550 2073 902 2129 embolimaeo
926 2074 1353 2132 debeatPascha
1390 2076 1753 2132 Dominicum
1777 2088 1858 2130 ce-

201 2161 438 2233 lebrari,
466 2163 660 2232 accipe
691 2163 988 2220 rationem.
1013 2167 1267 2235 Namque
1287 2165 1706 2222 decemnovalis
1745 2166 1855 2220 cir-

200 2250 394 2319 culus,
425 2251 524 2320 qui
551 2251 1120 2308 enneacaadecactiris
1149 2254 1345 2310 Graeco
1373 2253 1650 2310 vocabulo
1696 2267 1854 2309 nun—

198 2345 469 2409 cupatur,
500 2353 598 2410 per
627 2340 935 2412 ogdoadem
976 2346 1032 2396 et
1069 2342 1405 2398 endecadem
1447 2355 1668 2412 semper
1708 2342 1766 2398 in
1793 2356 1852 2398 se

200 2428 537 2498 revolvitur,
587 2429 643 2484 id
689 2434 774 2486 est
819 2443 917 2499 per
956 2427 992 2484 8
1033 2438 1089 2486 et
1142 2427 1200 2484 44
1259 2445 1459 2500 annos,
1511 2432 1609 2502 qui
1675 2432 1849 2488 simul

192 2518 386 2588 juncti
404 2515 468 2572 49
484 2517 721 2574 faciunt.
739 2519 963 2589 Ogdoas
974 2532 1106 2590 ergo
1124 2520 1237 2574 inci
1247 2519 1331 2590 pit
1346 2534 1545 2591 annos,
1565 2521 1854 2578 decemno-

197 2607 317 2662 vaIi
352 2605 400 2678 4,
431 2611 487 2662 et
530 2606 828 2663 clauditur
863 2608 1117 2677 ejusdem
1147 2607 1224 2678 8;
1265 2610 1431 2678 cujus
1466 2606 1488 2663 4
1525 2615 1581 2664 et
1604 2608 1639 2664 2
1666 2623 1854 2665 annus

197 2710 531 2752 communes
569 2700 723 2766 sunt,
755 2694 790 2751 5
817 2696 1250 2767 embolismalis,
1289 2694 1321 2750 4
1351 2703 1406 2752 et
1437 2696 1473 2753 5
1506 2699 1850 2768 communis,

197 2785 236 2840 6
284 2785 714 2854 embolismalis,
759 2780 794 2838 7
832 2785 1175 2854 communis,
1204 2783 1240 2839 8
1285 2785 1699 2842 embolismalis
1742 2793 1852 2842 est.

195 2875 408 2945 Sicque
443 2873 618 2945 ogdas
665 2873 1068 2929 communibus
1106 2871 1142 2929 5
1182 2879 1238 2929 et
1279 2874 1774 2932 embolismalibus
1814 2875 1850 2929 3

199 2963 487 3034 expletur.
519 2963 771 3018 Endecas
802 2969 1013 3032 autem,
1047 2977 1172 3034 quae
1206 2963 1412 3034 incipit
1441 2977 1590 3019 anno
1619 2964 1852 3020 decem—

1968 1840 2036 1895 iti
2069 1838 2199 1896 festi
2228 1856 2407 1912 usque
2455 1843 2511 1898 in
2550 1840 2616 1898 44
2649 1851 2970 1916 sequentes,
2997 1848 3052 1902 id
3085 1855 3170 1904 est
3201 1866 3234 1905 a
3255 1866 3290 1905 x
3324 1851 3446 1908 Kal.
3480 1857 3615 1924 Apr.

1967 1945 2148 2000 usque
2181 1930 2238 1986 in
2267 1946 2328 1987 ιιι
2376 1931 2452 1987 Id.
2481 1933 2642 2005 Apr.,
2674 1936 2813 2005 quia
2837 1936 3253 1994 embolismalis
3280 1953 3467 1996 annus
3509 1946 3614 2012 est,

1967 2018 2112 2074 ﬁunt
2139 2019 2266 2076 dies
2286 2018 2410 2076 384.

2033 2128 2196 2182 Anno
2224 2128 2722 2184 decemnovennali
2753 2127 2809 2199 7,
2843 2130 2980 2187 luna
3011 2133 3044 2188 4
3067 2145 3100 2188 a
3128 2130 3194 2188 45
3219 2133 3354 2189 luna
3383 2139 3613 2204 praeter-

1963 2215 2029 2270 iti
2059 2214 2185 2270 festi
2222 2231 2403 2286 usque
2445 2217 2503 2272 in
2527 2215 2593 2273 44
2637 2226 2957 2291 sequentes,
2994 2221 3049 2275 id
3090 2226 3177 2278 est
3211 2235 3246 2278 a
3279 2237 3313 2277 v
3354 2224 3432 2279 Id.
3475 2225 3607 2295 Apr.

1963 2319 2145 2376 usque
2173 2306 2231 2360 in
2266 2320 2327 2361 ιιι
2352 2306 2474 2362 Kal.
2508 2307 2669 2379 Apr.,
2713 2309 2851 2380 quia
2901 2323 3090 2366 annus
3135 2313 3460 2374 communis
3504 2319 3609 2386 est,

1962 2395 2108 2451 ﬁunt
2135 2396 2261 2452 dies

2032 2483 2192 2540 Anno
2231 2485 2726 2542 decemnovennali
2757 2484 2811 2557 8,
2838 2486 2974 2543 luna
3000 2486 3035 2543 5
3058 2501 3090 2544 a
3123 2486 3190 2545 45
3219 2489 3354 2546 luna
3389 2497 3614 2560 praeter-

1965 2570 2032 2625 iti
2062 2570 2218 2627 fesiti
2256 2588 2436 2644 usque
2480 2574 2538 2628 in
2586 2571 2652 2628 44
2677 2580 2998 2647 sequentes,
3037 2577 3091 2632 id
3133 2581 3220 2634 est
3247 2591 3280 2633 a
3325 2579 3471 2648 prid.
3506 2580 3610 2636 Kal

1960 2660 2096 2728 Apr.
2132 2675 2312 2731 usque
2346 2662 2402 2716 in
2436 2676 2532 2716 xxv
2561 2662 2692 2718 Kal.
2715 2663 2869 2735 Mai.,
2904 2665 3040 2736 quia
3072 2665 3488 2723 embolismalis
3519 2681 3614 2724 an-

1962 2778 2072 2820 nus
2099 2771 2205 2838 est,
2233 2767 2358 2823 dies
2387 2765 2512 2822 384.

2191 2888 2270 2928 as.

2191 2888 2218 2928 a
2259 2915 2270 2928 .

2030 2873 2190 3017 gitti]:
2220 2891 2717 3042 decemnovennali
2745 2964 2798 3037 9,
2833 2967 2970 3022 luna
2999 2965 3033 3022 6
3056 2980 3087 3023 a
3120 2965 3188 3023 45
3218 2967 3352 3024 luna
3391 2975 3612 3039 prseter-

197 3051 388 3108 novali
421 3051 454 3106 9
479 3057 534 3107 et
560 3051 903 3108 terminatur
935 3050 1020 3120 49,
1054 3051 1248 3108 taliter
1274 3052 1556 3124 graditur,
1593 3049 1705 3109 ut4
1738 3058 1794 3109 et
1817 3051 1853 3110 2
1883 3044 1927 3103 C
1963 3049 2029 3105 ἱῐί
2083 3048 2213 3106 festi
2258 3066 2438 3123 usque
2471 3053 2528 3108 in
2583 3051 2648 3108 44
2695 3061 3016 3124 sequentes,
3053 3056 3108 3110 id
3150 3061 3235 3112 est
3281 3071 3312 3112 a
3376 3073 3448 3113 xv
3503 3060 3608 3115 Kal

198 3155 416 3197 annum
447 3154 803 3196 communem
852 3140 1073 3210 habeat,
1106 3139 1140 3196 3
1170 3141 1638 3212 embolismalem,
1670 3139 1702 3196 4
1729 3149 1785 3197 et
1814 3141 1848 3198 5

193 3245 373 3300 com.,
398 3228 622 3300 6emb.,
649 3226 683 3284 7
708 3235 764 3285 et
798 3227 835 3283 8
879 3244 1048 3301 com.,
1079 3235 1136 3286 et
1171 3229 1206 3285 9
1247 3231 1416 3301 emb.,
1467 3229 1532 3286 40
1571 3245 1738 3300 com.,
1785 3227 1842 3286 44

198 3319 350 3374 emb.
375 3318 589 3374 habeat.
618 3319 826 3390 Sicque
841 3320 1082 3376 endecas
1097 3319 1504 3376 communibus
1523 3321 1694 3376 annis
1719 3321 1846 3376 ideo

192 3408 438 3478 dicitur,
464 3409 599 3479 quia
620 3408 690 3464 de
716 3409 1170 3465 minorisannor.
1198 3423 1308 3480 que
1327 3409 1612 3465 duodenis
1645 3410 1849 3465 mensi-

193 3496 308 3551 bus
345 3497 657 3552 secundum
687 3496 836 3552 lunae
867 3511 1098 3552 cursum
1140 3502 1195 3552 et
1218 3496 1424 3552 diebus
1451 3495 1558 3553 354
1595 3497 1841 3569 explent,

175 3585 647 3653 .invicemjuncti
681 3585 740 3640 in
765 3585 1015 3655 paschali
1050 3583 1328 3641 felicitate
1349 3585 1660 3658 socientur,
1704 3586 1847 3657 qui—

192 3674 304 3729 bus
333 3673 400 3728 ad
450 3674 726 3729 rationem
772 3673 914 3730 solis
945 3673 1003 3728 44
1039 3675 1164 3730 dies
1210 3675 1437 3743 desunt,
1485 3690 1630 3746 quos
1669 3675 1845 3746 Egy-

191 3763 302 3832 ptii
347 3767 594 3831 epactas,
629 3763 686 3817 id
731 3768 818 3819 est
855 3763 1203 3831 adjectiones
1232 3770 1452 3835 vocant,
1485 3778 1629 3836 quas
1669 3777 1844 3834 supra

191 3851 432 3921 scriptis
459 3851 663 3906 diebus
685 3851 1024 3921 adjicientes
1070 3867 1367 3908 numerum
1402 3861 1604 3909 vocant
1635 3853 1844 3910 solaris

189 3941 351 4008 anni,
390 3940 444 3994 id
468 3944 554 3995 est
588 3937 696 3996 365
719 3940 1054 4010 adimplent,
1105 3942 1252 4011 quod
1283 3941 1454 3997 etiam
1489 3943 1547 3998 in
1592 3942 1843 3999 emboli-

189 4041 446 4085 smorum
475 4028 697 4084 ratione
724 4029 985 4100 dirigens
1018 4035 1428 4099 perscrutatur,
1457 4037 1655 4100 potens
1693 4032 1842 4087 inve-

190 4119 340 4188 nire,
371 4131 613 4187 quorum
660 4117 749 4173 vis
773 4117 906 4173 talis
946 4123 1048 4185 est,
1097 4124 1164 4174 ut
1208 4133 1308 4188 pro
1347 4119 1439 4176 sui
1478 4120 1841 4192 longitudine

188 4207 583 4264 communium
614 4220 894 4263 annorum
919 4207 1260 4264 detrimenta
1284 4215 1666 4279 compensent.
1703 4211 1842 4265 Em-

190 4297 492 4351 bolismalis
552 4296 761 4352 etenim
809 4298 1020 4367 Graece,
1066 4297 1264 4352 Latine
1325 4305 1839 4368 superaugmentum

1961 3139 2090 3193 Mai.
2124 3154 2304 3209 usque
2334 3141 2390 3195 in
2434 3155 2509 3196 v11
2548 3142 2628 3198 Id.
2662 3142 2778 3213 Apr
2828 3184 2866 3212 .,
2907 3143 3043 3213 quia
3070 3146 3393 3201 communis
3420 3160 3610 3204 annus

1957 3231 2062 3288 est,
2095 3228 2220 3283 dies
2244 3225 2366 3284 354.

2028 3316 2188 3372 Anno
2223 3317 2722 3375 decemnovennali
2761 3315 2847 3390 40,
2888 3320 3024 3376 luna
3056 3317 3091 3375 7
3118 3334 3150 3376 a
3191 3319 3256 3377 45
3285 3321 3421 3378 luna
3457 3338 3610 3393 pra:-

1955 3404 2113 3459 teriti
2147 3404 2275 3461 festi
2310 3421 2491 3478 usque
2541 3408 2599 3462 in
2643 3404 2709 3463 44
2736 3414 3056 3480 sequentes,
3090 3409 3146 3464 id
3185 3416 3267 3466 est
3310 3424 3342 3466 a
3377 3425 3479 3466 VIII
3522 3412 3601 3467 Id.

1952 3492 2089 3561 Apr.
2140 3509 2323 3564 usque
2356 3496 2413 3550 in
2441 3509 2496 3551 vi
2539 3497 2640 3552 Kal
2684 3497 2845 3567 Apr.,
2886 3497 3024 3568 quia
3057 3499 3380 3555 communis
3418 3513 3608 3556 annus

1953 3587 2059 3651 est,
2090 3581 2216 3639 dies
2243 3581 2367 3639 354.

2033 3673 2196 3730 Anno
2225 3673 2724 3731 decemnovennali
2761 3671 2846 3744 44,
2876 3673 3013 3730 luna
3040 3673 3076 3730 8
3108 3689 3140 3730 a
3182 3673 3248 3731 45
3284 3675 3417 3731 luna
3449 3690 3604 3746 prae—

1955 3767 2113 3823 teriti
2159 3765 2289 3820 festi
2336 3777 2518 3834 usque
2564 3763 2621 3818 in
2658 3759 2723 3817 44
2761 3768 3084 3834 sequentes,
3128 3763 3182 3819 id
3217 3769 3360 3820 esta
3399 3778 3432 3818 v
3481 3764 3604 3822 Kal.

1951 3857 2085 3927 Apr.
2133 3867 2316 3925 usque
2361 3854 2418 3907 in
2474 3865 2591 3906 xvn
2629 3852 2752 3907 Kal.
2799 3852 2958 3922 Mai.,
3009 3853 3146 3923 quia
3189 3853 3605 3910 embolismalis

1954 3958 2140 4002 annus
2160 3949 2264 4013 est,
2296 3943 2422 3997 dies
2452 3938 2579 3996 384.

2025 4035 2188 4088 Anno
2230 4030 2731 4086 decemnovennali
2767 4028 2851 4101 42,
2888 4030 3024 4086 luna
3049 4028 3084 4085 9
3113 4043 3145 4086 a
3182 4028 3248 4086 45
3279 4030 3414 4086 luna
3451 4043 3626 4101 prae»

1953 4122 2109 4179 teriti
2144 4119 2274 4176 festi
2304 4132 2486 4189 usque
2511 4118 2572 4173 in
2609 4115 2673 4173 44
2699 4125 3020 4190 sequentes,
3052 4119 3108 4174 id
3143 4125 3229 4176 est
3258 4133 3290 4175 a
3331 4133 3448 4175 xvn
3477 4119 3600 4176 Kal.

1951 4212 2083 4268 Mai.
2122 4223 2304 4281 usque
2325 4209 2382 4264 in
2409 4205 2557 4278 prid.
2586 4208 2708 4262 Non
2731 4209 2891 4278 Apr.,
2917 4209 3055 4278 quia
3075 4209 3400 4265 communis
3413 4222 3602 4265 annus

1948 4308 2054 4372 est,
2087 4301 2214 4356 dies
2238 4297 2360 4355 354.

185 4383 431 4454 dicitur,
465 4385 602 4471 quia
633 4385 690 4439 id
714 4389 798 4440 est
813 4398 1000 4441 annus
1026 4383 1088 4441 13
1111 4385 1415 4442 lunaribus
1433 4387 1746 4458 mensibus,
1783 4394 1840 4445 et
1870 4409 1924 4471 D
2019 4392 2180 4446 Anno
2205 4383 2702 4445 decemnovennali
2736 4381 2822 4448 43,
2856 4382 2992 4438 luna
3024 4379 3090 4439 40
3121 4397 3153 4440 a
3188 4383 3254 4440 45
3285 4384 3422 4440 luna
3449 4399 3587 4454 prae-

185 4473 400 4529 diebus
427 4470 532 4529 384
564 4473 856 4545 impletur,
870 4474 1112 4530 solarem
1127 4487 1340 4531 annum
1355 4475 1560 4532 diebus
1575 4475 1640 4532 49
1658 4483 1838 4534 trans-

185 4563 454 4619 cendens.
505 4565 643 4618 Nam
679 4564 1069 4619 communium
1107 4570 1164 4620 et
1195 4564 1662 4621 embolismorum
1706 4567 1842 4623 talis

185 4651 582 4722 comprobatio
630 4657 734 4707 est.
767 4653 825 4706 Si
867 4653 1018 4708 enim
1046 4667 1078 4708 a
1119 4651 1186 4710 45
1231 4653 1366 4710 luna
1413 4655 1666 4724 praeterit
1709 4654 1839 4712 festi

185 4756 374 4811 usque
401 4738 465 4796 44
485 4742 621 4797 anni
651 4741 904 4810 ejusdem
944 4748 1245 4814 sequentes
1271 4743 1397 4799 dies
1438 4741 1543 4800 354
1587 4743 1838 4816 fuerunt,

185 4830 517 4886 communis
563 4844 750 4886 annus
787 4831 918 4886 erit.
961 4832 1020 4887 Si
1060 4837 1248 4888 autem
1295 4831 1512 4889 fuerint
1556 4833 1685 4890 dies
1713 4832 1837 4906 384,

181 4918 605 4975 embolismalis
629 4920 756 4975 erit.
786 4921 946 4990 Quod
980 4928 1044 4977 ut
1063 4921 1258 4991 aptius
1284 4921 1400 4991 ﬁat,
1421 4935 1453 4977 a
1476 4923 1661 4992 primo
1691 4938 1841 4980 anno

178 5007 683 5064 decemnovennali
717 5024 898 5080 usque
923 5010 992 5066 ad
1017 5010 1286 5066 ultimum
1307 5011 1560 5081 ejusdem
1588 5013 1842 5083 subjecta

183 5095 406 5166 poteris
432 5093 676 5152 formula
705 5098 951 5168 edoceri,
980 5098 1148 5167 cujus
1179 5099 1317 5155 ordo
1340 5099 1474 5156 talis
1518 5108 1622 5158 est.

254 5185 421 5240 Anno
463 5184 962 5242 decemnovennali
1007 5185 1056 5258 4,
1092 5188 1229 5244 luna
1260 5185 1326 5243 47
1355 5203 1387 5244 a
1424 5187 1492 5245 45
1522 5191 1657 5248 luna
1691 5206 1840 5262 prae-

179 5273 344 5329 teriti
374 5272 506 5330 festi
533 5275 819 5344 paschalis
841 5290 1024 5347 usque
1035 5277 1104 5333 ad
1132 5275 1196 5333 44
1213 5279 1464 5347 ejusdem
1497 5288 1796 5351 sequentes
1821 5301 1835 5346 ς

181 5361 242 5417 id
275 5367 364 5418 est
391 5377 424 5418 a
453 5360 519 5420 46
540 5364 662 5422 Kal.
687 5365 820 5421 Mai.
849 5380 1034 5438 usque
1066 5367 1123 5422 in
1146 5369 1287 5423 Non.
1317 5369 1452 5438 Apr.
1491 5371 1629 5440 quia
1674 5385 1837 5428 com-

181 5453 382 5509 munis
401 5465 591 5509 annus
617 5459 723 5525 est,
757 5454 906 5511 ﬁunt
931 5456 1063 5512 dies
1077 5453 1203 5513 354.

251 5543 419 5599 Anno
440 5543 1014 5618 decemnovennaliB,
1062 5547 1195 5603 luna
1235 5544 1304 5603 48
1343 5561 1376 5604 a
1409 5545 1476 5604 45
1504 5547 1640 5606 luna
1687 5565 1838 5623 pras-

1949 4481 2109 4537 teriti
2142 4478 2272 4535 festi
2306 4489 2488 4548 usque
2520 4476 2578 4530 in
2612 4472 2679 4529 44
2718 4477 3036 4544 sequentes,
3073 4472 3130 4528 id
3162 4478 3248 4528 est
3284 4486 3317 4528 a
3355 4486 3417 4528 ιιι
3453 4475 3596 4530 Non.

1947 4572 2082 4642 Apr.
2109 4582 2293 4639 usque
2340 4567 2399 4622 in
2429 4579 2488 4620 ix
2533 4563 2656 4620 Kal.
2693 4564 2851 4635 Apr.,
2886 4563 3022 4634 quia
3056 4562 3380 4619 communis
3411 4575 3598 4619 annus

1949 4666 2036 4716 est
2059 4660 2186 4714 dies
2209 4653 2335 4712 354.

2021 4749 2184 4804 Anno
2213 4741 2714 4803 decemnovennali
2753 4739 2839 4811 44,
2869 4740 3004 4797 luna
3037 4737 3096 4796 44
3132 4754 3165 4797 a
3197 4737 3264 4796 45
3287 4739 3425 4797 luna
3447 4754 3603 4812 prab-

1953 4839 2110 4895 teriti
2137 4836 2266 4894 festi
2292 4849 2474 4906 usque
2506 4834 2565 4889 in
2591 4830 2656 4887 44
2689 4836 3009 4902 sequentes,
3043 4831 3101 4888 id
3129 4835 3217 4888 est
3245 4830 3315 4887 ab
3339 4844 3442 4887 vm
3471 4831 3592 4888 Kal.

1950 4929 2084 4998 Apr.
2120 4940 2303 4998 usque
2329 4927 2387 4981 in
2415 4923 2564 4994 prid.
2597 4921 2656 4978 Id
2688 4921 2846 4991 Apr.,
2880 4920 3018 4990 quia
3048 4919 3464 4978 embolismalis
3486 4935 3602 4978 an-

1951 5031 2060 5075 nus
2084 5021 2187 5086 est,
2212 5015 2338 5070 dies
2357 5009 2480 5068 384.

2019 5107 2180 5162 Anno
2208 5099 2704 5159 decemnovennali
2739 5095 2823 5169 45,
2858 5096 2996 5153 luna
3033 5093 3102 5154 42
3122 5110 3156 5154 a
3185 5094 3253 5154 45
3282 5097 3419 5155 luna
3447 5111 3596 5168 pra;—

1950 5194 2109 5250 teriti
2134 5192 2263 5249 festi
2292 5204 2475 5262 usque
2501 5189 2560 5244 in
2590 5185 2656 5243 44
2685 5190 3007 5258 sequentes,
3037 5186 3095 5243 id
3129 5193 3215 5244 est
3237 5187 3308 5243 ab
3346 5187 3426 5242 Id.
3454 5186 3589 5254 Apr.

1949 5297 2134 5354 usque
2196 5283 2255 5337 in
2310 5280 2432 5336 Kal.
2481 5288 2640 5350 Apr.,
2682 5276 2820 5348 quia
2860 5289 3048 5333 annus
3101 5273 3426 5333 communis
3483 5274 3589 5342 est,

1944 5375 2071 5430 dies
2098 5370 2222 5428 354.

2015 5463 2178 5519 Anno
2207 5458 2704 5517 decemnovennali
2739 5455 2827 5530 46,
2859 5457 2995 5514 luna
3032 5452 3150 5509 43a
3175 5447 3243 5505 45
3275 5448 3412 5505 luna
3438 5461 3592 5518 prae-

1947 5553 2105 5610 teriti
2133 5550 2264 5607 festi
2298 5563 2480 5621 usque
2512 5549 2571 5606 in
2592 5545 2658 5604 44
2677 5550 2994 5618 sequentes,
3021 5541 3078 5596 id
3104 5543 3190 5593 est
3217 5551 3250 5593 a
3281 5536 3434 5592 Prid.
3461 5535 3588 5611 Kal,
