4076 6174
445 211 582 271 4287

439 337 573 408 Apr.
609 346 793 406 usque
822 333 882 390 in
912 343 992 388 xu
1015 327 1138 384 Kal.
1173 327 1333 399 Apr.,
1372 325 1508 398 quia
1542 320 1864 381 communis
1902 329 2088 374 annus
2113 309 2173 372 A

439 432 546 499 est,
572 427 699 483 dies
719 420 845 488 354,

512 498 675 572 Anno
696 507 1196 570 decemnovennali
1228 503 1313 576 47,
1348 506 1482 561 luna
1525 500 1591 558 44
1635 516 1666 557 a
1708 498 1931 556 45luna
1959 509 2093 567 pra:-

441 605 600 664 teriti
629 602 761 658 festi
803 612 987 671 usque
1031 599 1090 654 in
1125 593 1190 650 44
1222 596 1544 664 sequentes,
1571 590 1627 645 id
1660 591 1747 644 est
1779 587 1850 643 ab
1875 599 1932 640 x1
1966 583 2088 638 Kal.

443 697 580 766 Apr.
604 705 787 764 usque
830 691 889 746 in
927 701 959 743 v
987 687 1068 743 Id.
1097 685 1230 756 Apr.
1275 683 1414 755 quia
1451 693 1636 737 annus
1682 672 2095 733 embolismalis

439 790 546 856 est,
573 785 699 840 dies
722 777 845 837 384.
1769 855 1775 856 γ
2076 814 2082 819 ,

514 854 678 929 Anno
707 863 1205 927 decemnovennali
1243 859 1328 924 48.
1363 861 1497 917 luna
1526 856 1592 915 45
1617 871 1648 913 a
1673 854 1739 912 45
1763 855 1900 911 luna
1944 865 2097 924 prae-—

445 962 604 1020 teriti
632 960 762 1017 festi
810 971 992 1030 usque
1042 956 1099 1010 in
1135 950 1200 1008 44
1240 954 1558 1022 sequentes,
1596 947 1651 1002 id
1701 949 1788 1000 est
1830 958 1862 999 a
1905 956 1961 997 vr
2013 940 2092 996 Id.

444 1053 580 1123 Apr.
631 1062 813 1121 usque
846 1049 904 1104 in
942 1061 995 1102 ιν
1024 1043 1147 1100 Kal.
1186 1043 1320 1112 Apr.
1364 1039 1502 1112 quia
1547 1049 1732 1092 annus
1773 1029 2096 1090 communis

445 1146 550 1210 est,
589 1141 714 1197 dies
734 1135 858 1194 354.

515 1231 678 1286 Anno
707 1222 1138 1283 demnovennali
1186 1218 1272 1292 49,
1322 1219 1459 1276 luna
1503 1214 1568 1273 46
1596 1229 1628 1270 a
1669 1212 1736 1270 45
1761 1212 1898 1269 luna
1946 1222 2099 1282 prae—-

448 1319 605 1378 teriti
658 1316 790 1373 festi
823 1327 1005 1386 usque
1054 1313 1112 1368 in
1147 1307 1211 1366 44
1233 1312 1555 1380 sequentes,
1601 1304 1658 1360 id
1687 1307 1774 1360 est
1801 1315 1832 1356 a
1864 1314 1928 1355 ιιι
1970 1297 2092 1353 Kal.

447 1411 579 1481 Apr.
615 1420 797 1478 usque
822 1406 881 1460 in
908 1418 981 1459 xv
1007 1401 1130 1458 Kal.
1159 1399 1314 1471 Mai,
1349 1397 1486 1469 quia
1506 1407 1693 1452 annus
1729 1389 2102 1448 embolisma—

449 1500 525 1556 lis
547 1502 653 1570 est,
681 1497 810 1552 dies
837 1491 959 1552 384.

519 1568 854 1645 Sic-facies
916 1597 1135 1653 semper
1179 1581 1240 1636 in
1299 1576 1568 1635 omnibus
1622 1571 1812 1641 annis,
1865 1568 2097 1637 excepto

1327 201 1618 260 APPEND.
1658 198 1752 255 AD
1791 195 1962 254 ΒΕΘ.
2004 193 2103 251 IX.
2140 219 2215 235 —
2250 187 2603 248 AUCTORBS
2639 185 2954 246 ANONYMI

3710 179 3860 238 4%8

2734 317 2808 369 De
2838 312 3122 380 augmento
3153 308 3317 363 luna.

2272 405 2465 461 XVIII.
2485 403 2697 474 Incipit
2717 406 3082 474 augmentum
3104 398 3276 454 lunae.
3301 396 3688 468 Augmentum
3706 392 3858 448 luna:

2203 509 2378 568 quare
2401 495 2480 562 ﬁt,
2514 498 2571 549 et
2588 492 2870 565 quomodo
2897 489 2979 559 tit,
3003 493 3056 544 et
3084 488 3221 559 quid
3246 492 3395 543 esset
3416 485 3467 542 si
3483 498 3598 541 non
3626 482 3854 539 fuisset.

2203 586 2388 655 Quare
2421 585 2589 653 idem,
2625 581 2762 654 quia
2791 583 2877 636 est
2909 580 2966 634 in
2995 582 3195 634 natura
3229 577 3381 633 lunae
3412 574 3683 642 tarditas,
3706 571 3855 644 quod

2206 675 2474 746 superius
2503 673 2761 729 ascensio
2791 672 2914 741 ejus
2947 670 3009 725 in
3034 673 3260 739 natura,
3309 679 3479 737 quam
3532 668 3857 735 putaretur,

2205 766 2367 822 addit
2387 764 2628 821 tarditas
2642 763 2786 832 ejus,
2805 762 2984 818 donec
3015 771 3124 815 non
3154 758 3413 825 interest,
3438 754 3588 826 quod
3610 753 3778 809 addit
3801 753 3858 807 in

2205 856 2390 926 capite
2422 852 2488 909 49
2521 853 2580 909 in
2612 856 2852 920 noctem,
2879 863 3048 922 quam
3080 847 3312 904 adderet
3345 845 3400 900 id
3437 857 3533 914 per
3553 857 3724 915 quam
3755 856 3863 898 ve—

2207 946 2397 1002 nerint
2463 941 2530 999 49
2599 956 2697 1013 per
2772 939 2857 1011 45,
2909 937 3137 1010 quando
3218 939 3516 1008 putaretur
3595 932 3861 989 ascensio

2208 1034 2358 1092 luna:
2407 1045 2531 1091 esse
2575 1031 2632 1087 in
2679 1029 3059 1102 plenitudine,
3093 1027 3227 1083 licet
3269 1024 3432 1096 prius
3461 1021 3863 1094 deprehende—

2209 1130 2387 1181 retur.

2669 1213 2744 1266 De
2789 1208 3052 1265 Kalendis
3096 1207 3381 1262 mensium.

2282 1303 2433 1358 XIX.
2463 1299 2727 1357 Kalendae
2747 1300 2979 1356 Graecus
3005 1310 3189 1354 sermo
3218 1300 3323 1363 est,
3343 1291 3439 1349 sed
3461 1291 3533 1347 ad
3559 1289 3857 1346 colendum

2210 1391 2449 1464 dicitur,
2473 1392 2533 1446 in
2557 1389 2818 1445 Latinum
2837 1387 3185 1446 vocationem
3207 1383 3505 1440 dicuntur.
3532 1379 3702 1450 Apud
3721 1377 3863 1433 Grai»

2210 1497 2308 1539 cos
2331 1483 2402 1538 de
2421 1483 2536 1536 calo
2553 1478 2835 1549 Kalendae,
2864 1476 3013 1547 apud
3034 1475 3104 1530 de
3130 1474 3360 1530 Latinos
3383 1472 3453 1527 de
3474 1485 3602 1525 voco
3622 1467 3865 1525 vocatio-

2214 1587 2313 1630 nes
2353 1571 2708 1628 derivantur.
2753 1567 2927 1624 Nona:
2955 1567 3188 1622 Graecus
3221 1574 3405 1619 sermo
3446 1565 3554 1630 est,
3589 1559 3743 1615 unde
3768 1571 3865 1613 ve—

452 1675 518 1734 in'
539 1677 724 1748 βτίωο
745 1687 914 1744 anno:
945 1673 1003 1728 ίη
1032 1645 1147 1742 ίῐυο
1174 1666 1246 1724 24
1275 1665 1466 1723 Ultimi
1512 1675 1695 1734 usque
1731 1661 1791 1715 in
1825 1654 1890 1712 44
1922 1653 2094 1726 Primi
2129 1645 2182 1708 Β
2214 1664 2383 1720 niunt
2407 1664 2598 1718 Nonae.
2621 1662 2794 1716 Nonae
2822 1672 2855 1714 a
2877 1655 3156 1714 nundinis
3176 1653 3512 1710 derivantur
3535 1649 3690 1719 apud
3718 1646 3869 1702 Grae-

453 1766 782 1825 numerabis
825 1778 858 1820 a
894 1761 1092 1818 Pasch.
1151 1756 1555 1823 solemnitatis,
1613 1758 1806 1808 utrum
1852 1749 1910 1803 in
1947 1760 2096 1802 anno

452 1856 763 1926 communi,
797 1868 868 1910 an
911 1849 1291 1908 embolismali
1340 1846 1541 1903 debeat
1569 1839 1869 1910 celebrari,
1904 1838 2014 1894 rite
2042 1840 2099 1893 et

454 1948 668 2019 absque
695 1945 814 2002 ullo
844 1956 1038 2001 errore
1069 1940 1337 2011 reperies.

847 2054 921 2106 De
946 2053 1180 2120 quatuor
1205 2046 1529 2116 differentiis
1548 2043 1709 2097 luna.

527 2162 648 2220 XV.
675 2161 930 2231 Quatuor
959 2155 1299 2214 diﬁ‘erentiaz
1321 2153 1606 2209 lunarum.
1628 2147 1981 2214 Victorinus,
2004 2139 2106 2210 30;

457 2252 750 2309 Onatilius
797 2256 852 2305 et
891 2245 1223 2304 Laterculus
1265 2243 1419 2299 alius
1447 2239 1554 2310 30;
1593 2239 1748 2294 alius
1793 2233 1900 2304 29;
1955 2231 2104 2303 apud

458 2345 721 2401 Hebrmos
765 2337 837 2396 29
869 2343 925 2394 et
975 2336 1168 2394 semis.
1212 2332 1374 2403 Apud
1401 2329 1695 2402 Egyptios
1736 2323 1826 2382 29.
1859 2321 2108 2395 Egyptii

461 2433 683 2490 faciunt
732 2430 791 2486 in
844 2427 998 2485 omni
1049 2439 1197 2482 anno
1248 2421 1314 2478 42
1356 2433 1593 2477 menses.
1651 2419 1711 2472 In
1764 2423 2111 2485 unoquoque

462 2535 652 2578 mense
672 2518 740 2576 3O
769 2518 914 2586 dies,
950 2517 1007 2572 in
1037 2529 1151 2571 uno
1175 2526 1362 2569 mense
1393 2508 1428 2566 5
1457 2509 1548 2564 ad.
1575 2504 1907 2562 Communis
1927 2513 2112 2556 annus

465 2610 633 2665 habet
660 2608 786 2663 dies
813 2602 936 2660 354.
965 2604 1124 2658 Adde
1152 2599 1210 2655 44
1239 2619 1250 2655 :
1294 2601 1439 2654 tiunt
1467 2597 1592 2652 dies
1611 2591 1735 2649 365.
1764 2590 1918 2647 Adde
1938 2600 2110 2658 supra

465 2697 550 2770 49,
579 2703 634 2754 et
655 2697 718 2753 ﬁt
742 2693 948 2753 embol.
981 2693 1084 2747 Hic
1108 2704 1294 2746 annus
1325 2686 1494 2742 habet
1513 2685 1638 2740 dies
1663 2678 1784 2737 384.

783 2804 858 2855 De
897 2797 1251 2853 celebratione
1272 2794 1450 2848 sancti
1485 2790 1785 2844 Paschatis.

533 2910 677 2965 XVI.
711 2908 835 2977 Quo
859 2905 955 2963 die
978 2903 1248 2960 debemus
1271 2900 1481 2956 Pascha
1511 2897 1816 2959 celebrare,
1846 2893 1995 2950 idem
2021 2890 2110 2964 30,

463 2999 548 3057 vel
578 2995 668 3069 34,
701 2976 757 3054 et
795 2996 920 3065 hoc,
957 2998 1020 3050 ut
1059 2992 1205 3061 dixi,
1242 2991 1301 3046 in
1336 2987 1401 3044 49
1431 3001 1581 3044 anno
1605 2986 1750 3058 cycli
1793 2985 1856 3040 ﬁt
1887 2987 2116 3054 propter
2147 2976 2195 3040 C

463 3086 827 3144 concordiam
880 3087 1224 3154 epactarum.
1277 3079 1376 3135 Isti
1425 3077 1614 3133 auiem
1668 3073 1737 3131 30
1785 3074 1910 3130 dies
1956 3075 2113 3142 sunt,

469 3177 642 3247 idque
668 3173 773 3232 354
793 3174 919 3231 dies
947 3173 1083 3228 anni
1103 3169 1426 3227 communis
1455 3179 1630 3237 supra
1650 3168 1914 3221 crescunt
1937 3175 2118 3232 usque

467 3266 526 3320 in
553 3261 660 3320 384
684 3263 811 3320 dies
839 3261 976 3318 anni
1002 3257 1438 3325 embolismalis,
1467 3255 1605 3326 quia
1634 3251 1923 3310 communi
1945 3263 2114 3319 anno,

462 3359 564 3410 aut
583 3351 708 3424 354,
739 3352 864 3408 dies
906 3349 1117 3406 Pascha
1143 3361 1253 3404 non
1287 3347 1422 3402 licet
1445 3343 1749 3400 celebrare.
1778 3343 1961 3412 Supra
1987 3353 2119 3396 vero

468 3443 569 3499 hos
588 3442 715 3498 dies
745 3441 908 3500 licet.
942 3442 1004 3495 In
1033 3434 1416 3494 embolismali
1445 3439 1633 3490 autem
1655 3446 1805 3488 anno
1831 3434 1960 3487 ante
1989 3425 2114 3498 384,

462 3533 548 3589 vel
617 3530 672 3600 5,
738 3543 848 3586 non
897 3527 1065 3584 debet
1139 3525 1351 3581 Pascha
1397 3521 1693 3580 celebrari.
1749 3521 1931 3590 Supra
1987 3533 2117 3574 vero

466 3622 621 3677 licet.
685 3623 796 3676 Iste
839 3632 973 3690 ergo
1032 3629 1306 3673 numerus
1370 3613 1595 3669 dierum
1661 3611 1721 3665 in
1787 3609 2118 3665 communi—

465 3710 572 3765 bus
594 3709 784 3779 annis,
804 3712 861 3763 et
878 3703 1376 3763 embolismalibus
1399 3703 1457 3757 in
1485 3698 1868 3756 celebratione
1891 3697 2116 3754 Pascha:

464 3797 884 3854 observandum
905 3801 1012 3850 est.

963 3901 1041 3954 De
1065 3899 1371 3955 embolismo
1392 3897 1614 3966 majori.

535 3992 710 4048 XVII.
760 3988 972 4059 Incipit
1029 3988 1099 4044 de
1166 3985 1501 4042 embolismo
1559 3986 1782 4056 majori.
1840 3985 2119 4056 Majorum

470 4080 941 4137 embolismorum
987 4076 1135 4133 ratio
1181 4075 1456 4146 probatur
1483 4075 1746 4145 existere,
1779 4076 1926 4145 quod
1959 4089 2124 4132 com-

475 4170 739 4225 munium
756 4180 1037 4224 annorum
1057 4165 1285 4222 videtur
1303 4165 1509 4221 damna
1531 4164 1817 4235 supplere,
1839 4170 2122 4235 quatenus

466 4261 524 4313 et
543 4255 726 4312 solare
758 4260 982 4326 tempus
1004 4253 1227 4311 lunaris
1255 4253 1592 4324 exsequitur
1614 4252 1897 4308 excursio.
1924 4252 2123 4309 Embo-

2212 1768 2326 1810 cos.
2360 1751 2523 1822 Apud
2568 1751 2800 1806 Latinos
2843 1750 3172 1808 mercatum,
3222 1742 3306 1798 vel
3357 1739 3735 1796 mercimonia
3769 1736 3865 1791 di—

2213 1847 2442 1899 cuntur.
2476 1840 2613 1896 ldus
2641 1839 2872 1895 Graecus
2898 1849 3081 1892 sermo
3111 1837 3214 1889 est.
3247 1834 3310 1886 In
3343 1829 3611 1886 Latinum
3645 1826 3864 1882 dicitur

2215 1947 2315 1990 cor
2354 1931 2656 1999 mensium,
2688 1927 2775 1983 vel
2801 1925 3072 1982 medietas
3097 1921 3400 1978 mensium.

2627 2020 2762 2074 Item
2787 2017 2851 2071 de
2879 2013 3144 2070 Kalendis
3169 2012 3452 2066 mensium.

2289 2112 2417 2168 XX.
2451 2109 2598 2180 Quid
2636 2114 2772 2164 sunt
2801 2106 2969 2162 dictae
2999 2097 3302 2158 Kalendae?
3348 2096 3638 2165 Kalendae,
3670 2095 3862 2161 Nonae,

2222 2204 2355 2259 Idus
2382 2202 2612 2256 Graecus
2641 2210 2825 2254 sermo
2856 2199 2961 2251 est.
2995 2195 3229 2262 Propter
3270 2188 3441 2244 festos
3471 2186 3603 2241 dies
3631 2182 3865 2240 Romani

2222 2291 2619 2359 instituerunt,
2647 2286 2732 2342 vel
2758 2289 2986 2356 prOpter
3015 2280 3197 2338 oﬁicia
3225 2278 3670 2349 magistrorum;
3697 2274 3755 2328 in
3785 2271 3868 2326 his

2220 2381 2372 2437 enim
2421 2379 2628 2435 diebus
2673 2372 3162 2447 congregabantur
3210 2370 3268 2424 in
3319 2365 3582 2423 urbibus.
3631 2363 3865 2433 Quidam

2221 2475 2408 2528 autem
2451 2468 2732 2524 Kalendas
2769 2479 2800 2521 a
2844 2463 3063 2519 colendo
3115 2457 3390 2530 appellari
3440 2456 3865 2521 existimarunt,

2222 2561 2308 2618 vel
2348 2575 2380 2616 a
2424 2561 2561 2621 calo,
2595 2557 2650 2613 id
2695 2563 2782 2612 est
2807 2569 2955 2616 voco,
2986 2564 3114 2608 nam
3144 2549 3467 2619 astrologus
3497 2543 3738 2601 vocabat
3771 2555 3872 2612 po-

2226 2649 2446 2722 pulum,
2480 2652 2544 2704 ut
2581 2647 2838 2702 viderent
2875 2654 3175 2707 accensum
3222 2639 3391 2709 lunaa,
3426 2637 3481 2692 id
3505 2639 3594 2691 est
3638 2633 3867 2689 initium

2225 2740 2423 2810 primae
2476 2737 2646 2808 luna},
2679 2736 2764 2791 vel
2808 2733 3103 2789 stellarum
3141 2740 3394 2795 cursum,
3428 2739 3556 2795 qua:
3595 2729 3749 2785 ante,
3778 2725 3870 2775 aut

2226 2809 2376 2884 retro
2401 2828 2676 2892 currunt;
2709 2822 2858 2893 apud
2884 2825 3098 2877 veteres
3118 2818 3268 2874 enim
3291 2814 3548 2872 omnium
3588 2809 3867 2866 mensium

2227 2916 2514 2988 principia
2530 2913 2880 2971 colebantur.
2901 2913 3074 2966 Nona:
3099 2922 3200 2978 pro
3222 2919 3333 2977 quo
3356 2904 3641 2959 dicuntur
3661 2900 3690 2954 i’
3710 2901 3870 2953 Nona:

2225 3022 2257 3064 a
2307 3006 2582 3064 nondinis
2630 3007 2859 3060 vocatae.
2913 2999 3192 3057 Nondinae
3232 2995 3383 3051 enim
3433 2997 3572 3048 sunt
3633 2989 3869 3061 publica:

2226 3096 2647 3164 conventiones,
2679 3093 2734 3149 id
2757 3096 2844 3148 est
2866 3103 2899 3146 a
2930 3087 3334 3161 negotiatione,
3366 3083 3491 3139 sive
3516 3095 3549 3136 a
3581 3079 3864 3135 mercimo-

2227 3187 2324 3242 nia
2366 3184 2632 3242 nondinae
2682 3180 3014 3238 solemnitas
3051 3177 3288 3232 dicitur.
3331 3173 3517 3242 Quare
3558 3169 3786 3239 antiqui
3817 3178 3867 3221 iv

2226 3280 2392 3347 Non.,
2443 3275 2528 3330 vel
2559 3287 2613 3328 v1
2644 3273 2788 3328 Non.
2846 3270 2972 3325 ideo
3009 3262 3374 3324 diviserunt?
3421 3275 3475 3317 tv
3505 3262 3677 3320 Non.,
3708 3258 3788 3313 vel
3815 3269 3864 3311 vt

2228 3369 2370 3423 Non.
2406 3378 2517 3421 non
2573 3362 2699 3419 ideo
2741 3359 3085 3425 diviserunt,
3139 3361 3343 3412 utnon
3383 3351 3600 3407 scirent
3630 3348 3871 3403 latrones

2231 3460 2538 3514 mercatum
2556 3452 2810 3521 illorum,
2834 3447 3062 3522 quando
3086 3457 3209 3501 esse
3233 3442 3482 3510 deberet,
3512 3439 3610 3512 qui
3643 3439 3877 3494 abscon-

2227 3546 2435 3602 debant
2463 3556 2522 3598 se
2555 3556 2652 3612 per
2670 3541 2895 3597 diversa
2925 3533 3166 3593 latibula
3197 3533 3255 3588 in
3286 3530 3524 3588 secretis
3549 3528 3693 3584 locis
3714 3528 3873 3596 juxta

2229 3638 2400 3707 viam,
2427 3640 2482 3691 et
2503 3633 2794 3689 venientes
2821 3628 2891 3685 ad
2934 3630 3244 3683 mercatum
3275 3619 3630 3687 occidebant,
3659 3623 3713 3673 et
3737 3630 3875 3686 spo-

2231 3702 2474 3783 liabant.
2508 3723 2629 3792 Qua
2653 3732 2824 3777 causa
2847 3717 3016 3773 dictae
3037 3713 3322 3771 suntldus
3341 3724 3440 3766 cor
3460 3707 3762 3772 mensium,
3790 3702 3872 3757 vel

2231 3815 2504 3872 medietas
2533 3807 3010 3867 mensiumildus
3036 3809 3223 3860 autem
3257 3800 3518 3871 plerique
3551 3795 3871 3852 Latinorum

2230 3905 2301 3962 ab
2330 3903 2534 3959 edendo
2571 3901 2758 3956 dictas
2789 3899 3011 3968 putant,
3042 3893 3191 3964 quod
3222 3891 3282 3946 hi
3311 3889 3440 3945 dies
3485 3886 3636 3957 apud
3665 3888 3873 3939 veteres

2229 3995 2532 4066 epularum
2584 3993 2792 4059 essent,
2834 3986 2918 4042 vel
2945 3984 3164 4056 species
3213 3980 3426 4036 mensis
3455 3970 3873 4048 sequentis,~vel

2232 4062 2462 4156 propter
2483 4079 2732 4136 medium
2752 4074 2985 4146 mensis,
3006 4072 3141 4144 quia
3162 4070 3392 4126 iduuare
3411 4067 3608 4123 Graece
3630 4062 3872 4120 medium

2229 4173 2471 4229 dicitur.

2274 4186 2471 4229 tentur.

2406 4263 2481 4315 De
2500 4259 2644 4328 feria
2671 4252 3032 4310 monstranda
3059 4254 3118 4305 in
3149 4249 3269 4305 Kal.
3311 4244 3378 4303 42
3411 4247 3701 4300 mensium.

468 4346 674 4403 “smus
715 4359 890 4418 quare
935 4345 1015 4416 ﬁt.
1063 4347 1120 4402 et
1156 4343 1439 4415 quomodo
1471 4343 1552 4411 ﬁt.
1586 4347 1642 4398 et
1679 4342 1818 4413 quid
1869 4347 2033 4412 esset.
2068 4343 2117 4398 si
2147 4347 2202 4410 D
2302 4351 2454 4407 XXI.
2479 4327 2536 4405 Si
2564 4348 2652 4404 vis
2673 4359 2838 4402 nosse
2868 4342 3090 4411 feriam,
3116 4339 3322 4396 hocest
3349 4331 3555 4392 diem7
3585 4334 3643 4389 in
3671 4331 3794 4388 Kal.
3818 4327 3877 4384 ιε

469 4450 581 4494 non
627 4435 854 4504 fuisset,
898 4435 1182 4505 quomodo
1219 4432 1276 4489 id
1323 4432 1404 4487 ﬁt.
1432 4431 1742 4488 Commune
1779 4435 1834 4487 et
1857 4445 2123 4488 commu-

468 4541 559 4598 ne,
585 4532 643 4583 et
671 4526 819 4582 ﬁunt
855 4525 972 4580 duo
1001 4523 1138 4580 anni
1170 4521 1404 4590 solares,
1432 4525 1488 4577 et
1527 4520 1779 4577 resident
1805 4518 1876 4576 22
1903 4521 2028 4577 dies
2051 4523 2124 4578 de

467 4616 696 4672 duobus
723 4615 893 4672 annis
923 4613 1087 4669 solis.
1111 4611 1202 4666 Fit
1239 4611 1409 4666 tertio
1438 4624 1607 4682 anno,
1641 4616 1697 4667 et
1720 4616 2030 4682 supersunt
2053 4608 2124 4667 23

467 4703 594 4759 dies
615 4704 774 4760 solis.
800 4703 892 4758 Fit
911 4699 1284 4758 embolismus
1305 4700 1475 4756 tertio
1499 4713 1648 4757 anno
1670 4701 1838 4769 lunae,
1869 4706 1926 4758 et
1943 4701 2126 4772 depo-

475 4791 565 4846 nit
592 4789 662 4848 30
690 4792 837 4861 dies,
870 4796 926 4846 et
962 4793 1275 4858 supersunt
1296 4787 1350 4861 3,
1381 4794 1438 4846 et
1475 4790 1620 4846 ﬁunt
1658 4790 1934 4846 similiter
1961 4803 2114 4846 com.

469 4893 613 4936 com.
636 4881 752 4937 duo
772 4879 932 4950 anni,
967 4878 1290 4951 singulares
1309 4877 1344 4935 3
1368 4880 1540 4936 tertio
1559 4893 1710 4936 anno
1730 4880 1901 4952 lunae,
1933 4880 1988 4936 id
2012 4893 2122 4936 em-

470 4967 752 5026 bolismus
771 4969 1006 5040 deponit
1038 4967 1108 5025 3O
1137 4969 1280 5025 dies.
1309 4970 1628 5039 Supersunt
1661 4968 1714 5039 3,
1745 4970 1800 5026 id
1832 4970 1866 5026 6
1895 4971 2022 5026 dies
2050 4970 2122 5027 de

469 5057 1002 5116 6annocommuni.
1046 5057 1188 5116 Id44
1237 5060 1362 5116 dies
1407 5065 1718 5130 supersunt
1760 5061 1895 5116 anni
1955 5061 2116 5132 solis,

470 5150 609 5222 quia
639 5149 688 5206 si
716 5162 858 5205 com.
888 5150 1058 5207 aliter
1077 5164 1210 5206 ann.
1248 5151 1304 5206 id
1336 5155 1646 5220 supersunt
1667 5164 1700 5206 a
1723 5151 1841 5208 sole
1855 5148 1945 5221 22,
1972 5151 2122 5207 inter

466 5237 504 5294 2
549 5252 784 5310 annum,
843 5243 902 5294 et
945 5238 980 5294 6
1030 5239 1377 5310 superiores,
1449 5239 1577 5296 ideo
1630 5253 1855 5297 necesse
1902 5245 1988 5297 est
2059 5247 2123 5299 ut

471 5329 531 5384 in
557 5329 738 5385 altero
762 5341 912 5385 anno
955 5327 1052 5384 ﬁat
1098 5329 1490 5405 embolismus,
1518 5334 1572 5385 et
1622 5343 1733 5386 non
1783 5330 1967 5387 solum
1997 5345 2124 5388 em—

470 5417 753 5561 bolismus
799 5417 1000 5490 implet
1039 5417 1166 5475 dies
1220 5416 1305 5490 49,
1361 5419 1457 5475 sed
1506 5424 1818 5490 supersunt
1853 5419 1970 5479 duo
1997 5422 2124 5479 dies

498 5517 639 5561 unae.

498 5517 639 5562 ιιιιεε.

2233 4441 2536 4511 mensium,
2584 4437 2728 4494 scito
2759 4438 2900 4506 quot
2948 4430 3237 4504 regulares
3262 4427 3433 4484 habet
3479 4423 3876 4492 unusquisque

2233 4531 2466 4600 mensis,
2485 4543 2517 4585 a
2547 4527 2752 4583 Martio
2778 4523 3082 4594 incipiens,
3111 4519 3249 4590 quia
3268 4518 3326 4574 in
3352 4515 3455 4571 illo
3474 4513 3571 4569 die
3595 4511 3876 4568 factusest

2234 4599 2500 4686 mundus,
2543 4621 2599 4672 et
2642 4612 2986 4687 illegmensis
3028 4609 3142 4668 fuit
3166 4605 3515 4679 principium
3566 4602 3711 4658 anni
3736 4599 3872 4670 apud

2233 4708 2504 4778 antiquos
2534 4707 2815 4762 Romanos
2844 4706 3096 4772 tempore
3125 4695 3375 4765 Romuli,
3397 4707 3454 4749 et
3481 4694 3538 4748 in
3570 4691 3678 4748 illo
3700 4699 3876 4746 mense

2231 4776 2567 4854 discurrunt
2595 4798 2803 4865 epactm
2832 4791 2994 4860 solis,
3031 4788 3087 4844 id
3127 4791 3214 4843 est
3237 4786 3650 4842 concurrentes
3673 4776 3708 4835 7
3737 4779 3872 4842 dies,

2231 4892 2286 4944 et
2321 4901 2379 4942 Ix
2418 4885 2542 4942 Kal.
2589 4885 2726 4954 Apr.
2763 4883 2823 4938 in
2862 4879 3022 4950 cyclo
3047 4875 3120 4934 28
3142 4886 3444 4932 annorum.
3478 4870 3728 4926 Martius
3753 4878 3876 4954 ergo

2235 4977 2402 5033 habet
2431 4951 2720 5045 regulares
2742 4970 2796 5040 5,
2832 4969 3055 5040 Aprilis
3100 4963 3149 5037 4,
3184 4965 3313 5020 Mai.
3342 4960 3400 5033 3,
3433 4963 3572 5018 Jun.
3603 4957 3660 5029 6,
3685 4956 3791 5013 Jul.
3821 4951 3874 5045 4.

2232 5068 2372 5138 Aug.
2409 5061 2459 5136 4,
2500 5043 2777 5134 Septemb.
2809 5056 2864 5129 7,
2915 5057 3110 5114 Octob.
3144 5053 3199 5126 2,
3239 5051 3506 5110 Novemb.
3532 5047 3591 5119 5,
3624 5043 3873 5103 Decemb.

2229 5154 2285 5226 7,
2311 5158 2430 5212 Jan.
2459 5152 2512 5222 3,
2559 5152 2668 5208 Feb
2715 5150 2767 5206 6.
2812 5151 2924 5205 Hos
2948 5161 3081 5220 ergo
3123 5143 3413 5216 regulares
3444 5139 3593 5196 adde
3637 5147 3882 5193 concur-

2235 5245 2494 5303 rentibus
2511 5241 2809 5314 praesentis
2824 5236 3137 5308 cujuslibet
3154 5233 3289 5290 anni
3314 5245 3414 5303 per
3430 5227 3502 5285 28
3521 5241 3725 5295 annos,
3750 5231 3880 5280 tunc

2231 5335 2383 5392 enim
2411 5332 2605 5404 oyclus
2641 5330 2784 5387 solis
2808 5330 2866 5384 in
2890 5341 2951 5383 se
2982 5325 3287 5382 revertitur
3307 5327 3481 5378 totus.
3515 5317 3641 5387 Qua
3665 5326 3881 5372 summa

2233 5425 2291 5480 in
2315 5403 2526 5494 septem
2556 5420 2763 5490 divisa,
2790 5423 3003 5490 quotus
3019 5427 3294 5472 numerus
3320 5408 3618 5476 remansit,
3634 5410 3752 5462 tota
3775 5403 3886 5458 erit

2230 5511 2374 5570 feria
2404 5513 2462 5568 in
2494 5509 2618 5567 Kal.
2651 5506 2718 5566 42
2744 5507 3048 5565 mensium.
3073 5504 3133 5562 Si
3160 5508 3346 5560 autem
3376 5504 3558 5557 totum
3581 5505 3884 5553 numerum
