4076 6174
313 266 336 323 4
345 263 454 325 289

1653 278 1853 334 LIBER
1899 281 1990 338 DE
2026 280 2367 342 COMPUTO.

310 407 412 464 per
439 389 474 448 7
501 393 792 466 diviseris,
838 397 1078 455 Sabbato
1108 404 1278 456 erunt
1303 401 1568 460 Kalendae
1601 404 1766 462 illius
1793 420 1958 462 men-
1979 405 2037 465 A

309 484 414 554 sis,
441 483 512 539 de
537 485 704 554 cujus
722 484 862 542 feria
882 488 1180 557 quazritur.
1212 491 1270 547 Si
1301 506 1430 549 vero
1455 493 1553 550 ille
1580 508 1854 552 numerus
1879 509 1961 552 re-

3576 298 3714 359 4290

2494 418 2570 472 De
2599 421 2800 488 epactis
2830 424 2889 476 in
2917 438 2975 480 χι
2993 429 3118 482 Kal.
3142 429 3284 500 Apr.

2138 502 2336 558 XXVI.
2375 505 2433 560 Si
2468 507 2554 595 vis
2589 521 2754 566 nosse
2783 521 3010 582 epactas
3043 517 3101 572 in
3138 534 3194 575 χι
3226 521 3348 577 Kal.
3378 521 3540 595 Apr.,
3567 526 3712 584 scito

308 573 575 642 gularum
614 578 670 628 et
699 578 1164 634 concurrentium
1213 580 1388 637 simul
1434 583 1502 638 ad
1535 581 1568 638 7
1613 598 1724 640 non
1758 599 1960 655 perve—
2070 596 2242 660 quota
2281 592 2418 649 luna
2469 594 2646 653 fuerit
2691 599 2749 656 in
2799 615 2856 657 x1
2897 603 3020 659 Kal.
3053 606 3213 680 Apr.,
3259 573 3709 683 talemrepactam

311 661 482 723 nerit,
517 667 730 731 quotus
769 677 1042 722 numerus
1087 665 1285 740 fuerit,
1334 676 1450 727 tota
1496 672 1610 727 erit
1638 671 1780 729 feria
1808 689 1960 744 prze—
2068 677 2304 736 habebis
2355 685 2511 740 omni
2568 693 2836 759 tempore.
2884 691 3031 760 Quia
3074 661 3255 752 Graeci
3306 715 3436 757 vero
3486 661 3714 773 (:pactas

311 750 635 773 unum.
1129 772 1136 773 ,
1337 761 1348 773 .
1524 768 1532 773 .
1588 768 1596 773 .
2335 771 2340 773 -

309 764 440 806 sens
459 750 518 805 in
534 751 659 806 Kal.
686 754 1148 828 uniuscujusque
1172 761 1384 818 mensis
1406 775 1505 832 per
1520 768 1703 819 totum
1721 776 1956 820 annum.

652 844 729 896 De
757 847 958 912 epactis
978 847 1038 900 in
1069 849 1195 901 Kal.
1232 845 1298 905 42
1320 853 1602 906 mensium.

377 926 555 982 XXII.
596 928 655 984 Si
704 931 792 986 vis
829 933 979 989 scire
1021 940 1248 1004 epactas
1292 938 1351 993 in
1395 939 1518 995 Kal.
1555 938 1622 996 l2
1650 943 1953 1014 mensium,

305 1015 455 1071 scies
485 1023 625 1088 quot
652 1021 941 1092 regulares
983 1024 1150 1080 habet
1181 1029 1584 1100 unusquisque
1615 1032 1830 1088 mensis
1859 1034 1960 1087 in-

303 1104 529 1174 cipiens
553 1119 584 1161 a
617 1107 954 1183 Septembri,
989 1114 1126 1183 quia
1159 1115 1256 1171 ille
1283 1123 1365 1172 est
1413 1119 1766 1190 principium
1793 1121 1951 1194 anni,

304 1199 362 1247 et
392 1195 744 1265 principium
777 1201 1057 1256 mensium
1099 1205 1249 1273 apud
1278 1205 1592 1279 Egyptios,
1620 1213 1677 1264 et
1702 1209 1760 1264 in
1791 1209 1956 1279 prin-

304 1281 461 1351 cipio
483 1284 832 1355 Septembris
876 1295 1100 1347 mutant
1140 1293 1389 1365 IEgyptii
1422 1302 1670 1367 epactas,
1719 1303 1777 1353 et
1825 1298 1956 1355 illas

304 1377 531 1440 epactas
554 1375 792 1449 primas,
818 1393 962 1449 quas
979 1381 1229 1454 Egyptii
1256 1385 1463 1440 habent
1482 1387 1540 1442 in
1565 1386 1854 1458 principio
1870 1403 1958 1459 cy-

305 1459 380 1515 cli
432 1461 491 1516 in
522 1463 646 1518 Kal.
683 1463 750 1521 42
779 1470 1061 1526 mensium
1103 1486 1205 1527 nos
1236 1475 1528 1546 regulares
1570 1476 1863 1548 habemus,
1897 1490 1952 1531 v.

303 1564 380 1621 g.,
409 1563 441 1604 a
474 1552 625 1622 Sept.
657 1551 712 1625 5,
752 1555 949 1613 Octob.
976 1557 1029 1615 5.
1063 1563 1265 1618 Insunt
1293 1577 1427 1635 ergo
1460 1565 1823 1637 regularibus
1847 1567 1957 1622 ad-

301 1639 444 1695 ditis
482 1643 718 1714 epactis,
765 1660 1137 1720 quaecumque
1169 1650 1386 1708 fuerint
1431 1655 1490 1708 in
1526 1669 1582 1709 x1
1636 1656 1758 1711 Kal.
1790 1657 1951 1726 Apr.,

2066 780 2124 821 χι
2157 769 2281 859 Kal.
2314 771 2448 842 Apr.
2495 784 2731 849 ponunt,
2780 794 2880 850 pro
2907 795 2972 838 eo
3017 786 3166 855 quod
3208 787 3346 844 luna
3398 769 3711 859 primatum

2069 858 2274 930 noctis,
2294 860 2530 929 jubente
2548 866 2809 938 Domino,
2836 874 2986 929 tenet
3007 891 3020 935 ;
3039 876 3354 932 dicitenim
3376 858 3707 949 Scriptura:

2065 946 2134 998 Et
2179 949 2310 1014 fecit
2339 953 2479 1006 Deus
2512 954 2618 1009 duo
2660 973 2862 1028 magna
2888 963 3208 1032 luminaria,
3233 973 3282 1024 et
3327 946 3523 1040 posuit
3553 987 3616 1028 ea
3654 975 3676 1027 ἰ

2064 1036 2400 1102 ﬁrmamento
2439 1043 2572 1096 cadi.
2610 1047 2906 1105 Luminare
2952 1055 3154 1122 majus,
3194 1062 3256 1111 ut
3286 1068 3544 1130 praeesset
3581 1066 3691 1120 diei

2067 1129 2116 1178 et
2169 1126 2436 1185 luminare
2464 1135 2664 1207 minus,
2716 1143 2777 1192 ut
2811 1151 3063 1209 praesset
3117 1126 3306 1218 nocti;
3334 1159 3390 1208 et
3421 1155 3548 1210 ideo
3596 1165 3701 1216 tre:

2063 1211 2364 1318 diesquos
2392 1225 2546 1278 atros
2585 1227 2835 1296 appellat
2866 1234 3206 1309 antiquitas,
3254 1211 3356 1311 qui
3405 1211 3710 1318 antequam

2067 1301 2379 1396 luminaria
2393 1321 2763 1374 crearentura
2784 1301 3027 1379 Domino
3041 1301 3480 1391 facta'in.Genesi
3501 1301 3714 1396 descri-

2067 1390 2285 1498 buntur
2307 1399 2731 1498 suisnpartibus,
2756 1409 2987 1481 sibique
2999 1416 3312 1477 vindicant.
3333 1423 3416 1480 Ad
3439 1390 3713 1498 queinrti-t

2064 1482 2284 1540 dictum
2296 1493 2398 1560 est,
2419 1490 2583 1548 ﬁnem
2598 1493 2967 1559 faciuntanni
2984 1506 3244 1567 initium'
3263 1529 3371 1585 que
3389 1482 3709 1589 praevaluit.

2559 1585 2636 1636 De
2669 1590 2900 1656 tempore
2925 1600 3208 1653 mensium.

2132 1661 2356 1720 XXVII.
2386 1668 2656 1740 Tempora
2691 1679 2972 1737 mensium
3027 1693 3166 1756 quot
3195 1695 3378 1748 sunt?
3415 1698 3704 1767 Quatuor:

302 1731 563 1800 quolibet
584 1747 734 1789 anno
763 1736 1017 1794 invenies
1041 1746 1267 1810 epactas
1300 1743 1359 1798 in
1390 1744 1514 1799 Kal.
1551 1742 1618 1800 l2
1647 1747 1945 1803 mensium.
1992 1760 2174 1823 Bver,
2212 1760 2396 1826 aestas,
2439 1765 2753 1819 autumnus
2781 1773 2838 1822 et
2869 1731 3078 1841 hyems.
3122 1779 3228 1834 Ver
3257 1731 3712 1856 quippéu‘exrli;

599 1825 680 1856 ΑΛ
729 1828 918 1856 vendam
987 1833 1046 1856 Α...
1087 1847 1408 1856 “cnnamum
1468 1851 1643 1856 ψη---
2062 1844 2117 1856 ιη
2147 1855 2151 1856 ,
2187 1855 2216 1856 ,,
2317 1845 2359 1856 ν
2403 1845 2416 1856 .
2465 1849 2517 1856 --

583 1825 680 1879 Ad
722 1828 922 1893 feriam
987 1833 1049 1883 in
1087 1847 1408 1901 unoquoque
1465 1851 1662 1890 mense.

368 1909 574 1966 XXIII.
605 1914 663 1968 Si
698 1915 786 1970 vis
811 1929 1007 1986 sapere
1029 1925 1201 1989 quota
1233 1919 1376 1977 feria
1405 1929 1492 1978 est
1519 1924 1577 1978 in
1608 1939 1951 1998 unoquoque

297 1997 392 2053 die
409 2000 670 2058 datarum
699 2018 797 2073 per
818 2011 1000 2062 totum
1018 2021 1251 2080 annum,
1271 2025 1433 2068 sume
1455 2013 1582 2069 dies
1604 2029 1635 2069 a
1664 1997 1951 2087 principio

301 2089 532 2158 mensis,
562 2092 663 2160 qui
688 2093 793 2148 tibi
818 2109 1066 2163 praesens
1092 2097 1288 2164 fuerit,
1324 2115 1506 2170 usque
1535 2103 1604 2157 ad
1639 2105 1949 2161 terminum

298 2177 640 2256 paschalem,
670 2182 769 2252 qui
800 2188 888 2238 est
914 2199 1064 2241 anno
1105 2189 1367 2256 praesenti
1396 2204 1468 2244 xv
1497 2191 1620 2245 Kal.
1649 2193 1783 2248 Mai.
1815 2193 1948 2250 Dies

300 2253 512 2321 mensis
542 2275 676 2324 sunt
703 2268 768 2326 47
794 2273 970 2342 ;adde
990 2253 1120 2330 dies
1137 2277 1486 2349 septimanae,
1519 2281 1619 2350 qui
1653 2295 1949 2350 praecesse-

298 2355 417 2409 rint
441 2357 562 2412 Kal.
590 2359 755 2416 illius
777 2363 1009 2434 mensis,
1037 2363 1092 2418 id
1111 2371 1196 2421 est
1219 2366 1285 2437 6;
1315 2367 1478 2425 mitte
1503 2369 1677 2426 simul
1704 2386 1834 2428 cum
1859 2369 1945 2444 47,

299 2442 444 2500 ﬁunt
470 2444 557 2502 23.
586 2449 698 2504 llos
727 2450 920 2507 divide
967 2465 1064 2522 per
1092 2455 1390 2524 septimam
1446 2464 1682 2532 partem,
1715 2442 1947 2519 dimitte

295 2530 382 2604 24,
427 2534 488 2590 ﬁt
519 2541 604 2592 ter
647 2539 876 2611 septies,
927 2551 1218 2599 remanent
1269 2543 1320 2600 2.
1369 2547 1627 2605 Secunda
1669 2530 1811 2606 feria
1860 2555 1948 2608 est

295 2624 576 2680 terminus
595 2628 882 2696 paschalis
904 2631 1040 2686 anni
1066 2636 1383 2705 praesentis,
1403 2637 1604 2708 sicque
1631 2653 1728 2708 per
1749 2654 1946 2696 omnes

296 2723 534 2785 menses,
555 2717 744 2786 qualis
759 2718 839 2774 sit
868 2717 1009 2776 feria
1034 2721 1090 2776 in
1122 2720 1464 2797 unaquaque
1480 2727 1576 2782 die
1596 2730 1946 2801 ostenditur,

290 2800 570 2874 colligens
617 2819 812 2863 omnes
840 2809 965 2864 dies
994 2825 1026 2866 a
1055 2812 1180 2866 Kal.
1211 2813 1374 2869 illius
1412 2818 1622 2872 mensis
1663 2835 1846 2892 usque
1876 2800 1946 2876 ad

293 2897 620 2955 praesentem
635 2893 786 2948 diem
801 2910 967 2964 quem
993 2898 1264 2954 volueris.
1281 2901 1480 2956 Added
1493 2904 1574 2959 ies
1589 2907 1944 2978 septimanae,

289 2977 393 3045 qui
422 2981 816 3046 praecesserint
835 2983 1119 3040 Kalendas
1148 2986 1313 3041 illius
1332 2992 1564 3059 mensis,
1595 2977 1949 3063 quicumque

290 3062 544 3119 fuerunt.
574 3068 633 3122 Si
660 3074 849 3124 autem
879 3071 1062 3140 prima
1080 3071 1221 3128 feria
1243 3073 1462 3130 fuerint
1488 3078 1614 3133 Kal.

289 3153 610 3226 Dominico,
638 3158 790 3212 nihil
821 3160 1013 3230 addes,
1048 3163 1161 3217 nisi
1192 3163 1318 3219 dies
1351 3167 1584 3222 mensis.
1617 3170 1820 3225 Divide
1855 3184 1953 3240 per

283 3239 342 3312 7,
377 3251 588 3313 quotus
620 3260 893 3304 numerus
925 3253 1281 3320 remanserit,
1331 3259 1448 3310 tota
1479 3257 1593 3311 erit
1623 3256 1765 3314 feria
1798 3239 1952 3329 prm-

287 3346 442 3388 sens.
495 3335 554 3389 Si
611 3342 801 3392 autem
851 3343 1032 3394 totum
1090 3355 1390 3398 numerum
1449 3359 1547 3414 per
1599 3343 1632 3401 7
1702 3349 1953 3417 partitus

287 3420 490 3492 fueris,
520 3424 827 3481 Sabbatum
857 3428 970 3484 erit
1004 3428 1106 3484 illa
1139 3429 1302 3502 feria,
1341 3447 1469 3503 qua:
1497 3435 1802 3506 qumritur.

463 3514 599 3566 Item
629 3513 693 3566 de
721 3517 885 3584 feria,
911 3532 1006 3570 seu
1026 3519 1102 3571 ad
1121 3522 1408 3576 terminum
1437 3525 1767 3592 paschalem.

359 3599 558 3655 XXIV.
591 3601 649 3655 Si
677 3602 764 3657 vis
807 3617 992 3673 nosse,
1027 3615 1202 3678 quota
1229 3607 1372 3666 feria
1399 3612 1498 3682 sit,
1534 3614 1948 3686 qualicumque

256 3679 381 3745 'die
409 3698 737 3762 computare
766 3696 1038 3769 volueris,
1073 3702 1200 3754 tene
1223 3700 1514 3771 regulares
1554 3705 1766 3760 mensis
1794 3720 1943 3774 pra:-

287 3777 488 3848 sentis,
525 3780 670 3835 adde
697 3791 1102 3842 concurrentes
1126 3786 1295 3855 cujus
1325 3788 1580 3844 volueris
1606 3792 1765 3862 anni,
1798 3807 1951 3852 com.

286 3865 570 3934 prehende
611 3868 670 3922 in
730 3885 928 3927 unum.
965 3874 1023 3928 Si
1073 3889 1255 3944 usque
1309 3883 1521 3946 septem
1556 3882 1942 3954 pervenerint,

281 3955 523 4023 septima
571 3955 716 4014 feria
767 3966 872 4016 est.
919 3962 977 4016 Si
1017 3969 1208 4018 autem
1242 3965 1436 4021 minus
1466 3980 1498 4022 a
1525 3976 1762 4042 septem,
1806 3972 1941 4027 talis

282 4042 395 4097 erit
414 4042 650 4116 feria.,Si
681 4055 870 4104 autem
894 4065 1068 4120 super
1090 4057 1301 4122 septem
1329 4056 1634 4127 creverint,
1666 4059 1940 4115 subtrahe

278 4126 338 4201 7,
369 4138 425 4186 et
453 4135 734 4205 quidquid
768 4138 1142 4210 superfuerit,
1179 4147 1295 4198 tota
1327 4141 1469 4198 feria
1505 4126 1634 4200 erit.
1670 4148 1782 4202 Hoc
1808 4149 1936 4218 qui-

279 4219 409 4275 dem
446 4223 516 4276 de
551 4224 672 4279 Kal.
718 4226 938 4282 dictum
969 4237 1074 4284 est.
1125 4230 1410 4288 Similiter
1435 4239 1492 4289 et
1521 4235 1570 4290 si
1613 4235 1748 4291 luna
1789 4239 1938 4293 scire

279 4309 372 4364 vis
389 4317 558 4379 quota
584 4314 682 4384 sit,
701 4316 796 4370 die
818 4330 1180 4388 quocumque
1205 4321 1475 4393 volueris,
1507 4325 1654 4380 scito
1681 4333 1852 4395 quota
1874 4327 1932 4382 in

280 4399 406 4453 Kal.
443 4401 630 4471 ipsius
671 4407 884 4461 mensis
918 4421 1017 4477 per
1040 4413 1264 4478 epactas
1293 4418 1348 4466 et
1380 4412 1668 4482 regulares
1701 4415 1929 4473 inventa

279 4469 483 4563 fuerit,
519 4498 576 4548 et
615 4498 740 4550 tene
769 4469 1165 4566 supradictum
1213 4469 1533 4557 numeruvm.
1570 4469 1726 4560 Adde
1751 4508 1923 4564 etiam
1961 4469 2014 4530 D

275 4578 406 4635 dies
431 4582 644 4638 mensis
672 4586 1010 4658 praeteritos,
1041 4589 1195 4644 sicut
1224 4605 1397 4661 supra
1420 4593 1489 4648 ad
1518 4591 1717 4650 feriam
1760 4597 1927 4654 dixi-

279 4682 428 4742 mus,
460 4677 517 4726 et
554 4686 732 4730 unum
777 4690 998 4747 semper
1049 4679 1342 4735 subtrahe.
1395 4682 1817 4754 Comprehende
1865 4689 1927 4746 in

276 4770 478 4813 unum.
506 4760 566 4814 Si
602 4776 784 4832 usque
816 4761 885 4819 30
921 4766 1305 4838 pervenerint,
1334 4769 1630 4842 trigesima
1656 4773 1794 4830 luna
1818 4780 1924 4832 est.

271 4843 335 4898 Si
365 4851 555 4904 autem
593 4850 784 4908 minus
819 4866 852 4907 a
888 4851 979 4926 30,
1013 4855 1093 4911 ita
1117 4863 1174 4912 et
1194 4856 1348 4912 luna.
1382 4859 1540 4927 Quod
1569 4861 1617 4917 si
1651 4877 1824 4934 super
1859 4862 1930 4922 30

273 4932 515 5006 fuerint,
555 4938 828 4997 subtrahe
860 4941 949 5014 30,
982 4949 1039 4999 et
1075 4951 1357 5018 quotquot
1378 4932 1776 5023 remanserint,
1813 4958 1927 5011 tota

269 5029 362 5080 est
391 5023 548 5080 luna.
583 5028 696 5083 Hoc
723 5036 909 5087 autem
958 5043 1256 5108 memento,
1291 5043 1356 5093 ut
1399 5040 1551 5096 diem
1595 5049 1927 5111 praesentem

270 5129 496 5185 semper
516 5116 843 5192 subtrahas,
869 5128 926 5178 et
944 5123 995 5177 si
1019 5125 1310 5182 tricesima
1336 5128 1560 5187 lunatio
1580 5137 1685 5204 est,
1709 5132 1778 5190 30
1799 5136 1930 5198 sub.

271 5206 456 5263 trahe.
479 5207 538 5262 Si
569 5215 759 5264 autem
784 5208 874 5282 29,
910 5207 1045 5268 tunc
1068 5211 1139 5269 29
1159 5215 1448 5287 subtrahe.
1480 5218 1625 5287 Quia
1655 5224 1727 5279 ab
1754 5225 1928 5286 initio

266 5299 434 5353 Janu.
473 5311 655 5368 usque
679 5300 748 5355 ad
774 5299 896 5355 Kal.
926 5301 1254 5358 Decembris
1283 5319 1396 5361 una
1422 5307 1647 5366 lunatio
1689 5312 1778 5381 30,
1811 5317 1926 5374 alia

267 5386 360 5444 29.
379 5387 616 5458 Quando
633 5402 764 5446 vero
781 5390 1072 5448 bissextus
1091 5398 1196 5465 est,
1217 5401 1378 5452 vacat
1393 5396 1518 5454 dies
1535 5413 1664 5456 cum
1681 5403 1836 5462 luna.
1861 5410 1925 5474 ν,

271 5496 328 5554 g.
356 5477 408 5534 si
441 5479 611 5536 hodie
654 5486 1021 5552 computatur
1050 5489 1226 5554 sexta,
1259 5492 1316 5542 et
1346 5486 1663 5547 incrastino
1703 5503 1931 5572 sexta.)

2061 1844 2288 1945 tur‘vm
2316 1845 2438 1903 Kal.
2464 1849 2649 1919 Mart,
2687 1869 3019 1923 permanens
3048 1844 3380 1944 diebus-94,-
3403 1844 3463 1933 et

2058 1942 2128 1985 ex
2159 1930 2396 1990 humore
2442 1949 2498 1992 et
2544 1940 2690 2011 igne.
2742 1945 2928 2005 Estas
2977 1952 3188 2024 incipit
3239 1930 3370 2017 VIII,
3399 1966 3520 2024 Kal.

2062 2032 2397 2119 permanens
2424 2025 2631 2119 diebus
2650 2029 2737 2102 94,
2771 2040 3151 2100 etconstatex
3176 2047 3305 2119 igne
3337 2058 3392 2108 et
3420 2025 3703 2118 siccitate.

2057 2106 2386 2218 Autumnus
2409 2118 2590 2218 sumit
2612 2122 2962 2195 principium
2991 2144 3026 2184 χ
3067 2106 3707 2218 ΚθΙΪΞθρίὲιίιΗλ-ἱῑέιζ

2060 2209 2293 2296 manens
2317 2202 2522 2296 diebus
2547 2206 2634 2280 92,
2654 2217 2709 2266 et
2739 2222 2960 2273 constat
2988 2233 3056 2276 ex
3081 2202 3342 2285 siccitate
3366 2238 3422 2287 et
3444 2202 3701 2296 humore.

2057 2286 2258 2390 liyems
2317 2291 2622 2354 inchoatur
2684 2314 2786 2358 vm
2829 2305 2950 2361 Kal.
3003 2311 3316 2388 Decembr.,
3369 2336 3705 2390 permanens

2055 2374 2262 2483 diebus
2285 2378 2373 2482 91.,
2407 2387 2463 2438 et
2487 2394 2708 2446 constat
2733 2406 2800 2448 ex
2831 2393 3044 2469 frigore
3082 2406 3136 2458 et
3183 2374 3703 2483 hum'orfe',‘

2059 2463 2204 2522 ﬁunt
2226 2471 2362 2526 anni
2396 2480 2674 2534 vertentes
2702 2463 3058 2544 diebus‘365.

2482 2567 2618 2622 Item
2643 2570 2708 2624 de
2734 2578 2965 2644 tempore
2993 2588 3274 2642 mensium.

2059 3007 2114 3056 et
2137 3006 2427 3064 curricula
2457 3012 2752 3088 dicuntur,
2787 3024 2922 3090 quia
2949 3006 3084 3084 non.
3103 3039 3274 3105 stant,
3309 3006 3404 3097 sed
3437 3053 3700 3105 currunt.

1623 3120 1662 3197 λ
1662 3081 1716 3135 id
1731 3089 1833 3197 .e'st
1854 3083 1950 3137 die
1981 3091 2026 3151 C
2060 3091 2294 3150 Constat
2315 3104 2500 3154 autem
2533 3111 2658 3170 post
2685 3081 2894 3166 factum
2931 3081 3294 3179 mundum-ei:

2061 3193 2234 3238 cursu
2265 3185 2406 3241 solis
2437 3193 2688 3260 tempora
2725 3196 2782 3250 in
2811 3203 3002 3258 ternos
3043 3221 3262 3267 menses
3289 3185 3468 3275 fuisse
3496 3221 3703 3298 divisa,

2063 3283 2306 3368 quorum
2358 3279 2674 3347 temporum
2725 3285 2890 3343 talem
2922 3298 3137 3352 veteres
3178 3301 3582 3367 discretionem
3615 3279 3708 3370 fa:-

2059 3358 2242 3424 ciunt,
2269 3368 2333 3416 ut
2358 3366 2581 3432 primus
2611 3374 2822 3430 mensis
2852 3391 2948 3434 ver
2982 3396 3186 3442 novum
3212 3389 3460 3464 dicatur,
3495 3413 3708 3458 secun-

2059 3448 2169 3547 dus
2195 3451 2480 3547 adultum,
2511 3460 2718 3516 tertius
2749 3479 3012 3540 praeceps.
3045 3474 3138 3530 Sic
3159 3484 3324 3536 aestas

2058 3535 2167 3592 bus
2189 3541 2481 3600 mensibus
2512 3561 2671 3611 nova,
2705 3535 3011 3625 adulta,'et
3051 3577 3338 3638 praaceps;
3383 3573 3468 3629 sic
3517 3581 3572 3632 et
3594 3592 3708 3635 au—

2059 3630 2294 3726 tumnus
2342 3647 2540 3705 novus,
2570 3639 2824 3713 adultus,
2863 3651 2918 3702 et
2953 3630 3370 3726 praeceps-sive
3394 3668 3700 3725 extremus.

2058 3715 2216 3774 Unde
2261 3726 2322 3820 ei.
2356 3729 2442 3779 est
2474 3725 2647 3784 illud:
2694 3715 2969 3791 Emtremae
2985 3742 3085 3794 sub
3110 3715 3296 3802 casum

2058 3811 2244 3863 autem
2267 3809 2508 3915 dict-um,
2554 3819 2702 3886 quod
2742 3821 2906 3895 viret,
2938 3830 3074 3886 tunc
3104 3834 3255 3890 enim
3298 3809 3424 3908 post
3457 3809 3703 3915 hyemem

2057 3899 2300 3954 vestitur
2326 3901 2499 3960 tellus
2523 3904 2736 3978 herbis,
2768 3918 2824 3968 et
2855 3914 2914 3970 in
2943 3918 3135 3977 ﬂorem
3177 3899 3381 3985 cuncta
3415 3899 3706 4005 rumpun:

2056 3988 2168 4040 tur.
2205 3988 2390 4086 {Estas
2413 3992 2633 4051 dicitur
2660 3999 2733 4053 ab
2757 4008 2919 4075 aestu,
2951 4007 3006 4063 id
3048 4016 3134 4067 est
3162 4027 3193 4069 a
3223 4017 3429 4090 calore,
3457 4028 3510 4077 et
3537 3988 3704 4084 aestas

2053 4076 2223 4174 quasi
2254 4086 2399 4148 usta,
2432 4083 2487 4138 id
2514 4090 2600 4139 est
2641 4100 2840 4148 exusta
2865 4101 2921 4150 et
2944 4100 3122 4158 arida.
3156 4107 3292 4163 Nam
3321 4076 3477 4168 calor
3501 4116 3701 4174 aridus

2047 4169 2150 4268 est.
2195 4164 2522 4226 Autumnus
2565 4187 2597 4228 a
2635 4181 2963 4248 tempestate
2993 4197 3244 4256 vocatus,
3296 4164 3530 4268 quando
3540 4164 3701 4263 folia

2045 4251 2312 4311 arborum
2360 4261 2593 4331 cadunt,
2643 4269 2699 4320 et
2745 4273 2938 4328 omnia
2983 4251 3392 4342 maturescunt.
3435 4291 3695 4360 Hyemem

2053 4341 2200 4444 ratio
2231 4343 2450 4414 hyemis
2490 4347 2594 4405 feri
2621 4354 2640 4374 ‘
2665 4352 2721 4408 id
2755 4361 2841 4412 est
2864 4358 2980 4415 dici
3005 4373 3376 4442 nuncupavit,
3565 4341 3700 4436 tunc

2055 4427 2302 4538 breviori
2355 4437 2440 4493 sol
2486 4439 2736 4499 volvitur
2773 4446 3010 4505 circulo.
3053 4427 3217 4512 Unde.
3254 4466 3310 4516 et
3337 4427 3696 4538 hoc—tempus

2048 4516 2250 4578 bruma
2278 4523 2499 4582 dicitur
2546 4533 2714 4600 quasi
2753 4532 2997 4608 braxim,
3041 4542 3096 4597 id
3148 4551 3234 4602 est
3279 4548 3488 4623 brevis,
3531 4516 3620 4613 vel
3664 4571 3696 4614 a

2037 4613 2198 4683 cibo,
2223 4615 2371 4682 quod
2391 4618 2715 4717 nmajor-sit
2744 4627 2880 4682 tunc
2919 4634 3180 4691 vescendi
3217 4613 3528 4717 adpetitus,
3551 4613 3696 4704 eda;

2034 4710 2184 4765 citas
2209 4707 2362 4762 enim
2386 4707 2578 4764 Graece
2604 4710 2806 4770 bruma
2837 4720 3179 4796 appellatur,
3210 4707 3360 4786 unde
3384 4737 3439 4788 et
3476 4707 3689 4796 inbru-

2037 4797 2174 4854 mati
2196 4795 2492 4860 dicuntur,
2515 4799 3050 4873 quibusfastidium
3077 4795 3454 4877 estciboram.
3482 4826 3692 4898 Hyber-

2037 4901 2146 4944 nus
2187 4889 2405 4988 autem.
2443 4885 2594 4942 inter
2643 4889 2896 4960 hyemem
2965 4904 3020 4954 et
3066 4915 3302 4964 vernum
3355 4915 3458 4985 est,
3516 4885 3682 4988 quasi

2036 4974 2326 5045 hybernus
2352 4973 2734 5079 plerumquea
2764 4987 2921 5051 parte
2947 4989 3128 5046 totum
3161 4993 3413 5065 hyemem
3445 4973 3681 5079 sig‘niﬁﬁ:

2036 5071 2144 5120 cat.
2179 5064 2304 5118 Hac
2334 5067 2586 5158 tempora
2625 5068 2877 5158 singulis
2913 5077 3084 5134 etiam
3116 5064 3246 5140 caeli
3284 5064 3546 5158 partibuus
3570 5064 3680 5155 ad-

2037 5150 2408 5248 scribuntur._
2424 5151 2530 5208 Ver
2558 5156 2769 5226 quippe
2801 5161 3012 5221 orienti
3059 5169 3251 5246 datur,
3284 5150 3421 5248 quia
3446 5150 3674 5242 tunc—ex

2039 5239 2210 5295 terris
2256 5240 2450 5296 omnia
2482 5243 2772 5301 oriuntur.
2822 5249 3008 5310 Estas
3057 5271 3188 5317 vero
3231 5239 3567 5339 meridiano,
3609 5239 3676 5329 eo

2038 5329 2187 5399 quod
2201 5342 2344 5427 pars
2367 5331 2493 5399 ejus
2519 5332 2707 5427 calore
2737 5337 3069 5411 ﬂagrantior
3106 5349 3201 5404 sit.
3230 5352 3430 5421 Hyems
3455 5329 3676 5427 septen-

2037 5416 2237 5518 trioni,
2284 5431 2348 5474 eo
2380 5423 2549 5518 quod-
2570 5421 2887 5496 frigoribus
2911 5437 2967 5488 et
2996 5416 3433 5510 perpetuo'gelu
3466 5416 3670 5518 torpet.

2036 5502 2367 5564 Autumnus
2391 5510 2652 5586 occiduo,
2679 5524 2912 5590 propter
2940 5502 3676 5596 quod—graves'morbos'ha;

345 5577 370 5606 ι
393 5569 558 5628 Deest
587 5584 710 5643 cap.
733 5570 827 5644 25,
856 5571 924 5628 de
961 5577 1438 5649 concurrentibus;
1477 5584 1659 5643 exstat
1687 5569 1971 5651 tamen—in
1999 5607 2315 5656 summano
2341 5569 2748 5673 capitulorum.

659 5683 892 5742 PATROL.
941 5683 1192 5744 CXXIX.

3313 5721 3376 5782 44
