4046 6182
422 250 552 320 4294

1296 251 1585 307 ΑΡΡΕΝΒ.
1625 250 1719 306 AD
1754 247 1916 305 SIEC.
1958 249 2056 304 IX.
2092 278 2167 290 —
2199 245 2557 304 AUCTOBES
2593 243 2931 302 ANONYMI;

3686 244 3833 307 4292

419 368 528 440 bet,
550 370 700 427 unde
711 376 767 428 et
786 375 924 428 tunc
935 371 1128 426 omnia
1144 369 1412 427 arborum
1433 368 1573 427 folia
1588 371 1867 427 deﬁuunt.
1884 368 1957 423 Ut
1971 382 2070 423 au-
2099 373 2159 434 A
2178 381 2360 439 usque
2390 368 2450 423 in
2475 380 2531 422 v1
2558 366 2661 422 Kal
2704 366 2867 437 Apr..
2895 369 2953 422 et
2990 368 3129 421 tunc
3153 366 3577 439 aquinoctium
3602 369 3837 424 vernale

419 460 528 512 tem
545 463 861 515 autumnus
877 458 1133 515 abundat
1151 458 1386 531 morbis,
1411 457 1548 514 facit
1567 462 1757 513 autem
1780 457 1947 512 ﬁnem
1970 454 2071 511 fri-

417 546 594 618 goris,
623 554 680 603 et
704 548 935 621 caloris,
951 553 1008 603 et
1030 548 1345 620 pugnantia
1365 548 1519 603 intra
1539 560 1600 603 se
1619 546 2062 603 contrariorum.

833 639 909 691 De
931 637 1183 691 solstitiis
1211 640 1262 690 et
1288 636 1645 705 aquinoctiis.

488 726 699 782 XXIX.
739 725 1002 781 Solstitia
1047 725 1165 780 duo
1208 730 1363 780 sunt.
1399 724 1650 779 Primum
1684 720 1938 794 hyemale
1962 734 2063 776 VIII

416 813 539 869 Kal.
569 815 715 884 Jan.,
751 814 902 885 quod
925 814 1011 870 sol
1034 818 1167 884 stat,
1199 818 1256 868 et
1284 819 1552 868 crescunt
1574 811 1718 882 dies,
1749 816 1807 865 et
1833 818 1919 865 est
1943 810 2067 879 ipsa

411 902 510 958 die
531 902 591 958 in
622 903 903 958 Bethleem
929 901 1266 957 Nativitatis
1297 901 1528 957 Domini
1553 900 1735 956 nostri
1756 900 1888 955 Jesu
1907 898 2070 953 Chri-

416 991 492 1047 sti
541 992 854 1047 secundum
899 1004 1146 1046 carnem.
1193 990 1448 1046 Alterum
1502 988 1756 1044 astivale
1801 1000 1905 1042 vm
1937 985 2061 1041 Kal.

409 1080 547 1147 Jul.,
579 1080 730 1151 quod
765 1080 849 1136 sol
895 1085 1028 1150 stat,
1079 1084 1137 1135 et
1178 1083 1444 1134 crescunt
1476 1084 1691 1148 noctes,
1738 1081 1795 1132 et
1821 1085 1909 1132 est
1940 1076 2066 1145 ipsa

412 1169 508 1224 die
538 1169 597 1223 in
648 1169 945 1239 provincia
992 1168 1310 1224 Palastina
1362 1167 1597 1223 civitate
1648 1165 1835 1221 natale
1879 1164 2063 1220 sancti

411 1258 692 1313 Johannis
743 1259 1033 1330 Baptista,
1092 1261 1150 1313 et
1192 1257 1254 1312 in
1291 1256 1513 1326 Epheso
1558 1256 1743 1311 sancti
1788 1252 2067 1310 Johannis

413 1347 795 1418 evangelista.
840 1348 1008 1403 Hisce
1044 1347 1335 1403 contraria
1371 1346 1487 1402 duo
1534 1342 1882 1416 :equinoctia
1907 1346 2063 1413 sunt,

414 1449 596 1492 unum
623 1437 850 1493 vernale
891 1437 1205 1493 secundum
1246 1436 1479 1491 Latinos
1509 1448 1613 1490 vm
1662 1432 1784 1490 Kal.
1822 1433 1984 1503 Apr.,
2010 1436 2067 1487 et

413 1528 729 1583 secundum
767 1529 996 1582 Gracos
1035 1540 1091 1581 χι
1146 1525 1269 1580 Kal.
1318 1524 1481 1595 Apr.,
1522 1538 1591 1580 ex
1631 1537 1745 1593 quo
1782 1521 1908 1578 dies
1936 1534 2069 1577 cre—

415 1620 603 1670 scunt.
648 1628 699 1669 et
751 1615 875 1684 ipsa
922 1616 1019 1670 die
1050 1615 1110 1669 in
1136 1613 1525 1683 Hierosolyma
1550 1612 1830 1668 Dominus
1875 1616 2067 1667 noster

2175 456 2401 526 diebus,
2429 461 2485 511 et
2511 454 2797 526 noctibus,
2820 458 2878 511 et
2900 454 3223 526 momentis,
3246 462 3303 511 et
3324 454 3485 512 horis
3503 456 3838 527 aqualibus

2175 545 2463 603 consistit.
2485 544 2700 615 Quarto
2721 544 2909 617 signo,
2936 544 2991 599 id
3019 550 3105 600 est
3129 557 3163 599 a
3189 558 3226 599 x
3253 544 3374 600 Kal.
3402 545 3539 616 Apr.
3568 559 3756 616 usque
3776 545 3838 600 in

2176 649 2234 691 x1
2267 634 2390 690 Kal.
2420 635 2553 689 Mai.
2594 634 2743 689 ﬁunt
2771 637 3053 689 momenta
3080 631 3151 688 80
3180 639 3235 688 et
3262 633 3387 704 ipsa
3429 642 3716 690 momenta
3743 632 3837 689 far

2175 723 2339 780 ciunt
2370 724 2538 779 horas
2575 723 2738 793 duas,
2779 721 2986 778 diebus
3016 720 3102 778 30.
3136 722 3356 792 Quinto
3380 724 3573 797 signo,
3601 724 3662 779 id
3689 727 3779 778 est
3802 735 3834 778 a

2174 826 2212 868 x
2239 811 2362 868 Kal.
2397 810 2527 867 Mai.
2555 824 2737 882 usque
2769 811 2831 866 in
2857 824 2915 866 x1
2948 811 3072 866 Kal.
3100 812 3228 867 Jun.
3262 811 3408 867 ﬁunt
3431 818 3715 869 momenta
3736 810 3831 883 80,

2177 901 2415 972 ipsaque
2453 906 2736 957 momenta
2777 898 3002 956 faciunt
3046 902 3217 957 horas
3261 900 3425 973 duas,
3483 902 3690 959 diebus
3731 900 3834 958 34.

2173 991 2341 1047 Sexto
2370 991 2558 1063 signo,
2592 991 2649 1046 id
2689 993 2777 1047 est
2821 1002 2853 1045 a
2898 1004 2933 1045 x
2962 989 3086 1045 Kal.
3127 991 3259 1046 Jun.
3302 1003 3486 1062 usque
3519 991 3579 1046 in
3606 1005 3665 1046 x1
3694 992 3827 1048 Kal.

2172 1080 2286 1137 Jul.
2314 1080 2461 1135 ﬁunt
2488 1083 2770 1135 momenta
2801 1076 2893 1150 80,
2929 1078 3083 1134 hora
3110 1079 3260 1151 dua,
3298 1078 3508 1135 diebus
3532 1077 3622 1135 39.
3654 1081 3725 1135 Et
3752 1082 3832 1136 ita

2177 1169 2365 1225 tribus
2395 1169 2600 1242 signis,
2636 1168 2742 1224 hoc
2771 1173 2859 1224 est
2885 1168 2958 1224 ab
2997 1168 3349 1239 aquinoctio
3376 1169 3599 1224 vernali
3647 1184 3835 1241 usque

2174 1260 2243 1315 ad
2272 1258 2585 1315 solstitium
2616 1258 2898 1321 astivum.
2930 1257 2986 1312 id
3014 1261 3100 1312 est
3128 1255 3200 1311 ab
3222 1270 3281 1311 XI
3316 1250 3438 1312 Kal.
3469 1255 3612 1327 Apr.
3648 1272 3834 1329 usque

2178 1349 2237 1404 in
2282 1360 2338 1403 x1
2385 1346 2508 1403 Kal.
2540 1346 2653 1402 Jul.
2690 1343 2752 1402 94
2799 1350 2883 1402 tot
2927 1346 3053 1401 dies
3102 1349 3260 1413 sunt,
3296 1352 3582 1401 momenta
3611 1343 3749 1417 240,
3778 1356 3831 1402 et

2178 1438 2302 1509 ipsa
2329 1441 2610 1492 momenta
2636 1434 2856 1491 faciunt
2875 1435 3043 1491 horas
3064 1433 3117 1503 6,
3148 1434 3206 1489 in
3238 1433 3272 1490 6
3295 1434 3481 1508 signis
3510 1436 3577 1491 ﬁt
3606 1449 3831 1492 summa

2174 1526 2244 1582 ad
2267 1524 2635 1581 crescendum
2664 1529 3079 1580 momentorum
3099 1520 3226 1594 380,
3253 1523 3526 1580 horarum
3558 1520 3648 1580 42.

2245 1614 2459 1685 Incipit
2498 1614 2557 1668 in
2611 1620 2777 1670 nocte
2813 1612 3132 1670 solstitium
3174 1611 3458 1684 astivum,
3503 1614 3662 1685 quod
3719 1626 3841 1674 nox

410 1703 574 1757 Jesus
630 1702 900 1758 Christus
963 1701 1277 1758 cruciﬁxus
1320 1700 1456 1771 fuit,
1507 1706 1565 1757 et
1619 1706 1704 1755 est
1755 1699 2062 1769 Conceptio
2098 1721 2147 1782 Β
2176 1704 2401 1772 crescit,
2448 1709 2505 1760 et
2531 1701 2658 1759 dies
2693 1702 3000 1759 minuitur.
3032 1702 3309 1758 Crescunt
3341 1707 3534 1759 autem
3569 1702 3630 1757 in
3675 1718 3829 1761 una-

414 1797 622 1847 sancta
638 1791 740 1846 Dei
772 1792 1076 1862 genitricis
1108 1790 1323 1859 Maria,
1351 1789 1579 1861 quando
1600 1788 1850 1844 salutata
1878 1792 1965 1842 est
1993 1786 2065 1842 ab

411 1880 635 1951 angelo.
660 1879 919 1935 Alterum
944 1878 1278 1936 autumnale
1297 1892 1400 1933 VIII
1423 1877 1552 1933 Kal.
1573 1876 1829 1940 Octobr.,
1851 1890 1919 1932 ex
1950 1889 2064 1947 quo

412 1969 539 2023 dies
572 1969 935 2040 minuuntur,
963 1972 1020 2023 et
1045 1966 1159 2024 fuit
1190 1968 1250 2022 in
1272 1967 1634 2023 Macheronte
1652 1964 1899 2022 (.‘astello
1926 1965 2066 2021 Con-

412 2056 600 2126 ceptio
630 2057 814 2113 sancti
838 2056 1118 2113 Johannis
1139 2056 1428 2126 Baptista.

763 2149 894 2202 Item
919 2145 985 2201 de
1003 2147 1253 2200 solstitiis
1273 2150 1323 2200 et
1340 2146 1701 2215 aquinoctiis.

479 2235 662 2291 XXX.
695 2234 1022 2291 Solstitium
1053 2236 1274 2291 dictum
1314 2234 1481 2305 quasi
1512 2234 1656 2289 solis
1682 2232 1878 2300 statio,
1909 2230 2058 2302 quod

410 2330 547 2382 tunc
585 2324 706 2381 sole
735 2330 920 2380 stante
957 2325 1387 2393 crescuntdies,
1413 2322 1499 2379 vel
1526 2329 1737 2379 noctes.
1780 2323 1904 2377 Duo
1926 2322 2062 2376 sunt

406 2419 595 2471 autem
648 2414 920 2485 solstitia,
957 2426 1134 2469 unum
1176 2413 1432 2484 hyemale
1465 2426 1568 2468 VIII
1600 2410 1724 2468 Kal.
1763 2412 1912 2482 Jan.,
1949 2421 2061 2480 quo

407 2510 658 2574 tempore
678 2505 762 2559 sol
788 2504 1025 2560 altiores
1052 2504 1261 2573 incipit
1284 2503 1537 2559 circulos
1556 2509 1767 2574 petere.
1789 2498 2065 2557 Ascendit

411 2605 756 2662 unoquoque
779 2593 875 2648 die
898 2594 1012 2649 duo
1054 2598 1335 2649 momenta
1363 2598 1420 2648 et
1451 2593 1722 2659 medium,
1751 2596 1807 2645 et
1842 2594 2058 2646 sextam

408 2687 623 2750 partem
656 2682 951 2752 momenti,
985 2681 1231 2737 alterum
1262 2680 1515 2747 astivale
1544 2694 1647 2734 vm
1675 2679 1799 2734 Kal.
1826 2678 1962 2745 Jul.,
1989 2678 2060 2733 de

408 2783 523 2838 quo
548 2774 800 2838 tempore
823 2783 1071 2824 remeare
1095 2770 1179 2824 sol
1209 2769 1277 2823 ad
1309 2767 1612 2824 inferiores
1644 2767 1855 2836 incipit
1877 2767 2063 2824 circu-

407 2870 531 2926 los;
561 2856 858 2912 descendit
886 2870 1229 2926 unoquoque
1257 2856 1352 2910 die
1380 2856 1496 2911 duo
1524 2862 1825 2927 momenta,
1853 2861 1912 2911 et
1937 2869 2064 2912 me-

401 2946 588 3015 dium,
609 2952 665 3001 et
693 2952 907 3000 sextam
934 2951 1148 3014 partem
1180 2945 1475 3014 momenti,
1503 2945 1652 2999 unde
1680 2944 1924 3014 hyemali
1952 2945 2065 3001 sol-

2178 1806 2406 1864 quaque
2441 1798 2606 1848 nocte
2630 1792 2747 1847 duo
2779 1795 3081 1862 momenta,
3113 1796 3171 1847 et
3198 1791 3473 1861 medium,
3520 1797 3579 1847 et
3608 1800 3832 1849 sextam

2174 1886 2389 1952 partem
2423 1880 2717 1951 momenti,
2752 1879 2808 1935 id
2844 1884 2931 1936 est
2970 1879 3116 1935 duas
3177 1879 3380 1936 tertias
3420 1881 3721 1936 momenti.
3744 1882 3836 1937 Se—

2173 1968 2355 2040 ptimo
2374 1969 2563 2040 signo,
2588 1968 2646 2024 id
2671 1972 2757 2024 est
2772 1981 2805 2024 a
2825 1981 2861 2022 x
2879 1968 3002 2023 Kal.
3022 1967 3132 2024 Jul.
3156 1981 3340 2039 usque
3362 1968 3423 2022 in
3442 1980 3503 2023 χι
3532 1967 3660 2023 Kal.
3681 1968 3827 2042 Aug.

2173 2058 2319 2114 ﬁunt
2371 2064 2654 2114 momenta
2700 2056 2793 2129 80,
2834 2058 2989 2113 hora
3034 2058 3182 2128 dua,
3224 2056 3432 2113 diebus
3476 2055 3572 2112 84.
3617 2055 3833 2114 Octavo

2171 2147 2357 2219 signo,
2392 2147 2449 2202 id
2462 2150 2595 2203 esta
2618 2159 2657 2201 x
2677 2146 2801 2202 Kal.
2821 2145 2966 2218 Aug.
2985 2146 3240 2217 usqueiu
3264 2159 3347 2200 xu
3370 2145 3830 2217 Kal.Septembr.

2170 2235 2318 2292 ﬁunt
2345 2240 2623 2291 momenta
2646 2234 2736 2306 80,
2764 2235 2917 2292 hora
2933 2236 3083 2307 dua,
3106 2236 3233 2292 dies
3251 2232 3341 2291 30.
3370 2237 3533 2291 Nono
3551 2236 3749 2308 signo,
3775 2236 3830 2292 id

2169 2330 2257 2381 est
2293 2325 2364 2380 ab
2403 2338 2461 2379 χι
2491 2324 2611 2380 Kal.
2659 2324 2942 2395 Septemb.
2986 2337 3168 2397 usque
3212 2325 3274 2380 in
3304 2337 3385 2380 xu
3431 2324 3563 2380 Kal.
3595 2325 3829 2381 Octobr.

2170 2413 2319 2469 ﬁunt
2343 2420 2623 2470 momenta
2640 2412 2731 2484 80,
2768 2414 2923 2470 hora
2943 2414 3091 2484 dua,
3114 2414 3241 2470 dies
3277 2410 3367 2470 30.
3402 2414 3469 2469 Et
3507 2414 3594 2469 ita
3622 2414 3685 2468 in
3721 2414 3834 2469 tri-

2171 2502 2278 2558 bus
2302 2503 2489 2574 signis
2514 2516 2547 2557 a
2568 2503 2824 2559 solstitio
2871 2503 3071 2559 astivo
3099 2516 3280 2573 usque
3313 2502 3381 2558 ad
3407 2502 3830 2572 aquinoctium

2168 2592 2500 2647 autumnale
2524 2593 2580 2647 in
2606 2605 2953 2663 unoquoque
2974 2592 3140 2664 signo
3159 2593 3285 2647 dies
3308 2589 3398 2662 30,
3418 2580 3475 2646 et
3492 2605 3613 2647 uno
3628 2591 3833 2648 addito

2170 2680 2265 2736 die
2290 2679 2437 2736 ﬁunt
2461 2678 2524 2736 94
2554 2681 2697 2737 dies.
2722 2683 2869 2738 Sunt
2896 2686 3085 2736 autem
3116 2686 3398 2736 momenta
3424 2678 3552 2748 2w,
3591 2680 3751 2736 hora
3774 2678 3829 2750 6,

2170 2782 2256 2825 ax
2286 2770 2409 2825 Kal.
2435 2770 2546 2825 Jul.
2581 2785 2764 2841 usque
2791 2771 2850 2826 in
2882 2783 2963 2826 xu
2992 2770 3116 2826 Kal.
3137 2770 3391 2838 Octobr.,
3412 2774 3470 2825 et
3489 2774 3636 2826 tunc
3658 2769 3835 2840 aqui-

2173 2859 2429 2914 noctium
2447 2859 3018 2930 autumnalediebus,
3039 2864 3096 2915 et
3108 2858 3396 2930 noctibus,
3419 2863 3476 2914 et
3497 2859 3829 2929 momentis,

2170 2953 2225 3005 et
2265 2948 2427 3004 horis
2462 2948 2784 3019 aqualibus
2822 2948 3108 3005 consistit.
3143 2948 3374 3004 Decimo
3416 2947 3613 3020 signo,
3660 2946 3721 3002 id
3751 2954 3831 3003 est

404 3034 568 3090 stitio
582 3034 709 3089 dies
727 3034 1021 3104 minimus,
1047 3033 1415 3089 sicutastivo
1435 3033 1720 3088 maximus
1742 3034 2054 3089 invenitur.
2090 3048 2139 3115 ί]
2171 3036 2240 3092 ab
2268 3050 2324 3092 χι
2360 3036 2483 3092 Kal.
2522 3036 2749 3093 Octobr.
2781 3050 2962 3108 usque
2999 3036 3058 3092 in
3086 3050 3168 3091 xu
3200 3036 3320 3091 Kal.
3357 3036 3661 3104 Novemb.,
3691 3036 3833 3091 ﬁunt

409 3127 542 3180 ltem
568 3125 684 3180 duo
705 3129 842 3180 sunt
860 3123 1229 3194 aquinoctia,
1261 3136 1438 3179 unum
1458 3122 1705 3192 vernale,
1731 3127 1787 3177 et
1807 3122 2054 3180 alterum

401 3215 753 3284 autumnale,
783 3227 909 3284 qua
930 3213 1111 3269 Graci
1138 3204 1444 3282 εὓκομενίας
1466 3216 1669 3267 vocant
1691 3210 2063 3281 Equinocti—

404 3318 498 3360 um
519 3305 868 3375 appellatum
890 3304 1040 3374 quod
1065 3309 1203 3358 tunc
1218 3302 1423 3374 dieset
1444 3314 1554 3358 nox
1573 3301 1844 3357 horarum
1872 3301 2059 3372 spatia

402 3394 648 3464 aqualia
678 3393 1063 3449 constituunt.
1095 3393 1242 3448 Sunt
1268 3398 1459 3446 autem
1491 3390 1837 3461 aquinoctia
1866 3389 1963 3445 die
2000 3404 2056 3446 x1

401 3486 525 3541 Kal.
548 3485 709 3555 Apr.,
742 3484 987 3540 alterum
1008 3481 1343 3539 autumnale
1364 3494 1464 3536 V'lll
1492 3481 1615 3535 Kal.
1636 3479 1896 3550 Octobr.,
1921 3480 2059 3550 quia

399 3585 589 3628 annus
614 3572 751 3627 olim
798 3572 856 3626 in
896 3572 1043 3627 duas
1068 3577 1257 3645 partes
1287 3576 1507 3625 tantum
1534 3569 1922 3640 dividebatur,
1954 3569 2059 3623 hoc

403 3667 490 3716 est
538 3662 597 3717 in
652 3660 961 3732 hyemalem
1009 3664 1068 3715 et
1102 3659 1384 3715 astivum.
1442 3657 1771 3714 Solstitium
1834 3657 1894 3713 in
1939 3656 2056 3713 duo

402 3750 789 3821 hemispheria
830 3749 887 3804 id
918 3756 1007 3804 est
1037 3749 1159 3804 dici
1193 3753 1231 3802 '.

1034 3840 1112 3892 De
1141 3839 1391 3891 solstitiis
1403 3875 1418 3889 .

476 3926 683 3982 XXXI.
715 3926 775 3981 Si
815 3938 1014 3995 sapere
1042 3925 1130 3980 vis
1170 3924 1286 3979 duo
1315 3922 1568 3980 solstitia
1616 3936 1716 3993 per
1761 3936 1844 3978 xu
1890 3921 2056 3996 signa

408 4014 693 4085 quomodo
723 4015 931 4070 crescit
957 4013 1103 4084 dies,
1126 4020 1182 4068 et
1202 4026 1314 4068 nox
1346 4026 1446 4082 per
1471 4018 1754 4068 momenta
1779 4018 1835 4067 et
1863 4012 2053 4084 horas,

405 4104 661 4160 solstitia
691 4105 810 4160 duo
847 4107 1003 4174 sunt,
1043 4102 1298 4172 hyemale
1336 4115 1438 4158 vm
1479 4101 1605 4157 Kal.
1634 4103 1782 4174 Jan.,
1808 4102 2055 4158 alterum

405 4193 657 4249 astivale
690 4206 792 4249 vm
822 4192 944 4248 Kal.
974 4192 1111 4263 Jul.,
1149 4192 1298 4262 quod
1337 4192 1600 4248 ascendit
1627 4191 1790 4248 solet
1814 4192 2058 4247 descen-

404 4284 513 4339 dit.
540 4283 600 4339 Si
633 4284 739 4339 hoc
790 4283 938 4339 scire
975 4282 1083 4351 vis,
1118 4282 1199 4336 ita
1239 4282 1700 4353 investigandum
1730 4286 1817 4336 est
1856 4280 1928 4335 ab
1972 4293 2053 4335 xu

2174 3132 2452 3182 momenta
2472 3124 2562 3195 80,
2594 3126 2747 3182 hora
2773 3126 2922 3197 dua,
2948 3126 3157 3182 diebus
3177 3123 3265 3181 30.
3293 3125 3613 3181 Undecimo
3639 3126 3830 3197 signo,

2174 3215 2229 3270 id
2260 3221 2347 3270 est
2365 3215 2435 3270 ab
2458 3228 2516 3270 χι
2536 3215 2658 3272 Kal.
2679 3215 2944 3271 Novemb.
2977 3229 3158 3286 usque
3184 3215 3245 3270 in
3283 3215 3504 3269 qual.
3537 3214 3827 3286 Decemb.,

2172 3303 2321 3360 ﬁunt
2345 3310 2627 3360 momenta
2649 3302 2740 3375 80,
2776 3305 2928 3360 hora
2949 3304 3095 3368 dua,
3124 3304 3332 3360 diebus
3350 3301 3436 3359 30.
3467 3304 3830 3359 Duodecimo

2170 3393 2356 3465 signo,
2392 3394 2449 3450 id
2489 3401 2575 3449 est
2604 3393 2675 3449 ab
2714 3408 2771 3449 χι
2804 3393 2927 3449 Kal.
2961 3393 3251 3450 Decembr.
3289 3406 3471 3464 usque
3505 3393 3569 3447 in
3603 3406 3664 3447 x1
3706 3391 3827 3447 Kal.

2165 3484 2312 3552 Jan.,
2337 3481 2483 3538 ﬁunt
2514 3487 2796 3538 momenta
2823 3480 2914 3553 80,
2950 3483 3102 3539 hora
3126 3482 3273 3552 dua,
3296 3481 3508 3537 diebus
3524 3479 3615 3536 30.
3657 3483 3721 3536 In
3743 3481 3829 3535 his

2168 3571 2358 3627 tribus
2384 3572 2570 3643 signis
2593 3571 2650 3626 in
2684 3584 3035 3644 unoquoque
3063 3571 3227 3644 signo
3254 3571 3495 3627 tricenis
3516 3569 3758 3639 diebus,
3777 3574 3832 3624 et

2169 3674 2283 3717 uno
2310 3661 2406 3716 die
2430 3661 2650 3732 addito,
2678 3660 2825 3717 ﬁunt
2852 3659 2914 3716 94
2946 3661 3091 3729 dies,
3128 3664 3407 3716 momenta
3432 3656 3563 3730 240,
3597 3659 3757 3715 hora
3775 3657 3828 3729 6,

2164 3749 2236 3805 ab
2261 3763 2319 3804 χι
2339 3748 2459 3804 Kal.
2487 3750 2599 3806 Jul.
2636 3763 2818 3822 usque
2850 3750 2909 3806 in
2942 3763 3000 3805 χι
3030 3748 3154 3806 Kal.
3184 3750 3308 3805 Jan.
3343 3751 3403 3804 In
3431 3747 3735 3820 noctibus,
3762 3747 3827 3803 ad

2165 3837 2531 3893 crescendum
2587 3836 2735 3893 ﬁunt
2764 3841 3046 3893 momenta
3094 3834 3217 3909 480,
3266 3837 3422 3893 hora
3466 3833 3558 3891 42.
3611 3838 3676 3891 In
3714 3840 3829 3892 toto

2163 3938 2313 3982 anno
2336 3925 2462 3982 dies
2491 3924 2616 3996 365,
2652 3932 2935 3982 momenta
2962 3924 3094 3999 960,
3119 3925 3271 3983 hora
3295 3922 3383 3981 24.

2544 4017 2678 4070 Item
2699 4016 2767 4069 de
2795 4017 3125 4086 temporibus
3150 4017 3444 4070 mensium.

2235 4104 2472 4161 XXXII.
2494 4105 2736 4161 Sanctus
2769 4104 3126 4178 Augustinus
3149 4103 3457 4175 episcopus
3480 4104 3828 4176 adloquitur

2163 4192 2235 4249 de
2257 4195 2445 4251 annis.
2477 4195 2526 4250 A
2548 4208 2582 4249 v
2612 4196 2694 4251 ld.
2727 4194 2887 4251 Febr.
2925 4188 3107 4266 usque
3134 4195 3195 4250 in
3234 4208 3269 4248 v
3304 4196 3383 4251 Id.
3417 4195 3563 4250 Maii
3596 4200 3828 4266 tempus

2165 4296 2402 4341 vernum
2441 4290 2545 4355 est,
2572 4284 2698 4341 dies
2741 4289 2879 4341 sunt
2907 4281 2995 4340 94.
3030 4286 3077 4340 Α
3118 4298 3152 4338 v
3180 4284 3257 4339 Id.
3292 4283 3425 4340 Mai.
3463 4297 3659 4356 usque
3693 4284 3757 4340 in
3797 4298 3827 4338 ν

352 4424 353 4427 η
408 4373 531 4429 Kal.
568 4374 800 4429 Januar.
837 4385 1020 4443 usque
1060 4373 1119 4427 in
1147 4384 1206 4426 x1
1238 4371 1362 4426 Kal.
1388 4371 1503 4426 Jul.
1539 4371 1666 4425 dies
1692 4370 1903 4440 incipit
1927 4384 2057 4426 cre-
2098 4372 2247 4440 DId.
2273 4372 2419 4446 Aug.
2455 4378 2679 4444 tempus
2695 4375 2912 4431 astatis
2936 4378 3044 4447 est,
3067 4373 3306 4445 diesque
3326 4379 3463 4429 sunt
3481 4370 3577 4428 94.
3610 4374 3665 4430 Α
3690 4387 3727 4427 v
3748 4374 3827 4430 Id.

406 4476 563 4521 scere
594 4463 655 4518 in
698 4474 1041 4533 unaquaque
1064 4461 1159 4517 die
1193 4461 1308 4516 duo
1345 4464 1648 4530 momenta,
1689 4465 1746 4515 et
1781 4460 2055 4533 medium,

405 4558 462 4608 et
485 4556 702 4608 sextam
743 4557 958 4621 partem
994 4549 1286 4619 momenti,
1327 4549 1385 4603 id
1422 4552 1509 4602 est
1533 4548 1679 4604 duas
1704 4548 1906 4605 tertias
1933 4563 2060 4606 mo-

412 4641 609 4696 menti.
655 4641 845 4698 Primo
874 4640 1040 4710 signo
1089 4638 1146 4692 id
1173 4644 1260 4692 est
1282 4650 1316 4692 a
1347 4650 1427 4692 xu
1463 4637 1587 4692 Kal.
1624 4638 1745 4693 Jan.
1777 4652 1958 4709 usque
1999 4639 2058 4695 in

411 4743 505 4784 xlv
535 4729 659 4785 Kal.
693 4730 852 4785 Febr.
889 4727 1035 4783 ﬁunt
1076 4731 1357 4783 momenta
1390 4725 1482 4799 80,
1513 4733 1571 4782 et
1615 4728 1738 4799 ipsa
1777 4734 2059 4786 momenta

412 4815 637 4874 faciunt
658 4818 827 4874 horas
848 4819 1014 4889 duas,
1041 4822 1100 4872 et
1127 4822 1264 4873 sunt
1298 4818 1423 4873 dies
1452 4817 1542 4874 30.
1567 4818 1825 4875 Secundo
1868 4819 2053 4890 signo,

414 4907 473 4963 id
495 4913 581 4962 est
613 4919 774 4964 axm
809 4907 933 4964 Kal.
966 4907 1125 4964 Febr.
1161 4920 1344 4978 usque
1372 4908 1431 4963 in
1462 4921 1543 4962 xu
1577 4908 1698 4963 Kal.
1725 4911 1886 4964 Mart.
1915 4907 2061 4963 ﬁunt

415 5003 696 5052 momenta
722 4996 813 5069 80,
839 5004 896 5054 et
941 4998 1064 5069 ipsa
1112 5002 1396 5054 momenta
1437 4995 1657 5054 faciunt
1696 4998 1866 5054 horas
1888 4999 2053 5071 duas,

411 5084 620 5143 diebus
665 5084 754 5142 30.
786 5088 978 5144 Tertio
1026 5089 1213 5160 signo,
1260 5090 1318 5145 id
1368 5093 1456 5145 est
1498 5088 1569 5144 ab
1599 5102 1657 5144 x1
1708 5087 1829 5143 Kal.
1886 5090 2050 5144 Mart.

415 5188 596 5247 usque
639 5176 700 5232 in
740 5189 797 5230 ιι
838 5177 960 5232 Kal.
1005 5179 1140 5248 Apr.
1186 5180 1334 5235 ﬁunt
1380 5184 1661 5235 momenta
1694 5176 1786 5249 80,
1819 5178 2057 5249 ipsaque

416 5271 697 5322 momenta
753 5263 974 5321 faciunt
1030 5266 1201 5323 horas
1239 5268 1407 5339 duas,
1457 5268 1665 5324 diebus
1708 5264 1797 5323 34.
1848 5270 1905 5323 In
1964 5267 2057 5322 his

413 5356 605 5414 tribus
626 5356 814 5429 signis
845 5356 904 5412 in
936 5368 1283 5426 unoquoque
1301 5358 1468 5428 signo
1498 5357 1739 5413 tricenis
1752 5356 1977 5430 diebus,
2001 5363 2056 5413 et

416 5461 530 5505 uno
567 5448 664 5503 die
688 5449 907 5517 addito,
939 5447 1044 5503 hoc
1081 5453 1167 5502 est
1204 5444 1266 5500 94
1298 5452 1383 5502 tot
1419 5447 1545 5502 dies
1583 5453 1739 5515 sunt,
1774 5454 2056 5505 momenta

409 5536 535 5611 240,
563 5544 622 5594 et
640 5539 763 5609 ipsa
786 5543 1069 5595 momenta
1097 5535 1321 5596 faciunt
1349 5535 1519 5592 horas
1546 5534 1583 5593 6
1600 5550 1633 5593 a
1659 5550 1741 5594 xu
1773 5536 1896 5595 Kal.
1927 5538 2048 5595 Jan.

2166 4463 2308 4535 Aug.
2360 4476 2543 4534 usque
2573 4464 2632 4519 in
2665 4477 2698 4518 v
2750 4464 2829 4520 Id.
2862 4462 3128 4520 Novemb.
3163 4467 3386 4535 tempus
3414 4464 3700 4519 autumni
3726 4468 3827 4533 est,

2166 4553 2406 4625 diesque
2431 4557 2568 4609 sunt
2609 4551 2698 4609 92.
2741 4554 2788 4609 Α
2828 4567 2862 4608 v
2897 4553 2977 4609 Id.
3025 4551 3295 4609 Novemb.
3339 4565 3528 4622 usque
3570 4553 3634 4608 in
3669 4567 3705 4606 ν
3740 4552 3822 4609 1d.

2167 4642 2326 4699 Febr.
2355 4650 2581 4713 tempus
2607 4643 2827 4714 hyemis
2863 4647 2968 4715 est,
3000 4642 3240 4714 diesque
3269 4648 3405 4699 sunt
3434 4638 3525 4697 94.
3558 4643 3821 4699 Deeemb.

2166 4733 2287 4788 Jan.
2320 4731 2480 4788 Febr.
2517 4732 2712 4803 hyems
2740 4738 2845 4804 est,
2872 4736 3035 4789 Mart.
3061 4733 3199 4804 Apr.
3242 4732 3379 4790 Mai.
3430 4738 3669 4803 tempus
3701 4748 3827 4789 ver—

2169 4833 2305 4877 num
2348 4826 2452 4877 est.
2482 4822 2614 4878 Jun.
2645 4821 2758 4878 Jul.
2790 4822 2932 4894 Aug.
2965 4827 3134 4879 astas
3161 4826 3269 4879 est.
3293 4821 3585 4893 Septemb.
3623 4822 3820 4880 Octob.

2167 4911 2436 4967 Novemb.
2468 4918 2693 4982 tempus
2714 4912 2977 4968 autumni
3004 4918 3109 4967 est.

2795 5005 2871 5057 De
2898 5005 3181 5057 momento.

2236 5090 2493 5146 XXXIII.
2522 5090 2868 5147 Momentum
2886 5092 3145 5148 Gracum
3168 5095 3270 5148 est.
3296 5089 3656 5149 Anatholius
3681 5093 3818 5149 Grae-

2165 5193 2268 5236 cus
2296 5181 2600 5250 episcopus
2623 5179 2810 5236 dixit:
2845 5180 2948 5236 Per
2968 5177 3036 5237 45
3060 5181 3184 5237 dies
3206 5179 3326 5238 sole
3349 5181 3703 5237 ascendente
3728 5194 3817 5251 per

2166 5270 2396 5342 singula
2427 5275 2729 5339 momenta,
2765 5269 2818 5326 id
2845 5274 2934 5325 est
2952 5283 3050 5341 per
3075 5267 3110 5325 4
3140 5270 3197 5327 in
3224 5283 3337 5326 una
3363 5271 3463 5326 die
3490 5270 3569 5326 ab
3608 5284 3668 5326 x1
3696 5269 3813 5325 Kal.

2163 5363 2287 5417 Jan.
2322 5374 2502 5430 usque
2520 5360 2580 5416 in
2598 5374 2657 5416 χι
2684 5360 2806 5416 Kal.
2832 5360 2968 5430 Apr.
2989 5361 3129 5417 hora
3151 5360 3534 5429 diminuitur,
3556 5368 3613 5419 et
3638 5360 3819 5416 dimi-

2164 5451 2282 5508 dio.
2316 5451 2596 5506 Punctum
2628 5463 2758 5506 vero
2791 5448 2815 5505 4
2852 5448 2993 5506 facit
3017 5463 3052 5505 x
3084 5456 3384 5506 momenta.
3419 5452 3642 5508 Puncta
3676 5447 3819 5507 Sta-

2166 5540 2331 5598 ciunt
2357 5550 2434 5596 xx
2481 5543 2781 5596 momenta.
2816 5536 3029 5595 Puncta
3054 5536 3090 5595 3
3118 5536 3344 5596 faciunt
3363 5551 3482 5595 xxx
3502 5545 3810 5597 momenta.
