4076 6174
259 317 393 378 4293

1601 321 1801 378 LIBER
1845 321 1935 376 DE
1969 319 2312 378 COMPUTO.

3527 320 3664 381 1294

261 444 472 498 Puncta
503 438 536 496 4
567 440 791 498 faciunt
819 438 887 497 40
917 444 1220 497 momenta.
1253 441 1366 497 Ista
1399 437 1469 496 40
1501 445 1780 497 momenta
1810 438 1903 497 fa—
1925 443 1983 510 Α
2013 441 2148 495 Item
2181 438 2292 495 tria
2333 438 2496 511 signa
2525 452 2558 496 a
2585 453 2620 494 χ
2656 440 2780 496 Kal.
2813 440 2949 510 Apr.
2982 455 3166 513 usque
3193 443 3252 498 in
3283 456 3345 497 χι
3391 441 3514 498 Kal.
3545 443 3660 499 Jul.

261 532 421 588 ciunt
455 528 477 586 1
509 531 725 587 horam.
757 531 918 587 Horae
941 530 974 586 6
1004 529 1226 587 faciunt
1253 527 1275 584 1
1315 531 1708 602 quadrantem.
1745 529 1905 598 Qua-

259 621 491 676 drantes
513 617 546 675 4
577 633 676 691 per
703 618 735 676 4
763 634 944 676 annos
969 618 1192 676 faciunt
1215 621 1368 676 diem
1395 625 1450 676 et
1481 625 1722 676 noctem.

789 713 924 765 Item
960 710 1025 765 de
1067 711 1368 765 momentis.

328 799 579 854 XXXIV.
605 799 950 856 Momentum
967 813 1000 854 a
1025 799 1327 855 velocitate
1351 798 1570 854 dictum
1594 803 1698 868 est,
1738 796 1903 868 quasi

263 894 448 944 motus
476 889 701 944 mentis.
727 889 888 944 Nihil
924 889 1077 944 enim
1117 888 1276 944 aliud
1329 887 1583 943 velocius
1632 886 1906 942 habemus

264 977 511 1032 motione
541 977 768 1047 mentis,
801 991 868 1032 ex
901 977 1115 1048 quibus
1157 976 1386 1033 duobus
1411 975 1746 1031 nominibus
1778 989 1906 1030 mo—

264 1070 510 1120 mentum
545 1078 748 1120 nomen
783 1066 1021 1136 accepit.
1058 1068 1343 1122 Minutum
1383 1077 1516 1121 vero
1545 1065 1765 1119 dictum
1800 1067 1906 1136 est,

263 1154 422 1224 quasi
454 1153 678 1225 aliquid
709 1155 1018 1222 minutum,
1048 1155 1258 1210 etenim
1283 1157 1471 1208 minuo
1503 1152 1735 1209 verbum
1773 1151 1910 1206 acti-

262 1257 386 1298 vum
433 1244 615 1298 tertiae
671 1243 1100 1315 conjugationis
1151 1251 1426 1312 correptae
1486 1242 1799 1311 invenitur,
1855 1243 1911 1295 et

260 1333 462 1389 exinde
489 1332 794 1402 participia
815 1335 1082 1396 minutus,
1105 1335 1336 1394 minuta,
1363 1333 1633 1385 minutum
1652 1329 1912 1385 derivan-

264 1427 372 1491 tur,
397 1422 545 1492 quod
573 1427 639 1476 ut
674 1434 876 1476 nomen
900 1421 1136 1491 aliquod
1173 1420 1459 1490 accipitur
1477 1419 1546 1474 ad
1574 1419 1907 1488 parvitatem

264 1511 570 1581 pertinens,
628 1517 690 1565 ut
739 1523 837 1579 per
886 1511 1011 1578 ejus
1071 1509 1469 1580 etymologiam
1522 1507 1904 1579 dignoscitur.

265 1602 514 1656 Punctus
534 1605 719 1654 autem
739 1613 770 1653 a
789 1599 1099 1668 punctione
1115 1597 1512 1668 etymologiam
1537 1596 1789 1652 nominis
1804 1609 1908 1651 ac—

260 1690 429 1759 cepit,
445 1689 582 1759 quia
595 1688 658 1743 ﬁt
662 1703 897 1757 pungor,
913 1693 967 1742 et
981 1687 1075 1741 ind
1083 1700 1112 1741 e
1117 1692 1374 1756 punctus,
1382 1690 1611 1754 puncta,
1620 1690 1901 1754 punctum.

2014 529 2159 587 ﬁunt
2186 535 2466 586 momenta
2485 529 2574 602 60,
2603 530 2742 588 hora
2775 529 2824 603 1,
2849 537 2906 587 et
2924 535 3128 604 media,
3161 534 3291 590 dies
3320 532 3408 590 91.
3450 528 3660 590 lterum

2014 620 2126 675 tria
2157 621 2322 692 signa
2353 634 2383 676 a
2411 634 2446 675 x
2494 620 2617 676 Kal.
2667 621 2780 677 Jul.
2831 635 3013 691 usque
3064 622 3139 686 in.
3172 637 3274 678 xu.
3308 623 3432 679 Kal.
3462 623 3659 679 Octob.

2015 707 2161 764 ﬁunt
2193 715 2473 765 momenta
2520 708 2608 781 60,
2645 710 2783 766 hora
2816 707 2837 764 1
2875 717 2930 766 et
2977 711 3179 780 media,
3221 711 3348 768 dies
3370 709 3457 767 94.
3487 715 3663 768 Item—

2014 811 2124 867 que
2163 798 2275 852 tria
2296 799 2460 869 signa
2480 799 2552 854 ab
2583 813 2639 854 x1
2664 799 2786 854 Kal.
2807 799 3002 854 Octob.
3031 813 3212 870 usque
3240 801 3298 854 in
3321 814 3376 854 x1
3397 801 3522 857 Kal.
3538 803 3661 858 Jan.

2016 883 2163 940 ﬁunt
2196 892 2476 942 momenta
2510 885 2598 957 60,
2652 887 2790 944 hora
2849 885 2899 951 4,
2949 891 3005 943 et
3054 888 3256 958 media,
3303 889 3429 944 dies
3475 887 3578 958 92;
3613 895 3669 946 et

2019 972 2165 1029 ﬁunt
2191 975 2251 1029 in
2276 988 2426 1031 anno
2463 973 2530 1032 12
2560 977 2745 1048 signa,
2792 977 2918 1032 dies
2962 975 3088 1046 355,
3123 981 3404 1033 momenta
3432 974 3573 1048 240;
3614 985 3670 1033 et

2021 1062 2144 1132 ipsa
2172 1069 2450 1119 momenta
2487 1063 2710 1121 faciunt
2741 1065 2909 1121 horas
2935 1064 2988 1136 6,
3022 1073 3078 1121 et
3100 1066 3238 1135 ipsae
3265 1067 3417 1122 horae
3448 1065 3668 1122 faciunt

2021 1149 2044 1205 1
2097 1153 2492 1223 quadrantem,
2541 1156 2888 1225 quadrantes
2919 1153 2951 1209 4
3004 1169 3101 1225 per
3139 1153 3172 1210 4
3219 1169 3400 1212 annos
3449 1156 3669 1212 faciunt

2017 1240 2170 1296 diem
2202 1247 2258 1296 et
2283 1247 2525 1312 noctem,
2559 1244 2696 1313 quia
2725 1242 2759 1298 6
2783 1244 2934 1299 hora
2977 1245 3321 1316 quadragies
3361 1246 3547 1302 ducta
3573 1243 3669 1300 fa—

2019 1329 2184 1384 ciunt
2219 1330 2388 1385 horas
2415 1328 2506 1394 24,
2538 1336 2595 1386 et
2640 1332 2776 1400 ipsae
2809 1333 2964 1388 horae
2994 1331 3218 1388 faciunt
3264 1333 3414 1388 diem
3446 1338 3502 1389 et
3560 1347 3672 1389 no—

2017 1421 2184 1486 ctem,
2215 1417 2314 1487 qui
2337 1419 2575 1475 additur
2594 1433 2649 1474 v1
2677 1419 2800 1474 Kal.
2826 1423 2991 1475 Mart.

2228 1507 2322 1560 Ad
2349 1509 2642 1562 bissemtum
2659 1510 3044 1563 inveniendum
3057 1525 3160 1578 per
3183 1507 3249 1563 12
3271 1511 3451 1578 signa.

2084 1593 2405 1650 XXXV/[Si
2419 1596 2507 1651 vis
2518 1609 2856 1667 COgnoscere
2870 1599 3151 1666 quomodo
3164 1597 3453 1654 bissextus
3465 1598 3673 1655 crescit

2015 1683 2469 1756 singulisannis,
2484 1690 2540 1740 et
2558 1686 2870 1757 mensibus,
2888 1693 2944 1741 et
2966 1687 3190 1756 diebus,
3216 1686 3358 1741 solis
3379 1701 3554 1743 cursu
3569 1702 3668 1757 per

261 1780 370 1833 Hoc
391 1785 579 1832 autem
606 1790 803 1832 nomen
825 1791 856 1831 a
876 1776 1092 1832 Graecis
1108 1775 1403 1831 deﬁnitur.
1422 1776 1521 1829 Est
1545 1775 1726 1846 igitur
1752 1787 1907 1843 pun-
1935 1770 1990 1832 B
2018 1771 2084 1828 12
2105 1773 2291 1846 signa,
2323 1775 2382 1828 in
2409 1788 2754 1845 unoquoque
2772 1777 2938 1851 signo
2974 1776 3159 1831 media
3183 1778 3319 1831 hora
3344 1789 3412 1832 ex
3436 1778 3665 1834 duobus

259 1877 412 1924 ctum
429 1867 715 1922 intervalli
734 1867 1106 1936 principium,
1123 1871 1392 1920 etnatura
1408 1864 1735 1933 insecabile,
1753 1863 1903 1934 quod

259 1959 439 2014 Graeci
467 1963 720 2013 atomum
747 1961 968 2024 vocant,
1005 1955 1061 2010 id
1103 1961 1190 2010 est
1229 1955 1309 2009 ita
1333 1954 1688 2009 diminutum
1735 1958 1907 2022 atque

2016 1863 2268 1933 punctis,
2298 1868 2354 1916 et
2397 1863 2521 1933 ipsa
2567 1865 2752 1918 media
2785 1865 2922 1920 hora
2952 1862 3184 1919 facit20
3237 1873 3538 1922 momenta.
3589 1868 3667 1922 Da

2015 1951 2334 2022 unicuique
2371 1951 2488 2006 diei
2517 1965 2587 2007 ex
2635 1951 2704 2007 30
2741 1952 2958 2008 diebus
2986 1953 3130 2007 duas
3169 1959 3354 2022 partes
3377 1957 3667 2011 momenti.

259 2045 834 2118 parvissimum,utei
857 2043 1223 2114 parinveniri
1243 2056 1354 2098 non
1375 2043 1575 2112 possit,
1596 2055 1773 2097 unum
1793 2053 1905 2096 non
2013 2040 2272 2096 Secundo
2299 2041 2395 2096 die
2444 2047 2789 2096 momentum
2836 2039 2859 2095 1
2903 2047 2960 2096 et
2989 2043 3215 2097 tertiam
3279 2049 3492 2112 partem
3544 2058 3672 2100 mo-

258 2137 325 2192 de
349 2149 586 2191 numero
613 2138 632 2157 '
665 2139 875 2204 puncto
903 2133 1142 2188 dicitur.
1173 2132 1616 2202 Interrogandus
1641 2137 1727 2186 est
1751 2129 1908 2185 deni-

259 2239 371 2296 que
392 2228 530 2294 quot
559 2228 860 2292 momenta,
885 2221 969 2276 vel
993 2226 1133 2291 quot
1153 2220 1393 2286 minuta,
1417 2226 1516 2274 aut
1537 2223 1678 2288 quot
1699 2223 1907 2288 puncta

261 2313 320 2368 in
351 2326 695 2382 unaquaque
742 2312 881 2366 hora
923 2309 1311 2364 inveniantur.
1346 2311 1627 2363 Momenta
1668 2320 1799 2362 vero
1841 2304 1910 2361 40

260 2407 315 2457 et
344 2400 409 2457 10
431 2401 673 2470 minuta,
703 2396 738 2454 4
769 2412 996 2470 quoque
1043 2403 1250 2468 puncta
1290 2398 1350 2452 in
1382 2409 1726 2466 unaquaque
1773 2397 1913 2450 hora

264 2491 431 2559 ﬁunt,
461 2491 598 2561 quia
633 2490 692 2544 in
719 2486 752 2543 4
792 2490 1116 2557 momentis,
1172 2488 1230 2541 in
1279 2484 1301 2540 1
1355 2486 1577 2540 minuto
1617 2483 1652 2540 2
1685 2497 1916 2555 quoque

265 2579 487 2635 minuta
509 2584 566 2634 et
615 2577 927 2632 dimidium
975 2577 1034 2631 in
1085 2579 1292 2645 puncto
1328 2574 1719 2644 implicantur.
1753 2575 1814 2627 In
1845 2570 1916 2627 24

264 2668 424 2723 horis
461 2668 601 2736 diei,
644 2667 944 2737 noctisque
973 2663 1078 2720 960
1132 2669 1434 2733 momenta,
1470 2663 1693 2717 minuta
1722 2667 1914 2717 autem

259 2753 388 2826 240,
421 2763 632 2827 puncta
660 2770 791 2813 vero
820 2753 909 2823 96,
939 2754 1258 2823 computari
1281 2754 1578 2808 dicuntur.
1608 2753 1670 2805 In
1696 2749 1919 2806 hebdo-

264 2846 429 2900 mada
458 2859 588 2900 vero
622 2850 903 2900 momenta
944 2839 1131 2914 6,720,
1179 2842 1403 2897 minuta
1461 2837 1643 2910 1,680,
1705 2843 1918 2908 puncta

261 2931 389 3003 6‘71,
431 2947 556 2989 esse
611 2933 946 2988 creduntur.
985 2932 1156 2986 Sume
1202 2929 1674 2998 adspirationem,
1723 2933 1787 2981 ut
1810 2925 1917 2980 alii

2016 2129 2216 2184 menti.
2243 2129 2434 2185 Tertio
2460 2130 2556 2185 die
2587 2143 2754 2185 mom.
2787 2127 2841 2184 2.
2873 2128 3086 2197 Quarto
3111 2128 3146 2186 2
3169 2136 3225 2186 et
3255 2133 3486 2188 secund.
3523 2138 3669 2202 part.

2024 2219 2314 2273 momenti.
2371 2216 2584 2285 Quinto
2631 2203 2975 2274 momenta3
3031 2223 3087 2274 et
3144 2226 3272 2275 tert.
3325 2234 3443 2289 par.
3499 2235 3667 2277 mom.

2024 2309 2192 2363 Sexto
2235 2320 2402 2363 mom.
2457 2304 2506 2361 4.
2568 2307 2819 2376 Septimo
2877 2321 3043 2363 mom.
3102 2304 3135 2362 4
3180 2313 3236 2364 et
3282 2309 3427 2365 duas
3481 2315 3671 2380 partes

2025 2409 2193 2451 mom.
2227 2396 2434 2452 Octavo
2463 2410 2630 2452 mom.
2659 2395 2694 2452 5
2719 2401 2774 2451 et
2817 2401 2948 2452 tert.
2991 2402 3204 2466 partem
3237 2412 3476 2454 momen.
3513 2403 3674 2457 Nono

2026 2489 2307 2538 momenta
2338 2482 2388 2539 6.
2441 2485 2671 2540 Decimo
2722 2498 2888 2540 mom.
2931 2484 2966 2540 6
2993 2490 3049 2540 et
3095 2486 3240 2541 duas
3271 2493 3459 2556 partes
3503 2503 3674 2544 mom.

2025 2571 2335 2627 Undecimo
2383 2586 2551 2628 mom.
2583 2570 2616 2626 7
2665 2578 2720 2627 et
2748 2577 2876 2628 tert.
2911 2580 3057 2643 part.
3106 2588 3272 2629 mom.
3326 2576 3674 2632 Duodecimo

2025 2661 2120 2716 die
2151 2673 2319 2716 mom.
2351 2658 2405 2715 8.
2456 2662 2862 2718 Decimotertio
2917 2675 3082 2718 mom.
3114 2662 3150 2717 8
3172 2668 3229 2718 et
3262 2666 3496 2720 secund.
3526 2671 3674 2735 part.

2029 2762 2198 2804 mom.
2257 2749 2485 2806 Decimo
2540 2756 2743 2821 quarto
2797 2765 2964 2806 mom.
3017 2749 3136 2807 9et
3177 2753 3405 2808 tertiam
3461 2758 3675 2824 partem

2029 2852 2197 2893 mom.
2231 2839 2459 2894 Decimo
2485 2841 2690 2908 quinto
2724 2853 2890 2894 mom.
2929 2837 3012 2895 40.
3041 2841 3272 2896 Decimo
3297 2847 3456 2897 sexto
3501 2855 3668 2898 mom.

2030 2922 2095 2980 10
2124 2930 2182 2980 et
2209 2927 2353 2982 duas
2383 2934 2572 2996 partes
2613 2942 2780 2983 mom.
2818 2929 3296 2999 Decimoseptimo
3328 2944 3496 2986 mom.
3529 2927 3588 2985 11
3621 2933 3680 2986 et

263 3024 436 3094 quasi
457 3024 566 3078 de'
597 3022 783 3076 milite
814 3022 990 3089 dicta,
1019 3033 1084 3073 eo
1117 3019 1266 3087 quod
1300 3023 1437 3072 sunt
1465 3016 1583 3070 diei
1617 3015 1920 3083 noctisque
1971 3092 1986 3094 ᾼ
2030 3014 2258 3067 tertiam
2317 3021 2552 3084 partem.
2605 3029 2773 3070 mom.
2823 3017 3055 3072 Decimo
3107 3025 3302 3073 octavo
3363 3033 3532 3074 mom.
3590 3015 3677 3074 12.

264 3092 506 3168 limites.
541 3113 749 3166 Lunae'
780 3123 813 3164 a
847 3108 1086 3163 meridie
1118 3119 1302 3175 usque
1336 3106 1405 3159 ad
1454 3103 1751 3159 meridiem
1793 3103 1922 3157 dies
1954 3092 2002 3154 C
2029 3101 2411 3156 Decimonono
2442 3115 2608 3157 mom.
2647 3100 2713 3157 12
2742 3107 2797 3156 et
2833 3105 3064 3158 secund.
3121 3113 3333 3173 partem
3377 3121 3545 3161 mom.
3575 3107 3682 3162 Vi-

259 3199 463 3256 dictus
499 3200 598 3270 sit,
629 3199 730 3268 qui
756 3198 883 3253 dies
901 3196 1198 3266 jucundus
1217 3194 1314 3263 sit,
1337 3193 1458 3247 sive
1487 3191 1798 3246 dividendo
1821 3189 1922 3245 lu—

261 3303 409 3358 cem,
441 3294 498 3343 et
531 3287 790 3342 tenebras
819 3286 945 3341 dies
979 3283 1122 3339 solis
1159 3282 1230 3337 ab
1261 3285 1391 3336 ortu
1435 3278 1578 3335 solis
1628 3291 1808 3348 usque
1850 3276 1920 3332 ad

263 3384 454 3434 ortum
485 3376 622 3432 diei.
659 3378 941 3431 Numerus
970 3387 1002 3428 a
1046 3370 1398 3428 numerando
1439 3381 1639 3424 nomen
1679 3366 1919 3436 accepit,

263 3472 375 3523 aut
402 3467 472 3521 de
504 3463 778 3521 Numeria
807 3463 930 3519 dea.
964 3463 1066 3517 Est
1084 3460 1350 3516 collectio
1390 3471 1659 3526 unorum,
1697 3460 1762 3510 ut
1799 3455 1927 3509 Au-

264 3555 541 3628 gustinus
559 3555 664 3625 ait,
699 3553 800 3625 qui
833 3566 961 3607 cum
982 3548 1019 3607 2
1044 3551 1166 3606 sint
1193 3547 1436 3620 singuli,
1465 3552 1522 3602 et
1553 3546 1684 3616 plus
1712 3542 1744 3599 4
1763 3547 1922 3614 sunt,

266 3643 486 3716 quibus
525 3647 749 3713 constat
779 3640 1043 3697 deﬁnitio
1076 3638 1324 3708 numeri,
1370 3642 1426 3691 et
1458 3648 1571 3706 quo
1600 3634 1774 3689 haeret
1805 3646 1924 3688 nu-

265 3746 462 3788 merus
485 3729 554 3787 9O
574 3731 693 3786 mil.
718 3729 936 3786 murias
953 3731 974 3752 "
997 3727 1234 3783 initium
1253 3724 1390 3781 anni
1415 3723 1642 3779 lunaris
1661 3721 1732 3777 ab
1749 3721 1923 3777 initio

271 3821 450 3892 primi
485 3821 697 3876 mensis
725 3819 874 3889 apud
904 3817 1186 3888 Hebraeos,
1215 3819 1273 3870 et
1301 3815 1381 3870 ita
1402 3812 1718 3869 secundum
1747 3823 1925 3881 regu-

269 3911 387 3968 lam
413 3909 696 3965 Ecclesiae.
731 3907 914 3964 Graeci
940 3911 1128 3961 autem
1160 3907 1499 3959 enumerant
1523 3913 1738 3957 annum
1769 3912 1802 3954 a
1856 3895 1924 3953 15

268 4013 458 4070 usque
483 3999 542 4052 in
580 3995 647 4053 44
677 4001 881 4066 praeter
907 3991 1474 4050 decemnovennalem
1509 3990 1656 4059 cycli
1684 4000 1919 4058 annum,

267 4089 378 4160 qui
402 4087 613 4158 incipit
640 4102 674 4142 a
705 4084 772 4140 14
802 4091 1033 4156 propter
1057 4081 1562 4138 commutationem
1605 4079 1774 4133 lunae.

593 4177 726 4230 Item
751 4175 816 4228 de
843 4174 1124 4228 momentis
1162 4170 1238 4224 ad
1281 4171 1597 4222 bissextum.

342 4265 576 4321 XXXV.
605 4265 949 4319 Momentum
981 4263 1239 4317 Graecum
1271 4264 1377 4329 est,
1407 4258 1671 4312 Latinum
1702 4254 1924 4310 dicitur

271 4355 602 4424 minimum,
635 4359 808 4424 atque
832 4350 1310 4423 angustissimum
1338 4353 1562 4417 tempus
1593 4359 1625 4400 a
1649 4350 1802 4400 motu
1833 4343 1924 4398 si-

263 4445 472 4500 derum
506 4444 760 4513 dictum;
796 4447 882 4496 est
905 4440 1058 4496 enim
1093 4437 1425 4493 extremitas
1457 4435 1610 4490 horae
1637 4434 1694 4488 in
1729 4433 1924 4488 brevi-

269 4534 386 4588 bus
410 4532 750 4602 intervallis,
782 4544 911 4586 cum
934 4528 1160 4599 aliquid
1189 4526 1304 4582 sibi
1331 4525 1504 4595 cedit,
1537 4529 1708 4594 atque
1738 4534 1925 4577 succe-

265 4622 385 4678 dit.
436 4620 782 4676 Anatholius
830 4617 1254 4674 Alexandrinus
1325 4613 1606 4670 Lauditia:
1665 4610 1925 4667 civitatis

262 4712 508 4766 Graecus
525 4710 830 4780 episcopus
849 4707 1036 4762 dixit:
1060 4708 1165 4761 Per
1202 4704 1453 4760 medium
1484 4703 1734 4775 signum,
1761 4701 1817 4756 id
1839 4704 1926 4756 est

268 4812 377 4869 per
407 4795 475 4854 15
519 4803 727 4869 partes,
758 4801 816 4852 et
857 4796 1004 4852 ﬁunt
1036 4792 1103 4850 15
1147 4793 1274 4850 dies
1301 4792 1421 4848 sole
1457 4791 1794 4847 ascendente
1826 4803 1925 4860 per

269 4891 584 4958 momenta,
618 4886 793 4957 idque
829 4885 889 4940 in
933 4895 1283 4955 unoquoque
1324 4881 1421 4936 die
1462 4893 1495 4935 a
1530 4892 1612 4934 ιιι
1646 4878 1769 4934 Kal.
1797 4879 1921 4934 Jan.

267 4988 466 5044 usque
493 4974 554 5028 in
584 4987 642 5028 ιι
669 4973 793 5028 Kal.
825 4973 960 5042 Apr.
994 4971 1254 5028 ascendit
1284 4981 1633 5040 unoquoque
1655 4967 1752 5023 die
1779 4967 1927 5022 duas

267 5066 472 5135 partes
519 5062 810 5117 momenti.
845 5063 907 5116 In
961 5062 1146 5130 primo
1192 5059 1359 5129 signo
1418 5062 1700 5113 momenta
1740 5053 1811 5112 20
1865 5055 1929 5112 ﬁt

269 5150 468 5208 media
503 5149 644 5206 hora
662 5150 787 5205 dies
810 5147 897 5205 30.
928 5151 990 5204 In
1030 5149 1279 5206 secundo
1306 5147 1473 5218 signo
1523 5149 1804 5202 momenta
1832 5141 1921 5202 20.

268 5245 338 5299 In
383 5240 556 5296 tertio
596 5239 764 5310 signo
807 5242 1088 5295 momenta
1109 5235 1199 5293 20.
1232 5238 1294 5292 In
1326 5236 1419 5291 his
1460 5235 1650 5290 tribus
1681 5234 1868 5306 signis
1894 5247 1927 5291 a

268 5343 359 5385 vn
392 5328 516 5384 Kal.
553 5330 782 5386 Januar.
841 5342 1025 5400 usque
1055 5327 1115 5382 in
1163 5339 1223 5381 x1
1267 5325 1388 5381 Kal.
1436 5325 1574 5394 Apr.
1621 5323 1767 5379 ﬁunt
1799 5337 1926 5379 mo-

273 5426 472 5476 menta
490 5419 579 5476 60.
600 5422 727 5490 Ipsa
750 5424 1030 5476 momenta
1054 5416 1278 5474 faciunt
1299 5415 1494 5471 horam
1517 5412 1564 5485 1,
1586 5418 1643 5470 et
1660 5413 1923 5486 mediam,

272 5509 408 5564 dies
437 5507 525 5568 90.
558 5511 606 5566 A
629 5523 711 5566 xu
744 5509 868 5566 Kal.
894 5510 1015 5566 Jan.
1051 5521 1233 5580 usque
1259 5507 1318 5562 in
1364 5519 1420 5561 χι
1452 5503 1573 5560 Kal.
1617 5504 1752 5574 Apr.
1790 5505 1929 5562 hora

273 5599 657 5674 diminuitur,
681 5599 997 5658 etdimidia
1010 5599 1082 5657 de
1101 5597 1353 5658 tenebris
1370 5597 1578 5657 crescit
1611 5593 1924 5654 inlumina.

231 5686 254 5711 σ

2030 3189 2249 3260 gesimo
2297 3203 2460 3244 mom.
2509 3188 2576 3244 13
2603 3196 2659 3244 et
2715 3195 2844 3244 tert.
2909 3197 3120 3260 partem
3173 3207 3342 3247 mom.
3394 3194 3683 3264 Vigesimo

2033 3277 2220 3346 primo
2270 3291 2437 3332 mom.
2497 3275 2588 3332 44.
2665 3279 2951 3349 Vigesimo
2999 3281 3249 3336 secundo
3299 3295 3467 3337 mom.
3515 3280 3580 3336 44
3627 3287 3684 3340 et

2033 3365 2267 3420 secund.
2300 3371 2515 3434 partem
2548 3379 2716 3421 mom.
2762 3366 3045 3436 Vigesimo
3089 3368 3260 3422 tertio
3308 3382 3476 3423 mom.
3531 3368 3598 3424 15
3626 3375 3684 3426 et

2035 3458 2165 3509 tert.
2204 3459 2438 3522 partem.
2471 3468 2637 3510 mom.
2677 3453 2961 3525 Vigesimo
3010 3461 3213 3525 quarto
3246 3469 3412 3510 mom.
3467 3453 3533 3512 16
3577 3459 3682 3514 Vi-

2036 3543 2254 3615 gesimo
2285 3543 2490 3614 quinto
2543 3556 2711 3599 mom.
2763 3540 2830 3598 16
2871 3550 2925 3599 et
2974 3545 3207 3600 secund.
3261 3551 3477 3615 partem
3510 3560 3678 3603 mom.

2037 3632 2325 3704 Vigesimo
2346 3637 2508 3688 sexto
2536 3646 2704 3688 mom.
2742 3628 2806 3687 17
2827 3641 2883 3688 et
2909 3637 3038 3689 tert.
3069 3639 3282 3703 partem
3312 3649 3481 3691 mom.
3513 3636 3688 3707 Vige-

2034 3721 2182 3777 simo
2230 3722 2473 3792 septimo
2507 3735 2674 3778 mom.
2729 3719 2812 3776 18.
2862 3722 3149 3793 Vigesimo
3193 3729 3389 3780 octavo
3417 3739 3679 3780 momem.

2035 3808 2102 3866 18
2130 3815 2186 3866 et
2231 3809 2465 3866 secund.
2501 3816 2718 3881 partem
2769 3824 2937 3867 mom.
2984 3812 3272 3884 Vigesimo
3321 3826 3469 3869 nono
3511 3827 3678 3871 mom.

2034 3898 2101 3955 19
2127 3906 2183 3956 et
2202 3904 2331 3955 tert.
2369 3906 2584 3970 partem
2617 3913 2783 3955 mom.
2803 3901 3121 3972 Trigesimo
3150 3902 3244 3958 die
3277 3916 3446 3958 mom.
3477 3901 3566 3960 20.

2102 3992 2228 4045 Haec
2258 3990 2318 4044 in
2342 4003 2687 4060 unoquoque
2717 3989 2882 4060 signo
2915 3990 2978 4045 ﬁt
3015 4005 3234 4047 summa
3265 3999 3680 4050 momentorum

2031 4077 2101 4135 20
2130 4083 2185 4133 et
2209 4079 2335 4147 ipsa
2358 4083 2638 4133 momenta
2671 4077 2893 4134 faciunt
2923 4080 3164 4136 mediam
3219 4083 3436 4154 horam,
3473 4088 3529 4138 et
3553 4083 3679 4139 dies

2032 4166 2119 4224 30.
2155 4167 2414 4223 Secundo
2440 4167 2605 4237 signo
2636 4181 2802 4222 mom.
2843 4166 2914 4224 20
2948 4181 3015 4224 ex
3039 4170 3287 4226 dimidia
3319 4171 3478 4242 hora,
3511 4172 3590 4227 ibi
3614 4171 3684 4229 30

2032 4257 2177 4313 dies.
2202 4256 2393 4311 Tertio
2413 4255 2580 4326 signo
2608 4268 2775 4309 mom.
2807 4253 2876 4310 20
2905 4270 2972 4311 ex
3017 4258 3262 4315 dimidia
3308 4244 3468 4329 hora,
3504 4262 3584 4316 ibi
3611 4260 3681 4318 30

2031 4348 2178 4417 dies,
2209 4352 2264 4401 et
2288 4345 2373 4400 sic
2401 4343 2472 4398 de
2522 4344 2796 4414 singulis.
2838 4345 2964 4399 Haec
3013 4343 3078 4399 12
3115 4348 3279 4417 signa
3314 4348 3534 4404 faciunt
3574 4350 3681 4408 860

1953 4454 2006 4514 D
2037 4442 2334 4492 momenta.
2360 4434 2482 4504 Ipsa
2519 4438 2799 4488 momenta
2818 4431 2924 4488 240
2950 4433 3170 4490 faciunt
3192 4436 3361 4492 horas
3385 4437 3436 4507 6,
3467 4445 3523 4494 et
3545 4441 3682 4510 ipsae

2036 4526 2188 4581 hora:
2219 4520 2480 4579 faciunt1
2522 4524 2895 4594 quadrantem
2930 4523 2989 4578 in
3015 4520 3037 4577 1
3067 4537 3237 4594 anno,
3262 4533 3316 4580 et
3335 4527 3679 4601 quadragies

2032 4614 2218 4669 ducta:
2244 4626 2343 4682 per
2369 4610 2403 4667 4
2425 4625 2608 4668 annos
2632 4611 2855 4669 faciunt
2886 4612 3054 4669 horas
3081 4609 3171 4684 24,
3207 4614 3355 4685 quod
3388 4614 3518 4672 est1
3555 4618 3679 4675 dies

2034 4701 2338 4772 naturalis,
2372 4715 2537 4770 quem
2569 4702 2758 4757 Latini
2809 4702 3125 4759 bissextum
3169 4709 3391 4760 vocant.

2137 4792 2233 4847 Ad
2260 4793 2502 4861 quinque
2548 4791 2662 4846 dies
2703 4794 3056 4848 intercalares
3093 4795 3444 4851 inveniendos
3473 4812 3578 4867 per

2718 4877 2786 4935 12
2825 4884 3005 4948 signa.

2106 4971 2384 5028 XXXVII.
2412 4969 2473 5026 Si
2500 4982 2666 5026 nosse
2693 4969 2782 5026 vis
2813 4971 3098 5040 quomodo
3125 4971 3470 5031 adcrescunt
3499 4972 3534 5032 5
3553 4975 3681 5034 dies

2039 5061 2407 5118 intercalares
2442 5059 2695 5131 singulis
2726 5059 3018 5115 mensibus
3061 5065 3117 5116 et
3144 5061 3350 5120 diebus
3396 5065 3456 5121 in
3480 5063 3502 5120 1
3530 5080 3680 5122 anno

2037 5152 2180 5209 solis
2208 5165 2384 5208 cursu
2437 5163 2536 5220 per
2584 5146 2650 5205 12
2698 5149 2885 5221 signa,
2935 5149 2994 5204 in
3041 5163 3386 5226 unoquoque
3421 5155 3588 5225 signo
3616 5152 3682 5212 10

2039 5242 2190 5298 horLe
2218 5242 2500 5296 crescunt.
2550 5238 2875 5308 Multiplico
2905 5235 2972 5295 40
3001 5253 3100 5310 per
3126 5242 3337 5313 decies,
3383 5243 3528 5297 ﬁunt
3555 5239 3678 5315 100,

2038 5332 2175 5402 quia
2216 5329 2239 5385 1
2296 5329 2435 5386 hora
2487 5325 2554 5384 10
2602 5329 2822 5384 minuta
2871 5326 3026 5385 fecit.
3089 5331 3411 5400 Multiplica
3461 5329 3527 5385 10
3583 5345 3684 5402 per

2036 5421 2244 5491 decies,
2295 5420 2440 5476 ﬁunt
2470 5415 2570 5476 100
2598 5418 2836 5474 minuta.
2881 5420 2960 5475 Da
3009 5420 3325 5488 unicuique
3352 5417 3471 5474 diei
3501 5433 3570 5476 ex
3616 5418 3687 5478 30

2036 5509 2242 5566 diebus
2267 5522 2300 5563 v
2339 5509 2582 5579 minuta,
2629 5514 2685 5564 et
2727 5507 2952 5564 tertiam
3005 5512 3217 5576 partem
3277 5506 3511 5579 minuti,
3543 5510 3684 5580 quia

2039 5601 2194 5657 omni
2219 5598 2316 5655 die
2339 5612 2407 5654 ex
2429 5596 2498 5654 30
2525 5597 2733 5654 diebus
2773 5598 3113 5652 adcrescunt
3140 5592 3175 5649 3
3205 5595 3446 5669 minuta,
3492 5602 3548 5656 et
3574 5603 3685 5655 ter.
