4076 6174
436 277 575 337 1295

1289 279 1602 349 ,ΑΡΡΕΝΠ
1649 279 1742 336 AD
1777 279 1937 336 SEC.
1979 281 2073 336 IX.
2108 311 2176 322 —-
2223 279 2579 338 AUCTORES
2625 279 2958 337 ANONYMI.

3701 277 3845 336 4296

428 404 509 458 tia
541 417 671 473 pars
715 403 945 459 minuti.
982 404 1174 460 Primo
1207 417 1360 484 anno
1389 421 1442 474 p.
1474 408 1493 429 ’
1516 404 1805 461 bissextus
1838 405 2074 460 initium
2104 411 2164 472 Α
2189 404 2340 461 diem
2387 403 2450 476 4;
2481 410 2538 462 et
2585 405 2814 476 quando
2861 401 3152 460 bissextus
3195 403 3468 471 evenerit,
3516 402 3647 459 dies
3700 399 3755 470 2,
3785 404 3848 457 et

431 487 615 562 prima
643 493 779 548 hora
810 487 997 548 noctis
1030 493 1088 547 in
1119 493 1302 562 primo
1335 494 1499 564 signo
1539 493 1715 548 intret
1742 494 1800 548 in
1825 493 2073 548 Arietem

432 581 490 635 in
512 595 868 652 ,unoquoque
904 581 999 636 die
1047 595 1114 636 ex
1145 578 1213 636 3O
1236 581 1442 637 diebus
1473 580 1789 638 crescunt3
1833 582 2074 653 minuta,

429 675 485 724 et
516 670 684 724 tertia
733 683 862 740 pars
908 671 1138 725 minuti.
1167 670 1426 724 Secundo
1463 670 1615 725 die6
1663 677 1966 741 momenta,
2024 677 2080 726 et

434 759 679 814 secunda
719 773 849 829 pars
880 760 1113 814 minuti.
1155 760 1345 814 Tertio
1397 758 1460 814 10
1495 760 1735 814 minuta.
1769 761 1982 829 Quarto
2015 757 2079 814 43

433 848 673 918 minuta,
716 853 770 903 et
800 849 967 904 tertia
1009 861 1138 918 pars
1179 849 1412 902 minuti.
1466 847 1678 916 Quinto
1734 847 1800 903 46
1831 849 1967 903 min.
2025 854 2081 904 et

430 939 678 994 secunda
712 951 842 1006 pars
874 940 1018 992 min.
1045 940 1211 993 Sexto
1241 935 1310 993 20
1357 938 1492 992 min.
1529 938 1780 1008 Septimo
1808 936 1879 993 23
1909 938 2072 1008 min.,

429 1032 485 1083 et
505 1027 672 1082 tertia
695 1040 826 1096 pars
857 1028 996 1081 min.
1032 1026 1240 1082 Octavo
1260 1025 1349 1097 26,
1374 1033 1428 1082 et
1451 1027 1596 1082 duas
1623 1032 1810 1096 partes
1839 1027 2070 1082 minuti.

430 1120 588 1172 Nono
612 1116 682 1172 30
732 1117 868 1171 min.
921 1117 1147 1171 Decimo
1173 1115 1242 1172 33
1275 1117 1436 1186 min.,
1471 1123 1526 1172 et
1567 1117 1735 1172 tertia
1770 1131 1900 1186 pars
1932 1118 2072 1173 min.

430 1207 739 1262 Undecimo
768 1204 838 1261 36
868 1207 1030 1270 min.,
1063 1212 1118 1262 et
1167 1207 1400 1261 secund.
1457 1212 1604 1276 part.
1655 1207 1792 1261 min.
1845 1208 2078 1263 Duode—

427 1297 577 1352 cimo
601 1294 669 1351 40
701 1297 841 1352 min.
888 1297 1292 1351 Decimotertio
1337 1294 1404 1350 43
1448 1296 1610 1366 min.,
1661 1302 1715 1352 et
1764 1301 1891 1352 tert.
1929 1301 2074 1366 part.
2110 1359 2118 1365 ι

430 1387 566 1442 min.
603 1387 1038 1455 Decimoquarto
1065 1383 1133 1440 46
1165 1385 1327 1454 min.,
1375 1392 1431 1440 et
1463 1385 1698 1442 secund.
1751 1391 1897 1455 part.
1933 1387 2072 1441 min.

428 1476 864 1544 Decimoquinto
884 1472 954 1529 50
979 1475 1114 1529 min.
1148 1474 1543 1530 Decimosexto
1669 1474 1832 1543 min.,
1865 1479 1921 1529 et
1944 1479 2070 1530 tert.

428 1571 570 1635 part.
599 1564 738 1618 min.
763 1562 1237 1630 Decimoseptimo
1258 1561 1328 1617 56
1362 1564 1522 1633 min.,
1554 1567 1610 1617 et
1657 1563 1890 1617 secund.
1929 1567 2073 1632 part.

429 1655 568 1709 min.
596 1652 823 1706 Decimo
846 1657 1040 1705 octavo
1068 1649 1136 1705 60
1182 1651 1319 1705 min.
1348 1651 1782 1722 Undevigesimo
1819 1649 1889 1706 63
1912 1653 2072 1724 min.,

2191 494 2358 550 habet
2399 495 2520 565 ipse
2557 508 2745 550 annus
2781 495 2951 549 horas
2991 490 3052 554 21
3066 488 3271 565 8]770,
3298 500 3354 548 et
3386 492 3576 547 habet‘
3603 498 3847 561 punctos

2191 580 2370 654 4,035,
2403 589 2458 638 et
2486 584 2722 652 insuper
2748 581 2921 638 horas
2952 579 3041 636 40.
3083 583 3238 650 lpsas
3279 581 3451 636 horas
3489 581 3688 636 divide
3730 581 3787 634 in
3812 575 3845 633 7

2190 676 2397 740 partes,
2427 672 2667 740 septima
2702 685 2832 740 pars
2857 684 2925 726 ex
2954 670 3099 740 ipsis
3127 670 3287 724 horis
3311 677 3450 724 sunt
3473 670 3626 724 hom
3662 666 3840 738 4,%0,

2189 765 2244 816 et
2273 761 2342 816 de
2374 761 2519 831 ipsis
2550 766 2840 816 remanent
2870 760 3021 815 hora:
3049 757 3084 814 3
3117 765 3280 814 extra
3310 759 3633 829 portionem
3668 757 3847 813 hora-

2190 862 2337 921 rum,
2366 855 2421 904 et
2445 850 2580 918 ipsa:
2599 847 2633 904 3
2658 850 2809 904 horae
2841 846 3067 904 faciunt
3091 847 3430 904 bissextum.

2757 939 2891 992 Item
2917 937 2981 990 de
3015 937 3267 991 bissemto.

2256 1029 2395 1082 XLI.
2417 1029 2479 1082 In
2517 1026 2810 1082 mensibus
2844 1022 2910 1081 42
2937 1026 3279 1081 adcrescunt
3312 1025 3510 1095 puncti
3544 1022 3609 1080 42
3640 1025 3701 1080 in
3725 1039 3841 1080 an—

2185 1129 2258 1172 no
2286 1113 2335 1186 4,
2369 1116 2470 1186 qui
2520 1114 2741 1171 faciunt
2781 1115 2950 1171 horas
2972 1112 3024 1170 3.
3074 1116 3132 1169 In
3158 1114 3274 1169 alio
3316 1127 3467 1170 anno
3497 1115 3669 1170 horas
3693 1112 3746 1170 3.
3781 1117 3840 1169 In

2187 1205 2357 1260 tertio
2390 1204 2558 1260 horas
2581 1202 2633 1258 3.
2669 1206 2730 1258 In
2762 1209 2964 1273 quarto
2991 1215 3140 1258 anno
3165 1202 3333 1257 horas
3353 1200 3408 1271 3,
3439 1207 3496 1257 et
3524 1203 3665 1272 ipsa:
3691 1203 3839 1258 hora:

2188 1291 2409 1348 faciunt
2450 1293 2620 1348 horas
2658 1289 2744 1349 42.
2771 1295 2840 1347 Et
2884 1307 2936 1347 vi
2968 1291 3092 1346 Kal.
3145 1294 3311 1347 Mart.
3357 1290 3584 1346 faciunt
3608 1291 3761 1346 diem
3791 1289 3836 1363 4,

2186 1389 2242 1437 et
2263 1383 2442 1451 ipsam
2464 1381 2615 1437 diem
2644 1381 2858 1438 mensis
2891 1380 3262 1452 Februarius,
3289 1380 3517 1451 quando
3545 1379 3842 1436 bissextus

2186 1471 2455 1542 evenerit,
2499 1472 2729 1542 accipit.

2752 1563 2888 1615 Item
2919 1560 2985 1614 de
3015 1560 3266 1614 bissemto.

2258 1650 2423 1704 XLII.
2457 1649 2782 1705 Bissextum
2818 1662 2930 1705 non
2953 1647 3024 1704 ob
3056 1648 3223 1705 illum
3243 1647 3397 1703 diem
3431 1646 3581 1717 fieri,
3608 1651 3672 1704 ut
3704 1649 3842 1719 qui-

425 1750 480 1798 et
511 1747 637 1796 tert.
669 1746 811 1809 part.
849 1740 986 1794 min.
1020 1739 1308 1810 Vigesimo
1337 1738 1406 1795 66
1440 1741 1602 1803 min,.
1637 1747 1692 1795 et
1714 1741 1860 1796 duas
1887 1746 2076 1810 partes
2101 1756 2150 1816 Β
2185 1737 2314 1793 dam
2343 1744 2564 1809 putant,
2598 1753 2728 1794 cum
2757 1740 2925 1795 Josue
2946 1738 3122 1794 solem
3165 1737 3364 1793 orabat
3395 1745 3567 1806 stare,
3596 1739 3843 1794 creden-

427 1832 565 1886 min.
607 1831 893 1900 Vigesimo
932 1830 1116 1898 primo
1136 1825 1205 1884 70
1238 1830 1374 1884 min.
1402 1830 1689 1901 'Vigesimo
1725 1831 1977 1886 secundo
2005 1828 2076 1886 73

431 1921 592 1991 min.,
622 1925 679 1974 et
709 1918 941 1974 secund.
965 1924 1110 1988 part.
1135 1918 1274 1972 min.
1308 1919 1596 1988 Vigesimo
1624 1917 1878 1974 tertio76
1907 1920 2071 1991 min.,

423 2016 480 2065 et
505 2010 738 2066 secund.
774 2014 918 2078 part.
955 2009 1092 2062 min.
1129 2009 1415 2079 Vigesimo
1442 2015 1646 2078 quarto
1675 2007 1745 2064 80
1798 2009 1936 2064 min.
1969 2011 2076 2064 Vi-

425 2099 639 2171 gesimo
667 2098 871 2169 quinto
899 2095 970 2152 83
1018 2097 1156 2152 min.
1188 2103 1244 2152 et
1270 2103 1397 2152 tert.
1439 2105 1584 2166 part.
1620 2098 1756 2152 min.
1789 2099 2074 2170 Vigesimo

423 2196 582 2244 sexto
609 2187 680 2243 86
711 2188 873 2258 min.,
913 2193 967 2242 et
1011 2187 1243 2242 secund.
1295 2192 1439 2256 part.
1473 2188 1611 2241 min.
1658 2186 1952 2258 Vigesimo
1979 2201 2076 2243 se-

425 2279 606 2348 ptimo
647 2275 716 2332 90
749 2277 888 2331 min.
942 2276 1230 2347 Vigesimo
1279 2282 1478 2331 octavo
1523 2273 1594 2330 93
1635 2276 1800 2347 min.,
1856 2281 1911 2331 et
1944 2281 2072 2331 tert.

423 2374 568 2439 part.
617 2367 756 2421 min.
813 2365 1270 2436 Undetrigesimo
1313 2363 1382 2420 96
1407 2366 1542 2419 min.
1601 2372 1656 2420 et
1700 2366 1846 2421 duas
1886 2371 2076 2435 partes

419 2460 560 2514 min.
584 2456 900 2527 Trigesimo
930 2456 1024 2509 die
1048 2453 1147 2510 400
1180 2456 1419 2510 minuta.

487 2549 726 2616 Haecque
767 2558 941 2600 unum
966 2545 1194 2615 signum
1239 2544 1546 2614 integrum,
1571 2550 1624 2599 et
1649 2544 1710 2599 ﬁt
1731 2557 1953 2600 summa
1973 2539 2072 2598 490

423 2637 794 2692 minutorum.
827 2638 952 2703 Ipsa
977 2635 1196 2687 minuta
1223 2630 1446 2687 faciunt
1473 2634 1643 2688 horas
1677 2631 1741 2688 40
1761 2641 1814 2687 et
1832 2631 1900 2687 30
1921 2632 2065 2687 dies.

417 2727 642 2783 Similis
669 2738 943 2780 numerus
975 2723 1032 2776 in
1074 2720 1139 2776 42
1183 2722 1402 2790 signis;
1433 2722 1491 2775 in
1526 2735 1870 2790 unoquoque
1903 2722 2069 2791 signo

421 2815 521 2870 100
550 2815 790 2880 minuta,
826 2813 1068 2879 ipsaque
1095 2809 1317 2862 minuta
1367 2807 1588 2862 faciunt
1617 2809 1784 2864 horas
1826 2807 1891 2864 10
1921 2815 1976 2864 et
1999 2807 2068 2864 30

419 2905 562 2959 dies.
596 2903 721 2954 Haec
746 2897 994 2967 42signa
1019 2896 1238 2951 faciunt
1263 2897 1390 2950 dies
1408 2895 1531 2965 360,
1574 2897 1742 2952 horas
1776 2895 1894 2954 120.
1929 2900 2068 2967 Ipsae

418 2993 571 3048 horie
601 2988 823 3044 faciunt
854 2988 1075 3041 minuta
1105 2983 1259 3041 4200.
1287 2987 1504 3041 Partire
1529 2983 1627 3041 420
1665 2988 1833 3043 horas
1855 3001 1952 3057 per
1974 2984 2065 3050 24,

2185 1826 2322 1882 dum
2344 1833 2449 1897 est,
2475 1829 2613 1899 quia
2648 1827 2747 1883 ille
2775 1828 2900 1882 dies
2931 1826 3063 1898 fuit,
3092 1834 3149 1881 et
3173 1827 3474 1896 praeteriit.
3497 1826 3603 1881 Sed
3635 1827 3707 1881 ob
3737 1827 3838 1882 hoc

2184 1915 2406 1972 dicitur
2431 1916 2742 1988 bissextus,
2766 1917 2915 1988 quod
2969 1917 3030 1970 in
3061 1929 3407 1986 unoquoque
3446 1929 3641 1970 mense
3686 1929 3842 1984 pun-

2185 2010 2314 2060 ctus
2348 2003 2368 2059 4
2401 2006 2710 2061 adcrescat.
2753 2008 3004 2061 Punctus
3032 2018 3162 2060 vero
3211 2002 3231 2058 4
3283 2010 3486 2074 quarta
3521 2018 3656 2074 pars
3690 2003 3839 2059 hora:

2185 2099 2291 2150 est.
2320 2095 2522 2150 Puncti
2556 2109 2685 2150 vero
2712 2092 2744 2149 4
2803 2094 2999 2150 horam
3034 2092 3054 2147 4
3104 2093 3345 2149 faciunt.
3374 2094 3576 2148 Puncti
3614 2107 3744 2148 vero
3778 2090 3842 2147 12

2189 2185 2358 2239 horas
2386 2182 2420 2239 3
2470 2185 2716 2254 explent.
2762 2185 2910 2255 Ergo
2965 2185 3022 2238 in
3078 2179 3112 2237 4
3158 2183 3327 2237 annis
3359 2180 3390 2236 4
3437 2190 3619 2237 terna:
3666 2183 3838 2255 horae,

2187 2274 2336 2344 quod
2359 2278 2494 2329 sunt
2523 2271 2607 2344 42,
2627 2273 2779 2328 diem
2807 2272 3028 2328 faciunt
3059 2269 3081 2326 4
3117 2273 3216 2342 qui
3240 2273 3483 2327 additur
3506 2273 3836 2342 Februario,

2185 2376 2429 2432 cumque
2453 2377 2509 2417 v1
2535 2364 2656 2418 Kal.
2688 2366 2852 2419 Mart.
2889 2363 3173 2425 habuerit,
3206 2369 3262 2418 et
3291 2371 3351 2418 ut
3382 2363 3440 2417 in
3467 2363 3729 2418 crastino
3760 2365 3841 2418 sic

2188 2451 2406 2520 habeat,
2461 2454 2522 2508 V.
2559 2470 2612 2525 g.
2662 2454 2710 2508 si
2762 2453 2934 2509 hodie
2979 2467 3034 2507 VI
3073 2453 3196 2508 Kal.
3243 2454 3407 2507 Mart.
3459 2453 3706 2508 additur
3746 2453 3842 2507 ille

2182 2542 2327 2612 dies,
2361 2543 2462 2613 qui
2519 2550 2723 2612 quarto
2772 2556 2922 2598 anno
2952 2541 3212 2612 expletus
3251 2547 3356 2610 est,
3404 2550 3468 2598 ut
3514 2549 3569 2597 et
3617 2543 3678 2596 in
3708 2554 3843 2597 cra-

2182 2637 2336 2686 stino
2361 2632 2446 2686 sic
2493 2631 2693 2686 habeat
2724 2645 2778 2685 v1
2811 2631 2937 2686 Kal.
2977 2633 3141 2685 Mart.
3173 2632 3242 2685 Et
3273 2631 3400 2687 ideo
3425 2631 3723 2686 bissextus
3743 2630 3843 2685 di-

2180 2719 2352 2789 citur,
2389 2720 2526 2790 quia
2555 2721 2646 2776 bis
2673 2721 2886 2792 legitur
2917 2734 2970 2775 v1
3004 2721 3126 2776 Kal.
3171 2721 3329 2775 Mart.

2726 2813 2856 2865 Item
2914 2811 2980 2864 de
3035 2811 3288 2864 bissexto.

2253 2897 2434 2954 XLIII.
2462 2901 2521 2955 In
2540 2898 2574 2955 6
2589 2900 2795 2956 diebus
2817 2899 2954 2956 fecit
2985 2901 3277 2956 mumdum
3303 2901 3471 2971 Deus,
3498 2900 3560 2954 in
3580 2900 3829 2969 septimo

2181 2989 2478 3058 requievit.
2527 2990 2672 3061 Ergo
2703 2996 2766 3045 ut
2815 2989 3043 3059 plenius
3088 2989 3446 3059 intelligatur
3505 2994 3828 3058 compotus,

418 3088 474 3136 et
499 3080 645 3135 ﬁunt
671 3077 984 3149 quinquies
1002 3073 1090 3145 24,
1117 3076 1266 3146 quod
1300 3081 1437 3131 sunt
1460 3075 1495 3131 5
1519 3077 1644 3132 dies
1666 3078 1764 3147 qui
1789 3079 2068 3134 dicuntur
2098 3088 2146 3151 α
2179 3081 2307 3134 vide
2335 3084 2475 3150 quot
2527 3079 2696 3135 horas
2755 3080 2958 3134 habeat
3015 3075 3038 3132 4
3082 3093 3288 3148 annus,
3338 3084 3395 3133 et
3446 3078 3648 3133 divide
3705 3079 3834 3132 illas

419 3171 808 3241 intercalares,
841 3177 897 3224 et
925 3175 1095 3224 erunt
1122 3167 1303 3223 totius
1332 3167 1468 3222 anni
1498 3167 1624 3223 dies
1655 3165 1779 3223 365.

1089 3261 1165 3312 De
1173 3260 1395 3327 punctis

485 3351 791 3406 XXXVIII.
831 3349 990 3404 Unus
1043 3353 1290 3418 punctus
1344 3352 1547 3418 quarta
1596 3362 1728 3418 pars
1776 3349 1928 3404 horae
1957 3353 2061 3405 est.

417 3441 617 3496 Puncti
651 3437 683 3494 4
714 3438 934 3495 faciunt
968 3435 989 3492 4
1030 3437 1246 3492 horam.
1287 3439 1537 3493 Punctus
1571 3436 1592 3492 4
1626 3437 1766 3493 facit
1798 3435 1863 3494 10
1895 3452 2063 3494 mom.

414 3529 618 3584 Puncti
650 3525 683 3582 4
708 3542 877 3583 mom.
907 3524 992 3596 40,
1026 3532 1081 3580 et
1109 3526 1218 3580 ista
1244 3523 1312 3580 40
1338 3540 1506 3581 mom.
1536 3524 1757 3581 faciunt
1786 3523 1807 3579 4
1841 3526 2059 3581 horam.

414 3618 540 3674 Et6
589 3618 740 3672 horae
779 3618 837 3671 in
892 3613 913 3669 4
951 3629 1101 3670 anno
1145 3613 1368 3670 faciunt
1419 3613 1440 3669 4
1494 3616 1888 3685 quadrantem,
1931 3622 1987 3670 et
2032 3613 2066 3669 4

417 3708 764 3777 quadrantes
792 3706 849 3760 in
886 3702 1114 3760 4annis
1157 3704 1380 3759 faciunt
1425 3704 1576 3759 diem
1629 3709 1686 3758 et
1726 3710 1968 3775 noctem,
2011 3708 2067 3759 et

417 3795 528 3864 ipsi
557 3792 589 3849 4
619 3795 966 3864 quadrantes
989 3795 1045 3848 id
1073 3800 1158 3847 est
1176 3792 1210 3846 6
1234 3801 1435 3862 quater
1459 3793 1620 3847 ducti
1646 3791 1868 3846 faciunt
1897 3793 2067 3849 horas

415 3882 505 3953 24,
541 3884 596 3937 id
628 3889 714 3937 est
746 3881 767 3935 4
803 3883 927 3936 dies
955 3897 1022 3936 ex
1055 3879 1124 3935 24
1157 3882 1335 3953 horis,
1367 3881 1468 3951 qui
1499 3881 1721 3937 dicitur
1751 3881 2062 3956 bissextus,

419 3973 556 4043 quia
592 3971 682 4026 bis
714 3972 927 4041 legitur
968 3985 1020 4024 v1
1054 3971 1175 4024 Kal.
1228 3974 1391 4025 Mart.

488 4058 788 4117 Punctus4
837 4059 974 4114 facit
1003 4058 1038 4115 2
1089 4060 1328 4130 minuta,
1373 4066 1428 4114 et
1460 4061 1730 4118 medium.
1775 4064 1980 4120 Punctl
2034 4061 2069 4119 2

421 4150 641 4206 minuta
669 4149 719 4205 5.
753 4150 953 4204 Puncti
985 4147 1018 4204 4
1062 4150 1282 4206 minuta
1312 4148 1395 4206 40.
1427 4153 1551 4221 Ipsa
1583 4154 1805 4209 minuta
1840 4153 2063 4210 faciunt

421 4240 634 4295 horam.
661 4239 863 4294 Puncti
910 4237 976 4295 40
1002 4238 1223 4295 faciunt
1253 4241 1424 4296 horas
1474 4239 1559 4312 40,
1597 4247 1652 4296 et
1682 4242 1903 4298 faciunt
1930 4245 2066 4314 ipsa:

420 4328 691 4386 horaa400
731 4330 970 4387 minuta.
1002 4334 1127 4401 Ipsa
1159 4331 1381 4388 minuta
1407 4339 1608 4402 quater
1630 4333 1802 4388 ducta
1847 4332 2067 4391 faciunt

2182 3171 2238 3224 in
2287 3167 2320 3224 7
2360 3174 2566 3238 partes,
2619 3158 3241 3241 quotquot‘remanent
3285 3168 3507 3222 exinde.
3577 3169 3830 3222 Primum

2180 3265 2446 3328 computa
2491 3258 2617 3313 dies
2664 3256 2768 3313 300
2809 3258 3090 3327 quomodo
3149 3257 3321 3331 horas
3367 3257 3559 3312 decies
3607 3256 3833 3310 centeni

2179 3353 2316 3402 sunt
2370 3345 2527 3402 4000.
2577 3349 2673 3403 Bis
2726 3347 3037 3403 trecenteni
3087 3345 3190 3402 600
3251 3346 3415 3402 ﬁunt.
3450 3348 3510 3400 In
3543 3343 3650 3400 300
3708 3346 3832 3399 dies

2180 3434 2339 3500 4,600
2383 3437 2546 3493 ﬁunt.
2582 3440 2791 3494 Iterum
2848 3436 3021 3492 facies
3063 3434 3128 3492 40
3179 3449 3422 3508 sexagen
3479 3433 3602 3490 120.
3657 3436 3829 3489 Fiunt

2177 3525 2329 3580 horae
2369 3522 2491 3580 720.
2545 3529 2750 3581 Iterum
2807 3524 2981 3581 facies
3035 3525 3347 3596 quinquies
3397 3521 3482 3595 40,
3541 3524 3603 3578 ﬁt
3647 3522 3734 3594 50,
3777 3529 3831 3578 et

2175 3612 2320 3669 bisi')
2351 3614 2413 3669 fit
2437 3613 2520 3670 40.
2548 3616 2688 3670 Ecce
2715 3615 2950 3671 habebis
2984 3613 3054 3670 65
3081 3615 3228 3670 dies.
3271 3614 3442 3669 Fiunt
3471 3613 3651 3669 simul
3684 3614 3832 3667 inter

2175 3704 2300 3759 dies
2327 3709 2385 3759 et
2412 3710 2604 3761 noctes
2637 3704 2788 3760 horae
2823 3706 2882 3760 in
2927 3711 3046 3760 toto
3071 3717 3221 3760 anno
3250 3700 3438 3774 8,760.
3467 3703 3675 3757 Divide
3704 3702 3831 3757 illas

2179 3793 2237 3848 in
2275 3790 2310 3848 7
2357 3800 2564 3863 partes.
2615 3795 2866 3850 Primum
2923 3793 3097 3850 facies
3148 3795 3359 3864 septies
3415 3793 3592 3862 mille,
3645 3805 3830 3848 rema—

2179 3890 2314 3938 nent
2341 3880 2520 3954 4,760.
2549 3887 2758 3940 lterum
2800 3883 2975 3940 facies
3002 3890 3213 3954 septem
3257 3881 3362 3938 200
3430 3885 3606 3938 Fiunt
3650 3878 3826 3950 4,400.

2178 3975 2387 4028 Iterum
2437 3971 2613 4028 facies
2659 3973 2869 4041 septies
2899 3973 3316 4044 quinquagent.
3353 3972 3529 4027 Fiunt
3559 3969 3686 4034 350,
3738 3983 3832 4026 re-

2181 4068 2408 4117 manent
2453 4059 2537 4116 40.
2594 4063 2802 4117 lterum
2849 4060 3023 4117 facies
3068 4070 3324 4133 septuag.
3358 4057 3392 4116 7
3448 4069 3745 4116 remanent
3774 4058 3825 4124 3,

2178 4153 2302 4206 Istae
2331 4150 2366 4206 3
2396 4152 2548 4207 horae
2591 4150 2814 4207 faciunt
2857 4149 2879 4205 4
2916 4152 3068 4207 diem
3101 4152 3160 4207 in
3207 4149 3239 4206 4
3295 4151 3488 4206 annis.
3530 4151 3685 4205 Anni
3728 4165 3832 4221 og-

2177 4240 2316 4296 doas
2347 4241 2514 4296 habet
2569 4242 2736 4298 horas
2783 4238 3002 4313 70,080.
3034 4241 3184 4296 Anni
3225 4241 3468 4296 endecas
3503 4240 3677 4294 habet
3727 4240 3833 4294 ho—

2179 4345 2270 4388 ras
2290 4329 2507 4403 95,360.
2535 4333 2709 4388 Fiunt
2738 4331 2977 4389 insimul
3007 4331 3185 4403 ogdoa
3211 4335 3298 4387 set
3321 4331 3565 4386 endecas
3602 4327 3621 4384 4
3632 4327 3833 4400 65,900

421 4415 850 4514 4,500minuta1
868 4417 1366 4514 quiaiminutum
1396 4425 1598 4491 quater
1620 4421 2065 4514 ductum_facit4
2092 4453 2145 4514 Ι)
2179 4417 2501 4496 [465,440].

420 4510 662 4566 minuta.
698 4512 759 4564 In
788 4507 854 4566 42
900 4509 1193 4565 mensibus
1223 4515 1326 4564 ter.
1372 4516 1577 4578 quater
1622 4511 1795 4567 ducta
1843 4510 2066 4569 faciunt

420 4600 643 4656 minuta
666 4595 846 4669 4,200.
875 4599 1000 4667 Ipsa
1023 4599 1243 4652 minuta
1267 4603 1467 4667 quater
1492 4598 1665 4655 ducta
1690 4597 1915 4657 faciunt
1939 4615 2066 4658 mo—

421 4694 610 4743 menta
647 4686 810 4759 4,800
838 4701 906 4743 ex
934 4686 1040 4743 360
1066 4686 1271 4742 diebus
1299 4687 1358 4741 in
1393 4683 1414 4741 4
1465 4701 1633 4744 anno.

985 4780 1061 4831 De
1112 4777 1300 4830 diebus
1339 4781 1491 4832 anni.

489 4865 754 4921 XXXIX.
786 4867 986 4922 Annus
1033 4863 1054 4920 4
1098 4865 1264 4921 habet
1291 4867 1416 4923 dies
1446 4866 1569 4937 365,
1603 4873 1659 4924 et
1681 4868 1831 4924 inter
1855 4870 1980 4926 dies
2008 4875 2065 4926 et

420 4963 613 5011 noctes
635 4952 814 5024 8,760.
852 4955 959 5012 Fac
988 4971 1054 5012 ex
1083 4956 1228 5026 ipsis
1255 4953 1288 5011 7
1337 4962 1526 5026 partes
1559 4958 1842 5030 millenas,
1874 4973 2063 5015 rema-

419 5050 555 5102 nent
583 5042 762 5114 4,760.
797 5048 877 5101 Ex
911 5047 1055 5116 ipsis
1075 5045 1162 5101 lac
1189 5043 1223 5101 7
1255 5053 1444 5116 partes
1471 5049 1844 5121 ducentenas,
1874 5062 2064 5105 rema-

417 5141 553 5191 nent
580 5133 704 5191 360.
734 5138 838 5190 Fac
862 5149 930 5190 ex
961 5136 1105 5204 ipsis
1143 5136 1354 5205 septies
1383 5138 1837 5209 quinquagenes,
1871 5152 2066 5208 super-

415 5231 552 5282 sunt
592 5223 676 5282 40.
709 5227 788 5280 Ex
823 5225 914 5280 his
962 5223 1049 5280 fac
1091 5226 1303 5296 septies
1350 5223 1399 5296 4,
1449 5232 1762 5297 supersunt
1808 5225 1843 5282 3
1887 5227 2058 5298 horae,

414 5330 540 5386 quae
568 5314 788 5372 faciunt
819 5315 879 5370 in
910 5311 942 5369 4
967 5316 1134 5372 annis
1153 5315 1308 5371 diem
1359 5311 1408 5387 4,
1452 5317 1553 5388 qui
1584 5317 1821 5374 additur
1851 5331 1905 5373 v1
1933 5317 2056 5374 Kal.

410 5407 575 5462 Mart.

908 5497 984 5550 De
1039 5497 1248 5550 ratione
1291 5495 1534 5550 bissemti.

482 5584 582 5640 XL
625 5583 826 5643 Annus
878 5584 1050 5642 habet
1077 5597 1293 5640 menses
1340 5580 1426 5656 42,
1473 5583 1854 5643 hebdomadas
1880 5583 1970 5657 52,
2003 5591 2059 5645 et

2742 4513 2877 4566 Item
2914 4513 2979 4566 de
3018 4511 3269 4565 bissemto.

2247 4600 2434 4655 XLIV.
2479 4600 2665 4669 Quare
2720 4601 2783 4656 fit
2833 4600 3142 4670 bissextus,
3196 4605 3254 4655 et
3309 4598 3598 4669 quomodo
3650 4597 3738 4670 ﬁt,
3782 4603 3833 4653 et

2178 4690 2317 4760 quid
2356 4693 2522 4760 esset,
2555 4691 2605 4745 si
2648 4703 2760 4746 non
2792 4689 3040 4746 fuisset?
3079 4688 3285 4758 Quare,
3320 4687 3376 4742 id
3408 4692 3497 4742 est
3532 4687 3678 4757 quia
3725 4701 3829 4744 non

2177 4778 2416 4849 implent
2435 4775 2540 4834 365
2577 4779 2702 4836 dies
2740 4779 2981 4834 solarem
3012 4791 3246 4848 annum,
3275 4775 3388 4831 nisi
3438 4774 3653 4831 fuisset
3685 4790 3828 4847 qua—

2173 4867 2366 4923 drans.
2391 4870 2481 4924 Fit
2519 4869 2809 4940 quadrans
2845 4882 2942 4940 per
2990 4873 3171 4924 totum
3211 4879 3450 4936 annum,
3477 4872 3534 4921 et
3559 4879 3824 4932 mensem,

2171 4961 2228 5012 et
2256 4957 2429 5012 diem.
2463 4959 2653 5015 Primo
2688 4972 2838 5015 anno
2889 4959 3098 5028 incipit
3126 4957 3419 5029 quadrans
3448 4969 3482 5010 a
3507 4955 3658 5011 solis
3702 4960 3826 5010 ortu

2173 5058 2356 5115 usque
2384 5045 2443 5101 in
2472 5046 2722 5102 medium
2755 5048 2958 5103 noctis.
3002 5048 3214 5116 Incipit
3234 5047 3532 5117 quadrans
3553 5058 3708 5100 anno
3735 5057 3824 5099 se-

2172 5135 2358 5191 cundo
2382 5149 2415 5190 a
2443 5135 2689 5191 dimidio
2735 5137 2921 5192 noctis
2949 5150 3129 5206 usque
3158 5137 3227 5192 ad
3252 5137 3396 5192 solis
3426 5142 3640 5192 ortum.
3671 5136 3823 5204 Qua—

2172 5223 2346 5280 drans
2367 5225 2539 5280 tertio
2563 5238 2713 5282 anno
2737 5239 2917 5297 usque
2937 5227 3006 5282 ad
3033 5233 3248 5283 sextam
3274 5227 3494 5282 horam.
3523 5225 3823 5294 Quadrans

2173 5320 2378 5383 quarto
2405 5328 2553 5370 anno
2579 5328 2611 5371 a
2657 5320 2813 5372 sexta
2839 5316 2980 5373 hora
3010 5329 3193 5388 usque
3221 5317 3291 5372 ad
3333 5316 3478 5373 solis
3535 5326 3817 5373 occasum.

2171 5403 2522 5460 Turbaretur
2573 5406 2712 5462 ordo
2769 5412 3109 5478 temporum,
3160 5406 3211 5461 si
3273 5420 3384 5462 non
3429 5406 3640 5462 fuisset
3679 5416 3822 5477 qua-

2170 5493 2365 5551 drans.
2397 5495 2695 5567 Quadrans
2721 5510 2966 5568 namque
3007 5497 3230 5554 dicitur
3261 5502 3468 5569 quarta
3523 5509 3660 5566 pars
3705 5491 3819 5548 diei

2175 5585 2479 5659 naturalis,
2527 5585 2614 5644 vel
2661 5585 2975 5657 cujuslibet
3011 5586 3135 5658 rei;
3179 5591 3235 5644 et
3260 5586 3389 5642 ideo
3441 5589 3650 5657 quarta
3696 5596 3824 5654 pars
