  <div class='ocr_page' id='page_1' title='image "/cluster/home/n/w/nwhite01/storage/ocr_20150623/129/hvd.32044054759907/654.png"; bbox 0 0 4076 6174; ppageno 0'>
   <div class='ocr_carea' id='block_1_1' title="bbox 261 305 402 368">
    <p class='ocr_par' dir='ltr' id='par_1_1' title="bbox 261 305 402 368">
     <span class='ocr_line' id='line_1_1' title="bbox 261 305 402 368; baseline 0 0"><span class='ocrx_word' id='word_1_1' title='bbox 261 305 402 368; x_wconf 74' lang='grc'><strong>4297</strong></span> 
     </span>
    </p>
   </div>
   <div class='ocr_carea' id='block_1_2' title="bbox 1611 298 2317 361">
    <p class='ocr_par' dir='ltr' id='par_1_2' title="bbox 1611 298 2317 361">
     <span class='ocr_line' id='line_1_2' title="bbox 1611 298 2317 361; baseline -0.004 -2"><span class='ocrx_word' id='word_1_2' title='bbox 1611 300 1810 359; x_wconf 79' lang='lat' dir='ltr'><strong>LIBER</strong></span> <span class='ocrx_word' id='word_1_3' title='bbox 1847 298 1940 355; x_wconf 82' lang='lat' dir='ltr'><strong>DE</strong></span> <span class='ocrx_word' id='word_1_4' title='bbox 1976 298 2317 361; x_wconf 85' lang='lat' dir='ltr'><strong>COMPUTO.</strong></span> 
     </span>
    </p>
   </div>
   <div class='ocr_carea' id='block_1_3' title="bbox 3525 301 3664 361">
    <p class='ocr_par' dir='ltr' id='par_1_3' title="bbox 3525 301 3664 361">
     <span class='ocr_line' id='line_1_3' title="bbox 3525 301 3664 361; baseline 0.007 -1"><span class='ocrx_word' id='word_1_5' title='bbox 3525 301 3664 361; x_wconf 72' lang='grc'><strong>4298</strong></span> 
     </span>
    </p>
   </div>
   <div class='ocr_carea' id='block_1_4' title="bbox 257 413 3664 502">
    <p class='ocr_par' dir='ltr' id='par_1_4' title="bbox 257 413 3664 502">
     <span class='ocr_line' id='line_1_4' title="bbox 257 413 3664 502; baseline -0.001 -14"><span class='ocrx_word' id='word_1_6' title='bbox 257 431 400 502; x_wconf 86' lang='lat' dir='ltr'><strong>diei,</strong></span> <span class='ocrx_word' id='word_1_7' title='bbox 439 431 578 502; x_wconf 86' lang='lat' dir='ltr'><strong>quia</strong></span> <span class='ocrx_word' id='word_1_8' title='bbox 613 427 684 487; x_wconf 71' lang='grc'><strong>24</strong></span> <span class='ocrx_word' id='word_1_9' title='bbox 709 431 870 489; x_wconf 90' lang='lat' dir='ltr'><strong>horis</strong></span> <span class='ocrx_word' id='word_1_10' title='bbox 908 445 1036 489; x_wconf 91' lang='lat' dir='ltr'><strong>cum</strong></span> <span class='ocrx_word' id='word_1_11' title='bbox 1070 446 1174 488; x_wconf 92' lang='lat' dir='ltr'><strong>sua</strong></span> <span class='ocrx_word' id='word_1_12' title='bbox 1209 433 1369 487; x_wconf 88' lang='lat' dir='ltr'><strong>nocte</strong></span> <span class='ocrx_word' id='word_1_13' title='bbox 1405 426 1744 498; x_wconf 81' lang='lat' dir='ltr'><strong>completur,</strong></span> <span class='ocrx_word' id='word_1_14' title='bbox 1779 426 1907 484; x_wconf 90' lang='lat' dir='ltr'><strong>ideo</strong></span> <span class='ocrx_word' id='word_1_15' title='bbox 1933 413 1992 476; x_wconf 86' lang='lat' dir='ltr'><strong>A</strong></span> <span class='ocrx_word' id='word_1_16' title='bbox 2013 421 2322 484; x_wconf 71' lang='lat' dir='ltr'><strong>tardiorem</strong></span> <span class='ocrx_word' id='word_1_17' title='bbox 2361 427 2529 485; x_wconf 91' lang='lat' dir='ltr'><strong>habet</strong></span> <span class='ocrx_word' id='word_1_18' title='bbox 2549 442 2805 499; x_wconf 90' lang='lat' dir='ltr'><strong>cursum,</strong></span> <span class='ocrx_word' id='word_1_19' title='bbox 2833 445 3000 501; x_wconf 90' lang='lat' dir='ltr'><strong>quam</strong></span> <span class='ocrx_word' id='word_1_20' title='bbox 3033 431 3117 488; x_wconf 91' lang='lat' dir='ltr'><strong>sol</strong></span> <span class='ocrx_word' id='word_1_21' title='bbox 3142 430 3278 502; x_wconf 87' lang='lat' dir='ltr'><strong>quia</strong></span> <span class='ocrx_word' id='word_1_22' title='bbox 3300 429 3405 499; x_wconf 93' lang='lat' dir='ltr'><strong>sol,</strong></span> <span class='ocrx_word' id='word_1_23' title='bbox 3433 435 3664 500; x_wconf 89' lang='lat' dir='ltr'><strong>propter</strong></span> 
     </span>
    </p>
   </div>
   <div class='ocr_carea' id='block_1_5' title="bbox 258 518 1909 592">
    <p class='ocr_par' dir='ltr' id='par_1_5' title="bbox 258 518 1909 592">
     <span class='ocr_line' id='line_1_5' title="bbox 258 518 1909 592; baseline -0.003 -13"><span class='ocrx_word' id='word_1_24' title='bbox 258 523 430 579; x_wconf 90' lang='lat' dir='ltr'><strong>horas</strong></span> <span class='ocrx_word' id='word_1_25' title='bbox 455 520 490 577; x_wconf 94' lang='lat'><strong>6</strong></span> <span class='ocrx_word' id='word_1_26' title='bbox 520 523 891 592; x_wconf 81' lang='lat' dir='ltr'><strong>quadrantem</strong></span> <span class='ocrx_word' id='word_1_27' title='bbox 923 536 1123 578; x_wconf 84' lang='lat' dir='ltr'><strong>vocare</strong></span> <span class='ocrx_word' id='word_1_28' title='bbox 1153 521 1419 578; x_wconf 85' lang='lat' dir='ltr'><strong>solemus.</strong></span> <span class='ocrx_word' id='word_1_29' title='bbox 1453 521 1640 590; x_wconf 87' lang='lat' dir='ltr'><strong>Quare</strong></span> <span class='ocrx_word' id='word_1_30' title='bbox 1677 518 1909 574; x_wconf 85' lang='lat' dir='ltr'><strong>bissex-</strong></span> 
     </span>
    </p>
   </div>
   <div class='ocr_carea' id='block_1_6' title="bbox 257 609 1908 681">
    <p class='ocr_par' dir='ltr' id='par_1_6' title="bbox 257 609 1908 681">
     <span class='ocr_line' id='line_1_6' title="bbox 257 609 1908 681; baseline -0.002 -12"><span class='ocrx_word' id='word_1_31' title='bbox 257 617 354 669; x_wconf 93' lang='lat' dir='ltr'><strong>tus</strong></span> <span class='ocrx_word' id='word_1_32' title='bbox 378 625 433 666; x_wconf 76' lang='lat' dir='ltr'><strong>v1</strong></span> <span class='ocrx_word' id='word_1_33' title='bbox 463 611 583 667; x_wconf 90' lang='lat' dir='ltr'><strong>Kal.</strong></span> <span class='ocrx_word' id='word_1_34' title='bbox 619 612 780 667; x_wconf 88' lang='lat' dir='ltr'><strong>Mart.</strong></span> <span class='ocrx_word' id='word_1_35' title='bbox 819 611 1190 668; x_wconf 71' lang='lat' dir='ltr'><strong>intercaletur</strong></span> <span class='ocrx_word' id='word_1_36' title='bbox 1209 611 1238 666; x_wconf 84' lang='lat'><strong>‘?</strong></span> <span class='ocrx_word' id='word_1_37' title='bbox 1257 611 1671 681; x_wconf 82' lang='lat' dir='ltr'><strong>Respondetur,</strong></span> <span class='ocrx_word' id='word_1_38' title='bbox 1703 609 1774 666; x_wconf 93' lang='lat' dir='ltr'><strong>ob</strong></span> <span class='ocrx_word' id='word_1_39' title='bbox 1802 610 1908 665; x_wconf 92' lang='lat' dir='ltr'><strong>hoc</strong></span> 
     </span>
    </p>
   </div>
   <div class='ocr_carea' id='block_1_7' title="bbox 257 697 1904 770">
    <p class='ocr_par' dir='ltr' id='par_1_7' title="bbox 257 697 1904 770">
     <span class='ocr_line' id='line_1_7' title="bbox 257 697 1904 770; baseline -0.004 -12"><span class='ocrx_word' id='word_1_40' title='bbox 257 701 497 758; x_wconf 84' lang='lat' dir='ltr'><strong>bissexti</strong></span> <span class='ocrx_word' id='word_1_41' title='bbox 529 701 681 756; x_wconf 91' lang='lat' dir='ltr'><strong>diem</strong></span> <span class='ocrx_word' id='word_1_42' title='bbox 717 702 773 756; x_wconf 93' lang='lat' dir='ltr'><strong>in</strong></span> <span class='ocrx_word' id='word_1_43' title='bbox 804 715 992 757; x_wconf 91' lang='lat' dir='ltr'><strong>mense</strong></span> <span class='ocrx_word' id='word_1_44' title='bbox 1022 701 1290 758; x_wconf 84' lang='lat' dir='ltr'><strong>Februar.</strong></span> <span class='ocrx_word' id='word_1_45' title='bbox 1327 700 1545 770; x_wconf 87' lang='lat' dir='ltr'><strong>placuit</strong></span> <span class='ocrx_word' id='word_1_46' title='bbox 1576 697 1904 754; x_wconf 89' lang='lat' dir='ltr'><strong>intercalari</strong></span> 
     </span>
    </p>
   </div>
   <div class='ocr_carea' id='block_1_8' title="bbox 257 786 1904 860">
    <p class='ocr_par' dir='ltr' id='par_1_8' title="bbox 257 786 1904 860">
     <span class='ocr_line' id='line_1_8' title="bbox 257 786 1904 860; baseline -0.004 -14"><span class='ocrx_word' id='word_1_47' title='bbox 257 792 550 858; x_wconf 79' lang='lat' dir='ltr'><strong>Romanis,</strong></span> <span class='ocrx_word' id='word_1_48' title='bbox 605 791 740 860; x_wconf 87' lang='lat' dir='ltr'><strong>quia</strong></span> <span class='ocrx_word' id='word_1_49' title='bbox 789 791 883 846; x_wconf 91' lang='lat' dir='ltr'><strong>hic</strong></span> <span class='ocrx_word' id='word_1_50' title='bbox 924 791 1152 847; x_wconf 89' lang='lat' dir='ltr'><strong>brevior</strong></span> <span class='ocrx_word' id='word_1_51' title='bbox 1192 790 1399 846; x_wconf 89' lang='lat' dir='ltr'><strong>ceteris</strong></span> <span class='ocrx_word' id='word_1_52' title='bbox 1437 793 1724 844; x_wconf 90' lang='lat' dir='ltr'><strong>extremus</strong></span> <span class='ocrx_word' id='word_1_53' title='bbox 1768 786 1904 841; x_wconf 90' lang='lat' dir='ltr'><strong>anni</strong></span> 
     </span>
    </p>
   </div>
   <div class='ocr_carea' id='block_1_9' title="bbox 257 876 1908 947">
    <p class='ocr_par' dir='ltr' id='par_1_9' title="bbox 257 876 1908 947">
     <span class='ocr_line' id='line_1_9' title="bbox 257 876 1908 947; baseline -0.005 -10"><span class='ocrx_word' id='word_1_54' title='bbox 257 881 473 937; x_wconf 90' lang='lat' dir='ltr'><strong>mensis</strong></span> <span class='ocrx_word' id='word_1_55' title='bbox 503 885 641 936; x_wconf 90' lang='lat' dir='ltr'><strong>erat.</strong></span> <span class='ocrx_word' id='word_1_56' title='bbox 667 881 870 936; x_wconf 90' lang='lat' dir='ltr'><strong>Verum</strong></span> <span class='ocrx_word' id='word_1_57' title='bbox 897 881 1024 936; x_wconf 92' lang='lat' dir='ltr'><strong>ideo</strong></span> <span class='ocrx_word' id='word_1_58' title='bbox 1056 882 1304 936; x_wconf 93' lang='lat' dir='ltr'><strong>nondum</strong></span> <span class='ocrx_word' id='word_1_59' title='bbox 1332 877 1551 947; x_wconf 89' lang='lat' dir='ltr'><strong>explete</strong></span> <span class='ocrx_word' id='word_1_60' title='bbox 1570 879 1590 900; x_wconf 85' lang='grc'><strong>·</strong></span> <span class='ocrx_word' id='word_1_61' title='bbox 1611 890 1674 932; x_wconf 93' lang='lat' dir='ltr'><strong>eo</strong></span> <span class='ocrx_word' id='word_1_62' title='bbox 1702 876 1908 946; x_wconf 80' lang='lat' dir='ltr'><strong>quem-</strong></span> 
     </span>
    </p>
   </div>
   <div class='ocr_carea' id='block_1_10' title="bbox 256 965 1903 1042">
    <p class='ocr_par' dir='ltr' id='par_1_10' title="bbox 256 965 1903 1042">
     <span class='ocr_line' id='line_1_10' title="bbox 256 965 1903 1042; baseline -0.004 -17"><span class='ocrx_word' id='word_1_63' title='bbox 256 965 563 1028; x_wconf 87' lang='lat' dir='ltr'><strong>admodum</strong></span> <span class='ocrx_word' id='word_1_64' title='bbox 615 971 886 1042; x_wconf 73' lang='lat' dir='ltr'><strong>Egyptii,</strong></span> <span class='ocrx_word' id='word_1_65' title='bbox 930 976 985 1026; x_wconf 90' lang='lat' dir='ltr'><strong>et</strong></span> <span class='ocrx_word' id='word_1_66' title='bbox 1021 970 1202 1025; x_wconf 65' lang='grc' dir='ltr'><strong>(ἓνωοὶ</strong></span> <span class='ocrx_word' id='word_1_67' title='bbox 1248 970 1490 1024; x_wconf 91' lang='lat' dir='ltr'><strong>decurso</strong></span> <span class='ocrx_word' id='word_1_68' title='bbox 1538 967 1720 1022; x_wconf 87' lang='lat' dir='ltr'><strong>totius</strong></span> <span class='ocrx_word' id='word_1_69' title='bbox 1766 965 1903 1020; x_wconf 91' lang='lat' dir='ltr'><strong>anni</strong></span> 
     </span>
    </p>
   </div>
   <div class='ocr_carea' id='block_1_11' title="bbox 257 1056 1906 1130">
    <p class='ocr_par' dir='ltr' id='par_1_11' title="bbox 257 1056 1906 1130">
     <span class='ocr_line' id='line_1_11' title="bbox 257 1056 1906 1130; baseline -0.002 -16"><span class='ocrx_word' id='word_1_70' title='bbox 257 1060 480 1117; x_wconf 89' lang='lat' dir='ltr'><strong>circulo</strong></span> <span class='ocrx_word' id='word_1_71' title='bbox 510 1059 692 1116; x_wconf 83' lang='lat' dir='ltr'><strong>facere</strong></span> <span class='ocrx_word' id='word_1_72' title='bbox 730 1059 1016 1130; x_wconf 90' lang='lat' dir='ltr'><strong>volebant,</strong></span> <span class='ocrx_word' id='word_1_73' title='bbox 1055 1064 1109 1114; x_wconf 91' lang='lat' dir='ltr'><strong>et</strong></span> <span class='ocrx_word' id='word_1_74' title='bbox 1141 1059 1373 1116; x_wconf 91' lang='lat' dir='ltr'><strong>omnino</strong></span> <span class='ocrx_word' id='word_1_75' title='bbox 1404 1057 1594 1113; x_wconf 87' lang='lat' dir='ltr'><strong>decisa</strong></span> <span class='ocrx_word' id='word_1_76' title='bbox 1638 1056 1759 1126; x_wconf 85' lang='lat' dir='ltr'><strong>lege</strong></span> <span class='ocrx_word' id='word_1_77' title='bbox 1801 1067 1906 1110; x_wconf 92' lang='lat' dir='ltr'><strong>sua</strong></span> 
     </span>
    </p>
   </div>
   <div class='ocr_carea' id='block_1_12' title="bbox 255 1146 1900 1214">
    <p class='ocr_par' dir='ltr' id='par_1_12' title="bbox 255 1146 1900 1214">
     <span class='ocr_line' id='line_1_12' title="bbox 255 1146 1900 1214; baseline -0.005 -8"><span class='ocrx_word' id='word_1_78' title='bbox 255 1155 428 1206; x_wconf 88' lang='lat' dir='ltr'><strong>veter.</strong></span> <span class='ocrx_word' id='word_1_79' title='bbox 468 1149 699 1206; x_wconf 92' lang='lat' dir='ltr'><strong>initium</strong></span> <span class='ocrx_word' id='word_1_80' title='bbox 734 1150 924 1205; x_wconf 86' lang='lat' dir='ltr'><strong>Martii</strong></span> <span class='ocrx_word' id='word_1_81' title='bbox 959 1149 1172 1204; x_wconf 89' lang='lat' dir='ltr'><strong>mensis</strong></span> <span class='ocrx_word' id='word_1_82' title='bbox 1199 1163 1230 1204; x_wconf 92' lang='lat' dir='ltr'><strong>a</strong></span> <span class='ocrx_word' id='word_1_83' title='bbox 1257 1147 1413 1204; x_wconf 90' lang='lat' dir='ltr'><strong>Febr.</strong></span> <span class='ocrx_word' id='word_1_84' title='bbox 1447 1146 1555 1202; x_wconf 91' lang='lat' dir='ltr'><strong>ﬁne</strong></span> <span class='ocrx_word' id='word_1_85' title='bbox 1585 1146 1900 1214; x_wconf 85' lang='lat' dir='ltr'><strong>sejungere,</strong></span> 
     </span>
    </p>
   </div>
   <div class='ocr_carea' id='block_1_13' title="bbox 258 1233 1906 1308">
    <p class='ocr_par' dir='ltr' id='par_1_13' title="bbox 258 1233 1906 1308">
     <span class='ocr_line' id='line_1_13' title="bbox 258 1233 1906 1308; baseline -0.004 -14"><span class='ocrx_word' id='word_1_86' title='bbox 258 1239 387 1296; x_wconf 93' lang='lat' dir='ltr'><strong>ideo</strong></span> <span class='ocrx_word' id='word_1_87' title='bbox 416 1252 526 1294; x_wconf 95' lang='lat' dir='ltr'><strong>non</strong></span> <span class='ocrx_word' id='word_1_88' title='bbox 558 1251 589 1292; x_wconf 91' lang='lat' dir='ltr'><strong>a</strong></span> <span class='ocrx_word' id='word_1_89' title='bbox 610 1252 666 1292; x_wconf 77' lang='lat' dir='ltr'><strong>vr</strong></span> <span class='ocrx_word' id='word_1_90' title='bbox 694 1239 817 1294; x_wconf 87' lang='lat' dir='ltr'><strong>Kal.</strong></span> <span class='ocrx_word' id='word_1_91' title='bbox 853 1240 1012 1293; x_wconf 86' lang='lat' dir='ltr'><strong>Mart.</strong></span> <span class='ocrx_word' id='word_1_92' title='bbox 1042 1237 1138 1292; x_wconf 92' lang='lat' dir='ltr'><strong>die</strong></span> <span class='ocrx_word' id='word_1_93' title='bbox 1169 1250 1333 1308; x_wconf 87' lang='lat' dir='ltr'><strong>quem</strong></span> <span class='ocrx_word' id='word_1_94' title='bbox 1365 1235 1673 1291; x_wconf 89' lang='lat' dir='ltr'><strong>terminum</strong></span> <span class='ocrx_word' id='word_1_95' title='bbox 1706 1233 1906 1288; x_wconf 85' lang='lat' dir='ltr'><strong>colen—</strong></span> 
     </span>
    </p>
   </div>
   <div class='ocr_carea' id='block_1_14' title="bbox 255 1321 1903 1398">
    <p class='ocr_par' dir='ltr' id='par_1_14' title="bbox 255 1321 1903 1398">
     <span class='ocr_line' id='line_1_14' title="bbox 255 1321 1903 1398; baseline -0.004 -15"><span class='ocrx_word' id='word_1_96' title='bbox 255 1332 342 1383; x_wconf 89' lang='lat' dir='ltr'><strong>tes</strong></span> <span class='ocrx_word' id='word_1_97' title='bbox 398 1327 744 1384; x_wconf 88' lang='lat' dir='ltr'><strong>Terminalia</strong></span> <span class='ocrx_word' id='word_1_98' title='bbox 798 1340 1071 1398; x_wconf 88' lang='lat' dir='ltr'><strong>sacraque</strong></span> <span class='ocrx_word' id='word_1_99' title='bbox 1125 1323 1196 1382; x_wconf 76' lang='lat'><strong>‘23</strong></span> <span class='ocrx_word' id='word_1_100' title='bbox 1248 1325 1461 1380; x_wconf 88' lang='lat' dir='ltr'><strong>mensis</strong></span> <span class='ocrx_word' id='word_1_101' title='bbox 1503 1323 1756 1393; x_wconf 88' lang='lat' dir='ltr'><strong>ejusdem</strong></span> <span class='ocrx_word' id='word_1_102' title='bbox 1808 1321 1903 1376; x_wconf 94' lang='lat' dir='ltr'><strong>die</strong></span> 
     </span>
    </p>
   </div>
   <div class='ocr_carea' id='block_1_15' title="bbox 255 1415 1902 1484">
    <p class='ocr_par' dir='ltr' id='par_1_15' title="bbox 255 1415 1902 1484">
     <span class='ocr_line' id='line_1_15' title="bbox 255 1415 1902 1484; baseline -0.004 -13"><span class='ocrx_word' id='word_1_103' title='bbox 255 1416 426 1472; x_wconf 88' lang='lat' dir='ltr'><strong>semel</strong></span> <span class='ocrx_word' id='word_1_104' title='bbox 475 1417 864 1484; x_wconf 83' lang='lat' dir='ltr'><strong>instituerant,</strong></span> <span class='ocrx_word' id='word_1_105' title='bbox 907 1422 962 1471; x_wconf 92' lang='lat' dir='ltr'><strong>et</strong></span> <span class='ocrx_word' id='word_1_106' title='bbox 995 1415 1173 1472; x_wconf 91' lang='lat' dir='ltr'><strong>alium</strong></span> <span class='ocrx_word' id='word_1_107' title='bbox 1213 1416 1364 1471; x_wconf 91' lang='lat' dir='ltr'><strong>diem</strong></span> <span class='ocrx_word' id='word_1_108' title='bbox 1406 1420 1625 1468; x_wconf 91' lang='lat' dir='ltr'><strong>mutare</strong></span> <span class='ocrx_word' id='word_1_109' title='bbox 1667 1425 1902 1481; x_wconf 90' lang='lat' dir='ltr'><strong>prorsus</strong></span> 
     </span>
    </p>
   </div>
   <div class='ocr_carea' id='block_1_16' title="bbox 256 1503 1900 1562">
    <p class='ocr_par' dir='ltr' id='par_1_16' title="bbox 256 1503 1900 1562">
     <span class='ocr_line' id='line_1_16' title="bbox 256 1503 1900 1562; baseline -0.003 -2"><span class='ocrx_word' id='word_1_110' title='bbox 256 1519 368 1561; x_wconf 93' lang='lat' dir='ltr'><strong>non</strong></span> <span class='ocrx_word' id='word_1_111' title='bbox 399 1506 704 1562; x_wconf 89' lang='lat' dir='ltr'><strong>audebant.</strong></span> <span class='ocrx_word' id='word_1_112' title='bbox 739 1506 843 1560; x_wconf 91' lang='lat' dir='ltr'><strong>Sed</strong></span> <span class='ocrx_word' id='word_1_113' title='bbox 886 1506 946 1560; x_wconf 89' lang='lat' dir='ltr'><strong>hi</strong></span> <span class='ocrx_word' id='word_1_114' title='bbox 978 1512 1112 1562; x_wconf 88' lang='lat' dir='ltr'><strong>sunt</strong></span> <span class='ocrx_word' id='word_1_115' title='bbox 1140 1509 1160 1529; x_wconf 82' lang='lat'>&#39;</span> <span class='ocrx_word' id='word_1_116' title='bbox 1192 1506 1302 1560; x_wconf 93' lang='lat' dir='ltr'><strong>rite</strong></span> <span class='ocrx_word' id='word_1_117' title='bbox 1340 1503 1692 1560; x_wconf 85' lang='lat' dir='ltr'><strong>celebrantes</strong></span> <span class='ocrx_word' id='word_1_118' title='bbox 1721 1514 1900 1556; x_wconf 89' lang='lat' dir='ltr'><strong>unum</strong></span> 
     </span>
    </p>
   </div>
   <div class='ocr_carea' id='block_1_17' title="bbox 256 1594 1313 1668">
    <p class='ocr_par' dir='ltr' id='par_1_17' title="bbox 256 1594 1313 1668">
     <span class='ocr_line' id='line_1_17' title="bbox 256 1594 1313 1668; baseline -0.002 -17"><span class='ocrx_word' id='word_1_119' title='bbox 256 1594 627 1668; x_wconf 87' lang='lat' dir='ltr'><strong>quadrantem</strong></span> <span class='ocrx_word' id='word_1_120' title='bbox 671 1595 1104 1665; x_wconf 91' lang='lat' dir='ltr'><strong>interponebant</strong></span> <span class='ocrx_word' id='word_1_121' title='bbox 1143 1595 1313 1650; x_wconf 93' lang='lat' dir='ltr'><strong>diem.</strong></span> 
     </span>
    </p>
   </div>
   <div class='ocr_carea' id='block_1_18' title="bbox 601 1722 1548 1790">
    <p class='ocr_par' dir='ltr' id='par_1_18' title="bbox 601 1722 1548 1790">
     <span class='ocr_line' id='line_1_18' title="bbox 601 1722 1548 1790; baseline 0 -14"><span class='ocrx_word' id='word_1_122' title='bbox 601 1724 733 1776; x_wconf 83' lang='lat' dir='ltr'><strong>Item</strong></span> <span class='ocrx_word' id='word_1_123' title='bbox 765 1722 830 1777; x_wconf 89' lang='lat' dir='ltr'><strong>de</strong></span> <span class='ocrx_word' id='word_1_124' title='bbox 861 1723 1090 1777; x_wconf 79' lang='lat' dir='ltr'><strong>solstitio</strong></span> <span class='ocrx_word' id='word_1_125' title='bbox 1125 1725 1176 1776; x_wconf 87' lang='lat' dir='ltr'><strong>et</strong></span> <span class='ocrx_word' id='word_1_126' title='bbox 1210 1723 1548 1790; x_wconf 65' lang='lat' dir='ltr'><strong>zquinoctio.</strong></span> 
     </span>
    </p>
   </div>
   <div class='ocr_carea' id='block_1_19' title="bbox 325 1828 1899 1899">
    <p class='ocr_par' dir='ltr' id='par_1_19' title="bbox 325 1828 1899 1899">
     <span class='ocr_line' id='line_1_19' title="bbox 325 1828 1899 1899; baseline -0.001 -14"><span class='ocrx_word' id='word_1_127' title='bbox 325 1830 486 1886; x_wconf 88' lang='lat' dir='ltr'><strong>XLV.</strong></span> <span class='ocrx_word' id='word_1_128' title='bbox 541 1829 801 1886; x_wconf 92' lang='lat' dir='ltr'><strong>Solstitia</strong></span> <span class='ocrx_word' id='word_1_129' title='bbox 849 1831 964 1886; x_wconf 93' lang='lat' dir='ltr'><strong>duo</strong></span> <span class='ocrx_word' id='word_1_130' title='bbox 1003 1833 1155 1886; x_wconf 90' lang='lat' dir='ltr'><strong>sunt.</strong></span> <span class='ocrx_word' id='word_1_131' title='bbox 1204 1831 1459 1886; x_wconf 89' lang='lat' dir='ltr'><strong>Primum</strong></span> <span class='ocrx_word' id='word_1_132' title='bbox 1507 1828 1760 1899; x_wconf 87' lang='lat' dir='ltr'><strong>hyemale</strong></span> <span class='ocrx_word' id='word_1_133' title='bbox 1797 1841 1899 1884; x_wconf 85' lang='lat' dir='ltr'><strong>VIII</strong></span> 
     </span>
    </p>
   </div>
   <div class='ocr_carea' id='block_1_20' title="bbox 256 1917 1904 1990">
    <p class='ocr_par' dir='ltr' id='par_1_20' title="bbox 256 1917 1904 1990">
     <span class='ocr_line' id='line_1_20' title="bbox 256 1917 1904 1990; baseline -0.002 -14"><span class='ocrx_word' id='word_1_134' title='bbox 256 1920 379 1976; x_wconf 91' lang='lat' dir='ltr'><strong>Kal.</strong></span> <span class='ocrx_word' id='word_1_135' title='bbox 417 1921 563 1987; x_wconf 94' lang='lat' dir='ltr'><strong>Jan.,</strong></span> <span class='ocrx_word' id='word_1_136' title='bbox 598 1934 711 1990; x_wconf 93' lang='lat' dir='ltr'><strong>quo</strong></span> <span class='ocrx_word' id='word_1_137' title='bbox 742 1919 826 1975; x_wconf 92' lang='lat' dir='ltr'><strong>sol</strong></span> <span class='ocrx_word' id='word_1_138' title='bbox 858 1925 988 1988; x_wconf 90' lang='lat' dir='ltr'><strong>stat,</strong></span> <span class='ocrx_word' id='word_1_139' title='bbox 1022 1925 1079 1975; x_wconf 90' lang='lat' dir='ltr'><strong>et</strong></span> <span class='ocrx_word' id='word_1_140' title='bbox 1107 1924 1374 1976; x_wconf 91' lang='lat' dir='ltr'><strong>crescunt</strong></span> <span class='ocrx_word' id='word_1_141' title='bbox 1406 1919 1550 1987; x_wconf 91' lang='lat' dir='ltr'><strong>dies,</strong></span> <span class='ocrx_word' id='word_1_142' title='bbox 1583 1926 1639 1973; x_wconf 90' lang='lat' dir='ltr'><strong>et</strong></span> <span class='ocrx_word' id='word_1_143' title='bbox 1668 1922 1754 1973; x_wconf 90' lang='lat' dir='ltr'><strong>est</strong></span> <span class='ocrx_word' id='word_1_144' title='bbox 1781 1917 1904 1986; x_wconf 91' lang='lat' dir='ltr'><strong>ipsa</strong></span> 
     </span>
    </p>
   </div>
   <div class='ocr_carea' id='block_1_21' title="bbox 253 2006 1902 2065">
    <p class='ocr_par' dir='ltr' id='par_1_21' title="bbox 253 2006 1902 2065">
     <span class='ocr_line' id='line_1_21' title="bbox 253 2006 1902 2065; baseline -0.002 0"><span class='ocrx_word' id='word_1_145' title='bbox 253 2010 381 2065; x_wconf 89' lang='lat' dir='ltr'><strong>dies</strong></span> <span class='ocrx_word' id='word_1_146' title='bbox 408 2009 644 2064; x_wconf 88' lang='lat' dir='ltr'><strong>Nativit.</strong></span> <span class='ocrx_word' id='word_1_147' title='bbox 677 2009 906 2065; x_wconf 91' lang='lat' dir='ltr'><strong>Domini</strong></span> <span class='ocrx_word' id='word_1_148' title='bbox 941 2011 1122 2064; x_wconf 87' lang='lat' dir='ltr'><strong>nostri</strong></span> <span class='ocrx_word' id='word_1_149' title='bbox 1167 2010 1297 2064; x_wconf 91' lang='lat' dir='ltr'><strong>Jesu</strong></span> <span class='ocrx_word' id='word_1_150' title='bbox 1339 2007 1554 2062; x_wconf 89' lang='lat' dir='ltr'><strong>Christi</strong></span> <span class='ocrx_word' id='word_1_151' title='bbox 1589 2006 1902 2063; x_wconf 90' lang='lat' dir='ltr'><strong>secundum</strong></span> 
     </span>
    </p>
   </div>
   <div class='ocr_carea' id='block_1_22' title="bbox 255 2095 1899 2166">
    <p class='ocr_par' dir='ltr' id='par_1_22' title="bbox 255 2095 1899 2166">
     <span class='ocr_line' id='line_1_22' title="bbox 255 2095 1899 2166; baseline -0.004 -12"><span class='ocrx_word' id='word_1_152' title='bbox 255 2112 499 2154; x_wconf 90' lang='lat' dir='ltr'><strong>carnem.</strong></span> <span class='ocrx_word' id='word_1_153' title='bbox 529 2097 784 2154; x_wconf 75' lang='lat' dir='ltr'><strong>Alterum</strong></span> <span class='ocrx_word' id='word_1_154' title='bbox 817 2097 1068 2153; x_wconf 65' lang='lat' dir='ltr'><strong>aestivale</strong></span> <span class='ocrx_word' id='word_1_155' title='bbox 1093 2112 1195 2152; x_wconf 87' lang='lat' dir='ltr'><strong>VIII</strong></span> <span class='ocrx_word' id='word_1_156' title='bbox 1224 2097 1345 2152; x_wconf 90' lang='lat' dir='ltr'><strong>Kal.</strong></span> <span class='ocrx_word' id='word_1_157' title='bbox 1374 2096 1488 2152; x_wconf 91' lang='lat' dir='ltr'><strong>Jul.</strong></span> <span class='ocrx_word' id='word_1_158' title='bbox 1519 2110 1630 2166; x_wconf 94' lang='lat' dir='ltr'><strong>quo</strong></span> <span class='ocrx_word' id='word_1_159' title='bbox 1657 2095 1739 2150; x_wconf 93' lang='lat' dir='ltr'><strong>sol</strong></span> <span class='ocrx_word' id='word_1_160' title='bbox 1768 2098 1899 2161; x_wconf 89' lang='lat' dir='ltr'><strong>stat,</strong></span> 
     </span>
    </p>
   </div>
   <div class='ocr_carea' id='block_1_23' title="bbox 253 2184 1904 2256">
    <p class='ocr_par' dir='ltr' id='par_1_23' title="bbox 253 2184 1904 2256">
     <span class='ocr_line' id='line_1_23' title="bbox 253 2184 1904 2256; baseline -0.003 -13"><span class='ocrx_word' id='word_1_161' title='bbox 253 2193 310 2243; x_wconf 92' lang='lat' dir='ltr'><strong>et</strong></span> <span class='ocrx_word' id='word_1_162' title='bbox 350 2192 616 2243; x_wconf 91' lang='lat' dir='ltr'><strong>crescunt</strong></span> <span class='ocrx_word' id='word_1_163' title='bbox 657 2192 868 2256; x_wconf 89' lang='lat' dir='ltr'><strong>noctes,</strong></span> <span class='ocrx_word' id='word_1_164' title='bbox 919 2192 977 2242; x_wconf 91' lang='lat' dir='ltr'><strong>et</strong></span> <span class='ocrx_word' id='word_1_165' title='bbox 1017 2191 1102 2242; x_wconf 90' lang='lat' dir='ltr'><strong>est</strong></span> <span class='ocrx_word' id='word_1_166' title='bbox 1148 2187 1205 2241; x_wconf 93' lang='lat' dir='ltr'><strong>in</strong></span> <span class='ocrx_word' id='word_1_167' title='bbox 1253 2185 1545 2255; x_wconf 88' lang='lat' dir='ltr'><strong>provincia</strong></span> <span class='ocrx_word' id='word_1_168' title='bbox 1587 2184 1904 2239; x_wconf 74' lang='lat' dir='ltr'><strong>Palaestinae</strong></span> 
     </span>
    </p>
   </div>
   <div class='ocr_carea' id='block_1_24' title="bbox 255 2273 1906 2345">
    <p class='ocr_par' dir='ltr' id='par_1_24' title="bbox 255 2273 1906 2345">
     <span class='ocr_line' id='line_1_24' title="bbox 255 2273 1906 2345; baseline -0.003 -14"><span class='ocrx_word' id='word_1_169' title='bbox 255 2277 442 2332; x_wconf 89' lang='lat' dir='ltr'><strong>natale</strong></span> <span class='ocrx_word' id='word_1_170' title='bbox 480 2276 662 2331; x_wconf 92' lang='lat' dir='ltr'><strong>sancti</strong></span> <span class='ocrx_word' id='word_1_171' title='bbox 706 2276 943 2331; x_wconf 85' lang='lat' dir='ltr'><strong>Joannis</strong></span> <span class='ocrx_word' id='word_1_172' title='bbox 985 2276 1269 2345; x_wconf 64' lang='lat' dir='ltr'><strong>Baptistae.</strong></span> <span class='ocrx_word' id='word_1_173' title='bbox 1312 2275 1414 2330; x_wconf 83' lang='lat' dir='ltr'><strong>llis</strong></span> <span class='ocrx_word' id='word_1_174' title='bbox 1458 2273 1748 2329; x_wconf 87' lang='lat' dir='ltr'><strong>contraria</strong></span> <span class='ocrx_word' id='word_1_175' title='bbox 1789 2273 1906 2327; x_wconf 94' lang='lat' dir='ltr'><strong>duo</strong></span> 
     </span>
    </p>
   </div>
   <div class='ocr_carea' id='block_1_25' title="bbox 252 2361 1906 2436">
    <p class='ocr_par' dir='ltr' id='par_1_25' title="bbox 252 2361 1906 2436">
     <span class='ocr_line' id='line_1_25' title="bbox 252 2361 1906 2436; baseline -0.005 -14"><span class='ocrx_word' id='word_1_176' title='bbox 252 2365 599 2436; x_wconf 67' lang='lat' dir='ltr'><strong>aequinoctia</strong></span> <span class='ocrx_word' id='word_1_177' title='bbox 635 2372 787 2420; x_wconf 91' lang='lat' dir='ltr'><strong>sunt.</strong></span> <span class='ocrx_word' id='word_1_178' title='bbox 832 2365 1016 2420; x_wconf 91' lang='lat' dir='ltr'><strong>Unum</strong></span> <span class='ocrx_word' id='word_1_179' title='bbox 1060 2363 1286 2419; x_wconf 89' lang='lat' dir='ltr'><strong>vernale</strong></span> <span class='ocrx_word' id='word_1_180' title='bbox 1329 2363 1641 2419; x_wconf 90' lang='lat' dir='ltr'><strong>secundum</strong></span> <span class='ocrx_word' id='word_1_181' title='bbox 1675 2361 1906 2416; x_wconf 88' lang='lat' dir='ltr'><strong>Latinos</strong></span> 
     </span>
    </p>
   </div>
   <div class='ocr_carea' id='block_1_26' title="bbox 251 2449 1902 2523">
    <p class='ocr_par' dir='ltr' id='par_1_26' title="bbox 251 2449 1902 2523">
     <span class='ocr_line' id='line_1_26' title="bbox 251 2449 1902 2523; baseline -0.003 -16"><span class='ocrx_word' id='word_1_182' title='bbox 251 2469 355 2510; x_wconf 83' lang='lat' dir='ltr'><strong>VIII</strong></span> <span class='ocrx_word' id='word_1_183' title='bbox 400 2453 521 2508; x_wconf 89' lang='lat' dir='ltr'><strong>Kal.</strong></span> <span class='ocrx_word' id='word_1_184' title='bbox 565 2453 722 2523; x_wconf 82' lang='lat' dir='ltr'><strong>Apr..</strong></span> <span class='ocrx_word' id='word_1_185' title='bbox 770 2453 1080 2508; x_wconf 90' lang='lat' dir='ltr'><strong>secundum</strong></span> <span class='ocrx_word' id='word_1_186' title='bbox 1113 2454 1337 2508; x_wconf 68' lang='lat' dir='ltr'><strong>Graecos</strong></span> <span class='ocrx_word' id='word_1_187' title='bbox 1380 2451 1451 2506; x_wconf 89' lang='lat' dir='ltr'><strong>ab</strong></span> <span class='ocrx_word' id='word_1_188' title='bbox 1480 2465 1537 2505; x_wconf 82' lang='lat' dir='ltr'><strong>x1</strong></span> <span class='ocrx_word' id='word_1_189' title='bbox 1572 2449 1693 2504; x_wconf 88' lang='lat' dir='ltr'><strong>Kal.</strong></span> <span class='ocrx_word' id='word_1_190' title='bbox 1741 2458 1902 2518; x_wconf 80' lang='lat' dir='ltr'><strong>Apr.,</strong></span> 
     </span>
    </p>
   </div>
   <div class='ocr_carea' id='block_1_27' title="bbox 251 2539 1900 2614">
    <p class='ocr_par' dir='ltr' id='par_1_27' title="bbox 251 2539 1900 2614">
     <span class='ocr_line' id='line_1_27' title="bbox 251 2539 1900 2614; baseline -0.003 -16"><span class='ocrx_word' id='word_1_191' title='bbox 251 2544 389 2614; x_wconf 88' lang='lat' dir='ltr'><strong>quia</strong></span> <span class='ocrx_word' id='word_1_192' title='bbox 421 2548 616 2598; x_wconf 79' lang='lat' dir='ltr'><strong>sancta</strong></span> <span class='ocrx_word' id='word_1_193' title='bbox 656 2542 908 2612; x_wconf 88' lang='lat' dir='ltr'><strong>synodus</strong></span> <span class='ocrx_word' id='word_1_194' title='bbox 938 2555 1047 2598; x_wconf 93' lang='lat' dir='ltr'><strong>non</strong></span> <span class='ocrx_word' id='word_1_195' title='bbox 1080 2541 1363 2612; x_wconf 89' lang='lat' dir='ltr'><strong>permittit</strong></span> <span class='ocrx_word' id='word_1_196' title='bbox 1394 2545 1458 2596; x_wconf 93' lang='lat' dir='ltr'><strong>ut</strong></span> <span class='ocrx_word' id='word_1_197' title='bbox 1490 2539 1578 2595; x_wconf 93' lang='lat' dir='ltr'><strong>illi</strong></span> <span class='ocrx_word' id='word_1_198' title='bbox 1612 2545 1728 2595; x_wconf 91' lang='lat' dir='ltr'><strong>tres</strong></span> <span class='ocrx_word' id='word_1_199' title='bbox 1757 2539 1900 2609; x_wconf 91' lang='lat' dir='ltr'><strong>dies,</strong></span> 
     </span>
    </p>
   </div>
   <div class='ocr_carea' id='block_1_28' title="bbox 253 2629 1903 2702">
    <p class='ocr_par' dir='ltr' id='par_1_28' title="bbox 253 2629 1903 2702">
     <span class='ocr_line' id='line_1_28' title="bbox 253 2629 1903 2702; baseline -0.002 -16"><span class='ocrx_word' id='word_1_200' title='bbox 253 2632 312 2687; x_wconf 92' lang='lat' dir='ltr'><strong>id</strong></span> <span class='ocrx_word' id='word_1_201' title='bbox 344 2636 430 2688; x_wconf 93' lang='lat' dir='ltr'><strong>est</strong></span> <span class='ocrx_word' id='word_1_202' title='bbox 459 2631 662 2702; x_wconf 92' lang='lat' dir='ltr'><strong>quinta</strong></span> <span class='ocrx_word' id='word_1_203' title='bbox 695 2629 856 2698; x_wconf 81' lang='lat' dir='ltr'><strong>feria,</strong></span> <span class='ocrx_word' id='word_1_204' title='bbox 892 2630 949 2685; x_wconf 93' lang='lat' dir='ltr'><strong>in</strong></span> <span class='ocrx_word' id='word_1_205' title='bbox 987 2643 1098 2700; x_wconf 90' lang='lat' dir='ltr'><strong>qua</strong></span> <span class='ocrx_word' id='word_1_206' title='bbox 1137 2629 1418 2686; x_wconf 89' lang='lat' dir='ltr'><strong>Dominus</strong></span> <span class='ocrx_word' id='word_1_207' title='bbox 1442 2643 1474 2684; x_wconf 92' lang='lat' dir='ltr'><strong>a</strong></span> <span class='ocrx_word' id='word_1_208' title='bbox 1496 2629 1711 2684; x_wconf 68' lang='lat' dir='ltr'><strong>Judazis</strong></span> <span class='ocrx_word' id='word_1_209' title='bbox 1739 2641 1903 2683; x_wconf 94' lang='lat' dir='ltr'><strong>com—</strong></span> 
     </span>
    </p>
   </div>
   <div class='ocr_carea' id='block_1_29' title="bbox 251 2718 1901 2791">
    <p class='ocr_par' dir='ltr' id='par_1_29' title="bbox 251 2718 1901 2791">
     <span class='ocr_line' id='line_1_29' title="bbox 251 2718 1901 2791; baseline -0.004 -14"><span class='ocrx_word' id='word_1_210' title='bbox 251 2721 566 2791; x_wconf 90' lang='lat' dir='ltr'><strong>prehensus</strong></span> <span class='ocrx_word' id='word_1_211' title='bbox 607 2725 711 2790; x_wconf 91' lang='lat' dir='ltr'><strong>est,</strong></span> <span class='ocrx_word' id='word_1_212' title='bbox 754 2725 809 2776; x_wconf 91' lang='lat' dir='ltr'><strong>et</strong></span> <span class='ocrx_word' id='word_1_213' title='bbox 851 2724 1028 2789; x_wconf 88' lang='lat' dir='ltr'><strong>sexta,</strong></span> <span class='ocrx_word' id='word_1_214' title='bbox 1074 2719 1132 2774; x_wconf 93' lang='lat' dir='ltr'><strong>in</strong></span> <span class='ocrx_word' id='word_1_215' title='bbox 1177 2733 1290 2790; x_wconf 89' lang='lat' dir='ltr'><strong>qua</strong></span> <span class='ocrx_word' id='word_1_216' title='bbox 1335 2718 1653 2775; x_wconf 89' lang='lat' dir='ltr'><strong>cruciﬁxus</strong></span> <span class='ocrx_word' id='word_1_217' title='bbox 1698 2723 1804 2784; x_wconf 91' lang='lat' dir='ltr'><strong>est,</strong></span> <span class='ocrx_word' id='word_1_218' title='bbox 1845 2721 1901 2771; x_wconf 90' lang='lat' dir='ltr'><strong>et</strong></span> 
     </span>
    </p>
   </div>
   <div class='ocr_carea' id='block_1_30' title="bbox 249 2805 1900 2878">
    <p class='ocr_par' dir='ltr' id='par_1_30' title="bbox 249 2805 1900 2878">
     <span class='ocr_line' id='line_1_30' title="bbox 249 2805 1900 2878; baseline -0.004 -14"><span class='ocrx_word' id='word_1_219' title='bbox 249 2810 491 2878; x_wconf 89' lang='lat' dir='ltr'><strong>septima</strong></span> <span class='ocrx_word' id='word_1_220' title='bbox 519 2807 684 2875; x_wconf 87' lang='lat' dir='ltr'><strong>feria,</strong></span> <span class='ocrx_word' id='word_1_221' title='bbox 713 2809 941 2878; x_wconf 90' lang='lat' dir='ltr'><strong>quando</strong></span> <span class='ocrx_word' id='word_1_222' title='bbox 966 2808 1153 2876; x_wconf 88' lang='lat' dir='ltr'><strong>jacuit</strong></span> <span class='ocrx_word' id='word_1_223' title='bbox 1183 2808 1243 2862; x_wconf 91' lang='lat' dir='ltr'><strong>in</strong></span> <span class='ocrx_word' id='word_1_224' title='bbox 1277 2807 1561 2877; x_wconf 91' lang='lat' dir='ltr'><strong>sepulcro,</strong></span> <span class='ocrx_word' id='word_1_225' title='bbox 1599 2805 1755 2861; x_wconf 85' lang='lat' dir='ltr'><strong>foras</strong></span> <span class='ocrx_word' id='word_1_226' title='bbox 1777 2812 1900 2860; x_wconf 93' lang='lat' dir='ltr'><strong>ter-</strong></span> 
     </span>
    </p>
   </div>
   <div class='ocr_carea' id='block_1_31' title="bbox 249 2894 1892 2963">
    <p class='ocr_par' dir='ltr' id='par_1_31' title="bbox 249 2894 1892 2963">
     <span class='ocr_line' id='line_1_31' title="bbox 249 2894 1892 2963; baseline -0.004 -11"><span class='ocrx_word' id='word_1_227' title='bbox 249 2897 469 2952; x_wconf 89' lang='lat' dir='ltr'><strong>minum</strong></span> <span class='ocrx_word' id='word_1_228' title='bbox 491 2896 889 2952; x_wconf 83' lang='lat' dir='ltr'><strong>excludantur.</strong></span> <span class='ocrx_word' id='word_1_229' title='bbox 915 2898 982 2950; x_wconf 91' lang='lat' dir='ltr'><strong>Et</strong></span> <span class='ocrx_word' id='word_1_230' title='bbox 1005 2900 1141 2950; x_wconf 93' lang='lat' dir='ltr'><strong>tunc</strong></span> <span class='ocrx_word' id='word_1_231' title='bbox 1163 2895 1454 2963; x_wconf 89' lang='lat' dir='ltr'><strong>incipiunt</strong></span> <span class='ocrx_word' id='word_1_232' title='bbox 1478 2907 1730 2948; x_wconf 85' lang='lat' dir='ltr'><strong>crescere</strong></span> <span class='ocrx_word' id='word_1_233' title='bbox 1750 2894 1892 2947; x_wconf 91' lang='lat' dir='ltr'><strong>dies.</strong></span> 
     </span>
    </p>
   </div>
   <div class='ocr_carea' id='block_1_32' title="bbox 245 2980 1896 3053">
    <p class='ocr_par' dir='ltr' id='par_1_32' title="bbox 245 2980 1896 3053">
     <span class='ocr_line' id='line_1_32' title="bbox 245 2980 1896 3053; baseline -0.003 -14"><span class='ocrx_word' id='word_1_234' title='bbox 245 2985 311 3039; x_wconf 88' lang='lat' dir='ltr'><strong>In</strong></span> <span class='ocrx_word' id='word_1_235' title='bbox 355 2984 481 3053; x_wconf 89' lang='lat' dir='ltr'><strong>ipsa</strong></span> <span class='ocrx_word' id='word_1_236' title='bbox 516 2983 794 3038; x_wconf 92' lang='lat' dir='ltr'><strong>Dominus</strong></span> <span class='ocrx_word' id='word_1_237' title='bbox 832 2988 1026 3038; x_wconf 89' lang='lat' dir='ltr'><strong>noster</strong></span> <span class='ocrx_word' id='word_1_238' title='bbox 1060 2983 1224 3037; x_wconf 92' lang='lat' dir='ltr'><strong>Jesus</strong></span> <span class='ocrx_word' id='word_1_239' title='bbox 1259 2981 1523 3036; x_wconf 90' lang='lat' dir='ltr'><strong>Christus</strong></span> <span class='ocrx_word' id='word_1_240' title='bbox 1563 2980 1896 3046; x_wconf 89' lang='lat' dir='ltr'><strong>cruciﬁxus,</strong></span> 
     </span>
    </p>
   </div>
   <div class='ocr_carea' id='block_1_33' title="bbox 243 3069 1973 3141">
    <p class='ocr_par' dir='ltr' id='par_1_33' title="bbox 243 3069 1973 3141">
     <span class='ocr_line' id='line_1_33' title="bbox 243 3069 1973 3141; baseline -0.002 -14"><span class='ocrx_word' id='word_1_241' title='bbox 243 3077 306 3127; x_wconf 93' lang='lat' dir='ltr'><strong>et</strong></span> <span class='ocrx_word' id='word_1_242' title='bbox 320 3077 408 3126; x_wconf 92' lang='lat' dir='ltr'><strong>est</strong></span> <span class='ocrx_word' id='word_1_243' title='bbox 424 3071 728 3141; x_wconf 89' lang='lat' dir='ltr'><strong>Conceptio</strong></span> <span class='ocrx_word' id='word_1_244' title='bbox 754 3076 963 3126; x_wconf 79' lang='lat' dir='ltr'><strong>sanctae</strong></span> <span class='ocrx_word' id='word_1_245' title='bbox 983 3071 1083 3126; x_wconf 91' lang='lat' dir='ltr'><strong>Dei</strong></span> <span class='ocrx_word' id='word_1_246' title='bbox 1108 3070 1416 3141; x_wconf 83' lang='lat' dir='ltr'><strong>genetricis</strong></span> <span class='ocrx_word' id='word_1_247' title='bbox 1432 3069 1644 3137; x_wconf 69' lang='lat' dir='ltr'><strong>Mariae,</strong></span> <span class='ocrx_word' id='word_1_248' title='bbox 1670 3069 1896 3138; x_wconf 89' lang='lat' dir='ltr'><strong>quando</strong></span> <span class='ocrx_word' id='word_1_249' title='bbox 1925 3071 1973 3133; x_wconf 86' lang='lat' dir='ltr'><strong>C</strong></span> 
     </span>
    </p>
   </div>
   <div class='ocr_carea' id='block_1_34' title="bbox 243 3157 1898 3232">
    <p class='ocr_par' dir='ltr' id='par_1_34' title="bbox 243 3157 1898 3232">
     <span class='ocr_line' id='line_1_34' title="bbox 243 3157 1898 3232; baseline -0.002 -16"><span class='ocrx_word' id='word_1_250' title='bbox 243 3160 496 3216; x_wconf 88' lang='lat' dir='ltr'><strong>salutata</strong></span> <span class='ocrx_word' id='word_1_251' title='bbox 532 3166 618 3216; x_wconf 89' lang='lat' dir='ltr'><strong>est</strong></span> <span class='ocrx_word' id='word_1_252' title='bbox 659 3160 730 3215; x_wconf 91' lang='lat' dir='ltr'><strong>ab</strong></span> <span class='ocrx_word' id='word_1_253' title='bbox 767 3160 990 3232; x_wconf 81' lang='lat' dir='ltr'><strong>angelo.</strong></span> <span class='ocrx_word' id='word_1_254' title='bbox 1034 3159 1291 3215; x_wconf 84' lang='lat' dir='ltr'><strong>Alterum</strong></span> <span class='ocrx_word' id='word_1_255' title='bbox 1334 3163 1522 3214; x_wconf 91' lang='lat' dir='ltr'><strong>autem</strong></span> <span class='ocrx_word' id='word_1_256' title='bbox 1567 3157 1898 3213; x_wconf 88' lang='lat' dir='ltr'><strong>autumnale</strong></span> 
     </span>
    </p>
   </div>
   <div class='ocr_carea' id='block_1_35' title="bbox 243 3245 1896 3320">
    <p class='ocr_par' dir='ltr' id='par_1_35' title="bbox 243 3245 1896 3320">
     <span class='ocr_line' id='line_1_35' title="bbox 243 3245 1896 3320; baseline -0.001 -18"><span class='ocrx_word' id='word_1_257' title='bbox 243 3262 351 3304; x_wconf 84' lang='lat' dir='ltr'><strong>vm</strong></span> <span class='ocrx_word' id='word_1_258' title='bbox 397 3248 520 3304; x_wconf 87' lang='lat' dir='ltr'><strong>Kal.</strong></span> <span class='ocrx_word' id='word_1_259' title='bbox 563 3247 759 3304; x_wconf 89' lang='lat' dir='ltr'><strong>Octob.</strong></span> <span class='ocrx_word' id='word_1_260' title='bbox 801 3263 869 3304; x_wconf 86' lang='lat' dir='ltr'><strong>ex</strong></span> <span class='ocrx_word' id='word_1_261' title='bbox 914 3262 1028 3320; x_wconf 87' lang='lat' dir='ltr'><strong>quo</strong></span> <span class='ocrx_word' id='word_1_262' title='bbox 1069 3248 1196 3304; x_wconf 90' lang='lat' dir='ltr'><strong>dies</strong></span> <span class='ocrx_word' id='word_1_263' title='bbox 1235 3247 1598 3317; x_wconf 90' lang='lat' dir='ltr'><strong>minuuntur,</strong></span> <span class='ocrx_word' id='word_1_264' title='bbox 1640 3251 1696 3302; x_wconf 93' lang='lat' dir='ltr'><strong>et</strong></span> <span class='ocrx_word' id='word_1_265' title='bbox 1732 3246 1794 3301; x_wconf 89' lang='lat' dir='ltr'><strong>ﬁt</strong></span> <span class='ocrx_word' id='word_1_266' title='bbox 1838 3245 1896 3301; x_wconf 94' lang='lat' dir='ltr'><strong>in</strong></span> 
     </span>
    </p>
   </div>
   <div class='ocr_carea' id='block_1_36' title="bbox 247 3335 1899 3406">
    <p class='ocr_par' dir='ltr' id='par_1_36' title="bbox 247 3335 1899 3406">
     <span class='ocr_line' id='line_1_36' title="bbox 247 3335 1899 3406; baseline -0.001 -14"><span class='ocrx_word' id='word_1_267' title='bbox 247 3337 613 3392; x_wconf 88' lang='lat' dir='ltr'><strong>Macherunte</strong></span> <span class='ocrx_word' id='word_1_268' title='bbox 638 3337 872 3393; x_wconf 91' lang='lat' dir='ltr'><strong>castello</strong></span> <span class='ocrx_word' id='word_1_269' title='bbox 901 3337 1198 3406; x_wconf 87' lang='lat' dir='ltr'><strong>conceptio</strong></span> <span class='ocrx_word' id='word_1_270' title='bbox 1224 3336 1406 3392; x_wconf 92' lang='lat' dir='ltr'><strong>sancti</strong></span> <span class='ocrx_word' id='word_1_271' title='bbox 1431 3335 1668 3391; x_wconf 88' lang='lat' dir='ltr'><strong>Joannis</strong></span> <span class='ocrx_word' id='word_1_272' title='bbox 1698 3335 1899 3404; x_wconf 92' lang='lat' dir='ltr'><strong>Bapti-</strong></span> 
     </span>
    </p>
   </div>
   <div class='ocr_carea' id='block_1_37' title="bbox 246 3423 1891 3495">
    <p class='ocr_par' dir='ltr' id='par_1_37' title="bbox 246 3423 1891 3495">
     <span class='ocr_line' id='line_1_37' title="bbox 246 3423 1891 3495; baseline -0.001 -14"><span class='ocrx_word' id='word_1_273' title='bbox 246 3431 349 3481; x_wconf 66' lang='lat' dir='ltr'><strong>staz</strong></span> <span class='ocrx_word' id='word_1_274' title='bbox 373 3430 429 3480; x_wconf 90' lang='lat' dir='ltr'><strong>et</strong></span> <span class='ocrx_word' id='word_1_275' title='bbox 461 3426 749 3495; x_wconf 86' lang='lat' dir='ltr'><strong>martyris.</strong></span> <span class='ocrx_word' id='word_1_276' title='bbox 782 3429 844 3481; x_wconf 93' lang='lat' dir='ltr'><strong>In</strong></span> <span class='ocrx_word' id='word_1_277' title='bbox 879 3426 1011 3482; x_wconf 91' lang='lat' dir='ltr'><strong>istis</strong></span> <span class='ocrx_word' id='word_1_278' title='bbox 1039 3427 1192 3481; x_wconf 92' lang='lat' dir='ltr'><strong>enim</strong></span> <span class='ocrx_word' id='word_1_279' title='bbox 1233 3429 1480 3495; x_wconf 90' lang='lat' dir='ltr'><strong>quatuor</strong></span> <span class='ocrx_word' id='word_1_280' title='bbox 1517 3423 1891 3494; x_wconf 88' lang='lat' dir='ltr'><strong>temporibus,</strong></span> 
     </span>
    </p>
   </div>
   <div class='ocr_carea' id='block_1_38' title="bbox 250 3513 1896 3586">
    <p class='ocr_par' dir='ltr' id='par_1_38' title="bbox 250 3513 1896 3586">
     <span class='ocr_line' id='line_1_38' title="bbox 250 3513 1896 3586; baseline 0.001 -18"><span class='ocrx_word' id='word_1_281' title='bbox 250 3513 308 3568; x_wconf 90' lang='lat' dir='ltr'><strong>id</strong></span> <span class='ocrx_word' id='word_1_282' title='bbox 348 3519 432 3568; x_wconf 93' lang='lat' dir='ltr'><strong>est</strong></span> <span class='ocrx_word' id='word_1_283' title='bbox 474 3527 620 3580; x_wconf 85' lang='lat' dir='ltr'><strong>vere,</strong></span> <span class='ocrx_word' id='word_1_284' title='bbox 661 3520 874 3586; x_wconf 73' lang='lat' dir='ltr'><strong>aestate,</strong></span> <span class='ocrx_word' id='word_1_285' title='bbox 915 3521 1216 3578; x_wconf 88' lang='lat' dir='ltr'><strong>autumno,</strong></span> <span class='ocrx_word' id='word_1_286' title='bbox 1256 3521 1311 3570; x_wconf 91' lang='lat' dir='ltr'><strong>et</strong></span> <span class='ocrx_word' id='word_1_287' title='bbox 1352 3514 1546 3584; x_wconf 91' lang='lat' dir='ltr'><strong>hyeme</strong></span> <span class='ocrx_word' id='word_1_288' title='bbox 1591 3514 1896 3570; x_wconf 90' lang='lat' dir='ltr'><strong>universus</strong></span> 
     </span>
    </p>
   </div>
   <div class='ocr_carea' id='block_1_39' title="bbox 245 3604 1897 3674">
    <p class='ocr_par' dir='ltr' id='par_1_39' title="bbox 245 3604 1897 3674">
     <span class='ocr_line' id='line_1_39' title="bbox 245 3604 1897 3674; baseline 0.001 -17"><span class='ocrx_word' id='word_1_289' title='bbox 245 3615 526 3659; x_wconf 90' lang='lat' dir='ltr'><strong>annorum</strong></span> <span class='ocrx_word' id='word_1_290' title='bbox 568 3605 707 3660; x_wconf 90' lang='lat' dir='ltr'><strong>ordo</strong></span> <span class='ocrx_word' id='word_1_291' title='bbox 745 3605 953 3673; x_wconf 90' lang='lat' dir='ltr'><strong>currit,</strong></span> <span class='ocrx_word' id='word_1_292' title='bbox 999 3619 1098 3674; x_wconf 90' lang='lat' dir='ltr'><strong>per</strong></span> <span class='ocrx_word' id='word_1_293' title='bbox 1136 3619 1282 3673; x_wconf 89' lang='lat' dir='ltr'><strong>quos</strong></span> <span class='ocrx_word' id='word_1_294' title='bbox 1317 3605 1641 3660; x_wconf 90' lang='lat' dir='ltr'><strong>certissime</strong></span> <span class='ocrx_word' id='word_1_295' title='bbox 1676 3604 1897 3660; x_wconf 87' lang='lat' dir='ltr'><strong>Conce—</strong></span> 
     </span>
    </p>
   </div>
   <div class='ocr_carea' id='block_1_40' title="bbox 249 3692 1892 3762">
    <p class='ocr_par' dir='ltr' id='par_1_40' title="bbox 249 3692 1892 3762">
     <span class='ocr_line' id='line_1_40' title="bbox 249 3692 1892 3762; baseline 0.002 -16"><span class='ocrx_word' id='word_1_296' title='bbox 249 3692 489 3762; x_wconf 90' lang='lat' dir='ltr'><strong>ptionis,</strong></span> <span class='ocrx_word' id='word_1_297' title='bbox 525 3699 581 3748; x_wconf 93' lang='lat' dir='ltr'><strong>et</strong></span> <span class='ocrx_word' id='word_1_298' title='bbox 617 3693 950 3750; x_wconf 89' lang='lat' dir='ltr'><strong>Nativitatis</strong></span> <span class='ocrx_word' id='word_1_299' title='bbox 981 3694 1212 3750; x_wconf 91' lang='lat' dir='ltr'><strong>Domini</strong></span> <span class='ocrx_word' id='word_1_300' title='bbox 1253 3699 1307 3749; x_wconf 90' lang='lat' dir='ltr'><strong>et</strong></span> <span class='ocrx_word' id='word_1_301' title='bbox 1335 3693 1649 3750; x_wconf 88' lang='lat' dir='ltr'><strong>Salvatoris</strong></span> <span class='ocrx_word' id='word_1_302' title='bbox 1685 3693 1892 3762; x_wconf 90' lang='lat' dir='ltr'><strong>nostri,</strong></span> 
     </span>
    </p>
   </div>
   <div class='ocr_carea' id='block_1_41' title="bbox 250 3783 1896 3854">
    <p class='ocr_par' dir='ltr' id='par_1_41' title="bbox 250 3783 1896 3854">
     <span class='ocr_line' id='line_1_41' title="bbox 250 3783 1896 3854; baseline 0.003 -19"><span class='ocrx_word' id='word_1_303' title='bbox 250 3795 352 3836; x_wconf 90' lang='lat' dir='ltr'><strong>nec</strong></span> <span class='ocrx_word' id='word_1_304' title='bbox 383 3795 493 3836; x_wconf 91' lang='lat' dir='ltr'><strong>non</strong></span> <span class='ocrx_word' id='word_1_305' title='bbox 537 3783 718 3838; x_wconf 88' lang='lat' dir='ltr'><strong>sancti</strong></span> <span class='ocrx_word' id='word_1_306' title='bbox 756 3784 1130 3854; x_wconf 66' lang='lat' dir='ltr'><strong>praacursoris</strong></span> <span class='ocrx_word' id='word_1_307' title='bbox 1157 3783 1394 3839; x_wconf 86' lang='lat' dir='ltr'><strong>Joannis</strong></span> <span class='ocrx_word' id='word_1_308' title='bbox 1437 3783 1770 3854; x_wconf 88' lang='lat' dir='ltr'><strong>plenissime</strong></span> <span class='ocrx_word' id='word_1_309' title='bbox 1794 3784 1896 3840; x_wconf 90' lang='lat' dir='ltr'><strong>di-</strong></span> 
     </span>
    </p>
   </div>
   <div class='ocr_carea' id='block_1_42' title="bbox 249 3875 624 3942">
    <p class='ocr_par' dir='ltr' id='par_1_42' title="bbox 249 3875 624 3942">
     <span class='ocr_line' id='line_1_42' title="bbox 249 3875 624 3942; baseline -0.003 -17"><span class='ocrx_word' id='word_1_310' title='bbox 249 3875 624 3942; x_wconf 89' lang='lat' dir='ltr'><strong>gnoscuntur.</strong></span> 
     </span>
    </p>
   </div>
   <div class='ocr_carea' id='block_1_43' title="bbox 841 3981 1296 4034">
    <p class='ocr_par' dir='ltr' id='par_1_43' title="bbox 841 3981 1296 4034">
     <span class='ocr_line' id='line_1_43' title="bbox 841 3981 1296 4034; baseline -0.002 -1"><span class='ocrx_word' id='word_1_311' title='bbox 841 3981 917 4034; x_wconf 91' lang='lat' dir='ltr'><strong>De</strong></span> <span class='ocrx_word' id='word_1_312' title='bbox 951 3981 1100 4034; x_wconf 82' lang='lat' dir='ltr'><strong>saltu</strong></span> <span class='ocrx_word' id='word_1_313' title='bbox 1137 3981 1296 4034; x_wconf 61' lang='lat' dir='ltr'><strong>luna.</strong></span> 
     </span>
    </p>
   </div>
   <div class='ocr_carea' id='block_1_44' title="bbox 320 4084 1898 4156">
    <p class='ocr_par' dir='ltr' id='par_1_44' title="bbox 320 4084 1898 4156">
     <span class='ocr_line' id='line_1_44' title="bbox 320 4084 1898 4156; baseline 0.003 -18"><span class='ocrx_word' id='word_1_314' title='bbox 320 4084 504 4140; x_wconf 91' lang='lat' dir='ltr'><strong>XLVI.</strong></span> <span class='ocrx_word' id='word_1_315' title='bbox 553 4085 771 4143; x_wconf 90' lang='lat' dir='ltr'><strong>Saltum</strong></span> <span class='ocrx_word' id='word_1_316' title='bbox 814 4086 966 4142; x_wconf 61' lang='lat' dir='ltr'><strong>lunae</strong></span> <span class='ocrx_word' id='word_1_317' title='bbox 1005 4101 1154 4142; x_wconf 89' lang='lat' dir='ltr'><strong>anno</strong></span> <span class='ocrx_word' id='word_1_318' title='bbox 1185 4085 1208 4142; x_wconf 97' lang='grc'><strong>4</strong></span> <span class='ocrx_word' id='word_1_319' title='bbox 1245 4086 1744 4144; x_wconf 91' lang='lat' dir='ltr'><strong>decemnovennali</strong></span> <span class='ocrx_word' id='word_1_320' title='bbox 1787 4101 1898 4156; x_wconf 93' lang='lat' dir='ltr'><strong>po-</strong></span> 
     </span>
    </p>
   </div>
   <div class='ocr_carea' id='block_1_45' title="bbox 250 4175 1897 4246">
    <p class='ocr_par' dir='ltr' id='par_1_45' title="bbox 250 4175 1897 4246">
     <span class='ocr_line' id='line_1_45' title="bbox 250 4175 1897 4246; baseline 0.001 -18"><span class='ocrx_word' id='word_1_321' title='bbox 250 4178 398 4229; x_wconf 92' lang='lat' dir='ltr'><strong>nunt</strong></span> <span class='ocrx_word' id='word_1_322' title='bbox 427 4188 528 4245; x_wconf 89' lang='lat' dir='ltr'><strong>pro</strong></span> <span class='ocrx_word' id='word_1_323' title='bbox 557 4188 622 4230; x_wconf 93' lang='lat' dir='ltr'><strong>eo</strong></span> <span class='ocrx_word' id='word_1_324' title='bbox 652 4175 801 4246; x_wconf 91' lang='lat' dir='ltr'><strong>quod</strong></span> <span class='ocrx_word' id='word_1_325' title='bbox 837 4175 964 4231; x_wconf 92' lang='lat' dir='ltr'><strong>ideo</strong></span> <span class='ocrx_word' id='word_1_326' title='bbox 997 4175 1240 4232; x_wconf 89' lang='lat' dir='ltr'><strong>ultimus</strong></span> <span class='ocrx_word' id='word_1_327' title='bbox 1267 4189 1455 4232; x_wconf 76' lang='lat' dir='ltr'><strong>annus</strong></span> <span class='ocrx_word' id='word_1_328' title='bbox 1482 4177 1897 4232; x_wconf 87' lang='lat' dir='ltr'><strong>decemnoven—</strong></span> 
     </span>
    </p>
   </div>
   <div class='ocr_carea' id='block_1_46' title="bbox 251 4263 1898 4334">
    <p class='ocr_par' dir='ltr' id='par_1_46' title="bbox 251 4263 1898 4334">
     <span class='ocr_line' id='line_1_46' title="bbox 251 4263 1898 4334; baseline 0.003 -16"><span class='ocrx_word' id='word_1_329' title='bbox 251 4263 402 4320; x_wconf 91' lang='lat' dir='ltr'><strong>nalis</strong></span> <span class='ocrx_word' id='word_1_330' title='bbox 431 4272 626 4334; x_wconf 90' lang='lat' dir='ltr'><strong>epacta</strong></span> <span class='ocrx_word' id='word_1_331' title='bbox 657 4265 882 4320; x_wconf 91' lang='lat' dir='ltr'><strong>lunaris</strong></span> <span class='ocrx_word' id='word_1_332' title='bbox 910 4266 1444 4322; x_wconf 90' lang='lat' dir='ltr'><strong>decemnovennalis</strong></span> <span class='ocrx_word' id='word_1_333' title='bbox 1477 4272 1610 4322; x_wconf 80' lang='lat' dir='ltr'><strong>tunc</strong></span> <span class='ocrx_word' id='word_1_334' title='bbox 1642 4267 1898 4324; x_wconf 88' lang='lat' dir='ltr'><strong>retinens</strong></span> 
     </span>
    </p>
   </div>
   <div class='ocr_carea' id='block_1_47' title="bbox 245 4351 1900 4425">
    <p class='ocr_par' dir='ltr' id='par_1_47' title="bbox 245 4351 1900 4425">
     <span class='ocr_line' id='line_1_47' title="bbox 245 4351 1900 4425; baseline 0.004 -18"><span class='ocrx_word' id='word_1_335' title='bbox 245 4365 397 4409; x_wconf 92' lang='lat' dir='ltr'><strong>anno</strong></span> <span class='ocrx_word' id='word_1_336' title='bbox 429 4351 452 4408; x_wconf 92' lang='grc'><strong>4</strong></span> <span class='ocrx_word' id='word_1_337' title='bbox 487 4355 986 4412; x_wconf 89' lang='lat' dir='ltr'><strong>decemnovennali</strong></span> <span class='ocrx_word' id='word_1_338' title='bbox 1030 4370 1141 4411; x_wconf 91' lang='lat' dir='ltr'><strong>non</strong></span> <span class='ocrx_word' id='word_1_339' title='bbox 1185 4353 1242 4410; x_wconf 91' lang='grc'><strong>44</strong></span> <span class='ocrx_word' id='word_1_340' title='bbox 1289 4356 1434 4425; x_wconf 91' lang='lat' dir='ltr'><strong>dies,</strong></span> <span class='ocrx_word' id='word_1_341' title='bbox 1476 4362 1542 4413; x_wconf 90' lang='lat' dir='ltr'><strong>ut</strong></span> <span class='ocrx_word' id='word_1_342' title='bbox 1573 4357 1631 4412; x_wconf 91' lang='lat' dir='ltr'><strong>in</strong></span> <span class='ocrx_word' id='word_1_343' title='bbox 1675 4359 1900 4413; x_wconf 65' lang='lat' dir='ltr'><strong>caeteris</strong></span> 
     </span>
    </p>
   </div>
   <div class='ocr_carea' id='block_1_48' title="bbox 2018 516 3553 592">
    <p class='ocr_par' dir='ltr' id='par_1_48' title="bbox 2018 516 3553 592">
     <span class='ocr_line' id='line_1_48' title="bbox 2018 516 3553 592; baseline 0 -20"><span class='ocrx_word' id='word_1_344' title='bbox 2018 516 2373 574; x_wconf 90' lang='lat' dir='ltr'><strong>velocitatem</strong></span> <span class='ocrx_word' id='word_1_345' title='bbox 2404 518 2496 574; x_wconf 92' lang='lat' dir='ltr'><strong>sui</strong></span> <span class='ocrx_word' id='word_1_346' title='bbox 2528 533 2734 576; x_wconf 91' lang='lat' dir='ltr'><strong>cursus</strong></span> <span class='ocrx_word' id='word_1_347' title='bbox 2764 519 2834 573; x_wconf 92' lang='lat' dir='ltr'><strong>ab</strong></span> <span class='ocrx_word' id='word_1_348' title='bbox 2859 533 2922 574; x_wconf 90' lang='lat' dir='ltr'><strong>ea</strong></span> <span class='ocrx_word' id='word_1_349' title='bbox 2954 521 3252 592; x_wconf 88' lang='lat' dir='ltr'><strong>prolongat</strong></span> <span class='ocrx_word' id='word_1_350' title='bbox 3280 519 3553 590; x_wconf 87' lang='lat' dir='ltr'><strong>spatium.</strong></span> 
     </span>
    </p>
   </div>
   <div class='ocr_carea' id='block_1_49' title="bbox 2608 610 3065 664">
    <p class='ocr_par' dir='ltr' id='par_1_49' title="bbox 2608 610 3065 664">
     <span class='ocr_line' id='line_1_49' title="bbox 2608 610 3065 664; baseline 0 0"><span class='ocrx_word' id='word_1_351' title='bbox 2608 612 2682 664; x_wconf 90' lang='lat' dir='ltr'><strong>De</strong></span> <span class='ocrx_word' id='word_1_352' title='bbox 2713 610 2856 664; x_wconf 71' lang='lat' dir='ltr'><strong>lunae</strong></span> <span class='ocrx_word' id='word_1_353' title='bbox 2886 625 3065 664; x_wconf 86' lang='lat' dir='ltr'><strong>cursu.</strong></span> 
     </span>
    </p>
   </div>
   <div class='ocr_carea' id='block_1_50' title="bbox 2087 697 3663 770">
    <p class='ocr_par' dir='ltr' id='par_1_50' title="bbox 2087 697 3663 770">
     <span class='ocr_line' id='line_1_50' title="bbox 2087 697 3663 770; baseline 0.003 -19"><span class='ocrx_word' id='word_1_354' title='bbox 2087 697 2298 752; x_wconf 85' lang='lat' dir='ltr'><strong>XLVII.</strong></span> <span class='ocrx_word' id='word_1_355' title='bbox 2348 697 2556 754; x_wconf 91' lang='lat' dir='ltr'><strong>Omnes</strong></span> <span class='ocrx_word' id='word_1_356' title='bbox 2601 699 2785 770; x_wconf 77' lang='lat' dir='ltr'><strong>igitur</strong></span> <span class='ocrx_word' id='word_1_357' title='bbox 2826 700 3056 756; x_wconf 89' lang='lat' dir='ltr'><strong>lunares</strong></span> <span class='ocrx_word' id='word_1_358' title='bbox 3098 714 3306 756; x_wconf 87' lang='lat' dir='ltr'><strong>cursus</strong></span> <span class='ocrx_word' id='word_1_359' title='bbox 3349 702 3663 758; x_wconf 89' lang='lat' dir='ltr'><strong>secundum</strong></span> 
     </span>
    </p>
   </div>
   <div class='ocr_carea' id='block_1_51' title="bbox 2015 786 3666 860">
    <p class='ocr_par' dir='ltr' id='par_1_51' title="bbox 2015 786 3666 860">
     <span class='ocr_line' id='line_1_51' title="bbox 2015 786 3666 860; baseline 0.002 -19"><span class='ocrx_word' id='word_1_360' title='bbox 2015 786 2375 843; x_wconf 63' lang='lat' dir='ltr'><strong>Hebrmorum</strong></span> <span class='ocrx_word' id='word_1_361' title='bbox 2417 788 2926 859; x_wconf 70' lang='lat' dir='ltr'><strong>Egyptiorumque</strong></span> <span class='ocrx_word' id='word_1_362' title='bbox 2970 790 3432 860; x_wconf 89' lang='lat' dir='ltr'><strong>supputationem</strong></span> <span class='ocrx_word' id='word_1_363' title='bbox 3483 795 3666 859; x_wconf 92' lang='lat' dir='ltr'><strong>potest</strong></span> 
     </span>
    </p>
   </div>
   <div class='ocr_carea' id='block_1_52' title="bbox 2016 876 3666 951">
    <p class='ocr_par' dir='ltr' id='par_1_52' title="bbox 2016 876 3666 951">
     <span class='ocr_line' id='line_1_52' title="bbox 2016 876 3666 951; baseline 0.001 -19"><span class='ocrx_word' id='word_1_364' title='bbox 2016 876 2199 933; x_wconf 87' lang='lat' dir='ltr'><strong>facere</strong></span> <span class='ocrx_word' id='word_1_365' title='bbox 2220 879 2384 946; x_wconf 88' lang='lat' dir='ltr'><strong>juxta</strong></span> <span class='ocrx_word' id='word_1_366' title='bbox 2418 880 2732 935; x_wconf 92' lang='lat' dir='ltr'><strong>naturalem</strong></span> <span class='ocrx_word' id='word_1_367' title='bbox 2765 894 2996 936; x_wconf 90' lang='lat' dir='ltr'><strong>cursum</strong></span> <span class='ocrx_word' id='word_1_368' title='bbox 3031 895 3129 950; x_wconf 93' lang='lat' dir='ltr'><strong>per</strong></span> <span class='ocrx_word' id='word_1_369' title='bbox 3154 879 3415 951; x_wconf 85' lang='lat' dir='ltr'><strong>singulos</strong></span> <span class='ocrx_word' id='word_1_370' title='bbox 3446 893 3666 934; x_wconf 91' lang='lat' dir='ltr'><strong>menses</strong></span> 
     </span>
    </p>
   </div>
   <div class='ocr_carea' id='block_1_53' title="bbox 2015 966 3666 1041">
    <p class='ocr_par' dir='ltr' id='par_1_53' title="bbox 2015 966 3666 1041">
     <span class='ocr_line' id='line_1_53' title="bbox 2015 966 3666 1041; baseline -0.001 -16"><span class='ocrx_word' id='word_1_371' title='bbox 2015 968 2141 1025; x_wconf 91' lang='lat' dir='ltr'><strong>dies</strong></span> <span class='ocrx_word' id='word_1_372' title='bbox 2164 966 2253 1037; x_wconf 69' lang='lat'><strong>29,</strong></span> <span class='ocrx_word' id='word_1_373' title='bbox 2287 973 2342 1024; x_wconf 92' lang='lat' dir='ltr'><strong>et</strong></span> <span class='ocrx_word' id='word_1_374' title='bbox 2371 969 2684 1041; x_wconf 91' lang='lat' dir='ltr'><strong>semissem,</strong></span> <span class='ocrx_word' id='word_1_375' title='bbox 2713 976 2769 1025; x_wconf 89' lang='lat' dir='ltr'><strong>et</strong></span> <span class='ocrx_word' id='word_1_376' title='bbox 2793 970 3103 1026; x_wconf 92' lang='lat' dir='ltr'><strong>dimidium</strong></span> <span class='ocrx_word' id='word_1_377' title='bbox 3133 971 3308 1039; x_wconf 69' lang='lat' dir='ltr'><strong>horae,</strong></span> <span class='ocrx_word' id='word_1_378' title='bbox 3337 974 3391 1025; x_wconf 93' lang='lat' dir='ltr'><strong>et</strong></span> <span class='ocrx_word' id='word_1_379' title='bbox 3421 968 3484 1025; x_wconf 91' lang='grc'><strong>40</strong></span> <span class='ocrx_word' id='word_1_380' title='bbox 3513 983 3666 1038; x_wconf 70' lang='lat' dir='ltr'><strong>paene</strong></span> 
     </span>
    </p>
   </div>
   <div class='ocr_carea' id='block_1_54' title="bbox 2017 1059 3662 1131">
    <p class='ocr_par' dir='ltr' id='par_1_54' title="bbox 2017 1059 3662 1131">
     <span class='ocr_line' id='line_1_54' title="bbox 2017 1059 3662 1131; baseline 0.001 -17"><span class='ocrx_word' id='word_1_381' title='bbox 2017 1063 2320 1115; x_wconf 91' lang='lat' dir='ltr'><strong>momenta.</strong></span> <span class='ocrx_word' id='word_1_382' title='bbox 2367 1059 2568 1115; x_wconf 92' lang='lat' dir='ltr'><strong>Omnis</strong></span> <span class='ocrx_word' id='word_1_383' title='bbox 2612 1074 2856 1131; x_wconf 89' lang='lat' dir='ltr'><strong>namque</strong></span> <span class='ocrx_word' id='word_1_384' title='bbox 2897 1061 3022 1116; x_wconf 91' lang='lat' dir='ltr'><strong>dies</strong></span> <span class='ocrx_word' id='word_1_385' title='bbox 3064 1067 3118 1117; x_wconf 92' lang='lat' dir='ltr'><strong>et</strong></span> <span class='ocrx_word' id='word_1_386' title='bbox 3163 1061 3312 1117; x_wconf 72' lang='lat' dir='ltr'><strong>lunze</strong></span> <span class='ocrx_word' id='word_1_387' title='bbox 3360 1064 3662 1129; x_wconf 90' lang='lat' dir='ltr'><strong>computa-</strong></span> 
     </span>
    </p>
   </div>
   <div class='ocr_carea' id='block_1_55' title="bbox 2018 1149 3662 1220">
    <p class='ocr_par' dir='ltr' id='par_1_55' title="bbox 2018 1149 3662 1220">
     <span class='ocr_line' id='line_1_55' title="bbox 2018 1149 3662 1220; baseline 0 -16"><span class='ocrx_word' id='word_1_388' title='bbox 2018 1149 2194 1217; x_wconf 90' lang='lat' dir='ltr'><strong>tione,</strong></span> <span class='ocrx_word' id='word_1_389' title='bbox 2243 1164 2353 1206; x_wconf 91' lang='lat' dir='ltr'><strong>non</strong></span> <span class='ocrx_word' id='word_1_390' title='bbox 2403 1150 2596 1206; x_wconf 92' lang='lat' dir='ltr'><strong>eodem</strong></span> <span class='ocrx_word' id='word_1_391' title='bbox 2646 1164 2882 1207; x_wconf 92' lang='lat' dir='ltr'><strong>numero</strong></span> <span class='ocrx_word' id='word_1_392' title='bbox 2931 1165 3061 1206; x_wconf 91' lang='lat' dir='ltr'><strong>cum</strong></span> <span class='ocrx_word' id='word_1_393' title='bbox 3113 1165 3274 1207; x_wconf 86' lang='lat' dir='ltr'><strong>mane</strong></span> <span class='ocrx_word' id='word_1_394' title='bbox 3325 1151 3550 1220; x_wconf 90' lang='lat' dir='ltr'><strong>incipit,</strong></span> <span class='ocrx_word' id='word_1_395' title='bbox 3593 1149 3662 1204; x_wconf 88' lang='lat' dir='ltr'><strong>ad</strong></span> 
     </span>
    </p>
   </div>
   <div class='ocr_carea' id='block_1_56' title="bbox 2013 1239 3665 1312">
    <p class='ocr_par' dir='ltr' id='par_1_56' title="bbox 2013 1239 3665 1312">
     <span class='ocr_line' id='line_1_56' title="bbox 2013 1239 3665 1312; baseline 0.001 -20"><span class='ocrx_word' id='word_1_396' title='bbox 2013 1253 2301 1307; x_wconf 87' lang='lat' dir='ltr'><strong>vesperam</strong></span> <span class='ocrx_word' id='word_1_397' title='bbox 2336 1239 2483 1309; x_wconf 85' lang='lat' dir='ltr'><strong>ﬁnit,</strong></span> <span class='ocrx_word' id='word_1_398' title='bbox 2520 1255 2645 1311; x_wconf 77' lang='lat' dir='ltr'><strong>quae</strong></span> <span class='ocrx_word' id='word_1_399' title='bbox 2675 1241 2799 1296; x_wconf 90' lang='lat' dir='ltr'><strong>dies</strong></span> <span class='ocrx_word' id='word_1_400' title='bbox 2828 1255 2952 1312; x_wconf 60' lang='lat' dir='ltr'><strong>quae</strong></span> <span class='ocrx_word' id='word_1_401' title='bbox 2974 1244 2994 1264; x_wconf 79' lang='lat'><strong>&#39;</strong></span> <span class='ocrx_word' id='word_1_402' title='bbox 3027 1255 3188 1296; x_wconf 92' lang='lat' dir='ltr'><strong>mane</strong></span> <span class='ocrx_word' id='word_1_403' title='bbox 3217 1241 3273 1296; x_wconf 93' lang='lat' dir='ltr'><strong>in</strong></span> <span class='ocrx_word' id='word_1_404' title='bbox 3308 1242 3442 1296; x_wconf 91' lang='lat' dir='ltr'><strong>luna</strong></span> <span class='ocrx_word' id='word_1_405' title='bbox 3471 1241 3665 1294; x_wconf 91' lang='lat' dir='ltr'><strong>minus</strong></span> 
     </span>
    </p>
   </div>
   <div class='ocr_carea' id='block_1_57' title="bbox 2011 1328 3665 1398">
    <p class='ocr_par' dir='ltr' id='par_1_57' title="bbox 2011 1328 3665 1398">
     <span class='ocr_line' id='line_1_57' title="bbox 2011 1328 3665 1398; baseline 0.001 -16"><span class='ocrx_word' id='word_1_406' title='bbox 2011 1328 2078 1383; x_wconf 93' lang='lat' dir='ltr'><strong>ad</strong></span> <span class='ocrx_word' id='word_1_407' title='bbox 2111 1329 2132 1351; x_wconf 74' lang='lat'><strong>‘</strong></span> <span class='ocrx_word' id='word_1_408' title='bbox 2162 1337 2336 1398; x_wconf 82' lang='lat' dir='ltr'><strong>sexta,</strong></span> <span class='ocrx_word' id='word_1_409' title='bbox 2370 1334 2426 1384; x_wconf 90' lang='lat' dir='ltr'><strong>et</strong></span> <span class='ocrx_word' id='word_1_410' title='bbox 2453 1331 2764 1386; x_wconf 88' lang='lat' dir='ltr'><strong>dimidium</strong></span> <span class='ocrx_word' id='word_1_411' title='bbox 2799 1331 2951 1386; x_wconf 63' lang='lat' dir='ltr'><strong>hora}</strong></span> <span class='ocrx_word' id='word_1_412' title='bbox 2991 1332 3185 1387; x_wconf 93' lang='lat' dir='ltr'><strong>horam</strong></span> <span class='ocrx_word' id='word_1_413' title='bbox 3221 1328 3286 1386; x_wconf 76' lang='grc'><strong>44</strong></span> <span class='ocrx_word' id='word_1_414' title='bbox 3316 1331 3665 1386; x_wconf 86' lang='lat' dir='ltr'><strong>adnumera-</strong></span> 
     </span>
    </p>
   </div>
   <div class='ocr_carea' id='block_1_58' title="bbox 2011 1417 3664 1491">
    <p class='ocr_par' dir='ltr' id='par_1_58' title="bbox 2011 1417 3664 1491">
     <span class='ocr_line' id='line_1_58' title="bbox 2011 1417 3664 1491; baseline 0.001 -20"><span class='ocrx_word' id='word_1_415' title='bbox 2011 1420 2127 1472; x_wconf 91' lang='lat' dir='ltr'><strong>tur.</strong></span> <span class='ocrx_word' id='word_1_416' title='bbox 2159 1419 2308 1473; x_wconf 88' lang='lat' dir='ltr'><strong>Idem</strong></span> <span class='ocrx_word' id='word_1_417' title='bbox 2341 1433 2627 1487; x_wconf 89' lang='lat' dir='ltr'><strong>vesperam</strong></span> <span class='ocrx_word' id='word_1_418' title='bbox 2654 1423 2674 1444; x_wconf 85' lang='lat'><strong><em>&#39;</em></strong></span> <span class='ocrx_word' id='word_1_419' title='bbox 2703 1417 2768 1475; x_wconf 74' lang='grc'><strong>44</strong></span> <span class='ocrx_word' id='word_1_420' title='bbox 2796 1421 3106 1476; x_wconf 89' lang='lat' dir='ltr'><strong>invenitur.</strong></span> <span class='ocrx_word' id='word_1_421' title='bbox 3137 1423 3196 1475; x_wconf 92' lang='lat' dir='ltr'><strong>In</strong></span> <span class='ocrx_word' id='word_1_422' title='bbox 3226 1434 3338 1491; x_wconf 89' lang='lat' dir='ltr'><strong>quo</strong></span> <span class='ocrx_word' id='word_1_423' title='bbox 3366 1419 3664 1474; x_wconf 83' lang='lat' dir='ltr'><strong>manifeste</strong></span> 
     </span>
    </p>
   </div>
   <div class='ocr_carea' id='block_1_59' title="bbox 2009 1505 3668 1578">
    <p class='ocr_par' dir='ltr' id='par_1_59' title="bbox 2009 1505 3668 1578">
     <span class='ocr_line' id='line_1_59' title="bbox 2009 1505 3668 1578; baseline 0.002 -18"><span class='ocrx_word' id='word_1_424' title='bbox 2009 1505 2200 1560; x_wconf 91' lang='lat' dir='ltr'><strong>dicere</strong></span> <span class='ocrx_word' id='word_1_425' title='bbox 2239 1507 2467 1564; x_wconf 84' lang='lat' dir='ltr'><strong>videtur</strong></span> <span class='ocrx_word' id='word_1_426' title='bbox 2502 1509 2558 1563; x_wconf 93' lang='lat' dir='ltr'><strong>in</strong></span> <span class='ocrx_word' id='word_1_427' title='bbox 2585 1507 2655 1564; x_wconf 73' lang='lat'>29</span> <span class='ocrx_word' id='word_1_428' title='bbox 2685 1509 2910 1578; x_wconf 89' lang='lat' dir='ltr'><strong>diebus,</strong></span> <span class='ocrx_word' id='word_1_429' title='bbox 2937 1517 2992 1564; x_wconf 86' lang='lat' dir='ltr'><strong>et</strong></span> <span class='ocrx_word' id='word_1_430' title='bbox 3018 1511 3273 1576; x_wconf 89' lang='lat' dir='ltr'><strong>semisse,</strong></span> <span class='ocrx_word' id='word_1_431' title='bbox 3304 1509 3358 1563; x_wconf 93' lang='lat' dir='ltr'><strong>id</strong></span> <span class='ocrx_word' id='word_1_432' title='bbox 3392 1513 3476 1564; x_wconf 93' lang='lat' dir='ltr'><strong>est</strong></span> <span class='ocrx_word' id='word_1_433' title='bbox 3501 1508 3535 1563; x_wconf 91' lang='lat'>6</span> <span class='ocrx_word' id='word_1_434' title='bbox 3557 1508 3668 1563; x_wconf 93' lang='lat' dir='ltr'><strong>ho—</strong></span> 
     </span>
    </p>
   </div>
   <div class='ocr_carea' id='block_1_60' title="bbox 2013 1596 3663 1666">
    <p class='ocr_par' dir='ltr' id='par_1_60' title="bbox 2013 1596 3663 1666">
     <span class='ocr_line' id='line_1_60' title="bbox 2013 1596 3663 1666; baseline -0.001 -14"><span class='ocrx_word' id='word_1_435' title='bbox 2013 1596 2116 1664; x_wconf 91' lang='lat' dir='ltr'><strong>ris,</strong></span> <span class='ocrx_word' id='word_1_436' title='bbox 2162 1601 2216 1651; x_wconf 91' lang='lat' dir='ltr'><strong>et</strong></span> <span class='ocrx_word' id='word_1_437' title='bbox 2256 1597 2503 1653; x_wconf 91' lang='lat' dir='ltr'><strong>dimidio</strong></span> <span class='ocrx_word' id='word_1_438' title='bbox 2537 1599 2708 1666; x_wconf 76' lang='lat' dir='ltr'><strong>horae,</strong></span> <span class='ocrx_word' id='word_1_439' title='bbox 2741 1600 2794 1654; x_wconf 94' lang='lat' dir='ltr'><strong>id</strong></span> <span class='ocrx_word' id='word_1_440' title='bbox 2833 1603 2918 1653; x_wconf 91' lang='lat' dir='ltr'><strong>est</strong></span> <span class='ocrx_word' id='word_1_441' title='bbox 2947 1597 3016 1653; x_wconf 70' lang='lat'><strong>20</strong></span> <span class='ocrx_word' id='word_1_442' title='bbox 3047 1599 3371 1663; x_wconf 91' lang='lat' dir='ltr'><strong>momentis,</strong></span> <span class='ocrx_word' id='word_1_443' title='bbox 3406 1599 3663 1654; x_wconf 86' lang='lat' dir='ltr'><strong>lunarem</strong></span> 
     </span>
    </p>
   </div>
   <div class='ocr_carea' id='block_1_61' title="bbox 2013 1687 3662 1756">
    <p class='ocr_par' dir='ltr' id='par_1_61' title="bbox 2013 1687 3662 1756">
     <span class='ocr_line' id='line_1_61' title="bbox 2013 1687 3662 1756; baseline 0 -13"><span class='ocrx_word' id='word_1_444' title='bbox 2013 1700 2246 1744; x_wconf 90' lang='lat' dir='ltr'><strong>cursum</strong></span> <span class='ocrx_word' id='word_1_445' title='bbox 2293 1687 2471 1755; x_wconf 85' lang='lat' dir='ltr'><strong>ﬁniri,</strong></span> <span class='ocrx_word' id='word_1_446' title='bbox 2506 1688 2724 1743; x_wconf 86' lang='lat' dir='ltr'><strong>additis</strong></span> <span class='ocrx_word' id='word_1_447' title='bbox 2754 1693 2961 1750; x_wconf 85' lang='lat' dir='ltr'><strong>tamen,</strong></span> <span class='ocrx_word' id='word_1_448' title='bbox 3000 1692 3062 1743; x_wconf 94' lang='lat' dir='ltr'><strong>ut</strong></span> <span class='ocrx_word' id='word_1_449' title='bbox 3092 1701 3266 1756; x_wconf 90' lang='lat' dir='ltr'><strong>supra</strong></span> <span class='ocrx_word' id='word_1_450' title='bbox 3300 1688 3520 1742; x_wconf 87' lang='lat' dir='ltr'><strong>dictum</strong></span> <span class='ocrx_word' id='word_1_451' title='bbox 3557 1695 3662 1756; x_wconf 88' lang='lat' dir='ltr'><strong>est,</strong></span> 
     </span>
    </p>
   </div>
   <div class='ocr_carea' id='block_1_62' title="bbox 2017 1775 3666 1846">
    <p class='ocr_par' dir='ltr' id='par_1_62' title="bbox 2017 1775 3666 1846">
     <span class='ocr_line' id='line_1_62' title="bbox 2017 1775 3666 1846; baseline 0.001 -15"><span class='ocrx_word' id='word_1_452' title='bbox 2017 1775 2083 1833; x_wconf 91' lang='grc'><strong>40</strong></span> <span class='ocrx_word' id='word_1_453' title='bbox 2111 1790 2265 1846; x_wconf 73' lang='lat' dir='ltr'><strong>pmne</strong></span> <span class='ocrx_word' id='word_1_454' title='bbox 2291 1777 2615 1846; x_wconf 91' lang='lat' dir='ltr'><strong>momentis,</strong></span> <span class='ocrx_word' id='word_1_455' title='bbox 2643 1781 2700 1831; x_wconf 92' lang='lat' dir='ltr'><strong>et</strong></span> <span class='ocrx_word' id='word_1_456' title='bbox 2722 1782 2861 1832; x_wconf 91' lang='lat' dir='ltr'><strong>tunc</strong></span> <span class='ocrx_word' id='word_1_457' title='bbox 2881 1777 2948 1832; x_wconf 92' lang='lat' dir='ltr'><strong>ad</strong></span> <span class='ocrx_word' id='word_1_458' title='bbox 2975 1777 3207 1831; x_wconf 90' lang='lat' dir='ltr'><strong>alteram</strong></span> <span class='ocrx_word' id='word_1_459' title='bbox 3235 1775 3427 1831; x_wconf 91' lang='lat' dir='ltr'><strong>lunam</strong></span> <span class='ocrx_word' id='word_1_460' title='bbox 3458 1777 3666 1846; x_wconf 90' lang='lat' dir='ltr'><strong>incipit</strong></span> 
     </span>
    </p>
   </div>
   <div class='ocr_carea' id='block_1_63' title="bbox 2016 1865 3659 1935">
    <p class='ocr_par' dir='ltr' id='par_1_63' title="bbox 2016 1865 3659 1935">
     <span class='ocr_line' id='line_1_63' title="bbox 2016 1865 3659 1935; baseline -0.001 -15"><span class='ocrx_word' id='word_1_461' title='bbox 2016 1867 2219 1935; x_wconf 90' lang='lat' dir='ltr'><strong>prima.</strong></span> <span class='ocrx_word' id='word_1_462' title='bbox 2245 1865 2509 1920; x_wconf 59' lang='lat' dir='ltr'><strong>Kalendae</strong></span> <span class='ocrx_word' id='word_1_463' title='bbox 2526 1879 2557 1920; x_wconf 92' lang='lat' dir='ltr'><strong>a</strong></span> <span class='ocrx_word' id='word_1_464' title='bbox 2580 1866 2798 1918; x_wconf 86' lang='lat' dir='ltr'><strong>colendo</strong></span> <span class='ocrx_word' id='word_1_465' title='bbox 2817 1866 2987 1920; x_wconf 75' lang='lat' dir='ltr'><strong>dictae</strong></span> <span class='ocrx_word' id='word_1_466' title='bbox 3008 1865 3092 1919; x_wconf 92' lang='lat' dir='ltr'><strong>vel</strong></span> <span class='ocrx_word' id='word_1_467' title='bbox 3115 1878 3146 1919; x_wconf 90' lang='lat' dir='ltr'><strong>a</strong></span> <span class='ocrx_word' id='word_1_468' title='bbox 3164 1866 3298 1931; x_wconf 83' lang='lat' dir='ltr'><strong>calo,</strong></span> <span class='ocrx_word' id='word_1_469' title='bbox 3326 1865 3380 1920; x_wconf 92' lang='lat' dir='ltr'><strong>id</strong></span> <span class='ocrx_word' id='word_1_470' title='bbox 3401 1871 3486 1920; x_wconf 92' lang='lat' dir='ltr'><strong>est</strong></span> <span class='ocrx_word' id='word_1_471' title='bbox 3505 1879 3659 1922; x_wconf 92' lang='lat' dir='ltr'><strong>voco.</strong></span> 
     </span>
    </p>
   </div>
   <div class='ocr_carea' id='block_1_64' title="bbox 2012 1952 3666 2025">
    <p class='ocr_par' dir='ltr' id='par_1_64' title="bbox 2012 1952 3666 2025">
     <span class='ocr_line' id='line_1_64' title="bbox 2012 1952 3666 2025; baseline -0.001 -15"><span class='ocrx_word' id='word_1_472' title='bbox 2012 1954 2353 2025; x_wconf 81' lang='lat' dir='ltr'><strong>Astrologus</strong></span> <span class='ocrx_word' id='word_1_473' title='bbox 2383 1953 2618 2008; x_wconf 90' lang='lat' dir='ltr'><strong>vocabat</strong></span> <span class='ocrx_word' id='word_1_474' title='bbox 2649 1954 2946 2022; x_wconf 88' lang='lat' dir='ltr'><strong>p0pulum,</strong></span> <span class='ocrx_word' id='word_1_475' title='bbox 2985 1957 3048 2008; x_wconf 90' lang='lat' dir='ltr'><strong>ut</strong></span> <span class='ocrx_word' id='word_1_476' title='bbox 3078 1952 3338 2007; x_wconf 85' lang='lat' dir='ltr'><strong>viderent</strong></span> <span class='ocrx_word' id='word_1_477' title='bbox 3366 1955 3666 2009; x_wconf 83' lang='lat' dir='ltr'><strong>ascensio-</strong></span> 
     </span>
    </p>
   </div>
   <div class='ocr_carea' id='block_1_65' title="bbox 2015 2040 3662 2110">
    <p class='ocr_par' dir='ltr' id='par_1_65' title="bbox 2015 2040 3662 2110">
     <span class='ocr_line' id='line_1_65' title="bbox 2015 2040 3662 2110; baseline -0.002 -11"><span class='ocrx_word' id='word_1_478' title='bbox 2015 2057 2140 2100; x_wconf 89' lang='lat' dir='ltr'><strong>nem</strong></span> <span class='ocrx_word' id='word_1_479' title='bbox 2175 2042 2342 2109; x_wconf 62' lang='lat' dir='ltr'><strong>lunaa,</strong></span> <span class='ocrx_word' id='word_1_480' title='bbox 2379 2042 2434 2096; x_wconf 91' lang='lat' dir='ltr'><strong>id</strong></span> <span class='ocrx_word' id='word_1_481' title='bbox 2467 2046 2552 2096; x_wconf 92' lang='lat' dir='ltr'><strong>est</strong></span> <span class='ocrx_word' id='word_1_482' title='bbox 2579 2041 2812 2096; x_wconf 37' lang='lat' dir='ltr'><strong>initi-‘m</strong></span> <span class='ocrx_word' id='word_1_483' title='bbox 2848 2041 3046 2110; x_wconf 63' lang='lat' dir='ltr'><strong>primae</strong></span> <span class='ocrx_word' id='word_1_484' title='bbox 3077 2040 3227 2096; x_wconf 67' lang='lat' dir='ltr'><strong>lunm</strong></span> <span class='ocrx_word' id='word_1_485' title='bbox 3256 2041 3341 2095; x_wconf 92' lang='lat' dir='ltr'><strong>vel</strong></span> <span class='ocrx_word' id='word_1_486' title='bbox 3366 2041 3662 2097; x_wconf 91' lang='lat' dir='ltr'><strong>stellarum</strong></span> 
     </span>
    </p>
   </div>
   <div class='ocr_carea' id='block_1_66' title="bbox 2014 2131 3664 2201">
    <p class='ocr_par' dir='ltr' id='par_1_66' title="bbox 2014 2131 3664 2201">
     <span class='ocr_line' id='line_1_66' title="bbox 2014 2131 3664 2201; baseline -0.002 -12"><span class='ocrx_word' id='word_1_487' title='bbox 2014 2146 2268 2201; x_wconf 87' lang='lat' dir='ltr'><strong>cursum,</strong></span> <span class='ocrx_word' id='word_1_488' title='bbox 2319 2145 2441 2201; x_wconf 75' lang='lat' dir='ltr'><strong>qute</strong></span> <span class='ocrx_word' id='word_1_489' title='bbox 2481 2135 2612 2186; x_wconf 88' lang='lat' dir='ltr'><strong>ante</strong></span> <span class='ocrx_word' id='word_1_490' title='bbox 2644 2131 2727 2186; x_wconf 90' lang='lat' dir='ltr'><strong>vel</strong></span> <span class='ocrx_word' id='word_1_491' title='bbox 2774 2145 2898 2200; x_wconf 63' lang='lat' dir='ltr'><strong>qua:</strong></span> <span class='ocrx_word' id='word_1_492' title='bbox 2930 2136 3082 2186; x_wconf 90' lang='lat' dir='ltr'><strong>retro</strong></span> <span class='ocrx_word' id='word_1_493' title='bbox 3121 2135 3437 2186; x_wconf 89' lang='lat' dir='ltr'><strong>currerent.</strong></span> <span class='ocrx_word' id='word_1_494' title='bbox 3472 2132 3664 2200; x_wconf 53' lang='lat' dir='ltr'><strong>Nonae,</strong></span> 
     </span>
    </p>
   </div>
   <div class='ocr_carea' id='block_1_67' title="bbox 2016 2220 3660 2289">
    <p class='ocr_par' dir='ltr' id='par_1_67' title="bbox 2016 2220 3660 2289">
     <span class='ocr_line' id='line_1_67' title="bbox 2016 2220 3660 2289; baseline -0.003 -12"><span class='ocrx_word' id='word_1_495' title='bbox 2016 2222 2072 2277; x_wconf 90' lang='lat' dir='ltr'><strong>id</strong></span> <span class='ocrx_word' id='word_1_496' title='bbox 2098 2225 2184 2276; x_wconf 91' lang='lat' dir='ltr'><strong>est</strong></span> <span class='ocrx_word' id='word_1_497' title='bbox 2214 2221 2504 2289; x_wconf 76' lang='lat' dir='ltr'><strong>nundinae,</strong></span> <span class='ocrx_word' id='word_1_498' title='bbox 2541 2220 2853 2289; x_wconf 74' lang='lat' dir='ltr'><strong>negotium,</strong></span> <span class='ocrx_word' id='word_1_499' title='bbox 2894 2225 3223 2275; x_wconf 89' lang='lat' dir='ltr'><strong>mercatum.</strong></span> <span class='ocrx_word' id='word_1_500' title='bbox 3258 2221 3411 2274; x_wconf 90' lang='lat' dir='ltr'><strong>Inter</strong></span> <span class='ocrx_word' id='word_1_501' title='bbox 3437 2233 3491 2274; x_wconf 91' lang='lat' dir='ltr'><strong>IV</strong></span> <span class='ocrx_word' id='word_1_502' title='bbox 3517 2221 3660 2275; x_wconf 86' lang='lat' dir='ltr'><strong>Non.</strong></span> 
     </span>
    </p>
   </div>
   <div class='ocr_carea' id='block_1_68' title="bbox 2013 2292 3666 2378">
    <p class='ocr_par' dir='ltr' id='par_1_68' title="bbox 2013 2292 3666 2378">
     <span class='ocr_line' id='line_1_68' title="bbox 2013 2292 3666 2378; baseline -0.001 -14"><span class='ocrx_word' id='word_1_503' title='bbox 2013 2309 2099 2365; x_wconf 86' lang='lat' dir='ltr'><strong>vel</strong></span> <span class='ocrx_word' id='word_1_504' title='bbox 2131 2323 2185 2364; x_wconf 84' lang='lat' dir='ltr'><strong>v1</strong></span> <span class='ocrx_word' id='word_1_505' title='bbox 2217 2311 2359 2364; x_wconf 90' lang='lat' dir='ltr'><strong>Non.</strong></span> <span class='ocrx_word' id='word_1_506' title='bbox 2395 2309 2523 2364; x_wconf 91' lang='lat' dir='ltr'><strong>ideo</strong></span> <span class='ocrx_word' id='word_1_507' title='bbox 2551 2292 2997 2378; x_wconf 37' lang='lat' dir='ltr'><strong>diviseruntfut</strong></span> <span class='ocrx_word' id='word_1_508' title='bbox 3029 2322 3138 2364; x_wconf 91' lang='lat' dir='ltr'><strong>non</strong></span> <span class='ocrx_word' id='word_1_509' title='bbox 3172 2308 3386 2364; x_wconf 89' lang='lat' dir='ltr'><strong>scirent</strong></span> <span class='ocrx_word' id='word_1_510' title='bbox 3416 2309 3666 2364; x_wconf 89' lang='lat' dir='ltr'><strong>latrones</strong></span> 
     </span>
    </p>
   </div>
   <div class='ocr_carea' id='block_1_69' title="bbox 2016 2396 3666 2467">
    <p class='ocr_par' dir='ltr' id='par_1_69' title="bbox 2016 2396 3666 2467">
     <span class='ocr_line' id='line_1_69' title="bbox 2016 2396 3666 2467; baseline -0.001 -14"><span class='ocrx_word' id='word_1_511' title='bbox 2016 2402 2323 2453; x_wconf 90' lang='lat' dir='ltr'><strong>mercatum</strong></span> <span class='ocrx_word' id='word_1_512' title='bbox 2360 2397 2614 2466; x_wconf 91' lang='lat' dir='ltr'><strong>illorum,</strong></span> <span class='ocrx_word' id='word_1_513' title='bbox 2643 2397 2872 2467; x_wconf 90' lang='lat' dir='ltr'><strong>quando</strong></span> <span class='ocrx_word' id='word_1_514' title='bbox 2900 2411 3023 2452; x_wconf 89' lang='lat' dir='ltr'><strong>esse</strong></span> <span class='ocrx_word' id='word_1_515' title='bbox 3052 2396 3299 2467; x_wconf 89' lang='lat' dir='ltr'><strong>deberet,</strong></span> <span class='ocrx_word' id='word_1_516' title='bbox 3334 2399 3470 2467; x_wconf 91' lang='lat' dir='ltr'><strong>quia</strong></span> <span class='ocrx_word' id='word_1_517' title='bbox 3495 2411 3666 2466; x_wconf 91' lang='lat' dir='ltr'><strong>repo-</strong></span> 
     </span>
    </p>
   </div>
   <div class='ocr_carea' id='block_1_70' title="bbox 2016 2485 3665 2555">
    <p class='ocr_par' dir='ltr' id='par_1_70' title="bbox 2016 2485 3665 2555">
     <span class='ocr_line' id='line_1_70' title="bbox 2016 2485 3665 2555; baseline -0.002 -13"><span class='ocrx_word' id='word_1_518' title='bbox 2016 2487 2222 2542; x_wconf 91' lang='lat' dir='ltr'><strong>nebant</strong></span> <span class='ocrx_word' id='word_1_519' title='bbox 2243 2501 2302 2541; x_wconf 92' lang='lat' dir='ltr'><strong>se</strong></span> <span class='ocrx_word' id='word_1_520' title='bbox 2331 2487 2387 2541; x_wconf 91' lang='lat' dir='ltr'><strong>in</strong></span> <span class='ocrx_word' id='word_1_521' title='bbox 2417 2486 2603 2555; x_wconf 88' lang='lat' dir='ltr'><strong>silvis,</strong></span> <span class='ocrx_word' id='word_1_522' title='bbox 2632 2491 2686 2540; x_wconf 92' lang='lat' dir='ltr'><strong>et</strong></span> <span class='ocrx_word' id='word_1_523' title='bbox 2712 2488 2770 2540; x_wconf 93' lang='lat' dir='ltr'><strong>in</strong></span> <span class='ocrx_word' id='word_1_524' title='bbox 2801 2486 3038 2544; x_wconf 80' lang='lat' dir='ltr'><strong>secretis</strong></span> <span class='ocrx_word' id='word_1_525' title='bbox 3066 2486 3207 2541; x_wconf 93' lang='lat' dir='ltr'><strong>locis</strong></span> <span class='ocrx_word' id='word_1_526' title='bbox 3228 2487 3393 2554; x_wconf 86' lang='lat' dir='ltr'><strong>juxta</strong></span> <span class='ocrx_word' id='word_1_527' title='bbox 3415 2485 3585 2553; x_wconf 90' lang='lat' dir='ltr'><strong>viam,</strong></span> <span class='ocrx_word' id='word_1_528' title='bbox 3609 2491 3665 2539; x_wconf 90' lang='lat' dir='ltr'><strong>et</strong></span> 
     </span>
    </p>
   </div>
   <div class='ocr_carea' id='block_1_71' title="bbox 2012 2573 3658 2642">
    <p class='ocr_par' dir='ltr' id='par_1_71' title="bbox 2012 2573 3658 2642">
     <span class='ocr_line' id='line_1_71' title="bbox 2012 2573 3658 2642; baseline -0.002 -12"><span class='ocrx_word' id='word_1_529' title='bbox 2012 2575 2304 2631; x_wconf 88' lang='lat' dir='ltr'><strong>venientes</strong></span> <span class='ocrx_word' id='word_1_530' title='bbox 2341 2577 2410 2631; x_wconf 91' lang='lat' dir='ltr'><strong>ad</strong></span> <span class='ocrx_word' id='word_1_531' title='bbox 2453 2581 2762 2631; x_wconf 91' lang='lat' dir='ltr'><strong>mercatum</strong></span> <span class='ocrx_word' id='word_1_532' title='bbox 2808 2574 3142 2630; x_wconf 82' lang='lat' dir='ltr'><strong>occidebant</strong></span> <span class='ocrx_word' id='word_1_533' title='bbox 3188 2574 3271 2628; x_wconf 94' lang='lat' dir='ltr'><strong>vel</strong></span> <span class='ocrx_word' id='word_1_534' title='bbox 3315 2573 3658 2642; x_wconf 72' lang='lat' dir='ltr'><strong>przcdabant.</strong></span> 
     </span>
    </p>
   </div>
   <div class='ocr_carea' id='block_1_72' title="bbox 2010 2661 3664 2733">
    <p class='ocr_par' dir='ltr' id='par_1_72' title="bbox 2010 2661 3664 2733">
     <span class='ocr_line' id='line_1_72' title="bbox 2010 2661 3664 2733; baseline -0.002 -14"><span class='ocrx_word' id='word_1_535' title='bbox 2010 2665 2164 2733; x_wconf 89' lang='lat' dir='ltr'><strong>Idus,</strong></span> <span class='ocrx_word' id='word_1_536' title='bbox 2215 2665 2270 2719; x_wconf 90' lang='lat' dir='ltr'><strong>id</strong></span> <span class='ocrx_word' id='word_1_537' title='bbox 2326 2669 2414 2718; x_wconf 92' lang='lat' dir='ltr'><strong>est</strong></span> <span class='ocrx_word' id='word_1_538' title='bbox 2455 2664 2526 2718; x_wconf 89' lang='lat' dir='ltr'><strong>ab</strong></span> <span class='ocrx_word' id='word_1_539' title='bbox 2575 2664 2780 2717; x_wconf 83' lang='lat' dir='ltr'><strong>edendo</strong></span> <span class='ocrx_word' id='word_1_540' title='bbox 2827 2664 2997 2718; x_wconf 68' lang='lat' dir='ltr'><strong>dicta:</strong></span> <span class='ocrx_word' id='word_1_541' title='bbox 3047 2663 3131 2718; x_wconf 88' lang='lat' dir='ltr'><strong>vel</strong></span> <span class='ocrx_word' id='word_1_542' title='bbox 3173 2662 3392 2732; x_wconf 87' lang='lat' dir='ltr'><strong>species</strong></span> <span class='ocrx_word' id='word_1_543' title='bbox 3449 2661 3664 2716; x_wconf 89' lang='lat' dir='ltr'><strong>mensis</strong></span> 
     </span>
    </p>
   </div>
   <div class='ocr_carea' id='block_1_73' title="bbox 2011 2751 3663 2823">
    <p class='ocr_par' dir='ltr' id='par_1_73' title="bbox 2011 2751 3663 2823">
     <span class='ocr_line' id='line_1_73' title="bbox 2011 2751 3663 2823; baseline -0.001 -15"><span class='ocrx_word' id='word_1_544' title='bbox 2011 2754 2324 2823; x_wconf 89' lang='lat' dir='ltr'><strong>sequentis.</strong></span> <span class='ocrx_word' id='word_1_545' title='bbox 2369 2755 2470 2807; x_wconf 86' lang='lat' dir='ltr'><strong>Per</strong></span> <span class='ocrx_word' id='word_1_546' title='bbox 2505 2766 2638 2808; x_wconf 91' lang='lat' dir='ltr'><strong>ann.</strong></span> <span class='ocrx_word' id='word_1_547' title='bbox 2675 2751 2711 2806; x_wconf 92' lang='lat'>8</span> <span class='ocrx_word' id='word_1_548' title='bbox 2744 2753 2799 2806; x_wconf 92' lang='lat' dir='ltr'><strong>in</strong></span> <span class='ocrx_word' id='word_1_549' title='bbox 2840 2752 3070 2806; x_wconf 62' lang='lat' dir='ltr'><strong>Nicaana</strong></span> <span class='ocrx_word' id='word_1_550' title='bbox 3107 2753 3323 2822; x_wconf 91' lang='lat' dir='ltr'><strong>synodo</strong></span> <span class='ocrx_word' id='word_1_551' title='bbox 3360 2757 3663 2820; x_wconf 90' lang='lat' dir='ltr'><strong>computa—</strong></span> 
     </span>
    </p>
   </div>
   <div class='ocr_carea' id='block_1_74' title="bbox 2009 2837 3664 2910">
    <p class='ocr_par' dir='ltr' id='par_1_74' title="bbox 2009 2837 3664 2910">
     <span class='ocr_line' id='line_1_74' title="bbox 2009 2837 3664 2910; baseline -0.001 -15"><span class='ocrx_word' id='word_1_552' title='bbox 2009 2849 2213 2897; x_wconf 89' lang='lat' dir='ltr'><strong>verunt</strong></span> <span class='ocrx_word' id='word_1_553' title='bbox 2245 2839 2310 2896; x_wconf 77' lang='grc'><strong>44</strong></span> <span class='ocrx_word' id='word_1_554' title='bbox 2342 2841 2462 2897; x_wconf 83' lang='grc' dir='ltr'><strong>Ιυη.</strong></span> <span class='ocrx_word' id='word_1_555' title='bbox 2492 2847 2549 2896; x_wconf 92' lang='lat' dir='ltr'><strong>et</strong></span> <span class='ocrx_word' id='word_1_556' title='bbox 2580 2842 2785 2896; x_wconf 89' lang='lat' dir='ltr'><strong>iterum</strong></span> <span class='ocrx_word' id='word_1_557' title='bbox 2823 2855 2920 2910; x_wconf 90' lang='lat' dir='ltr'><strong>per</strong></span> <span class='ocrx_word' id='word_1_558' title='bbox 2949 2854 3160 2896; x_wconf 92' lang='lat' dir='ltr'><strong>annum</strong></span> <span class='ocrx_word' id='word_1_559' title='bbox 3197 2837 3262 2894; x_wconf 92' lang='grc'><strong>48</strong></span> <span class='ocrx_word' id='word_1_560' title='bbox 3293 2846 3664 2909; x_wconf 89' lang='lat' dir='ltr'><strong>computave-</strong></span> 
     </span>
    </p>
   </div>
   <div class='ocr_carea' id='block_1_75' title="bbox 2009 2920 3659 2999">
    <p class='ocr_par' dir='ltr' id='par_1_75' title="bbox 2009 2920 3659 2999">
     <span class='ocr_line' id='line_1_75' title="bbox 2009 2920 3659 2999; baseline -0.001 -16"><span class='ocrx_word' id='word_1_561' title='bbox 2009 2934 2146 2983; x_wconf 90' lang='lat' dir='ltr'><strong>runt</strong></span> <span class='ocrx_word' id='word_1_562' title='bbox 2171 2929 2297 2983; x_wconf 90' lang='lat' dir='ltr'><strong>sine</strong></span> <span class='ocrx_word' id='word_1_563' title='bbox 2329 2920 2666 2999; x_wconf 89' lang='lat' dir='ltr'><strong>quadrante,</strong></span> <span class='ocrx_word' id='word_1_564' title='bbox 2688 2935 2744 2983; x_wconf 91' lang='lat' dir='ltr'><strong>et</strong></span> <span class='ocrx_word' id='word_1_565' title='bbox 2771 2943 2881 2983; x_wconf 93' lang='lat' dir='ltr'><strong>non</strong></span> <span class='ocrx_word' id='word_1_566' title='bbox 2906 2929 3333 2984; x_wconf 85' lang='lat' dir='ltr'><strong>revertebantur</strong></span> <span class='ocrx_word' id='word_1_567' title='bbox 3366 2929 3424 2983; x_wconf 90' lang='lat' dir='ltr'><strong>in</strong></span> <span class='ocrx_word' id='word_1_568' title='bbox 3457 2941 3516 2982; x_wconf 89' lang='lat' dir='ltr'><strong>se</strong></span> <span class='ocrx_word' id='word_1_569' title='bbox 3543 2927 3659 2982; x_wconf 91' lang='lat' dir='ltr'><strong>nisi</strong></span> 
     </span>
    </p>
   </div>
   <div class='ocr_carea' id='block_1_76' title="bbox 2011 3016 3661 3085">
    <p class='ocr_par' dir='ltr' id='par_1_76' title="bbox 2011 3016 3661 3085">
     <span class='ocr_line' id='line_1_76' title="bbox 2011 3016 3661 3085; baseline 0 -13"><span class='ocrx_word' id='word_1_570' title='bbox 2011 3018 2069 3072; x_wconf 92' lang='lat' dir='ltr'><strong>in</strong></span> <span class='ocrx_word' id='word_1_571' title='bbox 2091 3031 2303 3073; x_wconf 90' lang='lat' dir='ltr'><strong>annum</strong></span> <span class='ocrx_word' id='word_1_572' title='bbox 2324 3020 2344 3039; x_wconf 84' lang='lat'>&#39;</span> <span class='ocrx_word' id='word_1_573' title='bbox 2364 3018 2744 3085; x_wconf 90' lang='lat' dir='ltr'><strong>addidissent,</strong></span> <span class='ocrx_word' id='word_1_574' title='bbox 2770 3030 2870 3072; x_wconf 91' lang='lat' dir='ltr'><strong>nec</strong></span> <span class='ocrx_word' id='word_1_575' title='bbox 2891 3016 3268 3072; x_wconf 90' lang='lat' dir='ltr'><strong>concordabat</strong></span> <span class='ocrx_word' id='word_1_576' title='bbox 3290 3017 3433 3072; x_wconf 92' lang='lat' dir='ltr'><strong>solis</strong></span> <span class='ocrx_word' id='word_1_577' title='bbox 3453 3031 3661 3072; x_wconf 89' lang='lat' dir='ltr'><strong>cursus</strong></span> 
     </span>
    </p>
   </div>
   <div class='ocr_carea' id='block_1_77' title="bbox 2009 3104 3658 3175">
    <p class='ocr_par' dir='ltr' id='par_1_77' title="bbox 2009 3104 3658 3175">
     <span class='ocr_line' id='line_1_77' title="bbox 2009 3104 3658 3175; baseline -0.002 -14"><span class='ocrx_word' id='word_1_578' title='bbox 2009 3120 2138 3161; x_wconf 92' lang='lat' dir='ltr'><strong>cum</strong></span> <span class='ocrx_word' id='word_1_579' title='bbox 2172 3107 2319 3160; x_wconf 68' lang='lat' dir='ltr'><strong>lunaa</strong></span> <span class='ocrx_word' id='word_1_580' title='bbox 2349 3120 2544 3173; x_wconf 91' lang='lat' dir='ltr'><strong>cursu,</strong></span> <span class='ocrx_word' id='word_1_581' title='bbox 2569 3111 2624 3160; x_wconf 90' lang='lat' dir='ltr'><strong>et</strong></span> <span class='ocrx_word' id='word_1_582' title='bbox 2655 3104 2782 3160; x_wconf 92' lang='lat' dir='ltr'><strong>ideo</strong></span> <span class='ocrx_word' id='word_1_583' title='bbox 2813 3104 2873 3160; x_wconf 91' lang='lat' dir='ltr'><strong>in</strong></span> <span class='ocrx_word' id='word_1_584' title='bbox 2900 3105 3208 3175; x_wconf 88' lang='lat' dir='ltr'><strong>ogdoadem</strong></span> <span class='ocrx_word' id='word_1_585' title='bbox 3235 3110 3289 3158; x_wconf 89' lang='lat' dir='ltr'><strong>et</strong></span> <span class='ocrx_word' id='word_1_586' title='bbox 3320 3105 3658 3159; x_wconf 91' lang='lat' dir='ltr'><strong>endecadem</strong></span> 
     </span>
    </p>
   </div>
   <div class='ocr_carea' id='block_1_78' title="bbox 2008 3191 3657 3250">
    <p class='ocr_par' dir='ltr' id='par_1_78' title="bbox 2008 3191 3657 3250">
     <span class='ocr_line' id='line_1_78' title="bbox 2008 3191 3657 3250; baseline -0.002 -1"><span class='ocrx_word' id='word_1_587' title='bbox 2008 3194 2630 3250; x_wconf 90' lang='lat' dir='ltr'><strong>diviseruntcirculum</strong></span> <span class='ocrx_word' id='word_1_588' title='bbox 2643 3193 3226 3248; x_wconf 89' lang='lat' dir='ltr'><strong>decemnovennalem.</strong></span> <span class='ocrx_word' id='word_1_589' title='bbox 3244 3191 3490 3247; x_wconf 91' lang='lat' dir='ltr'><strong>Indictio</strong></span> <span class='ocrx_word' id='word_1_590' title='bbox 3503 3191 3657 3246; x_wconf 91' lang='lat' dir='ltr'><strong>dicta</strong></span> 
     </span>
    </p>
   </div>
   <div class='ocr_carea' id='block_1_79' title="bbox 2002 3277 3658 3354">
    <p class='ocr_par' dir='ltr' id='par_1_79' title="bbox 2002 3277 3658 3354">
     <span class='ocr_line' id='line_1_79' title="bbox 2002 3277 3658 3354; baseline -0.002 -15"><span class='ocrx_word' id='word_1_591' title='bbox 2002 3287 2168 3354; x_wconf 87' lang='lat' dir='ltr'><strong>juxta</strong></span> <span class='ocrx_word' id='word_1_592' title='bbox 2226 3296 2458 3339; x_wconf 90' lang='lat' dir='ltr'><strong>censum</strong></span> <span class='ocrx_word' id='word_1_593' title='bbox 2517 3283 2922 3351; x_wconf 88' lang='lat' dir='ltr'><strong>Romanorum,</strong></span> <span class='ocrx_word' id='word_1_594' title='bbox 2988 3287 3044 3336; x_wconf 94' lang='lat' dir='ltr'><strong>et</strong></span> <span class='ocrx_word' id='word_1_595' title='bbox 3106 3294 3218 3336; x_wconf 93' lang='lat' dir='ltr'><strong>non</strong></span> <span class='ocrx_word' id='word_1_596' title='bbox 3258 3281 3421 3348; x_wconf 89' lang='lat' dir='ltr'><strong>juxta</strong></span> <span class='ocrx_word' id='word_1_597' title='bbox 3461 3277 3496 3336; x_wconf 81' lang='grc'>5</span> <span class='ocrx_word' id='word_1_598' title='bbox 3532 3280 3658 3336; x_wconf 88' lang='lat' dir='ltr'><strong>dies</strong></span> 
     </span>
    </p>
   </div>
   <div class='ocr_carea' id='block_1_80' title="bbox 2009 3369 3652 3442">
    <p class='ocr_par' dir='ltr' id='par_1_80' title="bbox 2009 3369 3652 3442">
     <span class='ocr_line' id='line_1_80' title="bbox 2009 3369 3652 3442; baseline -0.001 -15"><span class='ocrx_word' id='word_1_599' title='bbox 2009 3373 2378 3428; x_wconf 86' lang='lat' dir='ltr'><strong>intercalares</strong></span> <span class='ocrx_word' id='word_1_600' title='bbox 2401 3371 2814 3442; x_wconf 65' lang='lat' dir='ltr'><strong>ngyptiorum.</strong></span> <span class='ocrx_word' id='word_1_601' title='bbox 2848 3369 3202 3426; x_wconf 91' lang='lat' dir='ltr'><strong>Indictiones</strong></span> <span class='ocrx_word' id='word_1_602' title='bbox 3226 3383 3327 3424; x_wconf 88' lang='lat' dir='ltr'><strong>VIII</strong></span> <span class='ocrx_word' id='word_1_603' title='bbox 3363 3369 3484 3424; x_wconf 88' lang='lat' dir='ltr'><strong>Kal.</strong></span> <span class='ocrx_word' id='word_1_604' title='bbox 3519 3369 3652 3439; x_wconf 80' lang='lat' dir='ltr'><strong>Apr.</strong></span> 
     </span>
    </p>
   </div>
   <div class='ocr_carea' id='block_1_81' title="bbox 2005 3456 3662 3532">
    <p class='ocr_par' dir='ltr' id='par_1_81' title="bbox 2005 3456 3662 3532">
     <span class='ocr_line' id='line_1_81' title="bbox 2005 3456 3662 3532; baseline -0.004 -14"><span class='ocrx_word' id='word_1_605' title='bbox 2005 3462 2299 3532; x_wconf 90' lang='lat' dir='ltr'><strong>incipiunt</strong></span> <span class='ocrx_word' id='word_1_606' title='bbox 2330 3461 2388 3516; x_wconf 89' lang='lat' dir='ltr'><strong>in</strong></span> <span class='ocrx_word' id='word_1_607' title='bbox 2437 3460 2622 3530; x_wconf 87' lang='lat' dir='ltr'><strong>capite</strong></span> <span class='ocrx_word' id='word_1_608' title='bbox 2670 3473 2948 3516; x_wconf 92' lang='lat' dir='ltr'><strong>annorum</strong></span> <span class='ocrx_word' id='word_1_609' title='bbox 2980 3463 2998 3481; x_wconf 82' lang='lat'>&#39;</span> <span class='ocrx_word' id='word_1_610' title='bbox 3028 3456 3082 3514; x_wconf 81' lang='grc'><strong>5.</strong></span> <span class='ocrx_word' id='word_1_611' title='bbox 3116 3459 3346 3513; x_wconf 85' lang='lat' dir='ltr'><strong>Romam</strong></span> <span class='ocrx_word' id='word_1_612' title='bbox 3399 3458 3662 3512; x_wconf 87' lang='lat' dir='ltr'><strong>revenie—</strong></span> 
     </span>
    </p>
   </div>
   <div class='ocr_carea' id='block_1_82' title="bbox 2005 3543 3658 3620">
    <p class='ocr_par' dir='ltr' id='par_1_82' title="bbox 2005 3543 3658 3620">
     <span class='ocr_line' id='line_1_82' title="bbox 2005 3543 3658 3620; baseline -0.004 -13"><span class='ocrx_word' id='word_1_613' title='bbox 2005 3551 2141 3607; x_wconf 89' lang='lat' dir='ltr'><strong>bant</strong></span> <span class='ocrx_word' id='word_1_614' title='bbox 2181 3564 2402 3620; x_wconf 91' lang='lat' dir='ltr'><strong>semper</strong></span> <span class='ocrx_word' id='word_1_615' title='bbox 2443 3563 2572 3606; x_wconf 92' lang='lat' dir='ltr'><strong>cum</strong></span> <span class='ocrx_word' id='word_1_616' title='bbox 2612 3563 2804 3618; x_wconf 91' lang='lat' dir='ltr'><strong>sensu,</strong></span> <span class='ocrx_word' id='word_1_617' title='bbox 2848 3548 3034 3619; x_wconf 89' lang='lat' dir='ltr'><strong>capite</strong></span> <span class='ocrx_word' id='word_1_618' title='bbox 3071 3552 3261 3602; x_wconf 91' lang='lat' dir='ltr'><strong>autem</strong></span> <span class='ocrx_word' id='word_1_619' title='bbox 3306 3543 3372 3602; x_wconf 77' lang='grc'><strong>45</strong></span> <span class='ocrx_word' id='word_1_620' title='bbox 3405 3551 3658 3600; x_wconf 90' lang='lat' dir='ltr'><strong>reverte-</strong></span> 
     </span>
    </p>
   </div>
   <div class='ocr_carea' id='block_1_83' title="bbox 2006 3637 3657 3711">
    <p class='ocr_par' dir='ltr' id='par_1_83' title="bbox 2006 3637 3657 3711">
     <span class='ocr_line' id='line_1_83' title="bbox 2006 3637 3657 3711; baseline -0.005 -14"><span class='ocrx_word' id='word_1_621' title='bbox 2006 3640 2214 3697; x_wconf 89' lang='lat' dir='ltr'><strong>bantur</strong></span> <span class='ocrx_word' id='word_1_622' title='bbox 2245 3641 2303 3695; x_wconf 93' lang='lat' dir='ltr'><strong>in</strong></span> <span class='ocrx_word' id='word_1_623' title='bbox 2335 3640 2584 3711; x_wconf 92' lang='lat' dir='ltr'><strong>primum</strong></span> <span class='ocrx_word' id='word_1_624' title='bbox 2611 3639 2893 3695; x_wconf 92' lang='lat' dir='ltr'><strong>ordinem.</strong></span> <span class='ocrx_word' id='word_1_625' title='bbox 2930 3638 2988 3693; x_wconf 94' lang='lat' dir='ltr'><strong>Si</strong></span> <span class='ocrx_word' id='word_1_626' title='bbox 3029 3643 3216 3693; x_wconf 91' lang='lat' dir='ltr'><strong>autem</strong></span> <span class='ocrx_word' id='word_1_627' title='bbox 3247 3637 3316 3692; x_wconf 93' lang='lat' dir='ltr'><strong>de</strong></span> <span class='ocrx_word' id='word_1_628' title='bbox 3340 3649 3481 3692; x_wconf 91' lang='lat' dir='ltr'><strong>auro</strong></span> <span class='ocrx_word' id='word_1_629' title='bbox 3509 3641 3657 3692; x_wconf 88' lang='lat' dir='ltr'><strong>esset</strong></span> 
     </span>
    </p>
   </div>
   <div class='ocr_carea' id='block_1_84' title="bbox 2005 3727 3656 3800">
    <p class='ocr_par' dir='ltr' id='par_1_84' title="bbox 2005 3727 3656 3800">
     <span class='ocr_line' id='line_1_84' title="bbox 2005 3727 3656 3800; baseline -0.004 -14"><span class='ocrx_word' id='word_1_630' title='bbox 2005 3730 2187 3787; x_wconf 84' lang='lat' dir='ltr'><strong>forma</strong></span> <span class='ocrx_word' id='word_1_631' title='bbox 2219 3729 2479 3800; x_wconf 65' lang='lat' dir='ltr'><strong>Caesaris,</strong></span> <span class='ocrx_word' id='word_1_632' title='bbox 2512 3743 2718 3785; x_wconf 90' lang='lat' dir='ltr'><strong>aurum</strong></span> <span class='ocrx_word' id='word_1_633' title='bbox 2749 3727 2981 3798; x_wconf 88' lang='lat' dir='ltr'><strong>dabant,</strong></span> <span class='ocrx_word' id='word_1_634' title='bbox 3016 3727 3064 3782; x_wconf 93' lang='lat' dir='ltr'><strong>si</strong></span> <span class='ocrx_word' id='word_1_635' title='bbox 3092 3731 3413 3799; x_wconf 81' lang='lat' dir='ltr'><strong>argentum,</strong></span> <span class='ocrx_word' id='word_1_636' title='bbox 3445 3738 3656 3796; x_wconf 87' lang='lat' dir='ltr'><strong>argen-</strong></span> 
     </span>
    </p>
   </div>
   <div class='ocr_carea' id='block_1_85' title="bbox 2005 3821 3195 3897">
    <p class='ocr_par' dir='ltr' id='par_1_85' title="bbox 2005 3821 3195 3897">
     <span class='ocr_line' id='line_1_85' title="bbox 2005 3821 3195 3897; baseline -0.006 -20"><span class='ocrx_word' id='word_1_637' title='bbox 2005 3827 2147 3892; x_wconf 90' lang='lat' dir='ltr'><strong>tum,</strong></span> <span class='ocrx_word' id='word_1_638' title='bbox 2181 3821 2232 3876; x_wconf 90' lang='lat' dir='ltr'><strong>si</strong></span> <span class='ocrx_word' id='word_1_639' title='bbox 2263 3835 2360 3890; x_wconf 68' lang='lat' dir='ltr'><strong>aas,</strong></span> <span class='ocrx_word' id='word_1_640' title='bbox 2391 3835 2468 3876; x_wconf 75' lang='lat' dir='ltr'><strong>aes</strong></span> <span class='ocrx_word' id='word_1_641' title='bbox 2497 3826 2636 3875; x_wconf 88' lang='lat' dir='ltr'><strong>erat.</strong></span> <span class='ocrx_word' id='word_1_642' title='bbox 3186 3887 3195 3897; x_wconf 37' lang='lat'><em>.</em></span> 
     </span>
    </p>
   </div>
   <div class='ocr_carea' id='block_1_86' title="bbox 2248 3903 3404 3976">
    <p class='ocr_par' dir='ltr' id='par_1_86' title="bbox 2248 3903 3404 3976">
     <span class='ocr_line' id='line_1_86' title="bbox 2248 3903 3404 3976; baseline -0.004 -13"><span class='ocrx_word' id='word_1_643' title='bbox 2248 3912 2325 3963; x_wconf 88' lang='lat' dir='ltr'><strong>De</strong></span> <span class='ocrx_word' id='word_1_644' title='bbox 2362 3909 2784 3976; x_wconf 79' lang='lat' dir='ltr'><strong>interrogatione</strong></span> <span class='ocrx_word' id='word_1_645' title='bbox 2828 3903 2895 3962; x_wconf 89' lang='grc'><strong>49</strong></span> <span class='ocrx_word' id='word_1_646' title='bbox 2936 3921 3206 3961; x_wconf 86' lang='lat' dir='ltr'><strong>annorum</strong></span> <span class='ocrx_word' id='word_1_647' title='bbox 3250 3905 3404 3974; x_wconf 79' lang='lat' dir='ltr'><strong>cycli.</strong></span> 
     </span>
    </p>
   </div>
   <div class='ocr_carea' id='block_1_87' title="bbox 2076 3995 3654 4068">
    <p class='ocr_par' dir='ltr' id='par_1_87' title="bbox 2076 3995 3654 4068">
     <span class='ocr_line' id='line_1_87' title="bbox 2076 3995 3654 4068; baseline -0.004 -15"><span class='ocrx_word' id='word_1_648' title='bbox 2076 3999 2315 4053; x_wconf 82' lang='lat' dir='ltr'><strong>XLVIII.</strong></span> <span class='ocrx_word' id='word_1_649' title='bbox 2352 3998 2539 4052; x_wconf 91' lang='lat' dir='ltr'><strong>Prima</strong></span> <span class='ocrx_word' id='word_1_650' title='bbox 2583 3998 2766 4068; x_wconf 83' lang='lat' dir='ltr'><strong>igitur</strong></span> <span class='ocrx_word' id='word_1_651' title='bbox 2803 3996 3025 4053; x_wconf 90' lang='lat' dir='ltr'><strong>ratione</strong></span> <span class='ocrx_word' id='word_1_652' title='bbox 3053 3995 3259 4051; x_wconf 92' lang='lat' dir='ltr'><strong>debeas</strong></span> <span class='ocrx_word' id='word_1_653' title='bbox 3301 3995 3654 4064; x_wconf 88' lang='lat' dir='ltr'><strong>interrogare</strong></span> 
     </span>
    </p>
   </div>
   <div class='ocr_carea' id='block_1_88' title="bbox 2005 4083 3655 4158">
    <p class='ocr_par' dir='ltr' id='par_1_88' title="bbox 2005 4083 3655 4158">
     <span class='ocr_line' id='line_1_88' title="bbox 2005 4083 3655 4158; baseline -0.004 -14"><span class='ocrx_word' id='word_1_654' title='bbox 2005 4088 2076 4144; x_wconf 96' lang='lat' dir='ltr'><strong>de</strong></span> <span class='ocrx_word' id='word_1_655' title='bbox 2108 4085 2174 4142; x_wconf 89' lang='grc'><strong>49</strong></span> <span class='ocrx_word' id='word_1_656' title='bbox 2209 4100 2490 4142; x_wconf 90' lang='lat' dir='ltr'><strong>annorum</strong></span> <span class='ocrx_word' id='word_1_657' title='bbox 2530 4087 2687 4156; x_wconf 90' lang='lat' dir='ltr'><strong>cyclo</strong></span> <span class='ocrx_word' id='word_1_658' title='bbox 2715 4105 2729 4158; x_wconf 84' lang='lat'><strong>;</strong></span> <span class='ocrx_word' id='word_1_659' title='bbox 2760 4088 3010 4143; x_wconf 90' lang='lat' dir='ltr'><strong>secundo</strong></span> <span class='ocrx_word' id='word_1_660' title='bbox 3053 4084 3339 4156; x_wconf 88' lang='lat' dir='ltr'><strong>quomodo</strong></span> <span class='ocrx_word' id='word_1_661' title='bbox 3379 4083 3515 4140; x_wconf 91' lang='lat' dir='ltr'><strong>luna</strong></span> <span class='ocrx_word' id='word_1_662' title='bbox 3555 4096 3655 4152; x_wconf 91' lang='lat' dir='ltr'><strong>per</strong></span> 
     </span>
    </p>
   </div>
   <div class='ocr_carea' id='block_1_89' title="bbox 2006 4174 3655 4246">
    <p class='ocr_par' dir='ltr' id='par_1_89' title="bbox 2006 4174 3655 4246">
     <span class='ocr_line' id='line_1_89' title="bbox 2006 4174 3655 4246; baseline -0.003 -15"><span class='ocrx_word' id='word_1_663' title='bbox 2006 4177 2130 4232; x_wconf 88' lang='lat' dir='ltr'><strong>Kal.</strong></span> <span class='ocrx_word' id='word_1_664' title='bbox 2177 4176 2458 4232; x_wconf 92' lang='lat' dir='ltr'><strong>mensium</strong></span> <span class='ocrx_word' id='word_1_665' title='bbox 2487 4194 2502 4246; x_wconf 87' lang='lat'><strong>;</strong></span> <span class='ocrx_word' id='word_1_666' title='bbox 2531 4175 2702 4230; x_wconf 90' lang='lat' dir='ltr'><strong>tertio</strong></span> <span class='ocrx_word' id='word_1_667' title='bbox 2740 4175 2988 4244; x_wconf 88' lang='lat' dir='ltr'><strong>qualiter</strong></span> <span class='ocrx_word' id='word_1_668' title='bbox 3029 4175 3166 4229; x_wconf 88' lang='lat' dir='ltr'><strong>luna</strong></span> <span class='ocrx_word' id='word_1_669' title='bbox 3211 4174 3268 4228; x_wconf 92' lang='lat' dir='ltr'><strong>in</strong></span> <span class='ocrx_word' id='word_1_670' title='bbox 3315 4187 3420 4228; x_wconf 93' lang='lat' dir='ltr'><strong>suo</strong></span> <span class='ocrx_word' id='word_1_671' title='bbox 3465 4185 3655 4227; x_wconf 90' lang='lat' dir='ltr'><strong>mense</strong></span> 
     </span>
    </p>
   </div>
   <div class='ocr_carea' id='block_1_90' title="bbox 2009 4259 3653 4335">
    <p class='ocr_par' dir='ltr' id='par_1_90' title="bbox 2009 4259 3653 4335">
     <span class='ocr_line' id='line_1_90' title="bbox 2009 4259 3653 4335; baseline -0.005 -15"><span class='ocrx_word' id='word_1_672' title='bbox 2009 4265 2214 4322; x_wconf 92' lang='lat' dir='ltr'><strong>habeat</strong></span> <span class='ocrx_word' id='word_1_673' title='bbox 2258 4277 2557 4322; x_wconf 92' lang='lat' dir='ltr'><strong>numerum</strong></span> <span class='ocrx_word' id='word_1_674' title='bbox 2599 4284 2614 4334; x_wconf 85' lang='lat'><strong>-,</strong></span> <span class='ocrx_word' id='word_1_675' title='bbox 2659 4270 2862 4335; x_wconf 90' lang='lat' dir='ltr'><strong>quarto</strong></span> <span class='ocrx_word' id='word_1_676' title='bbox 2912 4264 3069 4333; x_wconf 88' lang='lat' dir='ltr'><strong>quali</strong></span> <span class='ocrx_word' id='word_1_677' title='bbox 3122 4263 3218 4317; x_wconf 91' lang='lat' dir='ltr'><strong>die</strong></span> <span class='ocrx_word' id='word_1_678' title='bbox 3263 4268 3319 4318; x_wconf 91' lang='lat' dir='ltr'><strong>et</strong></span> <span class='ocrx_word' id='word_1_679' title='bbox 3372 4261 3507 4317; x_wconf 90' lang='lat' dir='ltr'><strong>luna</strong></span> <span class='ocrx_word' id='word_1_680' title='bbox 3573 4259 3653 4314; x_wconf 91' lang='lat' dir='ltr'><strong>sit</strong></span> 
     </span>
    </p>
   </div>
   <div class='ocr_carea' id='block_1_91' title="bbox 2011 4349 3654 4427">
    <p class='ocr_par' dir='ltr' id='par_1_91' title="bbox 2011 4349 3654 4427">
     <span class='ocr_line' id='line_1_91' title="bbox 2011 4349 3654 4427; baseline -0.007 -14"><span class='ocrx_word' id='word_1_681' title='bbox 2011 4356 2298 4427; x_wconf 88' lang='lat' dir='ltr'><strong>paschalis</strong></span> <span class='ocrx_word' id='word_1_682' title='bbox 2328 4355 2661 4412; x_wconf 91' lang='lat' dir='ltr'><strong>solemnitas</strong></span> <span class='ocrx_word' id='word_1_683' title='bbox 2691 4372 2706 4424; x_wconf 81' lang='lat'><strong>;</strong></span> <span class='ocrx_word' id='word_1_684' title='bbox 2736 4352 2940 4424; x_wconf 91' lang='lat' dir='ltr'><strong>quinto</strong></span> <span class='ocrx_word' id='word_1_685' title='bbox 2970 4352 3254 4421; x_wconf 87' lang='lat' dir='ltr'><strong>quomodo</strong></span> <span class='ocrx_word' id='word_1_686' title='bbox 3285 4349 3496 4404; x_wconf 89' lang='lat' dir='ltr'><strong>Pascha</strong></span> <span class='ocrx_word' id='word_1_687' title='bbox 3528 4361 3654 4402; x_wconf 90' lang='lat' dir='ltr'><strong>me—</strong></span> 
     </span>
    </p>
   </div>
   <div class='ocr_carea' id='block_1_92' title="bbox 247 4427 3652 4520">
    <p class='ocr_par' dir='ltr' id='par_1_92' title="bbox 247 4427 3652 4520">
     <span class='ocr_line' id='line_1_92' title="bbox 247 4427 3652 4520; baseline -0.003 -21"><span class='ocrx_word' id='word_1_688' title='bbox 247 4445 420 4500; x_wconf 91' lang='lat' dir='ltr'><strong>annis</strong></span> <span class='ocrx_word' id='word_1_689' title='bbox 441 4445 585 4502; x_wconf 88' lang='lat' dir='ltr'><strong>solet</strong></span> <span class='ocrx_word' id='word_1_690' title='bbox 610 4447 754 4514; x_wconf 92' lang='lat' dir='ltr'><strong>ﬁeri,</strong></span> <span class='ocrx_word' id='word_1_691' title='bbox 784 4447 879 4502; x_wconf 90' lang='lat' dir='ltr'><strong>sed</strong></span> <span class='ocrx_word' id='word_1_692' title='bbox 907 4445 973 4501; x_wconf 74' lang='grc'><strong>42</strong></span> <span class='ocrx_word' id='word_1_693' title='bbox 992 4447 1119 4503; x_wconf 93' lang='lat' dir='ltr'><strong>dies</strong></span> <span class='ocrx_word' id='word_1_694' title='bbox 1146 4448 1555 4504; x_wconf 88' lang='lat' dir='ltr'><strong>accommodat.</strong></span> <span class='ocrx_word' id='word_1_695' title='bbox 1581 4450 1650 4503; x_wconf 91' lang='lat' dir='ltr'><strong>Et</strong></span> <span class='ocrx_word' id='word_1_696' title='bbox 1672 4449 1808 4520; x_wconf 89' lang='lat' dir='ltr'><strong>quia</strong></span> <span class='ocrx_word' id='word_1_697' title='bbox 1827 4445 1898 4504; x_wconf 92' lang='lat' dir='ltr'><strong>3O</strong></span> <span class='ocrx_word' id='word_1_698' title='bbox 1923 4427 1979 4490; x_wconf 83' lang='lat' dir='ltr'><strong>D</strong></span> <span class='ocrx_word' id='word_1_699' title='bbox 2011 4447 2248 4502; x_wconf 89' lang='lat' dir='ltr'><strong>moriter</strong></span> <span class='ocrx_word' id='word_1_700' title='bbox 2288 4445 2733 4516; x_wconf 90' lang='lat' dir='ltr'><strong>computandum</strong></span> <span class='ocrx_word' id='word_1_701' title='bbox 2767 4459 2781 4513; x_wconf 67' lang='grc' dir='ltr'>ς</span> <span class='ocrx_word' id='word_1_702' title='bbox 2811 4447 2970 4497; x_wconf 91' lang='lat' dir='ltr'><strong>sexto</strong></span> <span class='ocrx_word' id='word_1_703' title='bbox 3011 4440 3080 4496; x_wconf 90' lang='lat' dir='ltr'><strong>de</strong></span> <span class='ocrx_word' id='word_1_704' title='bbox 3126 4439 3275 4494; x_wconf 68' lang='lat' dir='ltr'><strong>lunae</strong></span> <span class='ocrx_word' id='word_1_705' title='bbox 3319 4436 3652 4493; x_wconf 90' lang='lat' dir='ltr'><strong>ascensione</strong></span> 
     </span>
    </p>
   </div>
   <div class='ocr_carea' id='block_1_93' title="bbox 245 4525 3651 4607">
    <p class='ocr_par' dir='ltr' id='par_1_93' title="bbox 245 4525 3651 4607">
     <span class='ocr_line' id='line_1_93' title="bbox 245 4525 3651 4607; baseline -0.003 -19"><span class='ocrx_word' id='word_1_706' title='bbox 245 4531 472 4588; x_wconf 91' lang='lat' dir='ltr'><strong>dierum</strong></span> <span class='ocrx_word' id='word_1_707' title='bbox 524 4533 632 4590; x_wconf 85' lang='lat' dir='ltr'><strong>ﬁne</strong></span> <span class='ocrx_word' id='word_1_708' title='bbox 671 4535 997 4604; x_wconf 89' lang='lat' dir='ltr'><strong>volvuntur,</strong></span> <span class='ocrx_word' id='word_1_709' title='bbox 1038 4535 1210 4592; x_wconf 64' lang='lat' dir='ltr'><strong>nullae</strong></span> <span class='ocrx_word' id='word_1_710' title='bbox 1253 4541 1461 4606; x_wconf 76' lang='lat' dir='ltr'><strong>epacta:</strong></span> <span class='ocrx_word' id='word_1_711' title='bbox 1499 4537 1558 4591; x_wconf 91' lang='lat' dir='ltr'><strong>in</strong></span> <span class='ocrx_word' id='word_1_712' title='bbox 1609 4537 1898 4607; x_wconf 87' lang='lat' dir='ltr'><strong>principio</strong></span> <span class='ocrx_word' id='word_1_713' title='bbox 2006 4543 2062 4592; x_wconf 94' lang='lat' dir='ltr'><strong>et</strong></span> <span class='ocrx_word' id='word_1_714' title='bbox 2105 4535 2246 4591; x_wconf 91' lang='lat' dir='ltr'><strong>solis</strong></span> <span class='ocrx_word' id='word_1_715' title='bbox 2284 4535 2653 4591; x_wconf 90' lang='lat' dir='ltr'><strong>descensione</strong></span> <span class='ocrx_word' id='word_1_716' title='bbox 2689 4552 2703 4603; x_wconf 90' lang='lat'><strong>;</strong></span> <span class='ocrx_word' id='word_1_717' title='bbox 2742 4532 2983 4602; x_wconf 90' lang='lat' dir='ltr'><strong>septimo</strong></span> <span class='ocrx_word' id='word_1_718' title='bbox 3028 4541 3362 4598; x_wconf 88' lang='lat' dir='ltr'><strong>responsum</strong></span> <span class='ocrx_word' id='word_1_719' title='bbox 3408 4526 3502 4581; x_wconf 90' lang='lat' dir='ltr'><strong>his</strong></span> <span class='ocrx_word' id='word_1_720' title='bbox 3549 4525 3651 4596; x_wconf 90' lang='lat' dir='ltr'><strong>qui</strong></span> 
     </span>
    </p>
   </div>
   <div class='ocr_carea' id='block_1_94' title="bbox 247 4615 3650 4697">
    <p class='ocr_par' dir='ltr' id='par_1_94' title="bbox 247 4615 3650 4697">
     <span class='ocr_line' id='line_1_94' title="bbox 247 4615 3650 4697; baseline -0.002 -22"><span class='ocrx_word' id='word_1_721' title='bbox 247 4621 437 4691; x_wconf 91' lang='lat' dir='ltr'><strong>ipsius</strong></span> <span class='ocrx_word' id='word_1_722' title='bbox 469 4630 804 4694; x_wconf 86' lang='lat' dir='ltr'><strong>ponuntur;</strong></span> <span class='ocrx_word' id='word_1_723' title='bbox 835 4626 1086 4682; x_wconf 90' lang='lat' dir='ltr'><strong>secundo</strong></span> <span class='ocrx_word' id='word_1_724' title='bbox 1125 4631 1314 4682; x_wconf 90' lang='lat' dir='ltr'><strong>autem</strong></span> <span class='ocrx_word' id='word_1_725' title='bbox 1354 4639 1504 4682; x_wconf 91' lang='lat' dir='ltr'><strong>anno</strong></span> <span class='ocrx_word' id='word_1_726' title='bbox 1538 4634 1766 4697; x_wconf 89' lang='lat' dir='ltr'><strong>epactas</strong></span> <span class='ocrx_word' id='word_1_727' title='bbox 1791 4642 1898 4683; x_wconf 92' lang='lat' dir='ltr'><strong>su-</strong></span> <span class='ocrx_word' id='word_1_728' title='bbox 2006 4625 2342 4683; x_wconf 90' lang='lat' dir='ltr'><strong>discordant</strong></span> <span class='ocrx_word' id='word_1_729' title='bbox 2386 4625 2445 4679; x_wconf 91' lang='lat' dir='ltr'><strong>in</strong></span> <span class='ocrx_word' id='word_1_730' title='bbox 2485 4623 2711 4679; x_wconf 68' lang='lat' dir='ltr'><strong>Paschze</strong></span> <span class='ocrx_word' id='word_1_731' title='bbox 2754 4626 3035 4691; x_wconf 93' lang='lat' dir='ltr'><strong>compoto.</strong></span> <span class='ocrx_word' id='word_1_732' title='bbox 3079 4619 3233 4674; x_wconf 91' lang='lat' dir='ltr'><strong>Licet</strong></span> <span class='ocrx_word' id='word_1_733' title='bbox 3263 4616 3450 4672; x_wconf 92' lang='lat' dir='ltr'><strong>omnis</strong></span> <span class='ocrx_word' id='word_1_734' title='bbox 3483 4615 3650 4670; x_wconf 92' lang='lat' dir='ltr'><strong>homo</strong></span> 
     </span>
    </p>
   </div>
   <div class='ocr_carea' id='block_1_95' title="bbox 246 4711 1893 4787">
    <p class='ocr_par' dir='ltr' id='par_1_95' title="bbox 246 4711 1893 4787">
     <span class='ocr_line' id='line_1_95' title="bbox 246 4711 1893 4787; baseline 0.002 -19"><span class='ocrx_word' id='word_1_735' title='bbox 246 4711 437 4781; x_wconf 91' lang='lat' dir='ltr'><strong>scipit.</strong></span> <span class='ocrx_word' id='word_1_736' title='bbox 489 4713 644 4768; x_wconf 92' lang='lat' dir='ltr'><strong>Unde</strong></span> <span class='ocrx_word' id='word_1_737' title='bbox 696 4719 883 4770; x_wconf 91' lang='lat' dir='ltr'><strong>autem</strong></span> <span class='ocrx_word' id='word_1_738' title='bbox 937 4721 1168 4772; x_wconf 90' lang='lat' dir='ltr'><strong>sumant</strong></span> <span class='ocrx_word' id='word_1_739' title='bbox 1214 4716 1536 4787; x_wconf 88' lang='lat' dir='ltr'><strong>exordium,</strong></span> <span class='ocrx_word' id='word_1_740' title='bbox 1588 4717 1893 4774; x_wconf 93' lang='lat' dir='ltr'><strong>dicendum</strong></span> 
     </span>
    </p>
   </div>
   <div class='ocr_carea' id='block_1_96' title="bbox 243 4802 1893 4877">
    <p class='ocr_par' dir='ltr' id='par_1_96' title="bbox 243 4802 1893 4877">
     <span class='ocr_line' id='line_1_96' title="bbox 243 4802 1893 4877; baseline 0.004 -19"><span class='ocrx_word' id='word_1_741' title='bbox 243 4808 350 4858; x_wconf 91' lang='lat' dir='ltr'><strong>est.</strong></span> <span class='ocrx_word' id='word_1_742' title='bbox 384 4802 490 4859; x_wconf 88' lang='lat' dir='ltr'><strong>Fac</strong></span> <span class='ocrx_word' id='word_1_743' title='bbox 519 4804 589 4860; x_wconf 93' lang='lat' dir='ltr'><strong>de</strong></span> <span class='ocrx_word' id='word_1_744' title='bbox 618 4817 767 4861; x_wconf 89' lang='lat' dir='ltr'><strong>anno</strong></span> <span class='ocrx_word' id='word_1_745' title='bbox 799 4806 994 4877; x_wconf 75' lang='lat' dir='ltr'><strong>solari,</strong></span> <span class='ocrx_word' id='word_1_746' title='bbox 1029 4806 1130 4877; x_wconf 89' lang='lat' dir='ltr'><strong>qui</strong></span> <span class='ocrx_word' id='word_1_747' title='bbox 1165 4805 1333 4861; x_wconf 91' lang='lat' dir='ltr'><strong>habet</strong></span> <span class='ocrx_word' id='word_1_748' title='bbox 1361 4805 1487 4861; x_wconf 91' lang='lat' dir='ltr'><strong>dics</strong></span> <span class='ocrx_word' id='word_1_749' title='bbox 1520 4804 1643 4874; x_wconf 77' lang='lat'><strong>365,</strong></span> <span class='ocrx_word' id='word_1_750' title='bbox 1680 4821 1893 4864; x_wconf 92' lang='lat' dir='ltr'><strong>annum</strong></span> 
     </span>
    </p>
   </div>
   <div class='ocr_carea' id='block_1_97' title="bbox 243 4893 1894 4966">
    <p class='ocr_par' dir='ltr' id='par_1_97' title="bbox 243 4893 1894 4966">
     <span class='ocr_line' id='line_1_97' title="bbox 243 4893 1894 4966; baseline 0.004 -21"><span class='ocrx_word' id='word_1_751' title='bbox 243 4904 626 4962; x_wconf 90' lang='lat' dir='ltr'><strong>communem,</strong></span> <span class='ocrx_word' id='word_1_752' title='bbox 673 4896 774 4965; x_wconf 91' lang='lat' dir='ltr'><strong>qui</strong></span> <span class='ocrx_word' id='word_1_753' title='bbox 817 4895 986 4951; x_wconf 88' lang='lat' dir='ltr'><strong>habet</strong></span> <span class='ocrx_word' id='word_1_754' title='bbox 1026 4896 1152 4951; x_wconf 92' lang='lat' dir='ltr'><strong>dies</strong></span> <span class='ocrx_word' id='word_1_755' title='bbox 1189 4893 1315 4961; x_wconf 76' lang='grc'><strong>354,</strong></span> <span class='ocrx_word' id='word_1_756' title='bbox 1349 4896 1455 4951; x_wconf 91' lang='lat' dir='ltr'><strong>hoc</strong></span> <span class='ocrx_word' id='word_1_757' title='bbox 1488 4897 1693 4952; x_wconf 91' lang='lat' dir='ltr'><strong>modo:</strong></span> <span class='ocrx_word' id='word_1_758' title='bbox 1731 4897 1894 4966; x_wconf 91' lang='lat' dir='ltr'><strong>prius</strong></span> 
     </span>
    </p>
   </div>
   <div class='ocr_carea' id='block_1_98' title="bbox 242 4979 1895 5054">
    <p class='ocr_par' dir='ltr' id='par_1_98' title="bbox 242 4979 1895 5054">
     <span class='ocr_line' id='line_1_98' title="bbox 242 4979 1895 5054; baseline 0.003 -18"><span class='ocrx_word' id='word_1_759' title='bbox 242 4979 522 5036; x_wconf 90' lang='lat' dir='ltr'><strong>subtrahe</strong></span> <span class='ocrx_word' id='word_1_760' title='bbox 564 4980 687 5049; x_wconf 89' lang='lat'><strong>300,</strong></span> <span class='ocrx_word' id='word_1_761' title='bbox 722 4989 1012 5039; x_wconf 88' lang='lat' dir='ltr'><strong>remanent</strong></span> <span class='ocrx_word' id='word_1_762' title='bbox 1051 4982 1138 5040; x_wconf 81' lang='grc'><strong>65.</strong></span> <span class='ocrx_word' id='word_1_763' title='bbox 1182 4986 1391 5040; x_wconf 90' lang='lat' dir='ltr'><strong>lterum</strong></span> <span class='ocrx_word' id='word_1_764' title='bbox 1421 4985 1557 5040; x_wconf 92' lang='lat' dir='ltr'><strong>tolle</strong></span> <span class='ocrx_word' id='word_1_765' title='bbox 1584 4983 1673 5054; x_wconf 81' lang='grc'><strong>50,</strong></span> <span class='ocrx_word' id='word_1_766' title='bbox 1704 4999 1895 5041; x_wconf 90' lang='lat' dir='ltr'><strong>rema-</strong></span> 
     </span>
    </p>
   </div>
   <div class='ocr_carea' id='block_1_99' title="bbox 244 5064 1894 5143">
    <p class='ocr_par' dir='ltr' id='par_1_99' title="bbox 244 5064 1894 5143">
     <span class='ocr_line' id='line_1_99' title="bbox 244 5064 1894 5143; baseline 0.004 -19"><span class='ocrx_word' id='word_1_767' title='bbox 244 5075 380 5124; x_wconf 90' lang='lat' dir='ltr'><strong>nent</strong></span> <span class='ocrx_word' id='word_1_768' title='bbox 405 5064 490 5136; x_wconf 84' lang='grc'><strong>45,</strong></span> <span class='ocrx_word' id='word_1_769' title='bbox 527 5068 776 5140; x_wconf 92' lang='lat' dir='ltr'><strong>itemque</strong></span> <span class='ocrx_word' id='word_1_770' title='bbox 800 5071 1072 5128; x_wconf 89' lang='lat' dir='ltr'><strong>subtrahe</strong></span> <span class='ocrx_word' id='word_1_771' title='bbox 1101 5070 1153 5143; x_wconf 78' lang='grc'><strong>4,</strong></span> <span class='ocrx_word' id='word_1_772' title='bbox 1184 5079 1474 5130; x_wconf 88' lang='lat' dir='ltr'><strong>remanent</strong></span> <span class='ocrx_word' id='word_1_773' title='bbox 1503 5070 1586 5128; x_wconf 87' lang='grc'><strong>44.</strong></span> <span class='ocrx_word' id='word_1_774' title='bbox 1624 5075 1757 5130; x_wconf 90' lang='lat' dir='ltr'><strong>Inde</strong></span> <span class='ocrx_word' id='word_1_775' title='bbox 1787 5089 1894 5130; x_wconf 92' lang='lat' dir='ltr'><strong>su—</strong></span> 
     </span>
    </p>
   </div>
   <div class='ocr_carea' id='block_1_100' title="bbox 245 5158 1894 5234">
    <p class='ocr_par' dir='ltr' id='par_1_100' title="bbox 245 5158 1894 5234">
     <span class='ocr_line' id='line_1_100' title="bbox 245 5158 1894 5234; baseline 0.005 -23"><span class='ocrx_word' id='word_1_776' title='bbox 245 5163 411 5213; x_wconf 92' lang='lat' dir='ltr'><strong>munt</strong></span> <span class='ocrx_word' id='word_1_777' title='bbox 449 5158 771 5228; x_wconf 89' lang='lat' dir='ltr'><strong>exordium,</strong></span> <span class='ocrx_word' id='word_1_778' title='bbox 811 5166 867 5216; x_wconf 89' lang='lat' dir='ltr'><strong>et</strong></span> <span class='ocrx_word' id='word_1_779' title='bbox 901 5161 1034 5216; x_wconf 90' lang='lat' dir='ltr'><strong>inde</strong></span> <span class='ocrx_word' id='word_1_780' title='bbox 1080 5163 1470 5233; x_wconf 88' lang='lat' dir='ltr'><strong>multiplicant</strong></span> <span class='ocrx_word' id='word_1_781' title='bbox 1511 5168 1709 5219; x_wconf 64' lang='lat' dir='ltr'><strong>cetera:</strong></span> <span class='ocrx_word' id='word_1_782' title='bbox 1752 5177 1894 5234; x_wconf 86' lang='lat' dir='ltr'><strong>epa-</strong></span> 
     </span>
    </p>
   </div>
   <div class='ocr_carea' id='block_1_101' title="bbox 239 5247 1893 5324">
    <p class='ocr_par' dir='ltr' id='par_1_101' title="bbox 239 5247 1893 5324">
     <span class='ocr_line' id='line_1_101' title="bbox 239 5247 1893 5324; baseline 0.004 -22"><span class='ocrx_word' id='word_1_783' title='bbox 239 5253 366 5302; x_wconf 72' lang='lat' dir='ltr'><strong>ctae.</strong></span> <span class='ocrx_word' id='word_1_784' title='bbox 409 5247 600 5304; x_wconf 90' lang='lat' dir='ltr'><strong>Saltus</strong></span> <span class='ocrx_word' id='word_1_785' title='bbox 642 5253 831 5304; x_wconf 89' lang='lat' dir='ltr'><strong>autem</strong></span> <span class='ocrx_word' id='word_1_786' title='bbox 871 5250 1022 5306; x_wconf 67' lang='lat' dir='ltr'><strong>luna:</strong></span> <span class='ocrx_word' id='word_1_787' title='bbox 1067 5251 1193 5308; x_wconf 91' lang='lat' dir='ltr'><strong>ideo</strong></span> <span class='ocrx_word' id='word_1_788' title='bbox 1236 5253 1297 5307; x_wconf 92' lang='lat' dir='ltr'><strong>in</strong></span> <span class='ocrx_word' id='word_1_789' title='bbox 1339 5249 1406 5307; x_wconf 88' lang='grc'><strong>49</strong></span> <span class='ocrx_word' id='word_1_790' title='bbox 1446 5253 1616 5308; x_wconf 89' lang='lat' dir='ltr'><strong>annis</strong></span> <span class='ocrx_word' id='word_1_791' title='bbox 1655 5261 1893 5324; x_wconf 93' lang='lat' dir='ltr'><strong>proten—</strong></span> 
     </span>
    </p>
   </div>
   <div class='ocr_carea' id='block_1_102' title="bbox 240 5338 1892 5414">
    <p class='ocr_par' dir='ltr' id='par_1_102' title="bbox 240 5338 1892 5414">
     <span class='ocr_line' id='line_1_102' title="bbox 240 5338 1892 5414; baseline 0.004 -20"><span class='ocrx_word' id='word_1_792' title='bbox 240 5338 425 5410; x_wconf 87' lang='lat' dir='ltr'><strong>ditur,</strong></span> <span class='ocrx_word' id='word_1_793' title='bbox 456 5339 592 5410; x_wconf 90' lang='lat' dir='ltr'><strong>quia</strong></span> <span class='ocrx_word' id='word_1_794' title='bbox 618 5339 770 5395; x_wconf 88' lang='lat' dir='ltr'><strong>sicut</strong></span> <span class='ocrx_word' id='word_1_795' title='bbox 795 5339 938 5395; x_wconf 91' lang='lat' dir='ltr'><strong>solis</strong></span> <span class='ocrx_word' id='word_1_796' title='bbox 962 5341 1161 5396; x_wconf 90' lang='lat' dir='ltr'><strong>cursui</strong></span> <span class='ocrx_word' id='word_1_797' title='bbox 1186 5341 1468 5397; x_wconf 90' lang='lat' dir='ltr'><strong>adcrescit</strong></span> <span class='ocrx_word' id='word_1_798' title='bbox 1495 5343 1640 5414; x_wconf 91' lang='lat' dir='ltr'><strong>dies,</strong></span> <span class='ocrx_word' id='word_1_799' title='bbox 1674 5357 1799 5414; x_wconf 67' lang='lat' dir='ltr'><strong>quae</strong></span> <span class='ocrx_word' id='word_1_800' title='bbox 1830 5343 1892 5400; x_wconf 90' lang='lat' dir='ltr'><strong>ﬁt</strong></span> 
     </span>
    </p>
   </div>
   <div class='ocr_carea' id='block_1_103' title="bbox 244 5430 1891 5503">
    <p class='ocr_par' dir='ltr' id='par_1_103' title="bbox 244 5430 1891 5503">
     <span class='ocr_line' id='line_1_103' title="bbox 244 5430 1891 5503; baseline 0.003 -20"><span class='ocrx_word' id='word_1_801' title='bbox 244 5441 346 5499; x_wconf 90' lang='lat' dir='ltr'><strong>per</strong></span> <span class='ocrx_word' id='word_1_802' title='bbox 390 5433 622 5499; x_wconf 90' lang='lat' dir='ltr'><strong>puncta,</strong></span> <span class='ocrx_word' id='word_1_803' title='bbox 656 5432 710 5484; x_wconf 91' lang='lat' dir='ltr'><strong>et</strong></span> <span class='ocrx_word' id='word_1_804' title='bbox 750 5434 1053 5501; x_wconf 90' lang='lat' dir='ltr'><strong>momenta,</strong></span> <span class='ocrx_word' id='word_1_805' title='bbox 1099 5434 1155 5485; x_wconf 92' lang='lat' dir='ltr'><strong>et</strong></span> <span class='ocrx_word' id='word_1_806' title='bbox 1195 5430 1560 5502; x_wconf 89' lang='lat' dir='ltr'><strong>quadrantes,</strong></span> <span class='ocrx_word' id='word_1_807' title='bbox 1610 5447 1737 5503; x_wconf 68' lang='lat' dir='ltr'><strong>qua:</strong></span> <span class='ocrx_word' id='word_1_808' title='bbox 1768 5432 1829 5488; x_wconf 92' lang='lat' dir='ltr'><strong>in</strong></span> <span class='ocrx_word' id='word_1_809' title='bbox 1859 5430 1891 5488; x_wconf 74' lang='grc'><strong>4</strong></span> 
     </span>
    </p>
   </div>
   <div class='ocr_carea' id='block_1_104' title="bbox 238 5516 1892 5591">
    <p class='ocr_par' dir='ltr' id='par_1_104' title="bbox 238 5516 1892 5591">
     <span class='ocr_line' id='line_1_104' title="bbox 238 5516 1892 5591; baseline 0.003 -19"><span class='ocrx_word' id='word_1_810' title='bbox 238 5516 415 5573; x_wconf 89' lang='lat' dir='ltr'><strong>annis</strong></span> <span class='ocrx_word' id='word_1_811' title='bbox 445 5516 586 5574; x_wconf 82' lang='lat' dir='ltr'><strong>facit</strong></span> <span class='ocrx_word' id='word_1_812' title='bbox 608 5516 947 5589; x_wconf 84' lang='lat' dir='ltr'><strong>bissextum,</strong></span> <span class='ocrx_word' id='word_1_813' title='bbox 976 5518 1053 5576; x_wconf 88' lang='lat' dir='ltr'><strong>ita</strong></span> <span class='ocrx_word' id='word_1_814' title='bbox 1079 5533 1176 5591; x_wconf 88' lang='lat' dir='ltr'><strong>per</strong></span> <span class='ocrx_word' id='word_1_815' title='bbox 1198 5519 1349 5575; x_wconf 64' lang='lat' dir='ltr'><strong>lunae</strong></span> <span class='ocrx_word' id='word_1_816' title='bbox 1374 5533 1605 5577; x_wconf 90' lang='lat' dir='ltr'><strong>cursum</strong></span> <span class='ocrx_word' id='word_1_817' title='bbox 1636 5519 1702 5577; x_wconf 90' lang='grc'><strong>49</strong></span> <span class='ocrx_word' id='word_1_818' title='bbox 1721 5522 1892 5577; x_wconf 89' lang='lat' dir='ltr'><strong>annis</strong></span> 
     </span>
    </p>
   </div>
   <div class='ocr_carea' id='block_1_105' title="bbox 237 5607 1922 5681">
    <p class='ocr_par' dir='ltr' id='par_1_105' title="bbox 237 5607 1922 5681">
     <span class='ocr_line' id='line_1_105' title="bbox 237 5607 1922 5681; baseline 0.003 -17"><span class='ocrx_word' id='word_1_819' title='bbox 237 5607 525 5664; x_wconf 87' lang='lat' dir='ltr'><strong>decrescit</strong></span> <span class='ocrx_word' id='word_1_820' title='bbox 569 5622 699 5679; x_wconf 86' lang='lat' dir='ltr'><strong>nox,</strong></span> <span class='ocrx_word' id='word_1_821' title='bbox 746 5622 871 5680; x_wconf 68' lang='lat' dir='ltr'><strong>quae</strong></span> <span class='ocrx_word' id='word_1_822' title='bbox 910 5607 1049 5667; x_wconf 85' lang='lat' dir='ltr'><strong>facit</strong></span> <span class='ocrx_word' id='word_1_823' title='bbox 1092 5610 1241 5667; x_wconf 74' lang='lat' dir='ltr'><strong>luna:</strong></span> <span class='ocrx_word' id='word_1_824' title='bbox 1279 5609 1487 5666; x_wconf 85' lang='lat' dir='ltr'><strong>saltum</strong></span> <span class='ocrx_word' id='word_1_825' title='bbox 1524 5610 1704 5681; x_wconf 85' lang='lat' dir='ltr'><strong>;luna</strong></span> <span class='ocrx_word' id='word_1_826' title='bbox 1743 5612 1922 5671; x_wconf 85' lang='lat' dir='ltr'><strong>enim-</strong></span> 
     </span>
    </p>
   </div>
   <div class='ocr_carea' id='block_1_106' title="bbox 2008 4704 3652 4787">
    <p class='ocr_par' dir='ltr' id='par_1_106' title="bbox 2008 4704 3652 4787">
     <span class='ocr_line' id='line_1_106' title="bbox 2008 4704 3652 4787; baseline -0.009 -15"><span class='ocrx_word' id='word_1_827' title='bbox 2008 4717 2192 4787; x_wconf 91' lang='lat' dir='ltr'><strong>quoad</strong></span> <span class='ocrx_word' id='word_1_828' title='bbox 2245 4713 2740 4784; x_wconf 89' lang='lat' dir='ltr'><strong>compunctionem</strong></span> <span class='ocrx_word' id='word_1_829' title='bbox 2791 4712 2984 4768; x_wconf 91' lang='lat' dir='ltr'><strong>cordis</strong></span> <span class='ocrx_word' id='word_1_830' title='bbox 3040 4710 3396 4776; x_wconf 89' lang='lat' dir='ltr'><strong>salutemque</strong></span> <span class='ocrx_word' id='word_1_831' title='bbox 3446 4704 3652 4760; x_wconf 72' lang='lat' dir='ltr'><strong>anima:</strong></span> 
     </span>
    </p>
   </div>
   <div class='ocr_carea' id='block_1_107' title="bbox 2008 4795 3652 4877">
    <p class='ocr_par' dir='ltr' id='par_1_107' title="bbox 2008 4795 3652 4877">
     <span class='ocr_line' id='line_1_107' title="bbox 2008 4795 3652 4877; baseline -0.009 -15"><span class='ocrx_word' id='word_1_832' title='bbox 2008 4806 2273 4877; x_wconf 89' lang='lat' dir='ltr'><strong>pertinet,</strong></span> <span class='ocrx_word' id='word_1_833' title='bbox 2309 4804 2425 4859; x_wconf 67' lang='lat' dir='ltr'><strong>haec</strong></span> <span class='ocrx_word' id='word_1_834' title='bbox 2463 4801 2629 4858; x_wconf 92' lang='lat' dir='ltr'><strong>debet</strong></span> <span class='ocrx_word' id='word_1_835' title='bbox 2669 4803 2955 4858; x_wconf 90' lang='lat' dir='ltr'><strong>meditari.</strong></span> <span class='ocrx_word' id='word_1_836' title='bbox 2999 4801 3108 4870; x_wconf 91' lang='lat' dir='ltr'><strong>Qui</strong></span> <span class='ocrx_word' id='word_1_837' title='bbox 3141 4804 3463 4868; x_wconf 89' lang='lat' dir='ltr'><strong>compotum</strong></span> <span class='ocrx_word' id='word_1_838' title='bbox 3505 4795 3652 4850; x_wconf 89' lang='lat' dir='ltr'><strong>scire</strong></span> 
     </span>
    </p>
   </div>
   <div class='ocr_carea' id='block_1_108' title="bbox 2003 4884 3650 4963">
    <p class='ocr_par' dir='ltr' id='par_1_108' title="bbox 2003 4884 3650 4963">
     <span class='ocr_line' id='line_1_108' title="bbox 2003 4884 3650 4963; baseline -0.007 -14"><span class='ocrx_word' id='word_1_839' title='bbox 2003 4895 2147 4963; x_wconf 88' lang='lat' dir='ltr'><strong>vult,</strong></span> <span class='ocrx_word' id='word_1_840' title='bbox 2189 4893 2353 4949; x_wconf 90' lang='lat' dir='ltr'><strong>debet</strong></span> <span class='ocrx_word' id='word_1_841' title='bbox 2389 4893 2602 4947; x_wconf 92' lang='lat' dir='ltr'><strong>instare</strong></span> <span class='ocrx_word' id='word_1_842' title='bbox 2641 4891 2890 4962; x_wconf 90' lang='lat' dir='ltr'><strong>qualiter</strong></span> <span class='ocrx_word' id='word_1_843' title='bbox 2930 4889 3110 4945; x_wconf 90' lang='lat' dir='ltr'><strong>sancti</strong></span> <span class='ocrx_word' id='word_1_844' title='bbox 3144 4889 3256 4944; x_wconf 89' lang='lat' dir='ltr'><strong>viri</strong></span> <span class='ocrx_word' id='word_1_845' title='bbox 3291 4888 3350 4942; x_wconf 92' lang='lat' dir='ltr'><strong>in</strong></span> <span class='ocrx_word' id='word_1_846' title='bbox 3397 4884 3650 4957; x_wconf 88' lang='lat' dir='ltr'><strong>paschali</strong></span> 
     </span>
    </p>
   </div>
   <div class='ocr_carea' id='block_1_109' title="bbox 2003 4976 3646 5041">
    <p class='ocr_par' dir='ltr' id='par_1_109' title="bbox 2003 4976 3646 5041">
     <span class='ocr_line' id='line_1_109' title="bbox 2003 4976 3646 5041; baseline -0.007 -1"><span class='ocrx_word' id='word_1_847' title='bbox 2003 4983 2302 5041; x_wconf 83' lang='lat' dir='ltr'><strong>Dominica</strong></span> <span class='ocrx_word' id='word_1_848' title='bbox 2333 4981 2791 5038; x_wconf 85' lang='lat' dir='ltr'><strong>Resurrectionis</strong></span> <span class='ocrx_word' id='word_1_849' title='bbox 2822 4978 3024 5034; x_wconf 85' lang='lat' dir='ltr'><strong>festivo</strong></span> <span class='ocrx_word' id='word_1_850' title='bbox 3072 4977 3274 5034; x_wconf 91' lang='lat' dir='ltr'><strong>ordine</strong></span> <span class='ocrx_word' id='word_1_851' title='bbox 3305 4976 3646 5033; x_wconf 90' lang='lat' dir='ltr'><strong>celebranda</strong></span> 
     </span>
    </p>
   </div>
   <div class='ocr_carea' id='block_1_110' title="bbox 2005 5067 3645 5144">
    <p class='ocr_par' dir='ltr' id='par_1_110' title="bbox 2005 5067 3645 5144">
     <span class='ocr_line' id='line_1_110' title="bbox 2005 5067 3645 5144; baseline -0.006 -15"><span class='ocrx_word' id='word_1_852' title='bbox 2005 5073 2364 5144; x_wconf 90' lang='lat' dir='ltr'><strong>inquirentes</strong></span> <span class='ocrx_word' id='word_1_853' title='bbox 2394 5070 2770 5142; x_wconf 88' lang='lat' dir='ltr'><strong>pervenerint,</strong></span> <span class='ocrx_word' id='word_1_854' title='bbox 2804 5071 2926 5125; x_wconf 82' lang='lat' dir='ltr'><strong>Non</strong></span> <span class='ocrx_word' id='word_1_855' title='bbox 2951 5073 3038 5124; x_wconf 88' lang='lat' dir='ltr'><strong>est</strong></span> <span class='ocrx_word' id='word_1_856' title='bbox 3059 5067 3241 5140; x_wconf 83' lang='lat' dir='ltr'><strong>igitur</strong></span> <span class='ocrx_word' id='word_1_857' title='bbox 3266 5067 3371 5123; x_wconf 92' lang='lat' dir='ltr'><strong>hoc</strong></span> <span class='ocrx_word' id='word_1_858' title='bbox 3396 5067 3645 5123; x_wconf 89' lang='lat' dir='ltr'><strong>otiosum</strong></span> 
     </span>
    </p>
   </div>
   <div class='ocr_carea' id='block_1_111' title="bbox 2003 5158 3649 5235">
    <p class='ocr_par' dir='ltr' id='par_1_111' title="bbox 2003 5158 3649 5235">
     <span class='ocr_line' id='line_1_111' title="bbox 2003 5158 3649 5235; baseline -0.007 -16"><span class='ocrx_word' id='word_1_859' title='bbox 2003 5163 2151 5219; x_wconf 90' lang='lat' dir='ltr'><strong>scire</strong></span> <span class='ocrx_word' id='word_1_860' title='bbox 2178 5163 2264 5219; x_wconf 91' lang='lat' dir='ltr'><strong>vel</strong></span> <span class='ocrx_word' id='word_1_861' title='bbox 2297 5160 2770 5235; x_wconf 89' lang='lat' dir='ltr'><strong>quemadmodum</strong></span> <span class='ocrx_word' id='word_1_862' title='bbox 2806 5159 2892 5216; x_wconf 91' lang='lat' dir='ltr'><strong>illi</strong></span> <span class='ocrx_word' id='word_1_863' title='bbox 2925 5158 3146 5230; x_wconf 82' lang='lat' dir='ltr'><strong>cyclum</strong></span> <span class='ocrx_word' id='word_1_864' title='bbox 3186 5158 3561 5230; x_wconf 88' lang='lat' dir='ltr'><strong>scripserunt,</strong></span> <span class='ocrx_word' id='word_1_865' title='bbox 3593 5163 3649 5209; x_wconf 93' lang='lat' dir='ltr'><strong>et</strong></span> 
     </span>
    </p>
   </div>
   <div class='ocr_carea' id='block_1_112' title="bbox 2001 5251 3216 5323">
    <p class='ocr_par' dir='ltr' id='par_1_112' title="bbox 2001 5251 3216 5323">
     <span class='ocr_line' id='line_1_112' title="bbox 2001 5251 3216 5323; baseline -0.006 -14"><span class='ocrx_word' id='word_1_866' title='bbox 2001 5254 2071 5309; x_wconf 90' lang='lat' dir='ltr'><strong>ad</strong></span> <span class='ocrx_word' id='word_1_867' title='bbox 2112 5253 2293 5323; x_wconf 90' lang='lat' dir='ltr'><strong>ipsam</strong></span> <span class='ocrx_word' id='word_1_868' title='bbox 2332 5251 2773 5323; x_wconf 79' lang='lat' dir='ltr'><strong>intelligentiam</strong></span> <span class='ocrx_word' id='word_1_869' title='bbox 2821 5254 3216 5320; x_wconf 90' lang='lat' dir='ltr'><strong>pervenerunt.</strong></span> 
     </span>
    </p>
   </div>
   <div class='ocr_carea' id='block_1_113' title="bbox 2622 5341 3020 5396">
    <p class='ocr_par' dir='ltr' id='par_1_113' title="bbox 2622 5341 3020 5396">
     <span class='ocr_line' id='line_1_113' title="bbox 2622 5341 3020 5396; baseline -0.003 -1"><span class='ocrx_word' id='word_1_870' title='bbox 2622 5343 2698 5395; x_wconf 92' lang='lat' dir='ltr'><strong>De</strong></span> <span class='ocrx_word' id='word_1_871' title='bbox 2732 5341 3020 5396; x_wconf 80' lang='lat' dir='ltr'><strong>mensibus.</strong></span> 
     </span>
    </p>
   </div>
   <div class='ocr_carea' id='block_1_114' title="bbox 2071 5420 3650 5502">
    <p class='ocr_par' dir='ltr' id='par_1_114' title="bbox 2071 5420 3650 5502">
     <span class='ocr_line' id='line_1_114' title="bbox 2071 5420 3650 5502; baseline -0.008 -14"><span class='ocrx_word' id='word_1_872' title='bbox 2071 5431 2266 5488; x_wconf 81' lang='lat' dir='ltr'><strong>XLIX.</strong></span> <span class='ocrx_word' id='word_1_873' title='bbox 2290 5430 2512 5502; x_wconf 90' lang='lat' dir='ltr'><strong>Quibus</strong></span> <span class='ocrx_word' id='word_1_874' title='bbox 2538 5429 2724 5486; x_wconf 90' lang='lat' dir='ltr'><strong>modis</strong></span> <span class='ocrx_word' id='word_1_875' title='bbox 2756 5430 3034 5488; x_wconf 90' lang='lat' dir='ltr'><strong>dicuntur</strong></span> <span class='ocrx_word' id='word_1_876' title='bbox 3070 5438 3288 5483; x_wconf 90' lang='lat' dir='ltr'><strong>menses</strong></span> <span class='ocrx_word' id='word_1_877' title='bbox 3313 5421 3344 5478; x_wconf 79' lang='grc'><strong>4</strong></span> <span class='ocrx_word' id='word_1_878' title='bbox 3366 5420 3650 5493; x_wconf 90' lang='lat' dir='ltr'><strong>quomodo</strong></span> 
     </span>
    </p>
   </div>
   <div class='ocr_carea' id='block_1_115' title="bbox 2001 5510 3650 5592">
    <p class='ocr_par' dir='ltr' id='par_1_115' title="bbox 2001 5510 3650 5592">
     <span class='ocr_line' id='line_1_115' title="bbox 2001 5510 3650 5592; baseline -0.007 -14"><span class='ocrx_word' id='word_1_879' title='bbox 2001 5523 2108 5580; x_wconf 92' lang='lat' dir='ltr'><strong>sub</strong></span> <span class='ocrx_word' id='word_1_880' title='bbox 2132 5521 2326 5592; x_wconf 91' lang='lat' dir='ltr'><strong>idolis,</strong></span> <span class='ocrx_word' id='word_1_881' title='bbox 2360 5520 2468 5576; x_wconf 91' lang='lat' dir='ltr'><strong>sub</strong></span> <span class='ocrx_word' id='word_1_882' title='bbox 2493 5520 2682 5590; x_wconf 90' lang='lat' dir='ltr'><strong>rebus,</strong></span> <span class='ocrx_word' id='word_1_883' title='bbox 2707 5520 2814 5578; x_wconf 92' lang='lat' dir='ltr'><strong>sub</strong></span> <span class='ocrx_word' id='word_1_884' title='bbox 2836 5519 3088 5591; x_wconf 88' lang='lat' dir='ltr'><strong>regibus,</strong></span> <span class='ocrx_word' id='word_1_885' title='bbox 3116 5513 3222 5572; x_wconf 90' lang='lat' dir='ltr'><strong>sub</strong></span> <span class='ocrx_word' id='word_1_886' title='bbox 3247 5511 3502 5571; x_wconf 91' lang='lat' dir='ltr'><strong>numeris</strong></span> <span class='ocrx_word' id='word_1_887' title='bbox 3520 5510 3549 5565; x_wconf 84' lang='lat'><strong>‘?</strong></span> <span class='ocrx_word' id='word_1_888' title='bbox 3565 5512 3650 5567; x_wconf 85' lang='lat' dir='ltr'><strong>Ja-</strong></span> 
     </span>
    </p>
   </div>
   <div class='ocr_carea' id='block_1_116' title="bbox 2004 5601 3648 5682">
    <p class='ocr_par' dir='ltr' id='par_1_116' title="bbox 2004 5601 3648 5682">
     <span class='ocr_line' id='line_1_116' title="bbox 2004 5601 3648 5682; baseline -0.007 -13"><span class='ocrx_word' id='word_1_889' title='bbox 2004 5612 2246 5670; x_wconf 82' lang='lat' dir='ltr'><strong>nuarius</strong></span> <span class='ocrx_word' id='word_1_890' title='bbox 2270 5611 2483 5682; x_wconf 83' lang='lat' dir='ltr'><strong>quibus</strong></span> <span class='ocrx_word' id='word_1_891' title='bbox 2505 5610 2692 5667; x_wconf 90' lang='lat' dir='ltr'><strong>modis</strong></span> <span class='ocrx_word' id='word_1_892' title='bbox 2715 5610 2934 5664; x_wconf 89' lang='lat' dir='ltr'><strong>dicitur</strong></span> <span class='ocrx_word' id='word_1_893' title='bbox 2955 5607 2983 5660; x_wconf 73' lang='grc' dir='ltr'>τ</span> <span class='ocrx_word' id='word_1_894' title='bbox 3001 5604 3256 5675; x_wconf 92' lang='lat' dir='ltr'><strong>Duobus,</strong></span> <span class='ocrx_word' id='word_1_895' title='bbox 3283 5602 3389 5659; x_wconf 92' lang='lat' dir='ltr'><strong>sub</strong></span> <span class='ocrx_word' id='word_1_896' title='bbox 3418 5601 3572 5659; x_wconf 90' lang='lat' dir='ltr'><strong>idolo</strong></span> <span class='ocrx_word' id='word_1_897' title='bbox 3591 5609 3648 5658; x_wconf 94' lang='lat' dir='ltr'><strong>et</strong></span> 
     </span>
    </p>
   </div>
  </div>
