4076 6174
401 251 540 312 4299

1259 246 1550 303 APPEND.
1592 243 1686 301 AD
1722 241 1885 300 SEO.
1922 243 2020 300 IX.
2061 271 2131 282 —
2167 238 2522 300 AUCTORES
2560 237 2894 296 ANONYMI.

3665 235 3808 296 4300

403 378 512 436 sub
541 391 620 436 re.
648 376 766 435 Sub
800 375 954 433 idolo
977 374 1200 432 dicitur
1226 388 1292 431 eo
1319 374 1468 446 quod
1496 387 1528 430 a
1550 375 1689 429 Iano
1716 385 1933 444 pagano
1962 384 2053 428 ac-
2075 369 2136 430 A
2163 367 2603 426 aediﬁcationem
2635 367 2856 439 templi,
2887 366 3024 424 anni
3057 363 3180 424 488.
3215 366 3316 424 In‘
3340 364 3660 424 secundum
3694 365 3813 420 mi-

401 469 554 538 cepit
575 481 796 535 nomen,
829 472 886 522 et
910 464 1134 522 bifrons
1163 463 1294 521 fuit.
1328 466 1395 521 Et
1424 463 1532 520 sub
1558 477 1618 518 re
1647 462 1886 530 dicitur,
1912 461 2050 531 quia

403 559 557 614 sicut
580 557 747 612 homo
779 555 1104 628 ingreditur
1135 569 1235 625 par
1256 554 1466 610 ostium
1503 553 1561 608 in
1587 553 1776 620 domo,
1802 551 1880 606 ita
1910 551 2047 605 anni

405 646 816 718 ingrediuntur
863 657 960 715 per
1004 644 1180 699 istum
1219 642 1576 698 Ianuarium.
1627 641 1784 698 Febr.
1835 639 2050 710 quibus

406 735 590 792 modis
629 734 851 791 dicitur
878 735 906 788 ‘I
932 733 1168 790 Duobus
1217 732 1323 789 sub
1368 731 1522 788 idolo
1565 737 1620 787 et
1661 730 1769 786 sub
1814 743 1890 786 re.
1934 728 2049 784 Sub

405 825 560 882 idolo
593 829 715 880 erat
744 823 1054 896 generatio,
1102 836 1228 894 quae
1257 821 1654 892 appellabatur
1695 819 1930 889 Luperci
1963 816 2048 872 vel

402 913 700 980 Lurconis,
735 913 870 983 quia
901 925 1098 968 omnes
1137 910 1541 979 immunditize,
1574 924 1700 980 quae
1739 922 1839 978 per
1867 913 2049 963 totum

403 1017 618 1059 annum
669 1002 899 1064 ﬁebant,
950 1001 1034 1056 vel
1083 1000 1347 1056 lavabant
1387 1013 1582 1055 eorum
1625 1011 1886 1067 corpora,
1933 995 2047 1052 nisi

398 1097 619 1148 tantum
665 1092 724 1146 in
759 1091 930 1146 istum
972 1089 1366 1156 Februarium,
1398 1094 1454 1143 et
1481 1087 1566 1144 sic
1604 1085 1958 1142 febrizabant
1987 1085 2047 1140 in

399 1193 550 1251 aqua
597 1179 829 1252 frigida.
879 1181 946 1234 Et
993 1177 1099 1234 sub
1145 1192 1203 1233 re
1245 1177 1483 1247 dicitur,
1534 1191 1599 1232 eo
1653 1177 1803 1246 quod
1853 1189 2048 1230 omnes

397 1275 675 1325 creaturae
716 1269 818 1323 Dei
859 1281 1054 1324 omnes
1096 1268 1528 1337 conjunguntur
1575 1266 1636 1320 in
1676 1279 1758 1320 eo.
1806 1265 2050 1319 Martius

397 1358 504 1414 sub
539 1357 693 1413 idolo
734 1358 953 1426 accepit
985 1370 1208 1420 nomen,
1241 1362 1296 1411 et
1324 1369 1355 1410 a
1386 1357 1570 1410 Marso
1613 1367 1848 1424 pagano,
1884 1353 1962 1408 ita
1994 1356 2050 1407 et

396 1448 523 1504 dies
555 1447 770 1502 Martis.
805 1446 1024 1514 Aprilis
1063 1445 1170 1500 sub
1209 1459 1266 1500 re
1298 1445 1536 1514 dicitur,
1573 1449 1630 1498 et
1656 1442 1728 1496 ab
1757 1441 2047 1511 aperiendo

396 1537 618 1591 dicitur
659 1549 724 1590 eo
774 1535 922 1604 quod
975 1534 1160 1602 aperit
1208 1534 1505 1597 mundum,
1551 1536 1606 1586 et
1655 1532 1816 1586 ﬂoret
1857 1531 1914 1584 in
1958 1543 2042 1585 eo.

397 1625 580 1678 Maius
614 1636 646 1676 a
683 1622 833 1676 Maia
874 1625 1052 1676 matre
1091 1619 1358 1676 Mercurii
1401 1619 1622 1688 accepit
1657 1631 1857 1674 nomen
1897 1617 1983 1672 vel
2015 1631 2044 1674 a

2161 473 2354 516 norem
2404 472 2530 528 quae
2573 457 2784 514 tertius
2832 457 3154 528 Regnorum
3203 456 3352 512 liber
3390 455 3652 512 continet
3692 456 3813 526 jam

2155 550 2322 620 juxta
2349 547 2639 618 judicium
2677 547 2812 602 anni
2843 544 2966 602 650.
2995 546 3042 601 A
3071 546 3372 603 Salomone
3403 558 3589 616 usque
3613 544 3684 600 ad
3714 546 3816 600 in—

2159 637 2572 694 staurationem
2595 636 2794 705 templi
2820 650 2944 706 qua:
2970 633 3077 691 sub
3103 635 3274 690 Dario
3306 648 3437 706 rege
3461 632 3632 702 facta,
3657 633 3818 690 colli-

2161 730 2378 798 guntur
2407 724 2541 780 anni
2571 722 2694 780 512.
2731 726 2905 780 Porro
2931 738 2963 780 a
2991 723 3165 779 Dario
3205 737 3390 794 usque
3422 722 3492 778 ad
3527 722 3815 793 praedica-

2162 813 2373 870 tionem
2403 814 2633 869 Domini
2675 813 2858 869 nostri
2895 814 3027 868 Iesu
3057 812 3301 881 Christi,
3333 817 3391 867 et
3431 825 3606 881 usque
3629 811 3700 866 ad
3743 809 3815 868 45

2160 916 2373 959 annum
2403 903 2619 958 Tiberii
2654 902 2877 972 primus
2903 903 2924 924 ·
2953 901 3259 971 explentur
3288 900 3427 956 anni
3457 897 3576 956 548.
3608 903 3812 970 Itaque

2160 991 2304 1047 ﬁunt
2325 992 2499 1047 simul
2522 991 2592 1046 ab
2613 992 2789 1046 Adam
2815 1005 2996 1060 usque
3014 990 3082 1044 ad
3109 989 3572 1060 praedicationem
3591 989 3810 1044 Christi

2157 1086 2213 1136 et
2232 1078 2298 1138 45
2321 1081 2537 1136 Tiberii
2560 1081 2696 1136 anni
2717 1078 2882 1151 5,228
2905 1076 3131 1154 [5,897].
3158 1079 3312 1134 1Etas
3337 1079 3567 1148 proprie
3585 1077 3812 1134 duobus

2160 1173 2346 1229 modis
2366 1172 2622 1240 dicitur;
2646 1177 2747 1228 aut
2765 1173 2916 1228 enim
2941 1171 3204 1228 homines
3225 1171 3310 1226 sic
3333 1168 3602 1238 infantia,
3621 1170 3816 1238 juven-

2161 1267 2274 1332 tus,
2317 1267 2596 1317 senectus.
2639 1262 2753 1317 Aut
2793 1261 2991 1316 mundi
3037 1260 3107 1316 ab
3137 1260 3311 1316 Adam
3353 1272 3536 1328 usque
3576 1258 3646 1313 ad
3679 1260 3811 1312 Noe.

2158 1352 2416 1407 Secunda
2446 1365 2477 1406 a
2506 1353 2622 1407 Noe
2653 1365 2836 1422 usque
2865 1351 2934 1405 ad
2965 1350 3272 1406 Abraham.
3302 1350 3498 1405 Tertio
3524 1347 3597 1402 ab
3630 1347 3818 1402 Abra-

2162 1440 2291 1496 ham
2343 1453 2524 1510 usque
2569 1441 2637 1495 ad
2693 1440 2892 1496 David.
2946 1438 3161 1507 Quarta
3207 1453 3240 1493 a
3287 1438 3464 1494 David
3512 1451 3698 1506 usque
3745 1437 3814 1492 ad

2159 1529 2720 1600 transmigrationem
2781 1529 2986 1585 Judzeaa
3040 1528 3100 1584 in
3161 1527 3549 1598 Babyloniam.
3603 1526 3814 1595 Quinta

2157 1617 2364 1673 deinde
2410 1631 2592 1688 usque
2632 1618 2701 1672 ad
2750 1618 3052 1672 adventum
3101 1617 3432 1672 Salvatoris.
3476 1615 3643 1670 Sexta
3690 1628 3815 1684 qua:

399 1712 676 1780 majorum
709 1709 991 1778 sapientia
1019 1709 1421 1764 Romanorum.
1453 1707 1662 1763 Junius
1685 1722 1716 1762 a
1743 1708 2044 1776 juniorum
2079 1709 2132 1771 Β
2163 1719 2315 1763 nunc
2347 1706 2543 1777 agitur
2581 1719 2764 1776 usque
2802 1719 2915 1776 quo
2953 1705 3200 1761 mundus
3243 1706 3350 1760 iste
3391 1704 3650 1758 ﬁniatur.

395 1798 679 1865 sapientia
708 1799 1113 1867 Romanorum,
1145 1798 1338 1854 Julius
1365 1797 1551 1852 Cmsar
1579 1800 1636 1852 et
1659 1799 1955 1868 Augustus
1977 1795 2045 1851 ad

395 1887 735 1958 dignitatem
770 1890 1112 1954 acceperunt
1145 1885 1391 1940 nomina.
1424 1885 1599 1954 Sept.,
1641 1883 1788 1954 Oct.,
1821 1886 1956 1940 Nov.
1995 1888 2050 1939 et

396 1974 654 2032 Decemb.
698 1989 730 2030 a
763 1988 1000 2031 numero
1037 1980 1380 2044 acceperunt
1425 1973 1674 2029 nomina.
1718 1973 1868 2043 Sept.
1911 1973 2048 2043 quia

395 2066 675 2136 septimus
701 2079 733 2120 a
760 2077 951 2120 mense
974 2064 1179 2120 Martio
1197 2082 1212 2133 ;
1230 2062 1426 2120 Octob.
1453 2063 1589 2134 quia
1616 2066 1848 2118 octavus
1871 2080 1885 2133 ς
1905 2064 2040 2117 Nov.

397 2153 534 2223 quia
562 2166 787 2222 nonus;
820 2156 876 2208 et
904 2151 1164 2208 Decemb.
1197 2165 1262 2207 eo
1289 2151 1440 2222 quod
1471 2151 1750 2222 decimus,
1783 2155 1840 2206 et
1867 2147 2049 2206 imber

396 2241 609 2311 pluviae
639 2246 744 2298 est.
1594 2311 1601 2318 _

952 2332 1028 2384 De
1057 2331 1190 2383 luna
1213 2329 1486 2398 paschali.

468 2422 527 2475 L.
572 2421 729 2476 Luna
770 2419 827 2474 in
867 2419 1084 2475 Pascha
1122 2432 1234 2474 non
1273 2423 1455 2488 potest
1494 2417 1616 2473 ﬁeri
1658 2417 1848 2473 minor
1879 2430 2047 2489 quam

401 2508 486 2577 45,
529 2511 710 2577 major
753 2523 923 2580 quam
963 2506 1052 2564 2i.
1099 2511 1159 2563 In
1198 2508 1643 2579 Quadragesima
1681 2520 1812 2563 vero
1862 2507 2051 2562 minor

398 2613 507 2654 non
553 2603 736 2666 potest
777 2597 899 2651 ﬁeri
950 2611 1118 2667 quam
1157 2595 1211 2666 3,
1260 2610 1360 2652 nec
1407 2598 1585 2665 major
1623 2610 1791 2665 quam
1833 2593 1886 2662 9,
1934 2594 2048 2649 nisi

397 2687 688 2743 bissextus
709 2687 981 2741 evenerit.
1005 2688 1066 2740 In
1085 2685 1502 2755 Rogationibus
1527 2685 1713 2738 minor
1736 2697 1845 2739 non
1867 2688 2051 2752 potest

399 2776 521 2830 fieri
564 2787 731 2843 quam
771 2771 864 2843 22,
909 2787 1009 2826 nec
1051 2774 1230 2840 major
1278 2786 1446 2840 quam
1487 2769 1574 2826 28.
1621 2774 1680 2826 In
1724 2773 2051 2826 Pentecoste

400 2863 590 2916 minor
619 2874 730 2916 non
766 2865 947 2929 potest
979 2859 1101 2914 fieri
1136 2872 1305 2929 quam
1331 2857 1385 2927 5,
1416 2874 1515 2914 nec
1549 2861 1728 2928 major
1759 2873 1928 2931 quam
1964 2857 2048 2914 44.

395 2950 454 3006 Si
481 2947 656 3005 fuerit
683 2948 742 3003 in
764 2948 978 3003 Pascha
1009 2947 1144 3004 luna
1170 2944 1254 3017 45,
1292 2947 1350 3002 in
1383 2948 1828 3020 Quadragesima
1862 2947 2048 3020 erit3,

2229 1795 2288 1851 Si
2313 1795 2401 1851 vis
2419 1795 2569 1851 scire
2587 1808 2768 1851 annos
2787 1795 2857 1850 ab
2880 1795 3054 1850 initio
3078 1794 3275 1850 mundi
3304 1792 3631 1862 multiplica
3651 1792 3816 1862 quin-

2157 1884 2366 1955 decies,
2407 1881 2532 1952 400,
2573 1888 2630 1940 et
2669 1881 2755 1954 45,
2797 1888 2854 1939 et
2892 1881 2978 1953 40,
3015 1889 3071 1938 et
3110 1881 3196 1953 45,
3235 1880 3288 1936 9.
3335 1882 3494 1937 Adde
3533 1881 3817 1937 indictio-

2159 1988 2284 2031 nem
2323 1974 2578 2045 ejusdem
2616 1972 2776 2042 anni,
2821 1976 2878 2028 et
2916 1973 3132 2042 partire
3171 1986 3270 2041 per
3312 1968 3380 2026 45
3418 1977 3658 2041 partem.

2663 2065 2740 2117 De
2772 2063 2999 2116 termino
3031 2062 3301 2132 paschali.

2229 2153 2333 2208 LV.
2358 2151 2417 2207 Si
2433 2151 2522 2207 vis
2545 2150 2801 2206 invenire
2815 2149 3011 2207 subito
3032 2155 3243 2220 quotus
3261 2149 3546 2205 terminus
3567 2148 3818 2218 pascha-

2159 2242 2236 2298 lis
2266 2242 2363 2311 sit,
2404 2241 2454 2297 si
2489 2241 2548 2296 in
2593 2253 2784 2296 mense
2818 2240 3023 2296 Martio
3060 2239 3314 2295 evenerit
3349 2239 3658 2306 terminus,
3695 2246 3820 2293 tene

2158 2331 2229 2387 de
2257 2329 2464 2385 Martio
2493 2329 2787 2400 regulares
2815 2325 2902 2384 36.
2947 2327 3229 2384 Subtrahe
3262 2332 3516 2398 epactam
3560 2326 3819 2381 lunarem

2162 2419 2350 2489 ipsius
2379 2419 2537 2488 anni,
2579 2424 2634 2473 et
2664 2421 2948 2487 quotquot
2983 2417 3110 2472 dies
3142 2421 3270 2486 post
3297 2415 3651 2472 subtractam
3681 2428 3819 2484 epa-

2159 2513 2307 2564 ctam
2339 2508 2408 2563 de
2445 2507 2570 2576 ipso
2605 2519 2842 2562 numero
2883 2512 3297 2573 remanserunt,
3333 2505 3542 2575 collige
3581 2517 3817 2559 numero

2163 2597 2220 2652 in
2252 2596 2539 2665 articulis,
2569 2601 2624 2650 et
2647 2595 2704 2650 in
2733 2608 2846 2666 quo
2865 2596 3128 2651 datarum
3154 2594 3423 2662 evenerit,
3453 2592 3628 2648 talem
3657 2592 3819 2646 habe-

2161 2685 2253 2740 bis
2289 2685 2618 2740 terminum.
2655 2684 2715 2739 Si
2751 2689 2938 2739 autem
2976 2683 3035 2738 in
3079 2696 3266 2738 mense
3303 2682 3490 2752 Aprili
3534 2681 3817 2737 terminus

2164 2773 2498 2843 incurrerit,
2541 2779 2668 2828 tene
2705 2773 2776 2828 de
2804 2772 2992 2841 Aprili
3033 2772 3322 2844 regulares
3349 2769 3438 2839 35,
3481 2777 3536 2825 et
3566 2771 3640 2825 de
3675 2769 3817 2838 ipsis

2164 2860 2527 2932 regularibus
2546 2859 2632 2916 35.
2659 2861 2862 2916 Eodem
2889 2860 3054 2916 modo
3074 2859 3388 2915 calculabis
3410 2873 3525 2928 quo
3545 2859 3816 2927 superius

2162 2950 2440 3006 diximus.
2472 2950 2630 3019 Quod
2663 2949 2713 3005 si
2749 2962 2939 3004 mense
2967 2949 3172 3004 Martio
3205 2956 3330 3018 post
3356 2947 3666 3003 deductam
3696 2959 3817 3015 epa-

400 3039 460 3094 in
486 3036 904 3108 Rogationibus
933 3035 1020 3106 22,
1052 3037 1111 3092 in
1137 3039 1465 3093 Pentecoste
1483 3035 1536 3094 5.
1565 3039 1633 3092 Et
1659 3043 1902 3110 quantos
1925 3039 2053 3094 dies
2090 3040 2136 3102 C
2165 3043 2311 3093 ctam
2341 3036 2410 3094 30
2441 3044 2660 3094 tantum
2703 3038 3103 3108 remanserint,
3139 3035 3209 3093 30
3245 3037 3340 3092 die
3376 3035 3502 3090 Kal.
3537 3035 3728 3102 Mart.,
3761 3035 3814 3090 id

399 3128 642 3184 creverit
675 3127 732 3182 in
763 3126 998 3198 Pascha,
1033 3133 1221 3182 tantos
1250 3133 1459 3183 crescit
1491 3129 1549 3182 in
1579 3128 1859 3199 Quadrag.
1895 3127 2053 3182 simi-

399 3217 535 3273 liter
571 3216 628 3270 in
667 3215 966 3286 Rogation.
1007 3229 1106 3270 seu
1144 3216 1204 3270 in
1242 3217 1588 3272 Pentecoste.

399 3305 800 3372 Argumentum
825 3303 899 3356 ad
928 3305 1151 3357 initium
1174 3303 1615 3371 Quadragesimz
1642 3305 2047 3358 inveniendum.

475 3395 557 3447 LI.
611 3393 868 3460 Quantos
909 3392 1035 3447 dies
1083 3391 1298 3446 Pascha
1344 3390 1521 3447 fuerit
1563 3398 1694 3448 ante
1735 3393 1882 3462 prid.
1925 3394 2049 3448 Kal.

401 3483 589 3551 Mart.,
626 3480 684 3535 in
717 3479 874 3535 Febr.
911 3479 1146 3534 habebis
1175 3479 1701 3552 Quadragesimam,
1727 3487 1783 3535 et
1808 3488 2053 3551 quantos

401 3571 528 3626 dies
555 3575 681 3639 post
708 3570 858 3640 prid.
886 3569 962 3623 ld.
995 3569 1127 3637 Apr.
1157 3568 1428 3625 habueris
1459 3569 1690 3638 Pascha,
1716 3575 1904 3623 tantos
1928 3569 2054 3624 dies

406 3667 531 3730 post
557 3658 680 3713 Kal.
716 3661 876 3713 Mart.
906 3657 1144 3712 habebis
1168 3657 1689 3728 Quadragesimam.
1725 3657 1793 3710 Et
1821 3657 1870 3710 si
1900 3658 2050 3726 prid.

406 3748 464 3803 Id
495 3747 630 3816 Apr.
679 3745 951 3802 habueris
993 3745 1228 3815 Pascha,
1272 3745 1395 3799 Kal.
1428 3747 1592 3798 Mart.
1637 3743 1873 3799 habebis
1896 3746 2056 3814 Qua-

406 3835 804 3906 dragesimam.

727 3923 861 3974 Item
894 3921 970 3973 ad
996 3921 1318 3987 Rogationes
1354 3919 1731 3975 inveniendas.

481 4011 588 4065 LII.
617 4009 870 4078 Quantos
894 4008 1020 4064 dies
1044 4014 1174 4063 ante
1201 4008 1322 4063 Kal.
1355 4009 1490 4079 Apr.
1525 4009 1794 4066 habueris
1820 4011 2052 4080 Pascha,

409 4102 600 4153 tantos
633 4096 761 4151 dies
792 4101 923 4151 ante
957 4098 1097 4151 Non.
1143 4095 1274 4151 Mai.
1317 4095 1552 4152 habebis
1591 4097 1952 4169 Rogationes.
1992 4101 2060 4155 Et

409 4191 656 4258 quantos
686 4185 810 4241 dies
842 4185 988 4256 prid.
1023 4185 1146 4241 Kal.
1179 4186 1314 4256 Apr.
1347 4186 1618 4242 habueris
1656 4187 1888 4258 Pascha,
1925 4195 2063 4244 tan-

411 4282 499 4332 tos
535 4275 662 4330 dies
698 4274 852 4346 prid.
885 4276 1027 4330 Non.
1069 4274 1201 4329 Mai.
1239 4274 1476 4330 habebis
1514 4276 1876 4347 Rogationes,
1919 4286 1976 4332 et
2008 4276 2059 4331 si

2163 3132 2250 3183 est
2270 3139 2332 3182 IIl
2357 3127 2480 3181 Kal.
2509 3127 2641 3196 Apr.
2675 3126 2910 3182 habebis
2939 3127 3266 3182 terminum.
3292 3124 3608 3193 Incipiente
3629 3129 3812 3179 autem

2162 3228 2312 3270 anno
2342 3216 2524 3284 primo
2553 3215 3054 3272 decemnovennali
3088 3215 3148 3270 in
3179 3228 3367 3270 mense
3393 3214 3532 3283 Apr.
3564 3219 3814 3281 epactam

2165 3305 2402 3360 minime
2425 3305 2615 3375 habes,
2643 3306 2794 3375 quod
2823 3305 3054 3361 recedas
3075 3305 3145 3360 de
3173 3304 3318 3374 ipsis
3340 3301 3707 3374 regularibus
3725 3299 3811 3357 35.

2160 3395 2240 3449 De
2286 3393 2474 3464 Aprili
2530 3395 2726 3450 recede
2772 3393 2862 3465 30,
2915 3399 3208 3450 remanent
3249 3391 3300 3449 5.
3348 3393 3563 3461 Quinto
3612 3391 3708 3446 die
3748 3389 3814 3444 de

2165 3495 2356 3537 mense
2385 3481 2544 3550 Apr.,
2579 3481 2634 3536 id
2665 3487 2751 3537 est
2780 3484 2922 3538 Non.
2955 3481 3088 3552 Apr.
3135 3479 3372 3536 habebis
3402 3479 3734 3547 terminum,
3762 3483 3815 3530 et

2165 3570 2251 3626 sic
2283 3569 2554 3626 omnibus
2583 3569 2770 3625 annis.

2757 3659 2834 3712 De
2866 3657 3221 3711 hebdomada.

2236 3747 2368 3802 LVI.
2405 3746 2762 3802 Hebdomada
2835 3747 2985 3815 apud
3047 3746 3279 3801 Graecos
3337 3750 3395 3800 et
3451 3745 3737 3799 Romanos
3783 3739 3814 3797 ἲ

2165 3835 2389 3892 dierum
2413 3850 2586 3891 cursu
2612 3835 2924 3906 peragitur.
2945 3835 3108 3904 Apud
3134 3835 3394 3890 Hebraeos
3415 3841 3605 3889 autem
3629 3829 3667 3887 Ἰ
3685 3831 3815 3886 anui

2168 3930 2322 3980 sunt.
2370 3923 2630 3978 Declarat
2673 3923 2778 3978 hoc
2811 3922 3011 3978 Daniel
3055 3923 3124 3978 de
3168 3921 3644 3977 hebdomadibus.
3690 3918 3820 3973 Heb-

2168 4014 2408 4070 domada
2439 4018 2626 4068 autem
2659 4011 2823 4068 feriis
2865 4019 3106 4066 constat.
3141 4011 3304 4066 Feria
3337 4023 3568 4082 quoque
3593 4023 3628 4063 a
3652 4007 3818 4075 fando

2169 4101 2345 4168 dicta,
2392 4101 2558 4172 quasi
2600 4103 2738 4170 fari,
2773 4114 2839 4156 eo
2879 4100 3027 4172 quod
3064 4099 3122 4154 in
3163 4099 3453 4155 creatione
3495 4098 3700 4154 mundi
3732 4108 3822 4165 per

2170 4189 2434 4260 singulos
2457 4191 2582 4245 dies
2609 4190 2764 4245 dixit
2788 4191 2936 4246 Deus
2965 4209 2977 4242 :
3006 4191 3148 4244 Fiat.
3178 4192 3312 4244 Item
3352 4189 3487 4259 quia
3519 4188 3651 4242 dies
3683 4186 3823 4241 Sab-

2173 4279 2291 4334 bati
2313 4279 2384 4333 ab
2411 4279 2582 4334 initio
2610 4278 2851 4335 feriatus
2879 4278 3139 4350 habetur,
3170 4279 3299 4333 inde
3323 4277 3450 4332 dies
3468 4277 3614 4331 solis
3645 4277 3821 4345 prima

408 4363 662 4421 evenerit
702 4368 766 4420 ut
797 4361 925 4417 Kal.
969 4363 1104 4433 Apr.
1153 4363 1424 4419 habueris
1460 4363 1694 4432 Pascha,
1740 4366 1884 4420 Non.
1924 4365 2057 4421 Mai.
2092 4385 2148 4447 D
2174 4365 2316 4422 feria
2347 4373 2734 4438 nuncupatur,
2764 4368 2900 4437 quia
2924 4368 3145 4436 primus
3165 4372 3251 4422 est
3275 4379 3305 4420 a
3330 4364 3491 4420 feria.
3522 4367 3663 4419 Item
3696 4365 3825 4419 luna

412 4453 649 4510 habebis
679 4453 1039 4524 Rogationes.

695 4544 830 4596 Item
865 4541 941 4595 ad
974 4543 1333 4596 Pentecostem
1372 4541 1773 4596 inveniendam.

485 4633 618 4686 LIII.
643 4631 898 4700 Quantos
917 4630 1044 4685 dies
1069 4636 1201 4685 ante
1220 4629 1344 4684 Kal.
1372 4631 1508 4699 Apr.
1535 4629 1808 4687 habueris
1829 4632 2057 4703 Pascha,

414 4723 604 4775 tantos
632 4720 757 4775 dies
786 4727 917 4774 ante
948 4731 1052 4773 xui
1082 4718 1206 4774 Kal.
1234 4719 1364 4774 Iun.
1395 4717 1630 4774 habebis
1661 4721 2060 4793 Pentecostem,

412 4813 467 4863 et
515 4812 760 4900 quantos
797 4808 923 4863 dies
973 4808 1120 4900 prid.
1157 4807 1286 4900 Kal.
1339 4809 1478 4900 Apr.
1519 4807 1792 4900 habueris
1829 4809 2064 4900 Pascha,

416 4901 604 4952 tantos
629 4897 754 4952 dies
780 4903 906 4967 post
931 4911 1035 4952 xui
1069 4897 1192 4953 Kal.
1223 4899 1354 4953 Jun.
1390 4897 1628 4953 habebis
1654 4897 2062 4954 Pentecostem.

412 4986 483 5042 Et
520 4985 570 5042 si
611 4987 863 5041 evenerit
911 4991 973 5042 ut
1010 4986 1134 5042 Kal.
1184 4987 1320 5057 Apr.
1364 4986 1637 5043 habueris
1675 4987 1907 5059 Pascha,
1955 5001 2060 5044 xui

416 5075 542 5132 Kal.
581 5075 712 5132 Jun.
754 5074 990 5132 habebis
1027 5077 1431 5132 Pentecostem.

938 5167 1015 5220 De
1044 5165 1534 5236 subpotationibus.

483 5257 611 5312 LIV.
671 5253 1011 5324 Subpotatio
1061 5254 1316 5324 Eusebii,
1373 5255 1701 5326 Hieronymi
1749 5255 1821 5310 ab
1861 5255 2060 5327 Adam,

414 5358 596 5417 usque
629 5343 698 5399 ad
730 5342 1020 5399 diluvium
1059 5344 1196 5399 anni
1226 5341 1409 5413 2,252.
1443 5344 1492 5400 A
1519 5343 1745 5400 diluvio
1780 5359 1962 5418 usque
1991 5347 2060 5402 ad

417 5433 702 5489 Abraham
739 5432 875 5487 anni
917 5429 1040 5487 942.
1077 5433 1158 5488 Ab
1199 5432 1479 5487 Abraham
1524 5447 1706 5503 usque
1740 5434 1806 5488 ad
1838 5437 2060 5505 Moysen

413 5524 548 5577 anni
736 5521 784 5575 A
809 5523 995 5590 Moyse
1029 5535 1211 5590 usque
1231 5521 1297 5574 ad
1332 5520 1708 5592 Salomonem,
1738 5530 1794 5577 et
1820 5523 2062 5592 primam

2176 4457 2410 4527 perinde
2440 4457 2686 4513 secunda
2718 4455 2881 4523 feria,
2917 4457 3053 4526 quia
3083 4455 3368 4510 secundus
3395 4461 3482 4508 est
3505 4467 3536 4507 a
3568 4451 3738 4521 feria,
3773 4451 3824 4505 id

2173 4551 2260 4602 est
2291 4559 2324 4601 a
2352 4545 2614 4613 Sabbato,
2649 4545 2798 4616 quod
2840 4551 2927 4600 est
2961 4543 3252 4600 feriatum.
3283 4543 3376 4598 Sic
3403 4548 3461 4596 et
3489 4540 3669 4595 ceteri
3709 4541 3831 4594 dies

2173 4634 2276 4690 alii
2300 4648 2368 4690 ex
2391 4647 2626 4690 numero
2648 4640 3016 4705 sumpserunt
3038 4631 3329 4688 vocabula.
3355 4630 3518 4700 Apud
3545 4630 3828 4685 Romanos

2173 4728 2361 4779 autem
2382 4723 2440 4777 hi
2457 4723 2629 4778 diesa
2648 4723 2914 4794 planetis,
2934 4723 2989 4778 id
3009 4728 3095 4777 est
3109 4721 3376 4776 erraticis
3391 4717 3583 4775 stellis
3601 4718 3826 4774 nomina

2173 4819 2533 4882 acceperunt.
2579 4812 2806 4867 Primus
2849 4811 3002 4866 enim
3041 4810 3167 4865 dies
3204 4823 3237 4864 a
3271 4809 3388 4864 sole
3428 4813 3691 4867 vocatus.
3736 4805 3824 4877 qui

2176 4901 2442 4972 princeps
2483 4905 2568 4956 est
2605 4901 2863 4956 omnium
2913 4901 3189 4967 siderum,
3233 4899 3387 4954 sicut
3424 4902 3481 4954 et
3530 4897 3684 4952 idem
3711 4896 3827 4951 dies

2173 4994 2346 5060 caput
2374 4995 2460 5044 est
2485 4995 2822 5044 cunctorum
2854 4989 3100 5045 dierum.
3131 4988 3428 5044 Secundus
3451 5000 3485 5041 a
3511 4985 3675 5052 luna,
3710 4998 3825 5054 quae

2175 5077 2285 5134 soli
2312 5078 2612 5147 splendore
2640 5078 2898 5147 proxima
2923 5083 3028 5148 est,
3052 5083 3107 5132 et
3130 5075 3550 5148 magnitudine,
3573 5081 3743 5144 atque
3761 5086 3823 5126 ex

2175 5181 2240 5224 eo
2258 5167 2442 5223 nutrit
2469 5166 2679 5223 lumen.
2713 5167 2940 5222 Tertius
2965 5181 2997 5222 a
3022 5167 3186 5222 stella
3215 5165 3437 5234 Martis,
3469 5178 3599 5234 quae
3627 5165 3828 5231 Vesper

2175 5261 2430 5314 vocatur.
2472 5255 2723 5324 Quartus
2763 5269 2796 5311 a
2834 5255 3000 5312 stella
3043 5255 3337 5326 Mercurii,
3379 5267 3552 5326 quam
3597 5251 3828 5325 quidam

2172 5345 2482 5402 candidum
2516 5344 2802 5402 circulum
2835 5345 3058 5401 dicunt.
3102 5343 3355 5415 Quintus
3381 5357 3412 5398 a
3447 5342 3617 5398 stella
3655 5339 3829 5406 Iovis,

2174 5449 2342 5506 quam
2374 5434 2544 5490 Feton
2569 5434 2791 5490 dicunt.
2821 5435 3027 5490 Sextus
3065 5432 3134 5488 ab
3161 5432 3328 5487 stella
3357 5431 3619 5492 Veneris,
3657 5442 3830 5500 quam

2175 5523 2498 5580 Luciferum
2513 5529 2797 5593 asserunt,
2815 5537 2940 5594 qua:
2955 5522 3306 5578 intersidera
3322 5521 3452 5590 plus
3470 5519 3626 5575 lucis
3644 5517 3832 5573 habet.
