4076 6174
254 298 384 360 4304

1609 294 1810 353 LIBER
1845 293 1938 352 DE
1973 292 2317 351 COMPUTO.

3521 291 3662 352 4302

250 423 539 494 Septimus
562 420 776 479 astella
800 420 1054 492 Saturni,
1081 434 1207 492 quae
1230 421 1252 444 *
1277 423 1436 477 sexto
1457 419 1600 477 cmlo
1621 419 1897 479 collocata
1919 412 1979 475 A
2009 421 2163 478 tinos
2208 434 2427 478 menses
2469 388 2692 479 solares'
2726 423 2936 492 reperti
3002 427 3157 480 sunt.
3203 422 3451 480 Arcades
3504 422 3657 480 enim

251 511 367 570 30'
418 511 588 567 annis
647 509 830 565 fertur
869 509 1093 580 explere
1145 523 1375 566 cursum
1419 524 1610 566 suum.
1655 511 1900 568 Proinde

251 605 442 658 autem
474 600 719 673 gentiles
747 613 814 654 ex
845 599 937 654 his
976 603 1186 669 septem
1215 599 1401 654 stellis
1435 599 1665 655 nomina
1693 600 1900 656 diebus

251 693 552 760 dederunt,
603 704 668 746 eo
708 690 859 760 quod
907 703 1007 759 per
1053 691 1277 746 eosdem
1330 689 1553 760 aliquid
1609 690 1720 745 sibi
1754 688 1896 747 eﬁici

251 781 648 838 existimarent
681 780 975 835 dicentes:
1007 779 1214 834 habere
1251 793 1318 834 ex
1357 779 1475 834 sole
1505 779 1798 851 spiritum,
1832 795 1899 836 ex

252 870 388 926 luna
413 884 642 940 corpus,
667 883 734 924 ex
764 868 1048 924 Mercurio
1080 869 1356 939 linguam,
1376 873 1432 923 et
1449 868 1810 938 sapientiam,
1831 884 1898 925 ex

251 961 462 1015 Venere
509 959 879 1028 voluptatem,
936 971 1004 1013 ex
1065 960 1242 1013 Marte
1291 957 1589 1022 fervorem,
1639 972 1709 1012 ex
1769 961 1900 1015 Jove

251 1048 705 1118 temperantiam,
747 1062 811 1103 ex
852 1048 1098 1104 Saturno
1129 1047 1478 1103 tarditatem.
1510 1047 1665 1103 Talis
1687 1050 1899 1120 quippe

249 1139 442 1195 extitit
488 1137 793 1210 gentilium
839 1137 1113 1206 stultitia,
1156 1138 1256 1209 qui
1297 1137 1412 1193 sibi
1454 1137 1742 1194 ﬁnxerunt
1781 1143 1896 1196 tam

250 1227 564 1284 ridiculosa
591 1226 894 1298 ﬁgmenta.’

764 1318 897 1371 Item
926 1317 992 1372 de
1016 1317 1376 1371 hebdomada.

318 1407 470 1463 LVII.
514 1405 876 1462 Hebdomada
907 1407 1060 1463 dicta
1090 1411 1174 1462 est
1198 1420 1230 1462 a
1271 1407 1462 1463 Graeca
1490 1407 1891 1477 appellatione,

249 1495 414 1569 quasi
445 1495 694 1551 Hebdom
717 1509 748 1551 a
772 1509 1007 1551 numero
1032 1493 1068 1550 7
1088 1495 1312 1552 dierum
1336 1497 1507 1552 dicta.
1539 1496 1900 1552 Hebdomada

247 1586 400 1641 enim
430 1585 580 1655 apud
621 1585 848 1640 Graecos
887 1581 924 1639 '7
966 1585 1127 1641 adest
1153 1588 1175 1609 '
1211 1585 1338 1641 dies
1367 1591 1581 1641 veteres
1609 1585 1895 1640 dicebant.

247 1676 383 1732 Inde
434 1675 658 1730 dicitur
705 1674 1080 1745 hebdomada,
1121 1679 1176 1730 et
1225 1675 1462 1746 reliquae
1509 1674 1893 1731 hebdomadas.

2011 525 2222 568 annum
2246 527 2414 568 suum
2441 511 2475 568 3
2515 512 2808 568 mensibus
2840 513 3234 580 numerabant,
3269 514 3326 570 id
3355 519 3442 568 est
3465 513 3525 568 in
3550 527 3661 569 no-

2010 601 2164 656 mine
2206 599 2299 656 424
2348 600 3030 672 diebus.computabant.
3087 602 3478 659 Archanenses
3525 616 3658 658 vero

2008 688 2061 760 6,
2094 692 2149 746 id
2190 697 2275 747 est
2321 692 2583 764 singulos
2615 707 2834 748 menses
2877 690 2946 749 62
2985 691 3190 748 diebus
3229 691 3654 763 computabant.

2006 782 2189 837 Graeci
2236 782 2447 852 reliqui
2493 780 2598 838 354
2633 796 2846 838 annum
2893 783 3189 852 proprium
3230 781 3654 850 computabant.

2007 870 2322 940 lncipiebat
2344 885 2375 927 a
2406 872 2630 940 Martio,
2656 872 3097 942 computabatur
3123 871 3420 927 mensibus
3443 867 3524 924 44.
3557 871 3667 925 Bo-

2008 960 2162 1015 mani
2199 975 2331 1017 vero
2361 966 2594 1019 auctore
2627 963 2865 1017 Romulo
2895 976 3107 1018 annum
3135 975 3304 1017 suum
3338 958 3403 1016 40
3438 959 3659 1014 mensi—

2007 1047 2118 1104 bus
2142 1049 2567 1119 computabant.
2598 1050 2958 1120 Incipiebant
2985 1065 3017 1106 a
3043 1051 3247 1106 Martio
3279 1062 3489 1119 mense,
3525 1061 3660 1118 per-

2007 1136 2310 1194 ﬁciebatur
2354 1139 2770 1206 aﬁDecembrio
2818 1153 3008 1195 mense
3050 1140 3256 1216 diebus
3311 1137 3434 1194 304.
3491 1138 3660 1209 Sym—

2008 1227 2295 1296 phronius
2357 1236 2547 1283 autem
2617 1229 2886 1299 adjunxit
2952 1243 3130 1284 unum
3208 1242 3476 1290 mensem,
3555 1227 3657 1298 qui

2004 1316 2307 1373 dicebatur
2335 1317 2702 1388 Februarius,
2738 1319 2834 1389 qui
2873 1323 2928 1373 et
2959 1319 3124 1375 modo
3148 1317 3472 1374 Februarus
3500 1316 3660 1372 dici—

2008 1410 2124 1476 tur,
2171 1412 2225 1461 et
2269 1407 2676 1476 computabant
2723 1421 2935 1463 annum
2967 1405 3073 1464 322
3113 1407 3338 1463 diebus.
3384 1405 3662 1463 Aurelius

2005 1495 2174 1564 Clepa
2204 1496 2366 1551 addit
2406 1511 2651 1552 mensem
2683 1495 2752 1553 30
2792 1497 3040 1567 dierum,
3076 1511 3242 1568 quem
3273 1496 3455 1552 Graeci
3487 1495 3662 1552 Afro-

2009 1585 2186 1639 nitem
2216 1589 2440 1645 vocant,
2481 1599 2643 1655 quem
2681 1601 2784 1642 nos
2807 1586 3094 1656 Aprilium
3126 1586 3397 1654 dicimus,
3430 1590 3486 1642 et
3515 1598 3660 1641 com-

2009 1673 2322 1742 putabatur
2377 1687 2564 1731 annus
2639 1676 2746 1731 hoc
2820 1676 2984 1731 modo
3029 1672 3134 1730 364
3199 1674 3424 1730 diebus.
3474 1675 3659 1729 Numa

243 1763 409 1835 Apud
467 1765 693 1820 Graecos
761 1767 817 1819 et
864 1737 1094 1820 Latinos
1162 1737 1373 1834 septem
1426 1765 1649 1820 dierum
1721 1778 1896 1820 cursu
1930 1737 2329 1832 I3I>ompilius
2372 1764 2599 1820 addidit
2645 1779 2820 1820 unum
2869 1765 3021 1820 diem
3073 1765 3131 1820 in
3180 1765 3450 1820 honorem
3507 1763 3662 1833 paris

247 1852 561 1923 peragitur,
611 1852 762 1921 apud
817 1851 1080 1907 Hebraeos
1128 1848 1164 1906 7
1229 1852 1400 1907 annis
1451 1851 1736 1908 dicebant.
1784 1853 1899 1906 Hoc

245 1939 446 1995 Daniel
467 1941 538 1995 de
568 1941 930 2011 septuaginta
955 1940 1425 2010 hebdomadibus,
1457 1941 1512 1996 id
1536 1945 1622 1996 est
1645 1940 1714 1994 ab
1739 1940 1898 1995 exitu

245 2029 547 2098 sermonis,
586 2035 642 2084 et
671 2030 1048 2086 exultationis
1085 2029 1442 2100 captivitatis
1472 2030 1541 2085 de
1591 2028 1900 2099 Babylonia

245 2119 354 2174 sub
403 2118 600 2188 Esdra,
650 2124 705 2173 et
764 2119 1017 2187 Nimian,
1069 2124 1123 2175 et
1176 2117 1481 2173 Zorobabel
1535 2117 1900 2188 septuaginta

244 2206 631 2278 hebdomadae,
669 2207 722 2262 id
756 2213 842 2262 est
864 2211 1076 2276 septem
1115 2207 1342 2262 vicibus
1368 2206 1731 2277 septuaginta
1761 2205 1898 2260 anni

244 2302 402 2363 sunt,
438 2311 564 2367 quae
594 2295 850 2352 eﬁiciunt
879 2294 1002 2360 490,
1038 2297 1187 2367 quod
1221 2297 1468 2366 spatium
1505 2294 1619 2351 fuit
1647 2308 1678 2350 a
1708 2295 1900 2350 reditu

241 2384 605 2455 captivitatis
623 2384 943 2455 Babyloniae
972 2399 1152 2455 usque
1178 2385 1246 2439 ad
1266 2385 1632 2440 Nativitatem
1658 2383 1896 2438 Christi.

242 2475 314 2530 Et
373 2475 591 2530 idcirco
630 2479 842 2542 septem
899 2473 1107 2530 diebus
1161 2474 1509 2529 hebdomada
1560 2473 1896 2543 completur,

245 2564 519 2634 quoniam
539 2563 762 2618 scilicet
781 2563 1212 2618 universitatem
1236 2569 1628 2618 creaturarum
1651 2561 1902 2618 6diebus

244 2654 395 2707 Deus
437 2657 705 2719 operatus
738 2658 841 2718 est,
881 2652 940 2707 in
969 2653 1212 2721 septimo
1251 2652 1554 2722 requievit.
1589 2651 1780 2706 Prima
1806 2652 1901 2706 die

244 2741 508 2795 condidit
534 2741 740 2810 lucem,
777 2741 1024 2796 secunda
1063 2740 1506 2809 ﬁrmamentum,
1542 2740 1712 2795 tertia
1747 2753 1902 2795 mare

242 2832 300 2882 et
349 2833 550 2889 terras,
613 2833 816 2897 quarta
877 2829 1089 2894 sidera,
1139 2829 1194 2883 id
1251 2836 1338 2884 est
1381 2829 1556 2883 solem
1588 2834 1643 2883 et
1682 2828 1896 2896 lunam,

245 2917 450 2988 quinta
488 2916 749 2971 volucres
769 2921 824 2970 et
856 2916 1105 2984 reptilia,
1131 2923 1291 2971 sexta
1331 2917 1619 2972 hominem
1647 2917 1714 2970 ad
1750 2917 1905 2970 ima-

243 3005 436 3078 ginem
459 3008 515 3057 et
538 3004 993 3059 similitudinem
1019 3017 1201 3068 suam,
1232 3007 1472 3073 septima
1489 3005 1586 3059 die
1617 3005 1904 3074 requievit

242 3092 318 3146 ab
330 3089 599 3146 omnibus
611 3091 884 3160 operibus
897 3092 1040 3146 suis.
1065 3091 1308 3146 Nomina
1330 3092 1555 3147 dierum
1590 3092 1905 3147 hebdoma—

241 3181 332 3236 dae
349 3179 661 3234 secundum
681 3178 942 3234 Hebrzeos
964 3179 1190 3234 duobus
1210 3179 1396 3234 modis
1417 3179 1714 3247 dicuntur,
1741 3180 1795 3234 id
1819 3185 1905 3235 est

241 3267 528 3334 ordinem,
577 3271 633 3322 et
678 3267 956 3338 requiem,
1005 3267 1112 3323 hoc
1169 3269 1354 3323 modo.
1412 3268 1601 3324 Prima
1647 3267 1901 3339 Sabbati,

241 3356 514 3418 secunda,
581 3355 771 3428 tertia,
837 3360 1061 3427 quarta,
1124 3356 1348 3426 quinta,
1423 3362 1582 3412 sexta
1646 3357 1898 3426 Sabbati,

241 3443 575 3501 Sabbatum.
610 3444 934 3499 Secundum
994 3444 1221 3500 Graecos
1276 3445 1551 3515 dictione,
1593 3450 1648 3501 et
1700 3445 1902 3501 ordine

245 3537 658 3600 nuncupantur
680 3532 787 3587 hoc
806 3532 971 3590 modo
990 3550 1003 3586 :
1021 3532 1211 3588 Prima
1232 3531 1395 3604 feria,
1412 3533 1679 3603 secunda,
1705 3535 1895 3602 tertia,

196 3656 201 3661 -
245 3627 471 3692 quarta,
527 3621 754 3692 quinta,
801 3626 979 3693 sexta,
1056 3620 1516 3691 septima’feria.
1575 3623 1897 3678 Secundum

243 3711 480 3767 Latinos
517 3723 547 3765 a
595 3711 714 3767 diis
753 3711 1060 3782 gentilium
1096 3717 1152 3766 et
1199 3709 1462 3782 reliquiae
1504 3712 1891 3767 nominantur.

242 3798 580 3855 Habuerunt
625 3799 777 3854 enim
821 3799 968 3856 duos
1016 3801 1154 3856 deos
1201 3800 1478 3871 caelestes,
1531 3805 1587 3856 et
1641 3800 1899 3871 quinque

242 3893 522 3944 terrenos.
580 3887 813 3943 Martem
847 3893 1064 3957 patrem
1099 3888 1353 3957 Romuli,
1397 3889 1740 3945 Mercurium
1773 3889 1901 3945 elo-

243 3976 496 4048 quentiae
546 3983 602 4032 et
644 3977 863 4048 ingenii
908 3977 1228 4044 dominum,
1291 3979 1480 4032 Jovem
1526 3978 1783 4045 virtutis,
1844 3982 1902 4032 et

245 4066 454 4121 humor
491 4069 510 4088 "
543 4066 668 4134 ejus
696 4065 934 4134 idolum,
995 4066 1264 4121 Venerem
1296 4065 1585 4133 libidinis,
1616 4066 1902 4135 concupi—

242 4155 478 4211 scentiae
510 4161 565 4211 et
593 4155 782 4211 omnis
813 4155 1202 4224 turpitudinis
1248 4155 1616 4210 inventricem
1645 4175 1662 4220 ;
1693 4156 1900 4211 Satur—

243 4257 383 4298 num
412 4250 625 4313 patrem
651 4243 826 4311 .lovis,
873 4241 1124 4314 frugum,
1155 4248 1211 4298 et
1235 4249 1529 4299 ventorum
1571 4245 1900 4299 moderato-

243 4346 384 4388 rem.
419 4333 520 4388 His
565 4332 765 4388 delusa
813 4331 1112 4388 erroribus
1157 4337 1378 4388 vetusta
1407 4332 1722 4403 gentilitas,
1771 4348 1896 4404 quze

2009 1853 2256 1922 numeri,
2289 1857 2344 1908 et
2373 1866 2586 1909 annum
2632 1851 2700 1909 42
2729 1854 3043 1921 mensibus,
3076 1860 3132 1909 et
3167 1859 3417 1924 quatuor
3448 1859 3661 1923 tempo-

2009 1941 2174 1998 ribus
2190 1942 2638 2012 perincisionem
2655 1943 2900 1998 duorum
2918 1943 3324 2010 solstitiorum,
3345 1948 3400 1997 et
3413 1942 3658 1998 duorum

2009 2032 2487 2102 aaquinoctiorum
2540 2032 2599 2086 in
2664 2033 3017 2087 numerando
3071 2031 3363 2088 distinxit.
3416 2030 3660 2086 Nomina

2011 2121 2294 2176 mensium
2336 2120 2649 2176 secundum
2694 2119 2989 2191 Egyptios
3038 2119 3117 2176 ita
3153 2119 3460 2175 dicuntur:
3493 2119 3659 2184 Dius,

2007 2207 2371 2280 Apollonius,
2441 2216 2496 2265 et
2533 2211 2779 2280 Dyneus,
2819 2209 3114 2279 Filisteus,
3159 2209 3442 2279 Distreus,
3491 2207 3665 2264 Arte—

2010 2298 2240 2370 misius,
2304 2299 2741 2368 Pharemeneus,
2806 2300 2974 2370 Laus,
3025 2300 3329 2370 Scurpeus,
3392 2300 3664 2368 Iperven—

2009 2387 2148 2444 tius.

2541 2480 2675 2532 Item
2723 2477 2788 2532 de
2829 2478 3124 2532 mensibus.

2083 2565 2220 2621 LIX.
2252 2566 2462 2621 Mensis
2491 2570 2576 2621 est
2605 2566 2847 2622 luminis
2868 2566 3093 2622 lunaris
3127 2564 3431 2630 circuitus,
3469 2577 3534 2620 ac
3566 2577 3662 2619 re—

2010 2653 2378 2725 dintegratio,
2430 2655 2548 2709 sive
2587 2669 2728 2710 nova
2771 2655 2841 2709 ad
2898 2667 3120 2723 novam,
3177 2653 3234 2708 in
3269 2653 3436 2722 cujus
3479 2652 3661 2724 ﬁgura

2013 2743 2348 2813 plerumque
2380 2743 2555 2813 hujus
2580 2744 2710 2798 vitae
2745 2758 2954 2798 cursus
2981 2742 3354 2813 intelligitur,
3383 2756 3508 2811 qua
3540 2741 3664 2798 suis

2014 2832 2384 2887 incrementis
2417 2832 2581 2902 quasi
2617 2831 2830 2886 mensis
2858 2832 3170 2902 peragitur,
3204 2831 3438 2886 eodem‘
3469 2831 3665 2886 natio-

2014 2921 2186 2975 nibus
2231 2921 2357 2975 suis
2403 2920 2748 2975 certissimis
2792 2921 3156 2975 terminatur.
3198 2921 3444 2975 Mensem
3475 2923 3664 2974 autem

2012 3008 2238 3076 antiqui
2287 3007 2664 3062 deﬁnierunt:
2719 3007 2995 3076 quamdiu
3044 3007 3337 3062 zodiacum
3379 3006 3665 3062 circulum

2015 3094 2296 3162 perducit.
2335 3093 2575 3164 Antiqui
2611 3097 2800 3148 autem
2835 3093 3078 3164 gentiles
3109 3093 3404 3148 mensibus
3433 3093 3666 3148 nomina

2013 3183 2269 3253 quaedam
2302 3195 2369 3237 ex
2397 3182 2516 3237 diis
2537 3182 2682 3249 suis,
2713 3181 2969 3251 quaedam
2996 3195 3064 3236 ex
3094 3181 3287 3236 causis
3317 3182 3462 3251 suis,
3503 3195 3667 3250 quaa—

2010 3271 2138 3326 dam
2183 3284 2312 3326 vero
2368 3285 2435 3326 ex
2476 3283 2714 3325 numero
2767 3270 3187 3340 imposuerunt,
3245 3269 3590 3338 incipientes
3613 3269 3663 3337 Ia

2011 3360 2237 3428 Martio,
2272 3360 2407 3430 quia
2436 3373 2502 3415 ex
2532 3359 2660 3428 ipso
2681 3359 2816 3413 anni
2859 3358 3102 3414 orientis
3130 3358 3390 3413 ordinem
3417 3371 3669 3413 servave-

2012 3455 2165 3505 runt.
2195 3449 2356 3504 Hunc
2377 3449 2527 3504 enim
2560 3448 2828 3503 Martium
2864 3451 3093 3517 propter
3132 3447 3402 3502 honorem
3429 3445 3660 3501 Romuli

2009 3540 2092 3594 sic
2131 3537 2579 3608 appellaverunt,
2609 3536 2745 3607 quia
2774 3535 2974 3591 Martis
3023 3534 3205 3590 ﬁlium
3238 3549 3366 3590 eum
3396 3534 3664 3590 credide—

2009 3633 2162 3685 runt.
2208 3627 2459 3696 Aprilem
2492 3640 2623 3681 vero
2655 3625 2814 3681 nullo
2843 3625 3080 3681 deorum
3128 3639 3362 3680 suorum
3411 3624 3659 3693 nomine,

2009 3719 2104 3773 sed
2136 3717 2205 3773 de
2255 3730 2313 3772 re
2345 3715 2595 3786 pr0pria,
2630 3715 2793 3785 quasi
2830 3714 3082 3784 Aprilem
3115 3713 3570 3783 nominaverunt,
3595 3727 3661 3769 eo

2009 3805 2157 3876 quod
2199 3809 2337 3861 tunc
2388 3805 2634 3874 primum
2675 3804 2930 3874 germina
2977 3803 3313 3872 aperiantur
3353 3803 3410 3857 in
3439 3803 3650 3858 ﬂorem.

2009 3896 2143 3950 Inde
2193 3909 2438 3950 mensem
2485 3894 2697 3949 Maium
2771 3906 2873 3962 pro
2916 3892 3064 3947 Maia
3120 3891 3390 3947 Mercurii
3460 3896 3656 3962 matre,

2012 3998 2178 4053 quam
2236 3984 2393 4039 deam
2461 3983 2908 4053 aestimaverunt,
2959 3981 3044 4037 vel
3105 3984 3335 4051 propter
3393 3981 3654 4049 majores.

2010 4071 2227 4127 Deinde
2268 4071 2499 4125 Iunium
2526 4084 2558 4124 a
2585 4071 2826 4137 Junone,
2869 4083 3038 4140 quam
3084 4083 3357 4135 sororem,
3398 4068 3483 4123 vel
3515 4083 3662 4124 con—

2003 4160 2196 4230 jugem
2223 4158 2377 4215 Jovis
2408 4156 2587 4213 fuisse
2609 4162 2910 4212 testantur.
2941 4157 3058 4212 Alii
3089 4163 3276 4213 autem
3307 4157 3461 4213 sicut
3490 4158 3660 4227 majo.

2009 4247 2190 4318 ribus,
2241 4248 2318 4302 ita
2360 4259 2459 4316 pro
2494 4243 2829 4314 junioribus
2873 4245 3108 4299 Junium
3141 4246 3328 4302 vocari
3361 4246 3654 4302 dixerunt.

2005 4339 2141 4392 Item
2171 4335 2387 4392 Iulium
2420 4348 2451 4389 a
2479 4333 2634 4389 Julio
2657 4332 2894 4394 Caesare,
2923 4331 3247 4403 Augustum
3279 4347 3411 4388 vero
3436 4334 3506 4388 ab
3530 4334 3658 4390 Au—

244 4427 478 4490 propter
500 4420 876 4492 frequentiam
901 4420 1158 4478 usitandi
1182 4420 1413 4476 nomina
1432 4421 1667 4477 deorum
1689 4422 1895 4479 diebus
1921 4436 1975 4497 1)
2006 4431 2171 4496 gusto
2197 4437 2404 4480 cazsare
2431 4420 2740 4478 Octaviano
2777 4419 2968 4476 vocari
3004 4419 3295 4476 dixerunt.
3329 4423 3467 4475 Nam
3493 4421 3656 4490 prius

242 4510 442 4565 saeculi
494 4511 914 4580 imposuerunt.
949 4511 1052 4567 Sed
1110 4517 1340 4581 propter
1368 4525 1563 4566 eorum
1593 4511 1898 4569 confusio—

244 4611 372 4653 nem
399 4598 514 4653 hzec
537 4599 662 4668 ipsa
691 4599 921 4654 nomina
947 4599 1260 4654 Christiani
1287 4613 1397 4655 non
1424 4605 1804 4670 mutaverunt,
1833 4608 1898 4658 ut

242 4699 374 4741 cum
402 4687 655 4758 singulis
675 4687 881 4744 diebus
912 4688 1304 4750 nominantur,
1343 4689 1598 4760 singulis
1620 4689 1779 4745 horis
1808 4690 1902 4756 de,

243 4774 570 4840 spiciantur
601 4781 714 4831 tam
748 4776 881 4846 ipsi,
926 4791 1094 4847 quam
1128 4783 1183 4831 et
1212 4777 1463 4833 cultores
1486 4792 1706 4834 eorum.

778 4868 913 4920 Item
953 4867 1018 4919 de
1068 4867 1360 4920 mensibus.

317 4955 499 5007 LVIII.
534 4952 747 5008 Mensis
772 4967 803 5008 a
837 4968 1102 5011 mensura
1137 4956 1380 5025 quadam
1417 4968 1620 5011 nomen
1650 4955 1890 5025 accepit,

240 5041 520 5112 quoniam
561 5042 748 5096 omnis
792 5042 1004 5097 mensis
1029 5044 1343 5100 secundum
1380 5043 1530 5100 luna:
1559 5058 1793 5100 cursum
1823 5041 1896 5099 29

239 5131 454 5191 diebus
477 5134 532 5183 et
554 5129 790 5185 semisse
824 5137 1207 5187 mensuratur.
1257 5133 1476 5188 Menses
1521 5132 1794 5203 primitus
1833 5133 1893 5188 in

243 5219 439 5279 lunari
467 5232 642 5273 cursu
673 5219 881 5288 reperti
915 5224 1071 5288 sunt,
1101 5225 1157 5275 et
1181 5219 1252 5274 ab
1281 5220 1532 5276 Hebraeis
1566 5221 1682 5277 haec
1708 5221 1898 5278 obser-

242 5310 401 5366 vatio
420 5307 694 5378 primitus
709 5306 992 5362 abstracta
1012 5313 1116 5373 est,
1147 5308 1296 5377 apud
1322 5309 1455 5364 illos
1474 5310 1625 5365 enim
1647 5310 1895 5379 primum

245 5397 513 5454 Kalendae
537 5400 594 5452 et
615 5395 923 5452 neomenia:
951 5395 1121 5452 dictae
1147 5401 1300 5452 sunt.
1348 5399 1535 5452 Menes
1563 5398 1713 5454 enim
1744 5400 1894 5468 apud

246 5487 512 5545 Hebraeos
538 5485 695 5552 luna,
722 5485 808 5541 vel
828 5485 1123 5542 neomenia
1142 5485 1381 5541 dicitur.
1406 5487 1540 5542 Inde
1569 5489 1896 5544 neomenias

248 5591 405 5633 novae
430 5575 580 5632 lunai
610 5574 1004 5633 observatione
1031 5573 1338 5631 celebrant.
1367 5575 1582 5632 Deinde
1603 5577 1752 5647 apud
1787 5578 1897 5633 La-

2001 4515 2193 4570 Julius
2233 4513 2566 4584 Quinctilis,
2606 4515 2663 4566 et
2686 4511 2980 4581 Augustus
3009 4510 3244 4566 Sextilis
3284 4510 3652 4581 vocabantur,

2006 4605 2101 4660 sed
2147 4617 2342 4658 eorum
2398 4601 2626 4657 nomine
2672 4614 2703 4655 a
2732 4597 3052 4654 Caesaribus
3087 4599 3242 4656 .lulio
3288 4605 3344 4655 et
3394 4599 3654 4671 Augusto

2008 4698 2143 4748 sunt
2167 4695 2535 4746 commutata.
2564 4692 2683 4746 Jam
2718 4692 3064 4765 September,
3097 4689 3245 4760 quod
3276 4688 3556 4759 septimus
3575 4689 3654 4744 sit

2007 4795 2039 4836 a
2066 4780 2288 4850 Martio,
2313 4779 2414 4848 qui
2445 4784 2530 4834 est
2557 4780 2906 4851 principium
2931 4782 3100 4850 veris,
3126 4778 3400 4835 similiter
3426 4791 3653 4849 quoque

2004 4868 2264 4935 October,
2318 4868 2647 4936 November,
2690 4875 2746 4924 et
2782 4870 3083 4926 December
3133 4882 3202 4924 ex
3250 4880 3487 4923 numero
3536 4867 3654 4922 im—

2005 4957 2195 5013 brium
2257 4962 2428 5027 atque
2476 4957 2628 5012 aeris
2678 4963 3021 5027 acceperunt
3066 4955 3424 5012 vocabulum.
3477 4957 3652 5012 Porro

2001 5045 2337 5101 Ianuarium
2367 5059 2434 5099 ex
2467 5045 2696 5100 nomine
2735 5045 2860 5101 Jani
2893 5051 3252 5115 vocaverunt,
3287 5045 3380 5101 sed
3423 5045 3653 5116 specia-

2005 5134 2139 5190 liter
2160 5134 2472 5190 Januarius
2515 5134 2858 5204 appellatur,
2893 5149 2957 5192 eo
2997 5135 3145 5206 quod
3168 5136 3344 5205 janua
3381 5135 3459 5190 sit
3505 5133 3642 5188 anni

2003 5226 2176 5293 atque
2223 5221 2594 5292 principium.
2643 5222 3014 5279 Februarium
3059 5229 3246 5280 autem
3301 5237 3334 5277 a
3373 5219 3653 5275 Febribus

2005 5313 2388 5382 Lupercorum
2415 5311 2597 5368 sacris
2621 5312 3001 5383 appellarunt.
3035 5314 3198 5384 Apud
3230 5310 3502 5380 antiquos
3532 5308 3652 5365 ita-

2006 5414 2117 5470 que
2156 5400 2387 5456 Latinos
2419 5397 2485 5457 4O
2538 5401 2831 5459 mensibus
2861 5416 3067 5459 cursus
3113 5400 3248 5456 anni
3276 5397 3635 5467 computaba-

2007 5498 2122 5558 tur,
2151 5490 2246 5545 sed
2273 5490 2605 5546 Ianuarium
2634 5491 2894 5560 Romani,
2920 5488 3290 5546 Februarium
3316 5499 3448 5543 vero
3470 5489 3651 5544 Numa

2015 5579 2338 5649 Pompilius
2379 5578 2622 5648 addidit,
2669 5587 2841 5650 atque
2881 5579 2938 5634 in
2990 5575 3058 5631 42
3095 5589 3314 5631 menses
3357 5575 3649 5633 distinxit.
