4076 6174
395 239 535 299 4303

1268 241 1559 298 ΑΡΡΕΝῙ).
1600 241 1694 298 ΑΙ)
1726 239 1886 296 ΒΕΟ.
1929 237 2025 294 IX.
2079 267 2153 281 —-
2187 233 2543 295 AUCTORES
2577 235 2912 296 ANONYMI.

3657 232 3792 294 4304

391 359 656 434 Plerique
696 368 887 422 autem
931 369 1193 424 asserunt
1229 365 1528 436 Cyminum
1565 361 1906 419 Sabinorum
1935 371 2034 413 re—
2058 350 2118 412 A
2147 358 2296 427 apud
2329 358 2591 416 Hebraeos
2633 374 2830 419 omnes
2859 375 3080 419 menses
3104 359 3195 433 29,
3234 367 3291 420 et
3314 362 3616 419 semissem
3645 375 3799 417 sem-

391 463 511 520 gem
559 452 736 522 prius'
771 468 984 512 annum
1035 456 1092 511 in
1135 454 1426 511 mensibus
1454 452 1746 521 divisisse,
1774 450 1877 516 ld.,
1908 446 2031 502 Kal.

392 543 449 594 et
478 539 846 601 intercalares
877 545 1002 601 dies
1041 544 1400 616 instituisse;
1437 543 1494 598 in
1520 540 1820 598 codicibus
1847 544 2035 592 autem

393 635 719 688 sanctarum
773 634 1198 704 Scripturarum
1233 632 1299 689 42
1331 646 1550 688 menses
1579 630 1759 686 fuisse
1804 628 1862 684 in
1890 639 2038 682 anno

389 719 560 775 etiam
592 727 722 778 ante
740 723 1026 779 diluvium
1050 724 1468 780 ostenduntur:
1495 721 1580 777 sic
1604 720 1754 776 enim
1799 718 1878 773 ibi
1908 716 2042 787 legi-

391 811 520 864 tur:
567 810 734 880 Aqua
763 818 942 866 autem
987 814 1335 867 minuebatur
1379 827 1548 881 usque
1577 811 1651 864 ad
1700 809 2040 863 undecimum

389 913 641 953 mensem.
700 901 986 955 Undecimo
1034 906 1214 956 autem
1264 917 1443 956 mense
1479 903 1664 971 prima
1713 900 1799 952 die
1839 899 2038 952 mensis

389 995 768 1057 apparuerunt
793 994 1074 1045 cacumina
1100 993 1382 1054 montium,
1408 991 1492 1047 sic
1521 991 1673 1047 enim
1709 995 1846 1046 tunc
1873 1001 2038 1042 men-

389 1089 483 1130 ses
527 1076 1069 1148 denumerabantur,
1126 1095 1237 1136 non
1291 1080 1446 1137 sicut
1503 1093 1676 1147 nunc,
1733 1077 1838 1132 hos
1884 1076 2037 1131 enim

390 1163 515 1218 Kal.
547 1171 603 1220 et
627 1167 780 1236 ldus,
817 1168 950 1224 illos
976 1183 1105 1225 vero
1137 1170 1272 1225 luna
1313 1169 1474 1225 ﬁnita
1501 1167 1894 1248 concludebat.
1924 1165 2043 1220 Ka—

393 1252 571 1309 lendae
597 1268 628 1309 a
661 1256 879 1311 colendo
916 1259 1119 1329 dictae;
1153 1259 1302 1328 apud
1335 1260 1607 1329 antiquos
1637 1257 1790 1313 enim
1823 1267 2043 1324 semper

392 1342 673 1399 mensium
731 1346 1018 1416 principia
1083 1347 1539 1403 celebrabantur.
1614 1348 1745 1402 Idus
1817 1355 2044 1415 quoque

387 1430 556 1488 dicta:
582 1447 613 1488 a
652 1435 876 1506 diebus,
909 1442 962 1491 et
991 1438 1163 1492 Nonze
1199 1451 1231 1492 a
1280 1438 1577 1492 nundinis.
1606 1439 1822 1492 Ilienses
1854 1438 2042 1490 autem

391 1524 540 1592 apud
594 1525 825 1580 Latinos
877 1539 944 1580 ex
989 1525 1112 1580 Kal.
1169 1532 1406 1582 sumunt
1451 1527 1821 1595 principium.
1879 1523 2042 1593 Apud

392 1611 652 1667 Hebraeos
683 1626 750 1666 ex
781 1614 929 1668 lunae
960 1614 1245 1669 nascentis
1276 1629 1535 1670 recursu.
1564 1614 1724 1683 Apud
1754 1613 2046 1685 Egyptios

2147 460 2244 516 per
2275 447 2484 505 habent
2511 455 2740 518 aetates;
2785 464 2841 505 v.
2875 468 2953 524 g.,
2987 451 3036 507 si
3069 453 3415 510 accendatur
3445 452 3584 508 luna
3614 451 3800 506 media

2144 539 2257 610 die,
2291 545 2346 595 et
2365 540 2616 610 ejusdem
2642 540 2767 597 dies
2784 542 3032 612 quatuor
3053 541 3506 598 hebdomadibus
3525 543 3587 598 in
3615 542 3802 598 medio

2145 629 2410 700 expletis,
2433 630 2610 686 altera
2638 631 2824 687 media
2843 629 3020 688 die29
3042 631 3176 688 luna
3196 634 3216 656 '
3245 645 3370 688 esse
3398 632 3610 688 deinde
3629 631 3803 687 semis

2155 733 2334 790 usque
2364 720 2421 775 in
2466 719 2715 776 medium
2757 721 2982 777 noctis:
3019 735 3129 777 una
3159 721 3316 777 enim
3356 721 3480 776 vice
3509 721 3662 790 apud
3692 721 3803 774 He-

2149 809 2332 865 braeos
2373 796 2561 866 media
2615 811 2730 880 die,
2763 810 2943 867 altera
2993 811 3207 867 mensis
3249 811 3373 867 vice
3413 811 3598 866 media
3637 813 3802 866 nocte

2147 899 2482 955 accenditur
2511 899 2665 954 luna.
2695 900 2798 955 Sed
2829 915 3027 970 parum
3057 901 3296 957 Romani
3319 899 3389 956 ab
3415 899 3661 955 Hebraeis
3683 899 3802 954 dis-

2146 991 2398 1057 crepant,
2434 1002 2545 1044 non
2577 989 2730 1044 enim
2777 990 3020 1046 multum
3051 990 3250 1059 distat,
3275 989 3324 1046 si
3365 989 3425 1044 in
3456 989 3634 1044 altera
3661 989 3802 1044 luna

2145 1076 2296 1132 diem
2344 1077 2627 1149 integrum
2659 1078 2923 1150 adjicias,
2972 1091 3042 1134 an
3088 1079 3234 1134 duos
3267 1092 3487 1134 menses
3537 1077 3804 1133 dividens

2149 1179 2340 1236 aequas
2359 1170 2546 1235 partes
2567 1167 2872 1238 utriusque
2894 1167 3235 1223 distribuas.
3255 1167 3390 1223 Cum
3406 1175 3598 1222 autem
3621 1166 3802 1220 media

2151 1255 2247 1312 die
2281 1257 2417 1311 luna
2449 1257 2801 1327 accenditur,
2838 1257 2999 1313 locus
3027 1256 3387 1312 accensionis
3417 1256 3675 1311 medium
3701 1255 3806 1309 Au-

2153 1345 2259 1401 stri
2287 1345 2642 1402 adﬁrmatur.
2675 1347 2812 1401 Cum
2841 1360 2970 1401 vero
3003 1346 3187 1401 media
3220 1350 3382 1402 nocte
3413 1344 3802 1402 illuminatur.

2156 1433 2214 1489 in
2243 1434 2429 1489 medio
2459 1435 2913 1504 Septemtrionis,
2937 1436 3032 1490 sed
3058 1435 3242 1506 ignito
3271 1433 3399 1491 cceli
3425 1435 3550 1489 loco
3579 1431 3806 1488 inlumi-

2156 1524 2280 1580 nari
2316 1525 2582 1580 traditur.
2629 1526 2688 1580 In
2721 1524 2947 1581 duobus
2988 1526 3148 1580 horis
3184 1525 3333 1594 apud
3375 1523 3644 1579 Hebraeos
3675 1523 3804 1578 luna

2155 1614 2508 1685 accenditur,
2547 1615 2601 1669 id
2631 1619 2718 1669 est
2744 1614 2802 1669 in
2835 1615 3019 1670 media
3047 1614 3184 1670 hora
3216 1619 3341 1684 post
3365 1612 3418 1680 6,
3451 1618 3508 1668 et
3530 1614 3591 1668 in
3624 1613 3807 1668 medio

390 1704 576 1754 autem
612 1700 900 1797 principia
929 1703 1211 1758 mensium
1238 1717 1361 1759 esse
1385 1709 1514 1758 ante
1539 1703 1662 1758 Kal.
1687 1701 1721 1758 3
1745 1709 1845 1758 aut
1867 1700 1902 1758 2
1921 1703 2048 1759 dies
2073 1735 2126 1797 Β
2157 1703 2344 1758 noctis
2363 1703 2513 1772 apud
2536 1705 2822 1759 Romanos
2843 1703 3056 1774 quibus
3077 1704 3340 1759 videatur
3359 1703 3536 1758 altera
3562 1703 3698 1758 luna
3718 1699 3805 1766 30,

392 1788 868 1856 pronunciantur.
915 1791 1139 1846 Annum
1194 1798 1382 1848 autem
1417 1791 1582 1862 quasi
1612 1792 1846 1862 quidam
1871 1805 2046 1847 anum

389 1875 508 1930 dici
537 1881 759 1948 putant,
795 1878 850 1932 id
884 1883 970 1934 est
988 1879 1232 1950 cyclum,
1254 1881 1404 1936 unde
1424 1879 1584 1935 anuli
1615 1879 1760 1936 dicti
1792 1881 2048 1936 suntdi-

393 1965 692 2022 minutive.
724 1968 1082 2038 Principium
1113 1972 1249 2026 anni
1285 1971 1389 2026 alii
1429 1970 1500 2026 ab
1534 1972 1706 2027 Roma
1730 1975 1951 2041 putant,
1983 1977 2047 2027 ut

394 2055 589 2126 pOpuli
607 2057 867 2129 Romani,
888 2059 989 2113 alii
1004 2059 1074 2114 ab
1095 2061 1444 2130 aequinoctio
1458 2061 1698 2126 vernali,
1719 2067 1783 2116 ut
1802 2061 2043 2130 Hebrmi,

391 2144 495 2200 alii
526 2159 559 2200 a
590 2145 863 2216 solstitio,
894 2146 1197 2217 ut_Grteci,
1225 2149 1329 2205 alii
1355 2149 1427 2204 ab
1454 2154 1751 2219 autumno,
1787 2155 1849 2205 ut
1874 2151 2050 2221 zEgy—

395 2234 522 2304 ptii.
549 2235 678 2292 )Era
708 2250 740 2291 a
765 2237 858 2292 die
880 2237 1002 2292 Kal.
1035 2239 1264 2295 Januar.
1295 2240 1595 2295 adcrescit.
1620 2239 1913 2297 Bissextus
1937 2253 2050 2294 au—

393 2328 503 2379 tem
540 2337 571 2379 a
609 2341 664 2378 v1
703 2327 843 2380 Non.
890 2329 1052 2382 Mart.
1083 2343 1264 2398 usque
1302 2329 1369 2383 ad
1397 2329 1549 2384 diem
1581 2329 1702 2384 Kal.
1736 2330 1868 2385 Jun.
1898 2329 2048 2384 luna

398 2427 580 2469 cursu
611 2415 968 2485 proponitur.
993 2415 1194 2473 Annus
1212 2418 1604 2490 Egyptiorum
1631 2419 1756 2474 sine
1778 2419 2050 2474 bissextis

395 2502 563 2558 habet
591 2504 825 2560 initium
862 2521 941 2560 vn
974 2506 1096 2562 Kal.
1129 2508 1432 2577 Septemb,
1463 2523 1592 2564 cum
1625 2508 1914 2564 bissextus
1938 2522 2050 2563 au-

394 2596 503 2646 tem
527 2604 713 2648 annus
735 2596 1008 2665 evenerit,
1033 2598 1130 2651 ut'
1153 2596 1298 2661 Kal.,
1328 2603 1392 2652 ut
1409 2611 1580 2666 supra
1597 2597 2044 2667 Scripturarum.

398 2681 721 2738 Solstitium
751 2688 938 2738 autem
969 2683 1192 2739 dicitur
1225 2686 1388 2755 quasi
1409 2686 1552 2740 solis
1568 2685 1764 2755 statio,
1784 2686 2053 2755 Equino—

393 2767 574 2823 ctium
595 2783 745 2835 vero,
771 2771 920 2838 quod
955 2776 1091 2824 tunc
1121 2771 1246 2825 dies
1269 2777 1323 2825 et
1356 2785 1465 2826 nox
1497 2773 1556 2826 in
1586 2773 1913 2840 aequitatem
1942 2773 2055 2827 ho-

398 2867 590 2910 rarum
636 2856 1030 2911 duodenarum
1082 2865 1456 2928 revertantur,
1503 2861 1816 2930 coaequatis
1845 2861 2054 2931 spatiis

400 2943 545 2998 suis.
591 2943 916 3000 Solstitium
965 2945 1226 3002 aestivum
1286 2948 1412 3004 ideo
1467 2949 1681 3018 lampas
1718 2949 1958 3018 dicitur,
1988 2962 2054 3005 eo

401 3032 551 3102 quod
585 3046 652 3088 ex
687 3046 752 3091 eo
780 3033 1048 3092 infundat
1088 3037 1239 3093 diem
1272 3037 1490 3110 lampas
1538 3039 1700 3108 solis,
1733 3038 2053 3095 claritatem

401 3123 669 3191 majorem
723 3123 989 3196 accipiat,
1040 3126 1400 3199 caloremque
1443 3141 1645 3186 novum
1695 3113 2126 3186 advenientisC

396 3211 635 3268 aestatis.

957 3305 1091 3359 Item
1111 3304 1176 3358 de
1200 3306 1492 3360 mensibus.

481 3390 592 3444 LX.
627 3391 752 3447 Sini
781 3396 844 3448 ut
895 3392 980 3448 hii
1010 3395 1030 3415 '
1062 3387 1281 3450 menSes
1326 3395 1664 3466 Egyptiaci,
1710 3394 2050 3464 Orientales,

405 3479 611 3549 Mauri,
666 3486 723 3536 et
746 3481 948 3549 Graeci,
1006 3484 1356 3553 Macedones,
1400 3484 1796 3551 Alexandrini,
1828 3485 2050 3554 Asiani,

405 3570 605 3632 Persae,
637 3571 804 3632 Medi,
837 3571 1087 3626 Chaldaei
1119 3586 1228 3627 non
1272 3581 1573 3628 numerant
1601 3575 1742 3628 dies.
1776 3575 2054 3630 Mensium

409 3673 507 3728 per
538 3659 684 3727 Kal.,
719 3666 774 3714 et
795 3661 960 3730 Non.,
986 3666 1042 3715 et
1071 3661 1221 3729 ldus,
1247 3662 1341 3717 sed
1377 3663 1468 3718 his
1508 3663 1742 3717 Romani
1778 3662 2059 3732 przejudi—

409 3755 556 3802 cant.
611 3748 715 3804 Sed
741 3747 944 3816 Grthi,
978 3755 1034 3803 et
1065 3749 1125 3803 hi
1155 3751 1474 3819 supradicti
1525 3765 1719 3805 omnes
1747 3747 1813 3804 42
1839 3765 2056 3807 menses

411 3836 638 3903 habent,
668 3843 723 3890 et
757 3837 864 3891 sub
905 3850 1094 3891 mense
1122 3851 1317 3892 eorum
1351 3838 1477 3893 dies
1515 3836 1584 3893 3O
1610 3853 1829 3908 semper
1855 3845 2058 3909 praeter

409 3923 702 3994 Egyptios
747 3925 1096 3980 concordant
1137 3939 1349 3980 omnes.
1386 3929 1445 3980 In
1481 3927 1673 3982 eodem
1709 3941 1895 3983 mense
1943 3928 2056 4000 bis,

407 4019 462 4068 et
495 4013 552 4068 in
577 4012 694 4070 sole
723 4017 741 4037 ⁶
785 4014 935 4070 luna:
963 4016 1217 4085 exceptis
1258 4015 1558 4087 Egyptiis,
1607 4017 1704 4088 qui
1748 4015 1810 4072 43
1841 4031 2060 4074 menses

411 4100 652 4173 faciunt,
679 4104 900 4159 decimo
930 4104 1100 4160 tertio
1128 4119 1316 4161 mense
1339 4107 1408 4162 de
1433 4104 1468 4162 5
1495 4106 1701 4164 diebus
1723 4112 2062 4166 remanenti-

410 4189 520 4246 bus
543 4191 822 4260 completo
841 4191 1099 4264 Augusto
1115 4198 1133 4217 ·
1149 4207 1284 4250 ann.
1301 4194 1336 4251 3
1351 4196 1476 4251 sine
1498 4197 1767 4261 bissexto,
1793 4197 1892 4254 et3
1908 4213 2059 4255 anno

408 4295 537 4336 cum
567 4281 742 4336 intret
781 4281 1088 4353 bissextus,
1122 4298 1220 4340 sex
1261 4285 1385 4341 dies
1405 4286 1592 4342 adhuc
1621 4287 1690 4342 de
1723 4288 1938 4359 Agusto
1964 4303 2061 4344 rc—

412 4377 640 4426 manent
663 4379 892 4442 propter
910 4371 1249 4442 bissextum,
1273 4381 1328 4430 et
1348 4375 1410 4430 ﬁt
1431 4375 1542 4431 isto
1564 4377 1777 4432 mensis
1800 4378 2058 4434 decimus

410 4461 618 4517 tertius
660 4460 695 4517 6
722 4461 968 4528 dierum,
1000 4478 1143 4533 quos
1171 4464 1296 4520 dies
1333 4472 1535 4520 vocant
1557 4465 1805 4539 Egyptii
1843 4482 2059 4541 epago—

409 4564 618 4619 menas,
674 4550 730 4606 id
762 4557 849 4607 est
873 4553 1069 4608 Latine
1099 4559 1522 4610 concurrentes.

652 4642 787 4696 Item
811 4643 877 4696 de
896 4643 1168 4697 mens-ibus
1208 4648 1257 4698 et
1279 4645 1421 4698 lunae
1445 4646 1802 4714 longitudine.

481 4731 618 4784 LXI.
651 4733 870 4787 Menses
899 4745 1126 4802 quoque
1156 4732 1306 4789 luna;
1331 4737 1643 4793 secundum
1671 4738 1902 4795 Latinos
1925 4740 2057 4795 lon-

412 4821 676 4895 gitudine
703 4821 998 4890 dispares:
1028 4821 1062 4877 6
1093 4823 1269 4895 longi,
1302 4829 1359 4880 et
1385 4824 1420 4881 6
1449 4825 1644 4882 breves
1670 4841 1767 4897 per
1796 4842 2016 4884 omnem
2036 4831 2056 4852 ί

411 4909 801 4966 communium
827 4909 976 4966 luna:
1004 4911 1170 4983 longe
1201 4913 1258 4968 in
1291 4927 1442 4970 anno
1465 4915 1847 4972 embolismali
1880 4917 2056 4973 simul

407 5013 537 5056 cum
566 4998 701 5054 luna
729 4999 1122 5073 embolismus,
1153 5007 1210 5058 et
1236 5004 1362 5060 dies
1385 5004 1692 5076 bissextus,
1721 5007 1778 5062 in
1799 5006 2058 5063 eumdem

408 5103 622 5146 annum
661 5091 1026 5148 conveniunt.
1079 5093 1153 5148 Ut
1199 5094 1249 5149 si
1283 5094 1418 5150 luna
1446 5093 1516 5150 30
1560 5095 1620 5150 in
1666 5094 1788 5151 Kal.
1829 5097 1976 5166 Jan.,
2003 5101 2060 5151 et

408 5180 546 5237 luna
573 5180 761 5252 ipsius
783 5182 904 5235 Jan.
935 5179 1023 5250 30,
1051 5189 1107 5238 et
1132 5183 1268 5240 luna
1286 5184 1552 5240 Februar.
1585 5199 1685 5256 pro
1711 5185 1962 5241 bissexto
1987 5182 2056 5240 3O

407 5271 854 5342 computabitur.
908 5272 976 5327 Et
1006 5272 1142 5330 luna
1189 5275 1351 5329 Mart.
1386 5287 1606 5344 semper
1641 5272 1710 5330 30
1741 5276 2055 5332 secundum

409 5361 658 5418 Latinos.
689 5362 794 5418 Sed
824 5362 972 5433 quod
1005 5362 1258 5419 dicimus
1284 5363 1514 5420 lunares
1545 5376 1765 5420 menses
1792 5363 2056 5436 longitu-

405 5449 540 5506 dine
563 5450 825 5522 dispares
868 5452 1183 5508 secundum
1217 5465 1538 5519 numerum,
1570 5466 1682 5510 non
1737 5455 2053 5512 secundum

411 5544 671 5596 naturam
711 5554 907 5596 omnes
949 5540 1099 5598 lunae
1143 5540 1356 5596 mensis
1410 5541 1655 5611 aequales
1711 5547 1863 5598 sunt.
1900 5544 2055 5600 Unde

2155 1793 2333 1848 altera
2361 1791 2432 1848 29
2465 1797 2590 1862 post
2635 1789 2670 1848 7
2699 1791 3046 1848 accenditur.
3081 1791 3228 1860 Quia
3273 1791 3510 1848 facilius
3540 1797 3632 1846 est
3659 1791 3805 1860 apud

2156 1895 2253 1938 eos
2281 1882 2348 1937 ad
2405 1883 2702 1938 tenendam
2754 1882 3030 1938 rationem
3082 1895 3258 1938 unum
3295 1881 3588 1951 imponere
3635 1881 3805 1946 diem,

2158 1970 2257 2042 qui
2285 1969 2456 2026 eﬁicit
2485 1967 2573 2026 30.
2607 1972 2736 2027 Ideo
2785 1970 3165 2041 Aquilonares
3215 1970 3363 2026 hanc
3390 1969 3642 2042 regulam
3693 1982 3804 2023 non

2157 2059 2477 2130 observant,
2521 2060 2658 2130 quia
2687 2073 3041 2131 consequens
3069 2063 3155 2116 est
3187 2061 3336 2128 apud
3377 2072 3474 2114 eos
3500 2063 3565 2113 ut
3598 2058 3808 2113 mensis

2155 2145 2218 2204 34
2253 2149 2369 2219 die,
2404 2147 2538 2204 luna
2567 2146 2656 2216 30,
2687 2149 2899 2205 mensis
2935 2146 3004 2204 30
3042 2148 3154 2217 die,
3208 2147 3343 2203 luna
3379 2144 3450 2202 29
3482 2145 3670 2201 habet.
3704 2145 3805 2201 Sed

2157 2238 2206 2294 si
2232 2238 2675 2294 hocdixerimus
2694 2243 2924 2308 propter
2952 2237 3419 2308 pra-parationem
3447 2235 3693 2291 bissexti
3726 2236 3806 2291 vel

2156 2327 2300 2383 solis
2327 2327 2588 2383 accensio
2614 2327 2892 2398 variatur,
2915 2333 2978 2382 ut
3009 2327 3068 2382 in
3100 2332 3218 2382 toto
3241 2326 3372 2381 coeli
3399 2325 3535 2380 orbe
3564 2325 3806 2395 circulo,

2158 2431 2271 2487 quo
2299 2417 2433 2472 luna
2465 2417 2670 2486 currit,
2707 2416 2931 2473 nullum
2965 2416 3150 2472 locum
3180 2415 3532 2470 arbitremur
3558 2415 3689 2483 ejus
3712 2427 3812 2468 ac-

2158 2506 2425 2562 censione
2454 2519 2650 2561 vacare
2684 2505 2819 2562 luna
2851 2506 3016 2576 longa
3045 2503 3136 2574 30,
3170 2504 3303 2560 luna
3335 2503 3526 2559 brevis
3549 2501 3640 2573 29,
3676 2503 3810 2558 luna

2157 2597 2277 2650 Jan.
2325 2593 2414 2660 30,
2465 2595 2602 2650 luna
2659 2594 2818 2650 Febr.
2868 2592 2957 2664 29,
3012 2595 3098 2650 sic
3121 2599 3176 2649 et
3206 2607 3401 2649 omnes
3433 2607 3675 2649 menses.
3707 2593 3807 2647 Sed

2161 2685 2328 2740 lunas
2364 2684 2578 2740 mensis
2605 2685 2908 2756 adsignare
2939 2684 3122 2755 magis
3161 2683 3471 2739 traditione
3500 2683 3811 2753 magistro—

2162 2789 2311 2844 rum,
2330 2779 2385 2828 et
2408 2774 2650 2828 maxime
2669 2773 3020 2840 latinorum,
3040 2785 3208 2843 quam
3232 2771 3420 2826 literis
3448 2771 3810 2842 divulgatum

2161 2869 2266 2920 est.
2298 2863 2588 2935 Egyptios
2611 2868 2800 2918 autem
2834 2863 2983 2918 lunae
3016 2866 3208 2918 narrat
3234 2861 3400 2917 litera
3426 2860 3695 2932 singulas
3719 2861 3812 2915 lu—

2166 2965 2267 3008 nas
2297 2952 2548 3024 singulis
2581 2951 2874 3008 mensibus
2895 2951 3262 3007 distribuere.
3304 2951 3546 3006 Necesse
3575 2956 3664 3004 est
3688 2963 3811 3005 vero

2165 3040 2429 3096 lectorem
2461 3042 2612 3097 scire
2652 3041 2968 3112 quamlibet
2999 3041 3190 3096 lunam
3219 3039 3461 3096 cuilibet
3493 3039 3678 3094 mensi
3708 3039 3811 3094 ad—

2161 3131 2397 3201 scribat,
2443 3136 2752 3202 utrumque
2780 3131 2839 3186 in
2883 3145 2948 3186 eo
2976 3131 3328 3199 accenditur,
3373 3141 3446 3183 an
3479 3129 3588 3184 illo
3616 3129 3678 3184 in
3705 3143 3808 3200 quo

2159 3235 2224 3277 ea
2270 3221 2652 3292 extinguitur.
2686 3223 2823 3276 Nam
2869 3221 2919 3277 si
2958 3233 3177 3290 semper
3224 3218 3498 3274 Kalendis
3533 3219 3808 3274 mensium

2161 3311 2313 3367 lunae
2333 3310 2573 3366 deﬁcere
2602 3315 2790 3366 essent
2823 3309 3027 3379 solita,
3056 3314 3114 3365 et
3140 3321 3361 3377 semper
3394 3309 3453 3362 in
3487 3307 3615 3362 Kal.
3653 3322 3809 3363 men—

2163 3401 2312 3457 sium
2361 3400 2556 3470 prima:
2605 3399 2755 3456 luna:
2784 3398 3144 3469 compotibus
3183 3397 3452 3468 praebere,
3487 3403 3546 3452 et
3573 3397 3809 3452 alterius

2165 3490 2378 3545 mensis
2401 3490 2534 3544 luna
2554 3489 2612 3544 in
2643 3488 2886 3544 alterum
2911 3502 3020 3543 non
3048 3491 3366 3558 vagaretur,
3389 3485 3645 3556 profecto
3673 3501 3812 3556 quae-

2165 3579 2278 3635 stio
2308 3578 2579 3635 solubilis
2618 3577 2782 3646 foret,
2815 3587 2871 3633 et
2895 3591 2958 3632 ea
2991 3577 3124 3633 luna
3153 3591 3278 3648 quae
3307 3577 3364 3631 in
3391 3577 3588 3632 eodem
3631 3591 3811 3631 mense

2165 3667 2528 3739 extinguitur
2556 3673 2611 3722 et
2632 3667 2985 3735 accenditur,
3018 3666 3270 3734 ejusdem
3299 3666 3513 3720 mensis
3539 3679 3665 3720 esse
3689 3665 3817 3720 deti-

2166 3759 2376 3814 nirent.
2418 3757 2520 3811 Sed
2561 3757 2709 3826 quod
2750 3770 2873 3811 esse
2900 3755 2956 3810 in
2990 3755 3111 3810 Kal.
3157 3756 3462 3823 mensium,
3489 3761 3548 3810 et
3575 3755 3815 3825 reliquis

2166 3847 2225 3902 in
2272 3845 2507 3901 exordio
2560 3845 2774 3900 mensis
2819 3844 3025 3899 diebus
3055 3845 3202 3899 lunae
3232 3843 3529 3913 deﬁciunt,
3582 3849 3639 3899 et
3671 3844 3813 3899 lunze

2164 3935 2557 3992 accenduntur
2577 3933 2858 3990 immobili
2879 3933 3098 3989 ratione
3113 3932 3401 4003 deﬁgitur,
3420 3938 3484 3988 ut
3514 3932 3656 3988 luua
3676 3946 3816 4003 qua-

2168 4027 2328 4095 libet,
2369 4024 2426 4078 in
2455 4037 2570 4094 quo
2601 4037 2790 4078 mense
2818 4021 3110 4093 defecerit,
3151 4027 3206 4076 et
3246 4035 3354 4076 non
3394 4021 3813 4088 inlustraverit,

2167 4119 2236 4174 de
2252 4116 2443 4172 eodem
2466 4127 2653 4170 mense
2671 4113 2784 4168 nisi
2806 4126 2982 4168 unum
3005 4112 3156 4168 diem
3177 4117 3396 4166 tantum
3417 4125 3610 4167 mense
3633 4112 3818 4182 ipsius

2168 4206 2281 4262 erit
2329 4205 2484 4271 luna,
2545 4209 2775 4272 excepta
2824 4201 2959 4256 luna
3007 4199 3381 4271 embolimaea,
3413 4216 3542 4271 quae.
3577 4198 3642 4256 43
3699 4203 3819 4256 sine

2169 4307 2358 4350 mense
2415 4292 2499 4347 vel
2532 4291 2669 4347 luna
2717 4289 3013 4345 mensibus
3060 4303 3170 4344 non
3223 4289 3555 4358 deputatur,
3588 4291 3733 4345 dum
3759 4289 3818 4344 ﬁt

2168 4381 2399 4448 mensis,
2447 4380 2506 4434 in
2556 4392 2668 4449 quo
2697 4378 2844 4434 duos
2873 4383 2892 4399 '
2915 4376 3290 4432 extinctionis
3325 4376 3488 4446 ﬁunt,
3515 4382 3574 4431 et
3605 4377 3821 4432 mensis

2166 4472 2291 4527 sine
2327 4468 2679 4526 extinctione
2710 4467 3020 4522 invenitur.

2484 4559 2561 4612 De
2585 4571 2762 4610 mense
2787 4562 2836 4610 et
2864 4556 3285 4623 interrogatione
3329 4555 3486 4608 lunae.

2237 4648 2400 4703 LXII.
2431 4647 2535 4702 Dic
2555 4647 2624 4706 de
2652 4659 2994 4716 unoquoque
3021 4658 3210 4699 mense
3235 4644 3369 4700 luna
3398 4644 3690 4714 quotdies
3714 4646 3818 4700 ba-

2163 4740 2278 4811 bet,
2305 4744 2361 4795 et
2386 4738 2636 4810 qualiter
2652 4749 2871 4792 menses
2893 4736 3104 4790 solares
3132 4740 3526 4790 numerantur.
3553 4735 3816 4790 Diximus

2167 4843 2412 4899 namque
2442 4840 2782 4898 unoquoque
2805 4839 2994 4881 mense
3029 4825 3222 4880 lunam
3264 4822 3468 4878 habere
3491 4823 3625 4879 dies
3649 4822 3737 4888 29,
3764 4831 3812 4878 et

2165 4915 2496 4984 dimidium,
2530 4921 2585 4970 et
2611 4914 2681 4970 ob
2713 4915 2818 4970 hoc
2859 4915 2917 4969 in
2951 4927 3062 4970 una
3095 4914 3389 4970 lunatione
3413 4911 3502 4968 29.
3535 4913 3811 4982 Sequente

2165 5012 2353 5062 autem
2385 5005 2478 5060 die
2499 5006 2614 5075 jam
2653 5004 2836 5074 prima
2869 5009 3240 5072 numeratur;
3273 5001 3450 5058 altera
3476 5017 3614 5059 vero
3648 5004 3809 5058 luna—

2167 5095 2322 5151 tione
2340 5108 2468 5150 cum
2494 5094 2594 5149 illa
2609 5093 2726 5149 alia
2744 5093 3045 5149 medietate
3066 5106 3190 5163 quae
3205 5092 3403 5148 relicta
3417 5090 3608 5147 fuerat
3632 5104 3812 5148 nume-

2167 5191 2328 5241 ratur
2366 5186 2501 5241 luna
2535 5183 2624 5253 30,
2663 5184 2836 5239 etiam
2869 5183 3130 5254 sequenti
3159 5182 3254 5238 die
3287 5180 3335 5248 4,
3365 5182 3451 5238 sic
3483 5195 3586 5252 per
3634 5189 3808 5237 totum

2163 5289 2375 5332 annum
2404 5288 2517 5332 uno
2544 5287 2734 5330 mense
2771 5274 2908 5330 luna
2935 5271 3025 5344 29,
3049 5271 3167 5328 alio
3194 5285 3382 5327 mense
3398 5268 3489 5333 30,
3521 5272 3726 5342 sicque
3753 5271 3811 5326 tit

2165 5365 2286 5422 ut6
2323 5378 2544 5421 menses
2574 5363 2710 5420 luna
2760 5370 3092 5419 numeretur
3123 5374 3304 5432 usque
3346 5358 3434 5416 29.
3484 5361 3595 5416 Sex
3626 5367 3811 5415 autem

2163 5455 2267 5511 alii
2300 5467 2519 5510 menses
2549 5466 2730 5524 usque
2759 5451 2897 5509 luna
2924 5449 3013 5521 30,
3045 5458 3100 5507 et
3135 5453 3197 5507 In
3225 5449 3410 5520 capite
3437 5450 3577 5506 anui
3607 5449 3817 5506 solaris

2167 5544 2298 5600 inde
2323 5542 2506 5600 fertur
2558 5541 2765 5599 habere
2808 5541 2944 5598 luna
2989 5539 3182 5597 minus
3210 5537 3336 5594 dies
3379 5535 3465 5607 44,
3521 5539 3576 5593 id
3607 5546 3699 5595 est
3722 5552 3817 5594 sex
