4054 6192
258 271 405 333 4305

256 499 566 555 adduntur
592 514 768 570 supra
795 499 864 558 30
882 501 1026 557 dies.
1051 503 1270 558 Etcum
1293 515 1426 575 ergo
1445 500 1592 557 lunae
1618 497 1684 556 13
1701 512 1909 568 mense,

257 588 318 644 id
365 594 450 644 est
481 589 608 645 dies
650 587 709 644 11
754 592 822 647 ad
869 605 1049 648 annos
1088 591 1302 649 solares
1341 591 1660 662 implendos
1697 589 1915 646 fuerint

252 678 546 746 adjuncti,
581 683 802 734 restant
829 681 899 736 de
931 681 1125 737 eodem
1158 695 1349 738 mense
1379 681 1528 737 luna:
1564 681 1690 736 dies
1721 675 1804 734 19.
1846 680 1915 734 Et

255 766 398 822 hinc
430 767 906 825 embolismorum
952 770 1100 826 ratio
1144 771 1419 841 probatur
1454 770 1718 840 existere,
1761 768 1911 839 quod

253 858 655 913 communium
671 871 954 915 annorum
969 860 1412 917 videturdamna
1425 860 1710 930 supplere,
1732 871 1914 928 usque

257 945 489 1016 expleto
524 947 1022 1003 decemnovennali
1049 963 1223 1006 cursu
1249 949 1596 1005 conveniunt
1619 949 1677 1002 in
1711 959 1906 1002 unum.

253 1036 374 1090 Hoc
391 1049 623 1107 quoque
641 1050 751 1092 non
775 1037 1311 1105 estadmittendum,
1334 1038 1482 1109 quod
1506 1038 1565 1093 in
1591 1037 1694 1093 illo
1711 1034 1909 1105 solari,

255 1123 317 1179 in
365 1139 479 1195 quo
523 1125 659 1181 luna
695 1126 906 1196 incipit
934 1127 1187 1198 accendi,
1221 1127 1272 1183 si
1305 1126 1472 1182 habet
1500 1127 1626 1182 dies
1654 1123 1742 1194 31,
1776 1129 1913 1179 tunc

253 1212 486 1268 dicitur
519 1214 657 1269 luna
687 1212 757 1271 3O
780 1233 794 1284 ;
820 1215 879 1270 in
909 1215 1010 1271 illo
1039 1229 1170 1272 vero
1199 1217 1298 1287 qui
1330 1215 1500 1271 habet
1526 1216 1721 1270 minus
1741 1225 1911 1284 quam

252 1297 348 1369 31,
384 1307 522 1357 tunc
551 1303 771 1358 dicitur
799 1301 890 1371 29,
922 1309 978 1359 et
1010 1305 1142 1360 inde
1184 1301 1232 1373 1,
1267 1304 1381 1360 nisi
1415 1304 1644 1375 quando
1685 1303 1743 1357 in
1784 1300 1908 1356 Kal.

252 1388 403 1460 Aug.
449 1390 628 1445 fuerit
655 1388 744 1461 29,
780 1394 928 1462 quod
963 1392 1170 1449 ceteris
1211 1393 1537 1449 rationibus
1582 1391 1912 1447 intermisso

254 1478 356 1533 die
378 1480 641 1535 noscitur
665 1481 892 1550 addere,
921 1481 1005 1536 vel
1031 1483 1306 1538 minuere.
1333 1485 1522 1551 Ipsum
1554 1495 1782 1552 quoque
1812 1495 1915 1536 nu-

256 1580 480 1622 merum
496 1568 580 1623 cla
591 1582 648 1623 re
664 1569 1163 1640 noscitur,quibus
1181 1571 1475 1627 mensibus
1486 1567 1547 1627 31
1566 1570 1692 1625 dies
1705 1569 1912 1624 habere

251 1655 499 1712 dicitur.
535 1657 766 1713 Scilicet
795 1661 944 1730 Jan.,
979 1664 1034 1714 et
1071 1662 1258 1730 Mart.,
1306 1660 1463 1730 Mai.,
1503 1659 1639 1728 Jul.,
1685 1658 1909 1730 Octob.,

253 1745 437 1800 ceteri
467 1759 602 1802 vero
626 1760 677 1801 v1
709 1749 852 1802 Non.
885 1751 940 1802 et
967 1748 1159 1803 cuncti
1193 1761 1293 1804 VIII
1329 1749 1407 1803 Id.

251 1834 395 1888 Item
429 1835 493 1888 de
523 1836 798 1890 mensibus
835 1841 965 1905 quot
994 1837 1154 1890 horas
1185 1837 1422 1891 habeant
1459 1838 1517 1890 in
1549 1837 1637 1891 die
1661 1841 1711 1890 et
1737 1841 1904 1890 nocte.

332 1924 523 1978 LXIII.
557 1922 779 1993 Aprilis
807 1929 862 1980 et
894 1926 1044 1995 Sept.
1089 1925 1298 1990 habent
1334 1926 1504 1982 horas
1536 1925 1594 1980 in
1628 1929 1790 1980 nocte
1823 1923 1908 1995 12,

255 2012 322 2068 in
354 2011 450 2066 die
483 2009 565 2067 12.
602 2013 788 2069 Maius
817 2020 874 2070 et
902 2015 1197 2087 Augustus
1238 2015 1408 2072 horas
1440 2015 1498 2070 in
1534 2018 1696 2070 nocte
1729 2012 1817 2077 11,
1852 2014 1909 2070 in

250 2102 356 2157 die
389 2099 472 2157 13.
505 2103 715 2158 Junius
738 2108 794 2159 et
820 2104 1013 2160 Julius
1035 2105 1205 2160 horas
1239 2104 1297 2159 in
1330 2109 1494 2161 nocte
1523 2102 1577 2174 9,
1609 2104 1668 2158 in
1695 2103 1791 2159 die
1824 2099 1906 2158 15.

251 2189 504 2246 October
540 2195 596 2246 et
634 2193 877 2248 Martius
919 2193 1089 2249 horas
1129 2193 1188 2249 in
1237 2198 1400 2250 nocte
1447 2191 1531 2265 13,
1577 2194 1636 2248 in
1680 2194 1774 2248 die
1825 2189 1908 2247 11.

251 2279 575 2352 November
618 2286 674 2337 et
712 2282 870 2338 Febr.
917 2283 1087 2338 horas
1127 2283 1186 2338 in
1236 2289 1400 2339 nocte
1446 2281 1530 2348 14,
1579 2284 1639 2338 in
1684 2283 1778 2338 die
1825 2281 1910 2339 10.

251 2369 524 2425 Decemb.
558 2375 614 2426 et
641 2371 766 2426 Jan.
803 2370 972 2427 horas
1002 2372 1061 2427 in
1095 2377 1258 2428 nocte
1290 2369 1376 2443 15,
1405 2376 1460 2428 et
1493 2373 1552 2428 in
1577 2372 1672 2428 die
1700 2369 1752 2426 9.

810 2463 943 2517 Item
973 2462 1038 2516 de
1066 2463 1362 2516 mensibus.

336 2549 516 2604 LXIV.
572 2549 804 2605 Januar.
857 2564 912 2606 1v
963 2553 1106 2607 Non.
1148 2565 1272 2622 χιχ,
1322 2551 1448 2607 dies
1492 2548 1582 2618 31,
1629 2551 1767 2607 luna
1820 2549 1908 2613 30,

256 2635 423 2691 Febr.
454 2649 509 2690 ιν
535 2637 681 2691 Νοη.
714 2651 832 2708 xvr,
878 2638 1004 2693 dies
1031 2636 1120 2707 28,
1165 2638 1302 2694 luna
1339 2636 1427 2694 29.
1472 2640 1635 2693 Mart.
1668 2653 1720 2693 γι
1766 2640 1906 2694 Νοη.

255 2738 406 2795 xvu,
437 2725 564 2780 dies
589 2722 677 2794 31,
709 2724 844 2781 luna
874 2723 960 2781 30.
995 2726 1179 2796 April.
1215 2741 1271 2782 1v
1298 2729 1441 2783 Non.
1472 2741 1638 2782 xvm.
1671 2727 1797 2782 dies
1820 2726 1909 2794 30,

259 2814 403 2870 luna
423 2811 510 2868 29.
533 2815 720 2871 Maius
749 2828 803 2870 v1
828 2817 971 2870 Non.
997 2829 1139 2886 xvu,
1163 2816 1290 2871 dies
1315 2814 1403 2884 31,
1431 2816 1564 2872 luna
1590 2814 1678 2873 30.
1706 2818 1914 2873 Junius

260 2915 322 2957 1v
355 2904 496 2957 Non.
537 2915 679 2970 xm,
713 2902 838 2957 dies
867 2900 954 2973 30,
992 2903 1129 2958 luna
1165 2900 1252 2958 29.
1283 2904 1476 2959 Julius
1505 2917 1558 2959 v1
1593 2906 1733 2960 Non.
1770 2919 1910 2974 xvu,

259 2991 390 3046 dies
431 2987 520 3058 31,
565 2989 696 3045 luna
749 2988 837 3046 30.
879 2989 1174 3061 Augustus
1222 3005 1278 3046 1v
1324 2993 1467 3047 Non.
1515 3005 1638 3063 xxx,
1669 2993 1793 3048 dies
1821 2990 1908 3049 31.

260 3077 400 3133 luna
441 3075 530 3133 29.
563 3079 889 3148 September
919 3093 973 3134 IV
1005 3082 1148 3134 Non.
1192 3094 1314 3147 xIx,
1353 3079 1480 3135 dies
1516 3079 1605 3149 30,
1647 3081 1782 3137 luna
1820 3080 1908 3138 30.
1943 3071 1992 3133 C

259 3165 506 3222 October
531 3180 583 3221 v1
623 3168 759 3222 Non.
792 3181 935 3233 xvu,
968 3168 1093 3223 dies
1117 3165 1207 3230 31,
1239 3168 1373 3224 luna
1397 3166 1486 3223 29.
1516 3169 1827 3225 November
1856 3183 1911 3224 ιν

259 3258 408 3311 Νοη.
440 3269 602 3322 xvm,
635 3256 761 3312 dies
791 3254 880 3326 30,
911 3256 1047 3313 luna
1071 3254 1164 3316 30.
1194 3258 1500 3313 December
1530 3272 1587 3314 ιν
1611 3260 1752 3314 Νοη.
1788 3271 1908 3329 xtx,

260 3345 392 3401 dies
429 3341 555 3417 [31],
591 3345 726 3401 luna
754 3342 844 3400 29.

832 3437 907 3488 De
929 3435 1152 3504 punctis
1183 3435 1341 3490 (una.

339 3525 496 3579 LXV.
535 3525 690 3580 Luna
724 3525 926 3594 prima,
961 3523 994 3580 4
1024 3527 1258 3595 punctis
1283 3527 1452 3597 lucet,
1489 3527 1543 3583 id
1577 3531 1662 3583 est
1692 3525 1760 3583 40
1785 3541 1913 3584 mo—

265 3614 494 3668 mentis.
531 3615 684 3669 Luna
716 3611 770 3674 2,
804 3613 824 3668 4
860 3614 996 3670 hora
1025 3621 1079 3669 et
1105 3613 1138 3670 3
1179 3621 1371 3686 punct.
1412 3618 1563 3672 Luna
1594 3614 1646 3685 3,
1688 3614 1723 3672 2
1753 3617 1914 3672 horis

261 3708 319 3757 et
357 3700 391 3756 2
431 3708 624 3772 punct.
660 3705 813 3758 Luna
854 3700 904 3763 4,
938 3701 972 3758 3
1004 3704 1164 3759 horis
1201 3717 1256 3759 et
1291 3703 1310 3757 1
1359 3711 1549 3774 punct.
1600 3707 1755 3760 Luna
1792 3703 1845 3776 5,
1880 3703 1913 3760 4

265 3791 429 3846 horis
468 3790 639 3844 lucet.
683 3793 836 3846 Luna
875 3791 927 3855 6,
961 3789 994 3846 4
1026 3792 1186 3848 horis
1221 3799 1276 3848 et
1315 3790 1348 3848 4
1381 3800 1570 3862 punct.
1609 3795 1762 3850 Luna
1792 3791 1846 3857 '7,
1878 3793 1913 3850 5

264 3878 392 3934 hor.
427 3883 482 3932 et
511 3876 546 3933 3
578 3886 767 3947 punct.
801 3880 957 3935 Luna
985 3877 1039 3948 8,
1073 3879 1107 3934 6
1133 3881 1255 3935 hor.
1291 3886 1346 3935 et
1374 3878 1410 3935 2
1441 3887 1634 3950 punct.
1671 3884 1824 3937 Luna
1855 3879 1910 3940 9.

260 3963 296 4022 7
324 3968 447 4022 hor.
481 3966 588 4022 et1
627 3975 818 4037 punct.
864 3970 1020 4024 Luna
1061 3967 1146 4040 10,
1187 3968 1222 4023 8
1254 3969 1376 4024 hor.
1421 3969 1592 4025 lucet.
1629 3971 1783 4026 Luna
1825 3967 1910 4037 11,

261 4053 298 4109 8
349 4069 470 4110 nor.
525 4062 581 4112 et
627 4053 658 4112 4
705 4063 897 4126 punct.
953 4058 1107 4112 Luna
1155 4055 1239 4125 12,
1285 4054 1320 4111 9
1363 4057 1484 4113 hor.
1537 4064 1593 4112 et
1635 4056 1668 4113 3
1714 4065 1910 4128 punct.

269 4145 426 4200 Luna
456 4143 541 4214 13,
574 4142 638 4200 10
676 4145 799 4200 hor.
833 4151 889 4201 et
926 4143 961 4201 2
990 4150 1183 4215 punct.
1219 4147 1374 4202 Luna
1407 4143 1492 4212 44,
1529 4143 1586 4200 44
1631 4146 1754 4202 hor.
1792 4153 1847 4202 et
1882 4145 1904 4202 1

266 4240 458 4304 punct.
509 4236 664 4290 Luna
702 4232 792 4304 15,
832 4233 901 4290 60
941 4241 1170 4305 puncta,
1216 4235 1271 4291 id
1303 4239 1390 4290 est
1430 4231 1496 4289 12
1537 4235 1722 4291 horas.
1756 4237 1913 4292 Luna

268 4320 352 4392 16,
384 4319 442 4377 11
477 4323 600 4379 hor.
629 4330 686 4379 et
718 4320 739 4377 1
780 4330 974 4392 punct.
1010 4324 1165 4380 Luna
1199 4321 1285 4386 47,
1321 4321 1386 4379 40
1420 4323 1542 4379 hor.
1571 4330 1630 4380 et
1654 4321 1690 4379 2
1720 4331 1914 4395 punct,

1613 283 1815 341 LIBER
1851 283 1943 341 DE
1977 281 2320 342 COHPUTO.

254 408 538 479 superius
586 414 953 482 memoratos,
981 415 1039 468 et
1065 409 1102 469 5
1131 411 1230 484 qui
1269 411 1337 468 ad
1378 419 1625 468 mensem
1669 408 1911 466 solarem
1940 403 2000 465 A

3526 279 3667 342 1306

2658 415 2735 469 De
2761 413 3020 468 numeris.

2094 501 2280 557 LXVI.
2343 503 2630 558 Numerus
2685 502 2834 574 apud
2901 501 3193 573 Hebraeos,
3251 501 3546 560 Chaldaeos
3609 506 3667 559 et

2021 590 2192 660 Syros
2220 591 2372 647 mina
2392 592 2646 663 dicitur,
2673 606 2800 648 cum
2828 591 3043 647 Graecis
3063 592 3350 648 aritbmus
3377 606 3668 662 nuncupa-

2023 679 2212 749 batur,
2245 682 2394 751 apud
2436 681 2728 753 Egyptios
2768 680 3101 751 laterculus,
3135 696 3306 750 penes
3335 684 3666 739 Macedones

2024 768 2302 840 calculus,
2327 784 2454 826 cum
2489 770 2710 825 Latinis
2734 775 3052 839 compotus,
3087 783 3209 824 ema
3238 783 3366 825 cum
3391 771 3661 834 Hebraais,

2023 858 2172 928 apud
2219 859 2444 914 Graecos
2487 871 2693 928 emera,
2729 871 2900 928 penes
2941 857 3172 914 Latinos
3218 856 3361 912 dies.
3395 858 3558 913 Libia
3606 859 3665 914 in

2023 946 2275 1016 Hebraeo,
2305 947 2458 1003 nicta
2492 948 2550 1002 in
2583 948 2798 1012 Graeco,
2832 960 2946 1002 nox
2973 946 3123 1016 apud
3156 946 3405 1002 Latinos.
3440 946 3668 1002 Primus

2021 1036 2172 1105 apud
2215 1037 2456 1108 gentiles
2502 1037 2628 1093 dies
2675 1036 3008 1092 nominatur
3049 1049 3082 1091 a
3124 1035 3263 1104 sole,
3311 1035 3598 1091 secundus
3637 1047 3668 1090 a

2023 1125 2180 1194 luna,
2214 1126 2422 1182 tertius
2452 1140 2484 1182 a
2531 1129 2729 1195 Marte,
2773 1131 3013 1196 quartus
3053 1139 3086 1180 a
3131 1125 3433 1194 Mercurio,
3486 1124 3668 1194 quin—

2021 1221 2117 1271 tus
2167 1229 2200 1271 a
2253 1217 2412 1287 Jove,
2481 1219 2680 1272 sextus
2733 1229 2766 1271 a
2824 1216 3064 1285 Venere,
3132 1213 3414 1283 septimus
3468 1227 3502 1269 a
3555 1213 3666 1269 Sa—

2023 1308 2212 1359 turno.

2018 1394 2095 1446 De
2135 1394 2299 1447 annis
2343 1393 2714 1455 naturalibus,
2768 1396 2817 1447 et
2859 1393 3072 1459 magnis
3125 1405 3219 1446 seu
3261 1389 3665 1444 solstitialibus.

2094 1482 2302 1537 LXVII.
2350 1481 2550 1538 Annus
2581 1481 2867 1538 naturalis
2907 1485 3012 1550 est,
3046 1485 3111 1536 ut
3139 1493 3266 1536 cum
3299 1493 3358 1534 se
3389 1479 3497 1534 soli
3532 1477 3668 1533 luna

2023 1569 2319 1640 subponlt,
2366 1578 2431 1626 ut
2479 1571 2629 1626 inter
2679 1570 2870 1625 orbem
2916 1570 3058 1625 solis
3099 1575 3154 1624 et
3196 1567 3394 1623 oculos
3443 1571 3669 1623 nostros

2024 1658 2208 1716 media
2242 1658 2388 1715 facta
2411 1659 2672 1715 tenebras
2704 1659 2884 1715 totius
2912 1658 3073 1726 or,bis
3097 1655 3324 1728 eﬁiciat,
3351 1657 3500 1727 quod
3528 1655 3670 1711 dici-

1933 1728 1985 1789 Β
2020 1750 2116 1802 tur
2143 1748 2398 1818 eclipsis.

2089 1837 2290 1893 Annus
2322 1851 2562 1908 magnus
2585 1837 2827 1907 dicitur,
2857 1835 3084 1906 quando
3116 1835 3308 1890 omnia
3337 1834 3528 1891 sidera
3556 1847 3673 1890 cer-

2021 1925 2100 1980 tis
2117 1926 2495 1996 temporibus,
2513 1927 2884 1996 numerisque
2897 1924 3199 1993 completis
3215 1925 3283 1979 ad
3299 1937 3466 1979 suum
3480 1923 3667 1980 locum

2020 2015 2106 2070 vel
2125 2015 2383 2069 ordinem
2409 2020 2793 2081 revertuntur,
2819 2027 2986 2084 quem
3004 2025 3217 2068 annum
3231 2012 3459 2083 antiqui
3478 2012 3665 2083 ﬁnire,

2021 2102 2107 2157 vel
2138 2103 2452 2172 adimplere
2485 2104 2776 2159 dixerunt.

2093 2191 2294 2248 Annus
2323 2192 2658 2248 solstitialis
2687 2197 2772 2248 est
2800 2205 2931 2248 cum
2963 2191 3047 2248 sol
3080 2189 3304 2260 expleto
3336 2203 3434 2260 per
3474 2189 3668 2245 omnia

2024 2280 2188 2352 signa
2221 2283 2473 2337 circuitu
2508 2283 2565 2337 in
2610 2282 2687 2352 id,
2736 2283 2886 2338 unde
2929 2280 3280 2352 principium
3321 2293 3527 2334 cursus
3573 2277 3666 2333 sui

2023 2373 2291 2440 sumpsit,
2323 2371 2588 2426 recurrit.
2620 2374 2741 2440 Ipse
2766 2374 2851 2426 est
2877 2370 3085 2426 solaris
3107 2382 3314 2439 annus,
3340 2367 3425 2424 vel
3451 2367 3664 2437 civilis,

2023 2459 2124 2531 qui
2156 2459 2362 2516 diebus
2393 2458 2498 2516 365
2533 2461 2845 2531 peragitur.

2575 2552 2648 2603 De
2675 2549 2924 2603 incendio
2952 2549 3112 2602 lunae.

2095 2626 2330 2693 LXVIII.
2375 2639 2754 2694 Incenduntai
2804 2638 2954 2693 luna:
2982 2635 3089 2692 225
3117 2635 3292 2692 certis
3321 2634 3670 2705 computatis

2023 2725 2286 2794 minutis,
2340 2726 2396 2782 id
2455 2732 2541 2782 est
2595 2725 2660 2782 10
2719 2740 2874 2796 paene
2930 2727 3152 2781 minuta
3214 2725 3271 2780 in
3328 2736 3670 2794 unaquaque

2023 2815 2162 2871 hora
2213 2829 2310 2885 per
2352 2815 2582 2886 singula
2625 2816 2922 2871 continent
2961 2820 3244 2871 momenta
3288 2811 3370 2868 40.
3425 2815 3507 2868 Ita
3543 2812 3670 2868 dies

2021 2911 2079 2960 et
2123 2918 2232 2960 nox
2266 2919 2394 2960 raro
2433 2905 2809 2972 diminuitur,
2854 2905 3034 2960 donec
3069 2905 3126 2958 in
3160 2903 3270 2958 ﬁne
3311 2902 3446 2956 anni
3499 2898 3565 2956 44
3611 2901 3666 2956 id

2023 2992 2298 3049 efﬁciunt.
2325 2993 2420 3048 Sic
2441 2993 2684 3049 mutatio
2708 2993 2858 3048 lunae
2882 2992 3234 3063 intelligitur
3257 3004 3352 3061 per
3380 2987 3446 3046 19
3468 3003 3665 3046 annos.

2537 3084 2612 3134 De
2643 3082 2730 3134 die
2759 3082 2889 3135 solis
2919 3083 3162 3134 orientis.

2095 3171 2289 3225 LXIX.
2318 3170 2450 3225 Dies
2471 3173 2557 3224 est
2588 3169 2730 3224 solis
2749 3168 2994 3224 orientis
3019 3166 3338 3236 praesentia,
3368 3179 3670 3236 quousque

2020 3259 2090 3314 ad
2128 3272 2392 3314 occasum
2439 3258 2746 3329 perveniat.
2782 3257 2916 3312 Dies
2959 3263 3148 3312 autem
3190 3255 3516 3327 geminatur
3558 3267 3671 3324 ap-

2022 3347 2224 3418 pellari
2265 3347 2410 3403 solet
2449 3347 2679 3417 pr0prie
2707 3360 2739 3401 a
2769 3345 2911 3401 solis
2941 3350 3072 3401 ortu
3105 3345 3286 3400 usdue
3327 3357 3439 3414 quo
3477 3343 3668 3398 veniat

2020 3437 2089 3493 ad
2121 3449 2406 3507 occasum,
2434 3435 2637 3505 spatie,
2664 3439 2684 3457 '
2706 3434 2801 3490 die
2829 3434 2947 3490 duo
2974 3439 3110 3488 sunt
3138 3434 3286 3488 inter
3309 3431 3585 3486 diurnum
3613 3436 3670 3486 et

2022 3531 2387 3594 nocturnum,
2422 3531 2477 3580 et
2507 3530 2592 3580 est
2621 3525 2746 3579 dies
2778 3525 3045 3580 horarum
3076 3521 3161 3578 12.
3197 3524 3386 3577 Partes
3415 3519 3668 3575 abusiva:

2019 3614 2136 3669 diei
2161 3611 2194 3669 3
2219 3619 2374 3680 sunt,
2406 3627 2588 3685 mane,
2620 3612 2909 3683 meridies,
2942 3618 2998 3667 et
3027 3625 3310 3681 suprema.
3345 3607 3519 3670 Initia
3549 3607 3664 3662 diei

2021 3703 2124 3759 alii
2175 3717 2207 3758 a
2253 3703 2394 3758 solis
2433 3708 2563 3758 ortu
2597 3708 2818 3772 putant,
2861 3701 2932 3756 ab
2975 3715 3200 3768 occasu,
3252 3699 3357 3754 alii
3408 3712 3439 3753 a
3485 3696 3668 3752 media

2023 3797 2206 3848 nocte.
2226 3794 2364 3848 Nam
2387 3792 2637 3848 Chaldaai
2661 3805 2692 3847 a
2714 3791 2857 3847 solis
2874 3796 3004 3847 ortu
3021 3790 3138 3846 diei
3166 3789 3401 3845 initium
3424 3785 3666 3855 faciunt,

2024 3886 2206 3938 totum
2262 3881 2322 3936 in
2378 3881 2628 3951 spatium
2679 3880 2739 3935 hi
2787 3880 2940 3936 diem
2992 3878 3362 3949 appellantes.
3419 3874 3668 3946 Egyptii

2022 3975 2210 4026 autem
2243 3983 2311 4024 ex
2344 3969 2517 4025 initio
2547 3969 2732 4026 noctis
2763 3967 3058 4038 sequentis
3085 3967 3203 4023 diei
3237 3965 3518 4037 originem
3547 3969 3674 4018 tra-

2025 4057 2189 4112 hunt.
2225 4057 2465 4112 Romani
2506 4064 2697 4114 autem
2736 4071 2770 4113 a
2803 4057 2989 4113 medio
3029 4055 3215 4112 noctis
3247 4055 3481 4110 initium
3521 4051 3668 4109 oriri

2022 4145 2142 4202 diei
2171 4144 2388 4213 volunt,
2417 4151 2474 4200 et
2497 4146 2556 4200 in
2581 4147 2766 4202 medio
2791 4145 2978 4202 noctis
2996 4145 3174 4200 ﬁniri.
3201 4143 3355 4201 Fasti
3372 4144 3498 4200 dies
3516 4146 3675 4208 sunt,

2026 4233 2240 4304 quibus
2269 4231 2441 4301 fatur,
2477 4233 2534 4289 id
2570 4239 2656 4288 est
2694 4234 2934 4304 dicitur,
2979 4238 3044 4289 ut
3075 4231 3280 4290 nefasti
3314 4231 3529 4303 quibus
3561 4244 3673 4286 non

2026 4323 2265 4377 dicitur.
2299 4321 2507 4377 Feriati
2556 4321 2701 4388 dies,
2746 4322 2804 4376 in
2851 4321 3066 4390 quibus
3118 4335 3208 4377 res
3251 4321 3448 4375 divina
3493 4320 3576 4388 ﬁt,
3621 4325 3678 4374 et

266 4413 422 4466 Luna
466 4409 550 4479 18,
597 4410 632 4466 9
676 4412 799 4468 hor.
847 4417 904 4468 et
945 4410 982 4468 2
1012 4418 1204 4482 punct.
1243 4414 1401 4468 Luna
1450 4411 1534 4480 19,
1571 4412 1608 4467 8
1643 4413 1766 4469 hor.
1801 4420 1855 4469 et
1886 4409 1918 4468 4
1949 4416 2005 4478 D
2030 4411 2317 4467 abstinere
2360 4410 2620 4467 homines
2657 4424 2689 4466 a
2734 4409 2940 4465 litibus
2987 4414 3232 4478 oportet.
3279 4407 3515 4462 Profesti
3548 4407 3674 4462 dies

268 4506 460 4569 punct.
507 4503 665 4557 Luna
701 4498 791 4557 20.
825 4500 861 4555 8
890 4502 1012 4557 hor.
1046 4501 1217 4556 lucet.
1251 4501 1411 4556 Luna
1443 4499 1532 4570 21,
1561 4497 1596 4556 7
1631 4502 1751 4558 hor.
1792 4509 1847 4558 et
1889 4499 1910 4557 1

267 4595 461 4657 punct.
497 4591 655 4646 Luna
682 4588 772 4659 22,
804 4589 838 4646 6
866 4591 986 4647 hor.
1022 4596 1078 4646 et
1110 4589 1144 4645 2
1177 4595 1370 4660 punct.
1407 4591 1562 4646 Luna
1596 4588 1684 4662 23,
1713 4589 1748 4648 5
1789 4593 1910 4648 hor.

263 4682 318 4730 et
354 4673 388 4730 3
428 4683 623 4746 punct.
671 4679 826 4734 Luna
857 4676 945 4747 24,
993 4675 1026 4733 4
1070 4678 1192 4734 hor.
1235 4683 1292 4734 et
1328 4675 1361 4733 4
1397 4685 1590 4748 punct.
1631 4681 1785 4736 Luna
1824 4678 1912 4754 25,

265 4762 296 4820 4
345 4765 465 4822 hor.
515 4767 686 4822 lucet.
737 4769 892 4824 Luna
919 4766 1009 4838 26,
1043 4766 1078 4824 3
1105 4769 1228 4824 hor.
1261 4774 1317 4824 et
1345 4765 1367 4822 1
1409 4774 1600 4838 punct.
1638 4771 1793 4826 Luna
1825 4768 1912 4839 27,

262 4852 296 4909 2
348 4855 472 4924 hor,
518 4860 576 4911 et
620 4854 657 4910 2
700 4862 894 4926 punct.
941 4857 1098 4914 Luna
1141 4854 1231 4927 28,
1284 4855 1306 4912 4
1361 4857 1481 4914 hor.
1536 4864 1592 4914 et
1637 4857 1671 4913 3
1719 4864 1913 4928 punct.

261 4944 422 4998 Luna
445 4941 535 5012 29,
566 4941 598 4998 4
628 4951 821 5014 punct.
853 4945 1040 5001 habet.
1071 4947 1228 5003 Luna
1253 4943 1342 5017 30,
1369 4944 1406 5002 2
1430 4946 1662 5017 punctis
1685 4949 1913 5023 crescit,

260 5037 320 5086 et
343 5029 380 5086 2
399 5031 698 5088 decrescit.

333 5119 439 5174 Dic
478 5121 618 5178 mihi
655 5129 796 5194 quot
830 5123 1000 5180 horas
1031 5123 1184 5180 lucet
1208 5124 1366 5196 luna,
1396 5125 1482 5181 vel
1510 5132 1651 5197 quot
1679 5131 1918 5195 punctos

263 5208 434 5264 habet
478 5209 634 5282 luna,
684 5213 901 5284 quibus
951 5212 1214 5283 partibus
1265 5214 1371 5270 hoc
1419 5216 1656 5285 reperiri
1709 5215 1912 5287 possit.

257 5299 447 5368 Quare
484 5313 582 5370 per
612 5297 644 5356 4
671 5308 886 5372 partem
926 5302 1285 5372 multiplicas
1317 5303 1496 5372 ipsam
1533 5304 1748 5374 lunam,
1778 5305 1915 5376 quia

259 5393 467 5458 quarta
527 5389 624 5444 die
693 5387 880 5446 factus
939 5397 1027 5446 est
1072 5391 1156 5446 sol
1221 5396 1276 5446 et
1346 5390 1501 5446 luna.
1572 5391 1757 5460 Quare
1820 5407 1918 5463 per

265 5476 531 5546 quintam
555 5477 797 5549 dividis,
821 5483 878 5536 et
903 5480 1163 5552 quinque
1186 5478 1385 5550 puncti
1414 5492 1584 5536 unam
1610 5479 1805 5538 horam
1828 5495 1916 5539 ex-

266 5563 504 5636 plicant.

2029 4499 2193 4556 festis
2217 4500 2517 4569 contrarii,
2549 4499 2604 4555 id
2633 4505 2719 4555 est
2743 4499 2869 4555 sine
2895 4496 3192 4567 religione.
3216 4496 3341 4551 Atri
3365 4496 3489 4551 dies
3514 4501 3668 4561 sunt,

2028 4589 2128 4659 qui
2161 4594 2216 4644 et
2239 4602 2568 4644 communes
2597 4593 2890 4645 vocantur.
2918 4585 3222 4654 Siderales,
3253 4585 3311 4640 in
3345 4583 3558 4655 quibus
3584 4584 3674 4639 si—

2027 4679 2161 4734 dera
2190 4683 2507 4746 moventur,
2539 4683 2596 4733 et
2626 4677 2886 4734 homines
2915 4690 2946 4731 a
2978 4673 3446 4746 navigationibus
3471 4673 3675 4730 exclu—

2026 4768 2266 4838 duntur,
2302 4767 2399 4823 isti
2441 4767 2716 4822 continuo
2744 4764 2832 4822 30.
2879 4766 3195 4835 Praeliares,
3230 4765 3444 4836 quibus
3474 4763 3560 4820 fas
3587 4769 3676 4819 est

2030 4856 2247 4912 hostem
2276 4855 2422 4911 bello
2450 4855 2743 4910 lacessere.
2777 4855 3146 4911 lntercalares
3170 4856 3295 4911 dies
3319 4860 3455 4911 sunt
3483 4851 3537 4923 5,
3571 4853 3671 4924 qui

2020 4947 2188 5016 juxta
2208 4943 2502 5016 Egyptios
2523 4950 2834 5014 supersunt
2861 4940 2927 4998 12
2955 4943 3268 5013 mensibus,
3296 4950 3352 4999 et
3383 4942 3674 5013 incipiunt

2027 5049 2085 5091 1x
2116 5035 2237 5090 Kal.
2262 5035 2414 5103 Sept.
2437 5036 2494 5088 et
2519 5045 2552 5086 v
2580 5032 2702 5088 Kal.
2733 5039 3171 5089 memoratarum
3201 5032 3505 5089 ﬁniuntur.
3539 5031 3673 5086 Dies

2025 5129 2350 5194 epactarum
2381 5127 2518 5178 sunt
2551 5120 2637 5192 11,
2672 5123 2773 5193 qui
2807 5137 2903 5192 per
2935 5122 3198 5194 singulos
3238 5136 3419 5178 annos
3446 5122 3514 5177 ad
3547 5133 3671 5175 cur-

2027 5227 2152 5271 sum
2180 5213 2437 5269 lunarem
2459 5211 2818 5267 adcrescunt.
2852 5213 2990 5266 Nam
3020 5211 3079 5267 in
3105 5225 3256 5269 anno
3288 5210 3354 5268 12
3382 5212 3532 5266 lunae
3563 5205 3668 5264 354

2025 5303 2151 5359 dies
2216 5301 2441 5372 habent,
2507 5305 2795 5356 remanent
2859 5301 2929 5355 ad
2984 5315 3216 5357 cursum
3264 5298 3398 5354 anni
3459 5296 3668 5352 solaris

2024 5393 2150 5450 dies
2199 5388 2286 5458 11,
2337 5403 2482 5461 quos
2525 5395 2754 5460 epactas
2806 5389 3056 5461 Egyptii
3111 5397 3392 5450 vocavere,
3450 5398 3553 5454 pro
3600 5397 3667 5440 eo

2027 5481 2178 5553 quod
2208 5480 2279 5537 ad
2309 5478 2708 5536 inveniendam
2737 5478 2932 5536 lunam
2961 5492 3058 5550 per
3079 5481 3261 5532 totum
3285 5485 3496 5529 annum
3524 5473 3668 5543 adji-

2028 5571 2274 5628 ciantur.
2311 5569 2657 5628 Solstitiales
2702 5569 2829 5626 dies
2872 5571 3027 5636 sunt,
3075 5565 3134 5621 in
3172 5562 3382 5636 quibus
3411 5563 3496 5622 sol
3527 5568 3662 5634 stat,
