4076 6174
391 279 530 341 4307
1028 291 1043 300 -
1265 238 1554 329 Aprem
1594 267 1689 324 AD
1723 265 1884 323 sm.
1930 267 2001 324 1x

2184 264 2536 325 AUCTORES
2576 264 2913 324 ANONYMI.
3654 259 3678 317 4
3683 261 3794 321 308

389 406 678 460 crescente
706 399 894 472 spatio
917 398 1145 454 dierum
1171 393 1255 452 vel
1281 394 1559 450 noctium.
1583 385 2038 460 Equinoctiales
2065 379 2124 440 A
2147 385 2300 457 legia
2327 383 2522 444 Graeca
2549 401 2752 444 nomen
2774 387 3030 458 accepit;
3062 386 3257 443 uictus
3281 384 3433 443 enim
3461 385 3677 455 Graeci,
3706 397 3796 441 no-

390 494 516 550 dies
543 497 701 562 sunt,
725 491 785 546 in
816 487 1028 560 quibus
1051 487 1178 542 dies
1202 490 1258 541 et
1283 497 1392 540 nox
1420 483 1478 538 in
1512 478 1836 550 aequalibus
1863 477 2040 532 hora-
2145 482 2290 532 ctem
2331 477 2518 533 Latini
2565 478 2860 548 dixerunt,
2911 482 2976 533 ut
3020 477 3078 533 in
3133 475 3375 533 Psalmis
3418 475 3678 547 legitur:
3733 477 3797 530 In

393 598 519 640 rum
570 581 778 652 spatiis
822 576 1190 646 concordant,
1237 589 1336 630 seu
1380 570 1738 627 evolvuntur.
1785 568 1907 622 Nox
1953 567 2040 620 est
2145 581 2381 620 merasce
2403 568 2604 629 uictus,
2630 567 2686 623 id
2714 571 2818 634 est,
2846 566 2941 622 die
2965 580 3030 621 ac
3056 569 3237 621 nocte.
3265 566 3459 620 Partes
3485 564 3679 620 noctis
3704 579 3798 620 sex

393 672 535 730 solis
566 669 847 734 absentia,
882 665 1141 738 quandiu
1172 663 1244 719 ab
1273 675 1478 718 occasu
1509 671 1714 714 rursus
1747 656 1815 711 ad
1849 659 2037 711 ortum
2147 660 2324 710 sunt:
2358 669 2573 725 vesper,
2607 656 3029 726 crepusculum,
3072 654 3474 721 conticinium,
3511 655 3800 724 intempe-

393 764 672 818 recurrat.
721 759 952 813 Noctem
1001 759 1188 810 autem
1239 751 1496 808 umbram
1547 746 1670 802 ﬁeri
1716 752 1878 800 terra:
1923 746 2041 798 tan-
2149 744 2382 815 stivum,
2415 744 2800 816 gallicinium,
2840 744 3208 826 matutinum.
3237 745 3544 813 Vesperum
3575 743 3798 799 dictum

397 863 566 922 quam
598 849 795 904 datum
823 846 891 901 ad
920 843 1173 914 requiem
1205 839 1465 911 corporis
1491 836 1798 902 credimus,
1827 846 1936 888 non
1965 831 2034 922 a_d
2148 838 2234 889 est
2262 848 2293 890 a
2325 833 2491 890 stella
2520 833 2882 903 occidentali,
2915 848 3040 905 quae
3064 835 3276 904 Vesper
3303 839 3552 902 vocatur,
3579 838 3635 888 et
3670 834 3798 903 ipsa

391 920 642 1006 alicujus
693 934 884 1005 Operis
941 931 1239 996 ofﬁcium;
1300 942 1412 985 nox
1468 929 1657 982 autem
1715 936 1747 979 a
1801 920 2038 975 nocendo
2148 922 2311 978 stella
2355 923 2426 978 ab
2471 923 2739 993 Hesperia
2771 923 3002 995 regione
3047 937 3248 978 nomen
3289 923 3630 992 adsumpsit,
3673 936 3797 978 mu-

391 1026 565 1095 dicta,
597 1037 663 1080 eo
696 1024 844 1095 quod
877 1021 1063 1079 oculis
1089 1023 1304 1076 noceat.
2149 1018 2263 1070 tata
2293 1031 2325 1068 υ
2356 1028 2458 1084 pro
2501 1015 2556 1076 ἠ,
2600 1027 2799 1084 vesper
2834 1013 3073 1070 dicitur.
3115 1013 3386 1083 Hesperia
3424 1018 3611 1069 autem
3641 1013 3799 1068 dicta

1113 1113 1189 1165 De
1218 1109 1326 1164 die.
2149 1107 2236 1158 est
2267 1103 2510 1173 pridiem
2551 1102 2760 1172 Spania
2791 1102 2862 1157 ab
2891 1103 3158 1173 Hespero'
3204 1102 3458 1174 regionis
3502 1102 3648 1171 tilio,
3699 1101 3797 1172 qui

460 1200 636 1262 LXX.
656 1204 792 1259 Dies
811 1207 895 1258 est
920 1192 2035 1272 primacreaturarum,ostensiorerum,
2149 1193 2296 1248 hanc
2343 1191 2632 1262 regionem
2685 1191 2914 1247 bellicis
2964 1191 3282 1248 virtutibus
3329 1190 3688 1263 subjugavit.
3736 1191 3803 1245 Et

391 1307 584 1352 comes
615 1294 781 1350 solis.
809 1295 945 1348 Item
971 1291 1096 1346 dies
1122 1289 1264 1345 solis
1290 1285 1615 1358 praesentia,
1644 1292 1945 1352 quousque
1969 1277 2037 1333 ad
2148 1282 2294 1337 hanc
2341 1280 2564 1336 stellam
2615 1284 2822 1347 nautae,
2878 1294 2948 1336 ne
2995 1285 3273 1336 nocturna
3324 1281 3382 1336 in
3435 1280 3800 1346 navigatione

393 1389 585 1440 ortum
619 1382 930 1452 perveniat.
963 1380 1222 1435 Isidorus
1247 1377 1429 1432 dicit:
1467 1395 1492 1426 α
1524 1373 1657 1428 Dies
1687 1369 1909 1443 gemine
1931 1379 2044 1435 ap—
2147 1370 2498 1434 oberrarent,
2547 1369 2880 1441 navigantes
2909 1383 2942 1424 a
2985 1369 3357 1440 Gallograecia
3398 1369 3794 1425 observabant

299 1495 322 1500 ~
395 1473 598 1543 pellari
640 1472 803 1541 solet,
853 1469 1082 1540 preprie
1124 1468 1195 1524 ab
1238 1472 1370 1522 ortu
1407 1463 1568 1532 solis,
1614 1462 1793 1517 donec
1835 1469 2041 1513 rursus
2149 1461 2301 1515 Hanc
2328 1458 2547 1514 stellam
2576 1458 2679 1514 alii
2713 1457 2904 1514 ferunt
2936 1473 3050 1514 uno
3076 1473 3225 1515 anno
3256 1459 3431 1515 solem
3462 1459 3798 1529 praecedere,

395 1562 638 1628 oriatur,
685 1559 923 1614 abusive
970 1571 1102 1613 vero
1130 1557 1202 1611 ab
1233 1561 1362 1611 ortu
1403 1553 1564 1617 solis,
1598 1562 1781 1620 usque
1812 1559 1926 1617 quo
1967 1543 2037 1599 ad
2149 1562 2278 1604 cum
2328 1546 2591 1604 Lucifero
2623 1547 2815 1605 lumen
2860 1549 3207 1604 matutinum
3253 1548 3580 1617 aequalibus
3622 1548 3801 1603 radiis

393 1661 656 1705 occasum
700 1646 1011 1716 perveniat,
1047 1659 1170 1714 quae
1203 1644 1330 1698 ideo
1360 1643 1486 1698 dies
1524 1641 1678 1696 dicta
1709 1643 1795 1693 est
1823 1649 1854 1690 a
1880 1633 2042 1690 divi-
2067 1705 2114 1716 Ἀ
2151 1636 2504 1707 praeclarare,
2539 1644 2594 1692 et
2622 1637 2848 1693 duobus
2877 1638 3046 1692 annis
3077 1642 3202 1707 post
3233 1637 3290 1692 in
3319 1651 3524 1693 occasu
3555 1638 3697 1692 solis
3725 1651 3803 1692 re-

392 1737 577 1792 dendo
623 1705 806 1790 lucem
847 1748 878 1789 a
917 1705 1189 1789 tenebris.
1237 1751 1263 1782 »
1312 1734 1448 1787 Item
1487 1731 1821 1799 Phragonus
1847 1725 2033 1780 dicit:
2067 1705 2118 1765 Β
2153 1705 2396 1780 manere.
2446 1705 2663 1782 Mutato
2720 1725 2949 1782 nomine
3006 1705 3204 1796 vesper
3259 1727 3618 1790 nominatur,
3673 1741 3798 1781 cum

395 1846 421 1878 α
461 1825 555 1880 Sol
587 1837 760 1894 super
790 1828 996 1879 terram
1025 1823 1151 1878 dies
1181 1826 1286 1883 est,
1329 1821 1412 1876 sol
1453 1818 1563 1874 sub
1595 1823 1744 1872 terra
1787 1829 1900 1870 nox
1929 1817 2034 1868 est.
2150 1813 2413 1870 Lucifero
2443 1828 2574 1870 vero
2604 1814 2832 1870 Lucifer
2859 1815 3098 1871 dicitur.
3130 1815 3545 1884 Crepusculum
3580 1815 3799 1870 dictum

392 1913 566 1968 Initia
596 1914 822 1970 dierum
853 1910 887 1968 4
917 1917 1055 1969 sunt
1097 1912 1409 1968 secundum
1455 1909 1757 1976 Hebraeos;
1791 1905 1862 1961 ab
1905 1907 2037 1960 ortu
2148 1909 2235 1960 est
2265 1903 2535 1960 nocturni
2560 1903 2836 1974 temporis
2857 1905 3107 1975 spatium
3128 1917 3160 1960 a
3182 1920 3414 1974 erepere,
3443 1904 3498 1959 id
3527 1910 3616 1960 est
3640 1919 3802 1960 com-

393 2001 534 2058 solis
554 2003 698 2058 dies.
729 2005 788 2057 In
819 2001 1109 2072 principio
1133 2015 1368 2072 operum
1387 1998 1638 2066 Domini,
1665 2015 1690 2046 »
1715 2001 1769 2052 et
1790 1994 2033 2063 reliqua.
2150 1993 2428 2048 mixtione
2469 1992 2854 2061 tenebrarum,
2894 2000 2950 2048 et
2979 1993 3240 2064 luminis,
3276 1994 3409 2064 quia
3449 1995 3636 2049 Graeci
3668 1994 3801 2048 dia-

391 2092 715 2148 Secundum
744 2091 1039 2147 Chaldaeos
1068 2105 1100 2146 a
1142 2091 1330 2146 medio
1359 2089 1472 2145 die.
1507 2085 1830 2144 Secundum
1874 2081 2041 2137 Grae—
2149 2080 2267 2137 t‘odi
2298 2081 2617 2144 nominant,
2647 2082 2703 2136 id
2729 2081 3162 2138 estdubitantia
3184 2083 3336 2137 inter
3357 2096 3655 2139 excessum
3682 2082 3797 2138 diei

391 2193 490 2236 cos
518 2184 574 2235 et
599 2179 892 2252 Egyptios
920 2179 991 2235 ab
1022 2183 1152 2235 ortu
1196 2178 1516 2234 stellarum.
1557 2175 1878 2231 Secundum
1919 2171 2042 2225 Ito-
2145 2176 2203 2225 et
2236 2169 2539 2224 introitum
2573 2170 2760 2225 noctis
2799 2175 2899 2226 aut
2938 2170 3154 2226 exitum
3188 2170 3376 2226 noctis
3403 2176 3461 2226 et
3491 2171 3798 2226 introitum

395 2283 592 2326 manos
622 2283 654 2324 a
686 2269 872 2325 media
904 2275 1086 2324 nocte.
1121 2267 1204 2322 Ab
1234 2273 1364 2324 ortu
1391 2266 1535 2323 solis
1560 2262 1779 2321 Hebraei
1812 2274 2041 2329 compu-
2146 2257 2263 2314 diei
2289 2276 2303 2328 ;
2337 2262 2393 2313 et
2420 2257 2492 2314 oh
2523 2257 2627 2314 hoc
2656 2257 2922 2329 dubium,
2957 2259 3093 2329 quia
3123 2259 3173 2314 si
3207 2259 3338 2329 quis
3367 2257 3802 2330 expergefactus

393 2363 517 2414 tant
548 2363 780 2429 propter
825 2359 1114 2429 physicam
1158 2357 1458 2413 scientiam
1505 2369 1717 2423 rerum,
1749 2352 1886 2423 quia
1931 2363 2042 2404 na—
2148 2343 2326 2401 fuerit
2350 2359 2382 2400 a
2409 2345 2595 2400 somni
2624 2347 2990 2416 gravitudine
3021 2347 3076 2401 in
3111 2346 3214 2402 hoc
3236 2352 3487 2416 tempore
3516 2347 3799 2402 incertum

392 2453 521 2505 tura
548 2454 943 2504 creaturarum
974 2462 1006 2503 a
1038 2447 1257 2503 lumine
1285 2447 1522 2502 initium
1549 2443 1818 2514 sumpsit.
1849 2441 2039 2495 Prima
2148 2447 2208 2488 se
2234 2438 2394 2501 putat
2424 2447 2565 2503 esse,
2600 2440 2794 2489 utrum
2827 2439 3116 2490 transacto
3146 2436 3335 2490 noctis
3363 2437 3553 2504 spatio
3583 2435 3653 2490 ad
3684 2435 3798 2490 diei

392 2539 542 2592 enim
568 2537 1144 2593 diecondiditlucem
1169 2536 1502 2592 testimonio
1526 2529 2038 2604 hloysistiatlum,
2149 2522 2468 2578 claritatem
2523 2525 2861 2592 pervenerit,
2904 2530 3004 2579 aut
3054 2530 3247 2579 exacto
3293 2525 3390 2580 die
3435 2525 3505 2580 ad
3559 2525 3796 2578 initium

391 2629 442 2678 et
465 2628 615 2692 facta
647 2632 724 2680 est
757 2628 872 2680 (ur.
895 2626 1144 2680 Chaldaei
1176 2625 1304 2680 ideo
1324 2638 1355 2679 a
1388 2623 1571 2678 media
1603 2622 1697 2677 die
1726 2618 2039 2686 incipiunt,
2151 2611 2336 2666 noctis
2357 2611 2636 2680 perducit.
2656 2611 3068 2682 Conticinium,
3093 2612 3198 2668 hoc
3218 2618 3303 2668 est
3325 2612 3650 2668 silentium:
3675 2627 3798 2667 con-

393 2714 530 2782 quia
557 2727 790 2770 cursum
820 2714 971 2768 lunae
997 2714 1317 2778 observant,
1347 2725 1474 2780 qua:
1499 2711 1731 2764 assidue
1754 2707 1907 2761 circa
1934 2715 2042 2757 me-
2150 2701 2420 2755 ticescere
2441 2701 2590 2755 enim
2616 2701 2787 2756 silere
2812 2707 2914 2769 est,
2939 2702 3073 2772 quia
3095 2703 3153 2757 in
3183 2703 3306 2772 ipso
3329 2707 3580 2771 tempore
3607 2715 3802 2758 omnes

391 2801 546 2856 diam
575 2801 726 2855 diem
757 2800 1111 2865 accenditur,
1136 2804 1191 2853 et
1215 2798 1601 2868 extinguitur.
1633 2794 1880 2865 Egyptii
1909 2805 2040 2846 vero
2150 2793 2356 2874 tacent,
2384 2791 2441 2843 et
2465 2789 2658 2861 silent,
2687 2795 2744 2845 et
2769 2790 2941 2860 primi
2971 2792 3153 2846 somni
3183 2791 3365 2863 gratia
3389 2792 3796 2861 adgravantur.

393 2887 531 2957 quia
557 2888 831 2956 astrologi
860 2890 1018 2956 sunt,
1043 2892 1099 2941 et
1123 2886 1406 2942 circulum
1435 2885 1688 2940 siderum
1716 2883 2038 2948 observant,
2148 2876 2635 2946 Intempestivum,
2697 2877 2968 2947 medium,
3019 2885 3074 2934 et
3124 2879 3484 2934 inactuosum
3546 2879 3796 2948 spatium

391 2987 424 3028 a
455 2987 684 3042 vespere
712 2980 768 3029 et
798 2979 928 3030 ortu
958 2975 1252 3030 stellarum
1288 2974 1602 3043 incipiunt,
1629 2985 1872 3042 quarum
1898 2983 2042 3024 cur—
2077 3031 2118 3043 Α
2149 2967 2354 3034 noctis,
2390 2971 2633 3037 tempus,
2667 2969 2896 3037 quando
2939 2968 3087 3024 nihil
3132 2969 3221 3040 agi
3272 2973 3472 3038 potest,
3509 2975 3566 3024 et
3606 2969 3794 3023 omnia

392 3076 493 3117 sus
539 3031 594 3116 et
639 3066 889 3132 tempora
934 3062 1254 3119 observant.
1308 3031 1546 3118 Romani
1579 3031 1610 3116 a
1645 3031 1829 3115 media
1876 3061 2038 3113 nocte
2072 3031 2121 3094 ί]
2149 3031 2352 3124 sopore
2381 3031 2574 3125 quieta
2605 3031 2761 3111 sunt.
2793 3031 3422 3112 Galliciniumvdietum
3454 3031 3543 3112 est
3571 3071 3603 3111 a
3635 3058 3798 3112 clan—

396 3149 705 3220 incipiunt,
735 3157 1034 3222 sequentes
1061 3153 1206 3208 illud
1231 3153 1382 3222 quod
1409 3152 1688 3220 scriptum
1711 3147 2038 3204 estzMedia
2149 3157 2282 3212 gore
2352 3143 2650 3200 volucrum
2717 3151 3110 3215 nuncupatum
3177 3147 3345 3216 quasi
3397 3145 3793 3218 gallicanium,

390 3243 541 3294 nocte
581 3243 761 3307 factus
809 3246 888 3295 est
925 3242 1182 3311 mundus,
1217 3246 1266 3296 et
1293 3241 1474 3294 media
1519 3244 1669 3293 nocte
1711 3241 1907 3292 iterum
1953 3236 2042 3290 de-
2147 3239 2377 3305 propter
2419 3233 2620 3304 gallos,
2655 3234 2923 3290 videlicet
2951 3235 3103 3291 lucis
3150 3236 3547 3305 praenuncios;
3590 3240 3651 3289 et
3695 3235 3796 3289 her.

390 3333 651 3383 διωρίαν.
681 3330 750 3385 Et
782 3330 840 3384 in
868 3330 1208 3400 Evangelio:
1245 3330 1426 3385 Media
1451 3333 1603 3383 nocte
1627 3329 1830 3382 clamor
1853 3328 2038 3393 factus
2145 3331 2370 3393 tempus
2397 3324 2814 3382 antelucinium
2853 3325 3095 3393 dicitur,
3131 3326 3267 3397 quia
3299 3326 3436 3398 galli
3465 3322 3794 3380 antelucani

392 3422 488 3479 cst,
521 3422 577 3473 et
624 3418 867 3488 reliqua.
903 3420 967 3473 Et
999 3419 1207 3474 iterum
1238 3437 1250 3473 :
1299 3418 1450 3472 Sicut
1496 3420 1594 3485 fur
1634 3419 1695 3470 in
1739 3419 1910 3476 nocte,
1958 3415 2039 3467 ita
2148 3419 2576 3483 nuncupantur,
2599 3427 2664 3469 eo
2682 3414 2831 3484 quod
2856 3415 3200 3472 naturaliter
3227 3415 3532 3484 praeconio,
3558 3420 3614 3467 et
3645 3412 3798 3482 plau-

389 3508 584 3561 veniet.
637 3508 829 3561 Partes
871 3507 988 3562 diei
1037 3513 1152 3563 tres
1195 3512 1331 3564 sunt
1379 3520 1561 3572 mane,
1610 3504 1903 3574 meridies,
1950 3517 2040 3557 su-
2147 3517 2214 3558 su
2241 3500 2461 3557 alarum
2494 3502 2645 3558 lucis
2674 3503 2976 3560 adventum
3010 3504 3417 3574 praenuntiant.
3450 3501 3791 3557 Matutinum

392 3608 602 3664 prema.
633 3595 794 3650 Mane
818 3595 1038 3650 dictum
1062 3603 1148 3651 est
1173 3610 1203 3650 a
1227 3596 1494 3651 manibus
1519 3594 1873 3650 infernorum
1895 3591 2034 3658 diis,
2145 3590 2365 3646 dictum
2404 3595 2492 3646 est
2533 3591 2720 3647 noctis
2761 3597 2986 3662 tempus
3010 3606 3040 3648 a
3074 3593 3407 3648 maturitate
3449 3591 3602 3646 lucis
3633 3603 3794 3644 acce-

392 3682 493 3753 qui
542 3697 634 3738 res
675 3683 744 3738 ad
788 3684 1116 3754 gaudendas
1157 3682 1351 3755 fruges
1393 3682 1706 3751 distillant,
1754 3679 2038 3750 quorum'
2145 3677 2312 3733 dente
2335 3679 2449 3743 die,
2483 3681 2776 3735 recedente
2804 3694 3033 3736 aurora.
3063 3683 3284 3736 Aurora
3309 3680 3463 3736 dicta
3489 3684 3596 3744 est,
3627 3679 3787 3748 quasi

392 3775 722 3826 conversata
759 3771 894 3826 luna
923 3773 992 3827 ad
1026 3777 1234 3826 terram
1266 3777 1368 3826 est.
1395 3770 1495 3824 Vel
1525 3782 1687 3823 mane
1715 3781 1745 3822 a
1772 3767 2038 3822 Manibus
2144 3767 2361 3822 Eurora
2391 3767 2462 3822 ab
2487 3769 2639 3824 Euro
2663 3775 2829 3824 vento
2857 3769 3033 3839 dicta,
3062 3770 3200 3840 quia
3232 3770 3291 3824 in
3325 3769 3450 3838 ipsa
3481 3768 3624 3822 hora
3655 3766 3788 3822 Euri

391 3856 531 3920 diis,
579 3870 724 3926 quos
755 3858 993 3926 antiqua
1043 3857 1344 3927 gentilitas
1389 3857 1610 3911 oriente
1652 3854 1892 3910 colebat.
1939 3853 2034 3908 Vel
2144 3855 2432 3924 spiramen
2457 3857 2525 3912 ad
2552 3857 2883 3913 excitandas
2917 3856 3110 3930 fruges
3133 3857 3204 3914 ab
3238 3858 3448 3913 Austro
3483 3857 3791 3912 emittitur.

399 3955 560 3998 mane
583 3956 615 3998 a
638 3945 802 3998 Mane
826 3943 1049 3998 dictum
1074 3949 1178 4011 est,
1204 3944 1354 4013 quod
1373 3949 1586 3998 veteres
1614 3941 1798 3998 Latini
1823 3941 2035 3997 bonum
2145 3948 2297 4001 Inter
2323 3959 2642 4014 vesperum,
2689 3951 2745 4001 et
2770 3959 3081 4016 vesperam,
3111 3953 3168 4002 et
3195 3959 3504 4016 vesperem,
3548 3945 3656 4000 hoc
3703 3945 3795 3999 in-

391 4029 680 4098 dicebant,
710 4035 774 4084 ut
807 4029 1064 4086 Isidorus
1090 4030 1389 4086 meminit:
1422 4051 1448 4082 α
1477 4033 1636 4086 Mane
1660 4043 1693 4085 a
1716 4032 1901 4097 Mano,
1934 4047 1959 4078 ››
1983 4035 2038 4084 et
2147 4039 2338 4103 terest,
2373 4034 2511 4104 quia
2540 4047 2836 4103 vesperum
2866 4035 3005 4103 diei,
3038 4049 3268 4106 vespera
3309 4035 3617 4091 inclinatio
3657 4033 3796 4090 solis

397 4116 636 4187 reliqua.
690 4118 977 4183 Meridies,
1025 4119 1191 4188 quasi
1246 4119 1479 4187 medies,
1532 4119 1637 4175 hoc
1677 4124 1763 4174 est
1814 4117 2038 4173 medius
2145 4125 2214 4179 ad
2248 4136 2531 4192 occasum,
2565 4137 2767 4193 vesper
2798 4125 3256 4195 uniuscujusque
3299 4125 3380 4180 rei
3427 4136 3796 4180 consumma-

391 4204 517 4259 dies
541 4223 556 4274 ς
585 4211 722 4262 tunc
745 4207 897 4262 enim
923 4208 1124 4277 purior
1144 4209 1319 4264 micat
1340 4208 1460 4278 lux,
1485 4209 1714 4279 quando
1737 4207 1823 4262 sol
1850 4207 2038 4262 medio
2146 4214 2231 4270 tio
2255 4226 2484 4283 vespere
2509 4219 2898 4283 nuncupatur.
2927 4215 3052 4270 Haec
3080 4221 3214 4270 sunt
3238 4213 3273 4270 6
3297 4213 3482 4284 spatia
3510 4213 3721 4282 noctis,
3745 4219 3796 4268 et

391 4293 536 4350 caelo
561 4294 785 4366 rutilat,
807 4301 862 4352 et
879 4300 1061 4352 totum
1089 4298 1279 4353 orbem
1306 4298 1427 4367 pari
1451 4297 1714 4352 claritate
1741 4296 2034 4351 inlustrat.
2148 4302 2314 4358 binas
2346 4301 2516 4357 homs
2549 4300 2827 4357 obtinent.

393 4383 487 4438 Vel
514 4384 802 4448 meridies,
825 4387 988 4456 quasi
1016 4387 1310 4455 meridies,
1331 4387 1466 4456 quia
1488 4391 1625 4441 tunc
1645 4385 1845 4454 purior
1866 4384 2039 4439 micat
2063 4372 2120 4434 D
2233 4427 2235 4430 -
2659 4392 2737 4443 De
2768 4388 2833 4446 44
2864 4391 2994 4445 luna
3021 4391 3294 4460 paschali.

391 4473 567 4528 aether
590 4492 604 4538 ;
630 4491 836 4528 merum
873 4476 1027 4530 enim
1069 4490 1274 4545 purum
1305 4475 1534 4529 diciter.
1578 4475 1851 4542 Suprema
1880 4473 2037 4528 dicta
2217 4478 2434 4532 LXXII.
2468 4476 2526 4531 Si
2559 4477 2648 4532 vis
2678 4477 2828 4532 scire
2857 4477 3072 4548 quibus
3101 4477 3272 4532 annis
3301 4473 3370 4532 49
3396 4476 3606 4533 circuli
3642 4478 3800 4534 Mar—

390 4568 476 4617 est
507 4577 637 4632 pars
666 4563 783 4619 diei
813 4565 1146 4633 novissima,
1172 4565 1308 4633 quia
1336 4569 1596 4633 superest
1623 4563 1846 4618 ultima.
1877 4563 2035 4617 Tunc
2144 4567 2228 4622 tio
2271 4579 2462 4621 mense
2492 4562 2558 4620 44
2589 4565 2725 4621 luna
2758 4566 3046 4636 paschalis
3078 4567 3357 4627 incurrat.
3395 4566 3500 4622 hoc
3528 4573 3619 4621 est
3647 4579 3800 4620 anno

389 4651 515 4706 dies
547 4653 614 4707 ad
660 4666 958 4722 vesperum
1013 4653 1420 4722 supprimitur,
1474 4653 1702 4722 quando
1754 4652 2034 4708 nubilosa;
2140 4653 2194 4725 2,
2223 4653 2278 4724 5,
2326 4651 2381 4723 7,
2426 4653 2511 4721 40,
2557 4650 2643 4722 43,
2688 4652 2754 4709 46
2796 4660 2852 4709 et
2893 4651 2976 4710 48.
3030 4656 3140 4710 Hos
3183 4655 3613 4724 suprascriptos
3656 4651 3695 4708 7
3742 4655 3799 4708 in

394 4739 579 4794 noctis
603 4740 1520 4810 caligineobumbratur.Maneab
1539 4747 1670 4797 ortu
1693 4741 1835 4796 solis
1853 4755 2034 4812 usque
2143 4743 2347 4798 Martio
2380 4755 2569 4798 mense
2603 4743 2890 4811 reperies;
2925 4742 3188 4798 residuos
3219 4756 3349 4798 vero
3383 4739 3450 4797 42
3479 4741 3798 4797 secundum

391 4827 459 4881 ad
489 4827 684 4881 horam
713 4835 973 4898 quartam
1000 4829 1242 4899 dicitur,
1271 4829 1420 4899 quod
1454 4833 1514 4884 ut
1545 4829 1833 4899 quadrans
1857 4830 2034 4885 artiti-
2143 4830 2395 4900 regulam
2425 4829 2622 4886 subter
2649 4830 2924 4886 adnexam
2954 4830 3143 4901 Aprili
3177 4844 3365 4886 mense
3397 4829 3801 4886 indubitanter

391 4914 583 4970 cialis.
615 4916 884 4972 Meridies
907 4915 960 4986 5,
989 4916 1042 4982 6,
1071 4914 1125 4986 7,
1153 4915 1209 4988 8,
1245 4917 1440 4972 horam
1473 4923 1644 4973 tenet.
1675 4918 1950 4988 Suprema
1976 4916 2031 4989 9,
2141 4917 2476 4974 calculabis.

395 5001 479 5073 40,
517 5001 600 5072 44,
637 5000 705 5058 42
732 5005 928 5061 horam
959 5006 1218 5062 obtinere
1242 5007 1493 5062 videtur.
2316 5009 2451 5062 Item
2489 5007 2555 5060 de
2587 5003 2653 5061 44
2683 5006 2816 5060 luna
2839 5007 3098 5076 paschali
3127 5012 3293 5077 quota
3321 5009 3467 5075 feria
3498 5010 3594 5062 sit.

1063 5097 1140 5149 De
1168 5099 1337 5150 nocte.
2214 5097 2454 5152 LXXIII.
2492 5095 2701 5166 Incipit
2729 5095 3038 5153 calculatio
3071 5097 3355 5167 quomodo
3382 5097 3628 5167 reperiri
3662 5112 3795 5169 pos-

461 5182 657 5238 LXXI.
689 5183 811 5237 Nox
841 5189 927 5238 est
955 5183 1281 5240 obscuritas
1314 5185 1536 5254 mundi,
1570 5183 1902 5253 latibulum,
1935 5197 2026 5240 re-
2142 5185 2240 5255 sit,
2273 5191 2446 5254 quota
2472 5183 2617 5240 feria
2643 5184 2894 5256 singulis
2923 5186 3095 5242 annis
3127 5182 3193 5240 44
3219 5185 3356 5242 luna
3390 5185 3701 5256 paschalis,
3738 5186 3791 5241 id

391 5270 558 5341 quies
596 5270 880 5327 vivorum.
930 5273 1052 5327 Nox
1083 5272 1238 5328 dicta
1267 5278 1354 5328 est
1396 5288 1428 5329 a
1475 5273 1733 5335 nocendo,
1781 5285 1848 5328 eo
1878 5274 2028 5342 quod
2140 5277 2228 5329 est
2271 5272 2802 5328 decemnovennalis
2851 5273 3026 5342 primi
3075 5273 3310 5330 circuli.
3367 5275 3533 5330 Anno
3583 5276 3791 5345 primo,

388 5357 691 5415 obtutibus
737 5366 900 5415 nocet
931 5359 1220 5432 humanis,
1255 5361 1340 5417 vel
1371 5361 1510 5431 quia
1552 5359 1709 5434 fures
1739 5364 1795 5416 et
1835 5360 2032 5416 bestia:
2140 5362 2276 5432 quia
2298 5374 2411 5416 non
2439 5359 2608 5416 habet
2630 5366 2858 5430 epactas
2883 5361 3114 5418 lunares
3146 5375 3248 5434 pro
3280 5375 3348 5418 eo
3373 5363 3526 5434 quod
3559 5376 3693 5419 cum
3731 5360 3796 5419 49

391 5446 450 5502 in
475 5459 540 5502 ea
569 5452 825 5504 noceant.
855 5447 952 5504 Vel
979 5449 1120 5520 quia
1144 5449 1393 5520 negotiis
1417 5455 1474 5504 et
1499 5447 1796 5505 laboribus
1821 5448 2034 5506 huma—
2141 5447 2438 5506 inferioris
2463 5450 2602 5506 anni
2627 5447 2694 5505 48
2713 5457 2769 5506 et
2797 5464 2933 5508 suas
2960 5448 3021 5506 44
3055 5457 3283 5522 epactas
3308 5455 3330 5477 '
3353 5451 3594 5508 additur
3622 5451 3797 5509 etiam

390 5534 484 5590 nis
509 5550 731 5608 nocere,
762 5537 842 5594 vel
867 5537 1148 5608 impedire
1171 5537 1418 5594 videtur.
1449 5537 1545 5592 Vel
1572 5537 1708 5608 quia
1729 5536 1801 5592 ab
1824 5543 2034 5609 etymo-
2138 5538 2419 5610 Egyptiis
2445 5538 2542 5595 die
2572 5553 2688 5596 uno
2712 5537 2852 5596 ﬂant
2875 5537 2964 5611 30,
3001 5539 3057 5596 id
3085 5544 3173 5596 est
3202 5540 3338 5597 luna
3370 5541 3583 5597 mensis
3613 5542 3796 5598 unius
