4076 6174
245 284 384 346 4309

1605 285 1807 347 LIBER
1839 286 1934 345 DE
1969 285 2310 344 COMPUTO.

3507 283 3651 347 4340

245 419 486 490 integra,
520 420 576 474 et
619 417 770 474 nihil
811 420 1064 474 remanet
1097 417 1169 474 de
1205 417 1445 487 epactis.
1477 417 1548 474 Et
1584 417 1724 488 quia
1749 415 1886 486 Apr.
1919 409 1982 470 Λ
2007 417 2652 490 indictiones3epactas
2674 418 2761 492 42,
2783 421 2885 492 qui
2907 422 3052 478 ﬁunt
3073 419 3166 494 20,
3187 424 3244 478 et
3260 419 3414 478 diem
3436 419 3652 477 mensis

244 521 419 564 mens.
455 506 666 562 incidit
696 506 756 561 in
784 519 850 561 eo
874 519 1024 562 anno
1045 505 1182 562 luna
1211 506 1498 576 paschalis
1525 503 1610 574 44,
1642 513 1769 560 tene
1794 518 1894 560 re-

243 597 470 670 gulares
499 609 719 665 semper
745 595 804 650 in
829 608 895 651 eo
924 608 1113 651 mense
1149 593 1239 666 35,
1277 595 1554 651 subtrahe
1590 593 1681 662 30,
1717 593 1773 649 id
1805 596 1894 648 est

244 687 425 756 ipsam
457 685 650 741 lunam
686 684 986 755 integram,
1020 688 1075 740 et
1105 689 1396 741 remanent
1423 683 1478 740 5.
1510 685 1612 741 Die
1639 681 1675 740 5
1703 697 1735 739 a
1765 682 1889 739 Kal.

241 776 399 846 Apr.,
435 775 541 830 hoc
565 779 651 830 est
682 776 826 830 Non.
858 773 996 842 Apr.
1025 774 1281 830 occurrit
1319 774 1456 830 luna
1486 771 1552 829 44
1583 772 1888 844 paschalis.

240 867 386 920 Tene
413 864 858 934 suprascriptos,
894 863 1038 919 adde
1066 868 1472 919 concurrentes
1502 863 1757 932 ejusdem
1782 875 1895 916 an—

243 955 303 1010 ni
328 952 403 1010 5:
442 953 576 1009 ﬁent
617 949 703 1021 40,
737 953 880 1008 adde
909 956 964 1007 et
1005 951 1296 1023 regulares
1333 952 1393 1007 in
1437 953 1633 1008 eodem
1675 963 1896 1021 semper

242 1057 434 1099 mense
473 1041 695 1112 Aprilis
726 1038 803 1098 7:
847 1041 992 1098 ﬁunt
1043 1039 1126 1097 47.
1179 1043 1292 1098 Hos
1337 1041 1552 1111 partire
1591 1055 1689 1110 per
1726 1036 1781 1109 7,
1836 1039 1893 1096 id

240 1137 329 1188 est
355 1133 448 1188 bis
485 1131 717 1201 septies,
749 1130 809 1187 ﬁt
842 1128 926 1186 44.
961 1133 1271 1187 Remanent
1298 1129 1353 1187 3.
1394 1129 1556 1187 Feria
1585 1127 1620 1185 3
1647 1127 1898 1185 incurrit

242 1223 382 1279 luna
422 1221 709 1292 paschalis
740 1217 806 1276 44
835 1226 890 1277 et
918 1220 1256 1277 Dominicus
1296 1219 1427 1276 festi
1461 1219 1748 1290 paschalis
1771 1218 1898 1274 dies

243 1311 379 1368 luna
417 1308 500 1366 49.

313 1402 449 1456 Item
484 1398 702 1469 praefati
743 1398 951 1454 circuli
983 1412 1132 1454 anno
1157 1396 1212 1468 2,
1240 1413 1273 1455 a
1308 1412 1422 1470 quo
1463 1402 1700 1454 sumunt
1724 1410 1891 1453 exor-

240 1490 403 1546 dium
436 1494 631 1558 epacta
673 1485 758 1558 44,
795 1495 852 1544 et
889 1488 1099 1544 incidit
1131 1489 1188 1543 in
1221 1489 1415 1544 eodem
1445 1501 1596 1542 anno
1627 1487 1763 1542 luna
1792 1500 1898 1556 pa-

242 1578 460 1635 schalis
483 1576 548 1633 44
580 1579 638 1633 in
668 1591 876 1645 mense,
909 1578 1135 1632 Martio.
1162 1578 1308 1632 Tene
1337 1575 1406 1632 36
1437 1576 1728 1647 regulares
1758 1589 1898 1631 sem-

242 1682 344 1738 per
373 1668 432 1722 in
463 1681 529 1722 eo
556 1681 766 1734 mense,
799 1666 1074 1722 subtrahe
1101 1671 1328 1736 epactas
1361 1663 1774 1736 44,,remanent
1801 1661 1892 1719 25.

239 1725 346 1810 Die
369 1752 441 1810 25
473 1755 682 1809 mensis
719 1725 912 1809 Illartii
943 1766 975 1808 a
1006 1725 1317 1823 Kal.-quod
1348 1725 1569 1807 est'vui
1605 1751 1726 1805 Kal.
1757 1751 1893 1821 Apr.
1927 1725 1980 1786 Β

241 1845 498 1901 occurrit
532 1844 667 1900 luna
707 1843 994 1913 paschalis
1035 1839 1119 1896 44.
1160 1843 1308 1897 Tene
1348 1841 1776 1911 suprascriptos
1803 1838 1894 1911 25,

241 1935 389 1990 adde
427 1938 830 1990 concurrentes
867 1931 1121 2001 ejusdem
1161 1931 1298 1986 anni
1336 1927 1412 1985 5:
1449 1929 1595 1986 ﬁunt
1628 1927 1718 1998 30,
1755 1928 1900 1984 adde

243 2036 467 2093 semper
507 2022 564 2077 in
610 2021 720 2077 ﬁne
765 2021 942 2090 hujus
990 2019 1204 2075 mensis
1246 2018 1440 2073 Martii
1491 2018 1784 2088 regulares
1817 2013 1894 2072 4:

243 2113 392 2169 ﬁunt
423 2108 512 2168 34.
545 2113 656 2167 llos
696 2111 911 2180 partire
950 2123 1050 2180 per
1083 2105 1137 2178 7,
1186 2108 1241 2164 id
1282 2112 1368 2164 est
1407 2107 1620 2177 septies
1657 2104 1711 2178 4,
1754 2107 1898 2162 ﬁunt

239 2200 335 2270 28,
365 2205 656 2258 remanent
680 2200 750 2271 6;
775 2199 825 2256 si
853 2199 1003 2255 nihil
1032 2197 1370 2254 remanserit
1399 2196 1705 2252 Sabbatum
1731 2201 1837 2266 est,
1863 2190 1899 2250 7

243 2291 389 2348 feria
419 2289 531 2346 erit
563 2287 628 2344 44
663 2289 797 2345 luna
832 2286 1140 2357 paschalis,
1173 2292 1230 2342 et
1257 2285 1598 2342 Dominicus
1628 2283 1758 2341 festi
1792 2297 1900 2354 pa-

241 2379 462 2437 schalis
493 2379 620 2434 dies
655 2377 790 2433 luna
831 2373 916 2432 45.

317 2470 523 2523 lterum
554 2479 742 2521 mense
766 2463 953 2534 Aprili
981 2475 1129 2532 saepe
1150 2461 1295 2518 dicti
1317 2459 1526 2517 circuli
1549 2474 1700 2516 anno
1719 2459 1754 2517 3
1775 2465 1901 2515 tene

243 2571 467 2626 semper
519 2557 576 2610 in
625 2554 830 2624 primis
878 2553 1166 2624 regulares
1213 2549 1306 2619 35,
1354 2549 1626 2607 subtrahe
1675 2554 1900 2620 epactas

243 2646 498 2716 ejusdem
530 2644 665 2699 anni
697 2641 786 2713 22,
820 2647 1070 2697 remanet
1102 2638 1187 2695 43.
1219 2640 1322 2694 Die
1356 2636 1422 2694 43
1453 2639 1686 2706 mensis,
1723 2638 1778 2693 id
1811 2643 1900 2692 est

244 2735 329 2790 Id.
374 2735 508 2802 Apr.
556 2731 810 2788 occurrit
852 2730 987 2786 luna
1028 2728 1316 2799 paschalis
1358 2723 1442 2782 44.
1490 2729 1636 2782 Tene
1677 2727 1782 2782 hos
1813 2723 1899 2798 43,

243 2822 390 2878 adde
428 2825 832 2876 concurrentes
869 2819 1122 2886 ejusdem
1162 2817 1300 2873 anni
1339 2815 1394 2886 6,
1437 2816 1584 2871 ﬁunt
1624 2812 1708 2870 49.
1747 2815 1902 2871 Adde

247 2912 308 2966 in
335 2913 470 2979 Apr.
502 2922 692 2962 mense
719 2921 940 2975 semper
965 2905 1214 2960 inferius
1242 2904 1535 2975 regulares
1557 2900 1613 2971 7,
1646 2903 1791 2958 ﬁunt
1809 2901 1897 2959 26.

245 3000 360 3054 Hos
404 2997 617 3066 partire
657 3010 755 3065 per
788 2991 823 3049 7
859 2994 1070 3063 septies
1109 2991 1164 3063 5,
1206 2993 1354 3048 ﬁunt
1387 2989 1478 3060 24,
1525 2997 1817 3046 remanent
1847 2989 1900 3045 5.

247 3049 492 3144 Feriar
516 3049 742 3138 .44
781 3049 1088 3152 paschalis,
1129 3049 1185 3135 et
1226 3049 1564 3135 Dominicus
1602 3079 1728 3134 dies
1769 3077 1899 3133 festi
1937 3049 1986 3110 θ

249 3173 541 3247 paschalis
582 3172 718 3227 luna
752 3169 836 3226 45.
871 3172 950 3224 Ita
981 3170 1150 3224 annis
1185 3167 1438 3238 singulis
1473 3182 1504 3222 a
1538 3167 1724 3236 primo
1754 3179 1904 3222 anno

248 3276 435 3333 usque
477 3263 544 3317 ad
589 3259 660 3316 95
701 3272 914 3315 annum
958 3257 1294 3313 calculabis.
1337 3256 1396 3311 Si
1447 3255 1675 3327 quando
1715 3267 1906 3310 mense

247 3350 456 3406 Martio
494 3345 561 3403 44
599 3348 739 3404 luna
782 3344 1068 3416 paschalis
1107 3344 1376 3412 incurrit,
1408 3342 1478 3399 36
1523 3343 1812 3413 regulares
1845 3343 1902 3398 in

252 3440 458 3510 primis
479 3445 690 3494 teneas.
713 3438 794 3492 Ex
817 3435 1032 3505 quibus
1051 3439 1279 3504 epactas
1298 3434 1466 3503 cujus
1486 3433 1739 3488 volueris
1763 3432 1900 3487 anni

248 3528 516 3590 deducas,
549 3531 605 3581 et
631 3529 1036 3581 concurrentes
1073 3521 1334 3593 adjicias,
1367 3528 1419 3576 et
1452 3522 1511 3577 in
1552 3521 1718 3576 ﬁnem
1749 3534 1905 3577 sem—

255 3632 353 3687 per
388 3613 418 3670 4
455 3615 744 3686 regulares
777 3617 1098 3684 augmenta.

323 3706 506 3775 April.
539 3718 670 3760 vero
701 3715 875 3758 mens.
1004 3702 1060 3756 in
1083 3701 1269 3771 capite
1289 3705 1436 3766 tene,
1464 3714 1532 3755 ex
1557 3700 1772 3770 quibus
1798 3700 1908 3756 de-

253 3796 369 3851 duc
398 3808 569 3863 supra
599 3794 843 3862 scriptas
867 3796 1114 3860 epactas,
1135 3796 1192 3846 et
1221 3790 1461 3860 adjectis
1489 3791 1740 3859 ejusdem
1769 3790 1906 3845 anni

257 3882 736 3942 concurrentibus
775 3880 921 3948 suis,
953 3885 1007 3934 et
1039 3879 1405 3949 regularibus
1438 3879 1498 3934 in
1532 3879 1697 3934 ﬁnem
1731 3875 1766 3933 7
1799 3893 1913 3935 au-

260 3981 503 4046 gmenta.
521 3972 785 4028 Latinius
798 3983 1042 4038 namque
1057 3982 1122 4022 ac
1135 3968 1913 4040 breviusomniaargumenta

263 4063 550 4133 paschalis
597 4058 934 4116 calculabis.
979 4058 1096 4112 Hoc
1145 4063 1330 4112 tamen
1376 4063 1670 4126 propterea
1715 4059 1914 4114 lectori

261 4154 342 4208 sit
361 4150 676 4222 cognitum,
701 4147 927 4218 quoties
959 4145 1016 4200 in
1042 4150 1288 4214 utroque
1311 4157 1500 4200 mense
1523 4148 1917 4215 suprascripto

263 4243 322 4297 in
358 4240 539 4310 prima
571 4237 766 4307 regula
805 4233 1114 4304 contingit,
1146 4238 1210 4288 ut
1237 4233 1504 4288 deductis
1539 4235 1757 4302 epactis
1792 4248 1920 4289 am-

266 4330 422 4400 plius
443 4340 611 4398 quam
637 4323 706 4380 30
729 4328 1074 4391 remaneant,
1101 4321 1451 4376 demittenda
1483 4334 1604 4376 esse
1633 4321 1722 4378 30.
1755 4323 1916 4392 Quod

2005 524 2118 579 quo
2154 510 2368 566 Pascha
2400 511 2741 578 celebratur,
2772 512 2829 566 id
2860 516 2947 567 est
2978 514 3048 569 de
3071 513 3276 568 Martio
3308 524 3498 568 mense
3526 512 3652 568 dies

2003 597 2092 667 34,
2128 599 2274 655 ﬁunt
2311 599 2485 656 simul
2516 601 2642 656 dies
2669 598 2758 656 54.
2789 603 2868 658 De
2907 602 3001 656 his
3027 603 3210 658 deduc
3237 600 3328 672 30,
3360 607 3652 658 remanent

2001 686 2064 746 24
2105 691 2259 746 Luna
2297 687 2359 745 24
2407 691 2467 745 in
2500 691 2596 746 die
2632 691 3092 748 Resurrectionis
3131 692 3382 747 Domini.
3421 692 3480 747 Si
3521 704 3652 746 vero

2004 793 2195 836 mense
2237 779 2371 849 Apr.
2414 781 2628 836 Pascha
2671 780 3011 848 celebratur,
3062 787 3328 848 computa
3367 793 3587 836 menses
3619 793 3651 834 a

2001 869 2316 938 Septembri
2359 883 2542 940 usque
2575 870 2641 926 ad
2685 871 2973 935 Martium,
3007 869 3162 926 ﬁunt
3196 864 3250 924 7.
3291 869 3395 924 His
3435 882 3655 938 semper

2003 958 2189 1028 adjice
2232 959 2524 1031 regulares
2563 957 2618 1029 2,
2661 959 2806 1016 ﬁunt
2852 957 2905 1014 9.
2945 958 3103 1015 Adde
3139 962 3197 1014 et
3241 962 3468 1028 epactas
3504 955 3657 1012 lunae

2005 1048 2174 1117 cujus
2201 1047 2454 1104 volueris
2478 1049 2639 1114 anni,
2667 1053 2732 1105 ut
2754 1054 2888 1118 puta
2915 1047 3234 1104 indictione
3255 1043 3287 1101 4
3317 1051 3544 1115 epactas
3561 1042 3651 1112 23,

2008 1136 2106 1206 qui
2145 1136 2289 1192 ﬁunt
2325 1133 2416 1198 34,
2456 1141 2512 1192 et
2548 1137 2700 1193 diem
2741 1137 2956 1193 mensis
2990 1137 3123 1205 Apr.
3149 1148 3262 1205 quo
3298 1135 3513 1190 Pascha
3555 1147 3658 1189 ce-

2006 1224 2266 1281 lebratur
2303 1226 2467 1295 adde,
2513 1225 2568 1282 id
2610 1234 2697 1281 est
2722 1227 2792 1282 de
2829 1225 3016 1295 Aprili
3056 1224 3183 1280 dies
3214 1220 3300 1290 43,
3339 1223 3437 1294 qui
3478 1222 3653 1278 simul

2007 1313 2153 1370 ﬁunt
2183 1312 2270 1384 45,
2297 1316 2368 1372 de
2403 1315 2496 1371 his
2523 1316 2707 1372 deduc
2734 1313 2825 1385 30,
2856 1319 3147 1371 remanent
3171 1310 3257 1384 45,
3290 1314 3450 1368 Luna
3481 1309 3548 1368 45
3570 1315 3659 1368 est

2008 1402 2067 1458 in
2104 1404 2201 1460 die
2232 1405 2712 1461 Resurrectionis.

2371 1495 2447 1546 De
2486 1494 2574 1547 die
2611 1495 2926 1561 septimana
2961 1495 3158 1560 quotus
3197 1492 3287 1544 sit.

2079 1581 2275 1637 LXXV
2329 1582 2388 1638 Si
2426 1583 2512 1637 vis
2547 1595 2743 1651 sapere
2782 1586 2994 1650 quotus
3029 1580 3155 1635 dies
3193 1579 3524 1648 septimanae
3557 1576 3654 1643 sit,

2007 1686 2168 1730 sume
2215 1671 2342 1727 dies
2383 1684 2416 1726 a
2461 1671 2736 1726 Januario
2793 1682 2984 1724 mense
3038 1681 3220 1738 usque
3266 1668 3335 1722 ad
3388 1678 3655 1734 mensem,

2007 1775 2175 1832 quem
2222 1759 2495 1824 volueris,
2544 1764 2608 1815 ut
2648 1763 2783 1828 puta
2824 1771 3006 1828 usque
3047 1756 3116 1812 ad
3156 1753 3218 1812 34
3255 1755 3406 1810 diem
3448 1752 3663 1808 mensis

2006 1851 2224 1909 Martii.
2257 1850 2402 1905 ﬁunt
2429 1849 2555 1904 dies
2581 1845 2669 1903 90.
2707 1847 2808 1902 His
2837 1859 3061 1916 semper
3092 1845 3278 1913 adjice
3313 1841 3364 1912 4,
3399 1842 3544 1898 ﬁunt
3567 1837 3658 1910 94,

2006 1946 2064 1996 et
2103 1952 2324 2009 semper
2360 1938 2504 1993 adde
2541 1939 2950 1992 concurrentes
2993 1934 3162 2002 cujus
3205 1931 3460 1988 volueris
3498 1929 3660 1998 anni,

2010 2034 2074 2085 ut
2102 2034 2237 2098 puta
2263 2026 2398 2082 anni
2428 2025 2727 2095 praesentis
2754 2022 3073 2079 indictione
3097 2019 3150 2088 3,
3173 2034 3238 2076 eo
3258 2024 3582 2075 currentem
3607 2015 3657 2085 4,

2011 2119 2156 2174 ﬁunt
2186 2115 2360 2172 simul
2395 2112 2484 2171 92.
2522 2115 2634 2170 Hos
2661 2112 2875 2182 partire
2913 2125 3010 2180 per
3039 2107 3094 2178 7,
3129 2110 3184 2166 id
3216 2113 3304 2164 est
3332 2106 3542 2177 septies
3572 2104 3659 2175 40,

2009 2207 2154 2263 ﬁunt
2191 2201 2282 2261 70.
2329 2207 2537 2260 lterum
2583 2201 2797 2272 septies
2832 2198 2867 2256 3
2898 2201 3044 2256 ﬁunt
3079 2196 3170 2264 24,
3206 2201 3456 2253 remanet
3486 2192 3537 2250 4.
3569 2194 3664 2250 Sic

2010 2293 2330 2367 quamlibet
2382 2292 2534 2348 diem
2577 2305 2610 2347 a
2659 2291 2784 2346 Kal.
2841 2291 2964 2344 Jan.
3030 2300 3214 2358 usque
3269 2285 3338 2340 ad
3395 2283 3546 2340 diem
3594 2278 3656 2338 34

2010 2382 2225 2438 mensis
2248 2379 2596 2447 Decembris,
2629 2382 2802 2449 quota
2833 2376 2978 2433 feria
3007 2374 3186 2432 fuerit
3217 2372 3474 2429 invenies
3501 2383 3667 2426 com—

2011 2471 2285 2542 putando,
2311 2476 2374 2526 ut
2392 2474 2448 2524 et
2474 2468 2789 2539 regularem
2819 2463 2869 2535 4,
2897 2470 2954 2520 et
2981 2467 3386 2520 concurrentes
3409 2459 3663 2530 ejusdem

2010 2559 2170 2629 anni,
2206 2573 2331 2629 quae
2361 2571 2393 2613 a
2420 2556 2694 2612 Januario
2726 2568 2916 2610 mense
2945 2567 3168 2623 semper
3205 2550 3516 2620 incipiunt,
3557 2561 3665 2618 pa-

2011 2649 2155 2703 riter
2198 2648 2338 2702 adsu
2350 2660 2484 2700 mes.

2080 2736 2138 2792 Si
2185 2735 2478 2805 requirere
2519 2731 2774 2788 volueris
2813 2734 3026 2801 quotus
3063 2729 3190 2786 dies
3224 2727 3556 2796 septimanae
3595 2723 3672 2780 sit

2013 2825 2205 2892 hodie,
2229 2835 2592 2894 quocumque
2612 2821 2706 2876 die
2723 2827 3053 2888 computare
3073 2817 3347 2883 volueris,
3373 2814 3460 2870 iac
3477 2825 3673 2870 omnes

2013 2925 2235 2967 menses
2254 2923 2377 2965 esse
2405 2909 2630 2965 dierum
2660 2905 2750 2972 29,
2775 2912 2830 2961 et
2860 2903 3138 2975 quicquid
3171 2917 3241 2958 ex
3261 2903 3347 2957 eis
3379 2912 3674 2956 remanse—

2014 2999 2095 3054 rit
2114 2996 2185 3052 29
2217 2997 2498 3066 praatende
2531 2996 2589 3050 in
2617 3009 2789 3050 manu
2815 3000 2912 3048 tua
2946 2998 3176 3062 propter
3205 2989 3671 3059 compotandum,

2014 3091 2072 3141 et
2096 3085 2297 3155 quanti
2329 3085 2454 3140 dies
2482 3083 2740 3138 venerint
2775 3082 2844 3138 de
2874 3094 3061 3135 mense
3097 3086 3234 3134 tunc
3265 3079 3372 3134 tibi
3408 3077 3672 3147 praesenti

2016 3174 2245 3244 quando
2282 3174 2388 3228 hoc
2427 3177 2756 3240 computare
2791 3169 3064 3238 volueris,
3097 3168 3242 3223 adde
3271 3173 3325 3222 et
3352 3181 3676 3223 accessores

2017 3261 2159 3318 solis
2179 3261 2316 3316 anni
2339 3261 2508 3328 cujus
2532 3258 2805 3315 volueris.
2832 3261 2889 3312 et
2916 3255 3292 3311 indictionem
3317 3253 3478 3322 anni,
3505 3267 3668 3324 quem

2018 3350 2250 3421 quaeris,
2301 3355 2356 3405 et
2399 3348 2595 3405 divide
2649 3347 2707 3402 in
2758 3346 3052 3415 septimas,
3106 3349 3162 3400 et
3209 3343 3442 3400 dimitte
3485 3357 3552 3398 ex
3590 3343 3679 3398 eis

2016 3439 2218 3508 quanti
2245 3437 2484 3506 fuerint,
2511 3441 2568 3492 et
2587 3435 2866 3506 quicquid
2893 3433 3000 3488 tibi
3025 3431 3384 3501 remanserit,
3411 3431 3533 3499 ipse
3552 3429 3679 3485 dies

2012 3533 2102 3588 est
2118 3527 2476 3596 septimanae.
2498 3530 2562 3582 ut
2581 3530 2717 3595 puta
2742 3523 3062 3578 indictione
3086 3519 3108 3576 4
3133 3534 3282 3576 anno
3306 3533 3418 3590 quo
3437 3518 3680 3575 fecimus

2019 3615 2231 3670 Pascha
2271 3629 2349 3670 vn
2391 3616 2472 3670 Id.
2515 3613 2677 3683 Apr.,
2720 3612 2888 3667 habet
2925 3611 3008 3666 sol
3053 3610 3406 3679 adjectiones
3443 3605 3496 3678 4,
3535 3605 3680 3661 adde

1985 3691 2044 3758 '4
2094 3703 2452 3759 iudictionis.
2502 3702 2604 3758 His
2649 3702 2792 3757 adde
2836 3699 2858 3755 4
2907 3699 3032 3755 Kal.
3073 3700 3195 3754 Jan.
3241 3695 3296 3766 3,
3338 3704 3395 3752 et
3434 3695 3572 3752 tolle
3611 3694 3682 3750 de

2019 3789 2074 3863 9,
2110 3790 2146 3847 2
2170 3798 2226 3847 et
2254 3792 2323 3848 de
2356 3789 2442 3859 40,
2484 3790 2537 3862 3,
2569 3789 2625 3858 9,
2668 3803 2803 3862 ergo
2831 3793 2887 3844 et
2916 3788 2952 3844 6
2991 3788 3130 3858 quid
3163 3791 3302 3843 sunt
3341 3784 3457 3840 nisi
3493 3780 3580 3839 44.
3619 3781 3678 3837 Si

2024 3895 2135 3937 non
2182 3881 2522 3937 remanserit
2560 3879 2669 3935 tibi
2711 3879 2936 3948 aliquid
2979 3876 3288 3933 Sabbatum
3329 3873 3364 3931 6
3399 3872 3543 3929 feria
3570 3872 3684 3928 erit

2023 3969 2149 4024 Kal.
2197 3969 2320 4022 Jan.
2383 3970 2494 4024 isto
2552 3981 2723 4023 anno.
2777 3966 2836 4022 Si
2889 3965 3230 4021 remanserit
3274 3961 3297 4018 4
3359 3960 3679 4028 Dominica,

2025 4057 2076 4112 si
2097 4055 2151 4125 2,
2173 4055 2420 4112 secunda
2441 4055 2604 4112 feria.
2630 4057 2710 4110 lta
2731 4055 2788 4111 in
2808 4053 3055 4125 reliquis
3077 4052 3244 4109 feriis
3265 4049 3678 4108 observandum

2027 4149 2134 4200 est.

2097 4234 2156 4289 Si
2195 4246 2360 4289 nosse
2397 4231 2486 4287 vis
2525 4231 2646 4286 Kal.
2688 4234 2811 4288 Jan.
2857 4245 2956 4302 per
2993 4229 3256 4302 singulos
3294 4242 3476 4285 annos
3508 4232 3682 4299 quota

2029 4321 2174 4378 feria
2217 4321 2454 4390 intrent,
2481 4333 2642 4375 sume
2670 4333 2852 4374 annos
2881 4318 2952 4372 ab
2983 4320 3201 4373 lncarn.
3233 4317 3464 4373 Domini
3497 4316 3680 4372 nostri

265 4418 315 4473 si
341 4415 390 4485 4,
417 4413 590 4483 aut3,
623 4418 724 4468 aut
751 4410 1004 4480 amplius
1031 4407 1442 4479 superfuerint,
1473 4410 1705 4466 totdies
1731 4411 1918 4480 ipsius
1949 4411 2158 4476 DJesu
2201 4409 2415 4465 Christi
2459 4407 2587 4478 808,
2633 4407 2735 4463 hos
2785 4406 2999 4476 partire
3048 4419 3148 4474 per
3185 4400 3222 4459 7
3272 4410 3509 4474 partem,
3553 4409 3610 4458 et
3653 4400 3686 4456 4

267 4505 481 4562 mensis
517 4518 549 4558 a
589 4502 712 4558 Kal.
760 4501 840 4555 sit
887 4499 1022 4555 luna
1068 4497 1356 4568 paschalis
1397 4494 1482 4552 44.
1533 4499 1772 4567 Quando
1814 4500 1920 4555 hoc

264 4593 531 4652 deductis
567 4591 784 4662 epactis
816 4587 965 4644 infra
1004 4585 1093 4654 30,
1128 4593 1192 4642 ut
1224 4593 1359 4656 puta
1391 4584 1482 4655 20,
1517 4601 1617 4643 seu
1646 4589 1917 4658 amplius,

270 4685 575 4752 minusque
620 4679 975 4746 remanserit,
1019 4677 1166 4733 idem
1213 4681 1294 4732 tot
1335 4676 1460 4733 dies
1491 4678 1704 4734 mensis
1731 4691 1762 4734 a
1795 4677 1918 4733 Kal.

268 4772 524 4830 occurrit
559 4771 693 4826 luna
738 4767 1024 4838 paschalis
1065 4762 1148 4820 44.
1190 4766 1247 4820 Si
1288 4766 1441 4820 enim
1481 4767 1746 4823 deductis
1783 4781 1924 4837 epa—

269 4863 381 4917 ctis
409 4859 478 4916 30
508 4866 729 4915 tantum
774 4855 1172 4923 remanserint,
1220 4854 1367 4924 quod
1406 4855 1574 4910 semel
1615 4855 1672 4911 in
1719 4853 1785 4910 49
1813 4870 1925 4911 an—

269 4951 366 5006 nis
390 4948 647 5002 accidere
680 4943 1042 5001 manifestum
1073 4948 1178 5014 est,
1211 4939 1280 4998 3O
1309 4941 1404 4998 die
1428 4955 1460 4998 a
1485 4941 1606 4999 Kal.
1647 4943 1759 5000 erit
1786 4943 1924 5001 luna

275 5035 562 5108 paschalis
594 5031 677 5088 44.

604 5125 738 5176 Item
780 5122 845 5175 de
888 5122 1021 5175 luna
1059 5121 1284 5175 termino
1319 5119 1590 5189 paschali.

346 5208 589 5268 LXXIV.
613 5209 669 5264 Si
703 5209 791 5263 vis
811 5222 1148 5280 COgnoscere
1175 5215 1346 5280 quota
1375 5209 1508 5265 luna
1533 5206 1662 5262 festi
1697 5207 1926 5277 pascha-

276 5303 352 5358 lis
381 5302 665 5362 occurrat,
707 5295 756 5350 si
793 5295 851 5350 in
889 5293 1094 5349 Martio
1120 5306 1309 5348 mense
1341 5293 1551 5348 Pascha
1583 5293 1924 5368 celebratur,

2033 4507 2270 4569 partem,
2312 4510 2480 4568 quam
2526 4496 2775 4567 partitus
2813 4508 2894 4562 es,
2937 4493 3120 4562 adjice
3159 4505 3332 4560 super
3368 4488 3492 4552 909,
3540 4489 3686 4545 ﬁunt

2031 4588 2205 4646 simul
2240 4584 2397 4644 4044.
2443 4589 2554 4642 Hos
2587 4588 2801 4656 partire
2833 4597 2931 4654 per
2957 4579 3012 4654 7,
3056 4585 3349 4638 remanent
3376 4578 3430 4636 3.
3463 4577 3622 4634 Feria
3651 4577 3686 4634 3

2031 4677 2143 4734 erit
2181 4675 2303 4731 Kal.
2344 4678 2468 4730 Jan.
2504 4693 2520 4746 ;
2551 4675 2600 4732 si
2646 4671 2701 4746 4,
2753 4672 2897 4730 feria
2941 4670 2994 4744 4,
3036 4672 3087 4728 si
3132 4669 3284 4727 nihil
3325 4667 3633 4725 Sabbatum
3667 4686 3680 4738 ;

2033 4768 2082 4824 si
2117 4765 2166 4831 4,
2200 4765 2517 4821 Dominica.

2101 4855 2159 4910 Si
2201 4855 2290 4909 vis
2327 4853 2476 4909 scire
2515 4852 2637 4908 Kal.
2684 4851 2968 4907 mensium
3009 4861 3123 4919 qua
3161 4847 3256 4904 die
3298 4847 3535 4918 intrent,
3577 4847 3684 4904 hoc

2031 4949 2368 5016 argumento
2387 4941 2755 5012 cognoscitur
2775 4938 3136 4994 volventibus
3155 4936 3344 5002 annis.
3367 4936 3472 4992 hoc
3495 4937 3679 4994 modo.

2031 5030 2229 5088 Octob.
2287 5028 2308 5084 4
2361 5029 2586 5085 literam
2649 5026 2834 5082 habet.
2890 5025 3158 5081 Novemb.
3211 5022 3260 5080 4.
3314 5024 3574 5081 Decemb.
3626 5023 3679 5080 6.

2031 5121 2154 5175 Jan.
2203 5115 2256 5175 2.
2298 5117 2427 5174 Feb.
2476 5115 2531 5174 5.
2576 5117 2739 5171 Mart.
2790 5113 2844 5171 5.
2893 5114 3032 5184 Apr.
3083 5110 3132 5169 4.
3181 5114 3318 5170 Maii
3353 5112 3404 5171 3.
3451 5115 3580 5169 Jun.
3627 5110 3682 5166 6.

2031 5209 2145 5264 Jul.
2195 5205 2244 5261 4.
2293 5206 2437 5277 Aug.
2481 5202 2532 5260 4.
2565 5203 2847 5274 Septemb.
2885 5200 2938 5259 7.
2973 5203 3074 5259 llis
3116 5217 3337 5274 semper
3372 5203 3516 5257 adde
3545 5213 3688 5269 epa—

2034 5302 2182 5352 ctam
2209 5295 2353 5352 solis
2375 5293 2688 5365 cujuslibet
2707 5293 2867 5364 anni,
2895 5298 2950 5348 et
2969 5293 3238 5363 deinceps
3265 5289 3478 5360 partire
3504 5302 3602 5358 per
3623 5283 3678 5354 7,

275 5392 537 5458 compota
581 5397 800 5441 menses
839 5397 871 5438 a
907 5380 1244 5451 Septembri,
1293 5381 1440 5436 ﬁunt
1474 5381 1526 5436 6.
1571 5383 1670 5438 His
1708 5397 1929 5455 semper
2036 5384 2248 5456 septies
2275 5381 2325 5455 4,
2359 5389 2460 5440 aut
2489 5382 2700 5454 septies
2727 5379 2782 5451 2,
2815 5381 3015 5453 sicque
3043 5377 3450 5437 calculationis
3475 5375 3680 5432 seriem

279 5477 463 5547 adjice
495 5473 786 5546 regulares
824 5471 877 5541 2,
923 5470 1070 5526 ﬁunt
1095 5467 1132 5524 8
1161 5487 1176 5539 ;
1205 5467 1350 5525 adde
1379 5474 1434 5524 et
1477 5475 1722 5544 epactas,
1756 5472 1811 5527 id
1842 5478 1928 5530 est

281 5565 629 5635 adjectiones
673 5562 904 5618 lunares
957 5558 1127 5628 cujus
1179 5557 1433 5615 volueris
1477 5560 1636 5631 anni,
1680 5565 1744 5618 ut
1791 5569 1926 5634 puta

2039 5473 2165 5530 sine
2189 5473 2306 5529 ullo
2335 5486 2528 5529 errore
2554 5471 2822 5544 reperies,
2853 5476 3087 5541 excepto
3109 5469 3170 5524 in
3194 5463 3483 5521 bissextili
3510 5477 3678 5522 anno.

2040 5564 2098 5618 ln
2129 5561 2222 5618 his
2249 5559 2285 5618 5
2316 5561 2608 5620 mensibus
2648 5565 2828 5630 vacat,
2875 5559 2982 5614 hoc
3011 5562 3098 5612 est
3133 5553 3356 5625 Octob.,
3389 5553 3680 5618 Novemb.,
