4076 6174
418 276 548 337 4344

1301 286 1593 347 APPEND.
1633 291 1728 350 AD
1763 293 1923 351 SEC.
1963 295 2058 353 IX.
2100 325 2174 338 —
2208 294 2562 356 AUCTORES
2609 299 2944 359 ANONYMI.

3683 308 3819 369 4342

414 405 698 479 Decemb.,
736 407 883 480 Jan.,
912 407 1098 481 Febr.,
1127 410 1336 471 deinde
1366 414 1425 472 in
1456 417 1790 489 supradicto
1820 432 2056 478 numero
2081 413 2138 475 A
2167 426 2377 496 quotus
2416 424 2640 482 lunaris
2678 426 2874 498 cyclus
2911 427 3008 484 sit.
3048 428 3111 485 V.
3155 445 3209 502 g.
3253 431 3521 501 praesenti
3571 445 3730 491 anno
3766 435 3818 493 3.

411 493 649 553 decidit.

483 586 541 642 Si
570 587 658 643 vis
685 601 992 660 agnoscere
1021 598 1195 664 quota
1220 594 1362 652 feria
1393 598 1470 654 sit
1495 601 1824 667 septimana:
1853 604 2058 673 cujus—

415 674 554 762 libet
576 677 806 744 mensis,
837 687 1102 751 computa
1133 684 1239 740 hoc
1270 688 1453 744 modo.
1479 689 1676 746 Octob.
1707 689 1759 762 3,
1788 693 2051 750 Novemb.

411 761 465 835 2,
511 767 769 823 Decemb.
803 766 855 840 3,
902 775 964 826 ut
1003 774 1103 843 qui
1146 773 1234 846 32,
1276 778 1427 834 diem
1461 781 1687 854 habent,
1719 761 1755 839 3
1790 784 2058 841 adsumas

410 854 482 910 de
507 868 573 912 eo
613 870 822 924 mense,
863 864 918 915 et
952 862 1051 930 qui
1083 861 1170 930 30,
1213 866 1282 921 de
1310 881 1375 924 eo
1408 883 1598 927 mense
1628 887 1847 944 semper
1875 875 2058 930 adsu-

411 957 531 1000 mas
560 943 613 1015 2,
647 947 868 1003 etdiem
902 951 1114 1008 mensis
1146 969 1258 1024 quo
1292 959 1575 1029 requiris;
1609 943 1815 1019 deinde
1846 965 2057 1033 partire

410 1045 510 1102 per
531 1029 586 1104 7,
619 1039 674 1090 et
706 1037 981 1108 quicquid
1012 1046 1351 1101 remanserit
1377 1047 1436 1102 in
1465 1062 1634 1105 manu
1670 1055 1786 1123 tua,
1818 1029 2058 1123 adjectis

407 1124 802 1182 accessoribus
842 1127 1004 1199 solis,
1047 1146 1172 1201 quin
1201 1146 1265 1189 eo
1305 1149 1454 1193 anno
1491 1139 1785 1211 eveniunt,
1819 1142 1942 1212 ipsa
1970 1150 2056 1200 est

408 1206 550 1266 feria
581 1213 891 1281 cujuslibet
918 1219 1074 1273 anni.
1108 1220 1268 1277 Febr.
1293 1229 1481 1282 autem
1505 1242 1694 1284 mense
1725 1206 2058 1300 praetermit-

407 1301 515 1369 tas,
561 1302 698 1371 quia
741 1303 1132 1374 imperfectum
1178 1325 1475 1370 numerum
1521 1316 1708 1389 habet,
1757 1321 1872 1376 nisi
1919 1327 2056 1378 tan—

406 1391 526 1445 tum
565 1390 692 1448 dies
732 1391 920 1462 ipsius
958 1399 1190 1468 mensis,
1234 1404 1462 1471 quando
1508 1404 1704 1478 intrat,
1753 1424 2050 1482 usquequo

400 1489 530 1532 exea
541 1482 578 1534 t.

646 1571 723 1622 De
754 1570 886 1624 luna.
915 1573 975 1626 in
1004 1575 1126 1628 Kal.
1168 1578 1292 1630 Jan.
1329 1583 1380 1633 et
1406 1595 1465 1635 XI
1497 1585 1622 1637 Kal.
1659 1585 1795 1654 Apr.

2165 513 2487 584 Multiplica
2533 516 2640 572 hoc
2683 529 2783 587 per
2826 513 2885 572 44
2927 537 2940 573 :
2975 519 3246 576 undecies
3287 517 3323 576 3
3370 519 3434 576 ﬁt
3474 519 3563 578 33.
3618 523 3824 580 Divide

2168 592 2283 675 per“
2302 602 2392 674 30,
2451 611 2744 662 remanent
2792 605 2847 664 3.
2886 607 3044 665 Adde
3080 614 3137 666 et
3189 609 3439 679 primum
3483 613 3641 669 diem
3695 614 3817 670 Kal.

2162 695 2282 749 Jan.
2344 694 2490 750 ﬁunt
2538 693 2590 750 4.
2641 698 2797 753 Luna
2842 694 2875 752 4
2921 699 3033 754 erit
3081 698 3138 754 in
3191 699 3312 756 Kal.
3366 703 3486 758 Jan.
3542 709 3822 773 pra-sente

2165 796 2333 854 anno,
2361 783 2560 855 sicque
2583 799 2680 855 per
2703 784 2768 842 49
2788 801 2968 844 annos
2993 789 3134 860 cycli
3163 789 3384 847 lunaris
3405 791 3575 848 facile
3600 796 3819 863 poteris

2169 871 2443 941 invenire,
2480 879 2543 930 ut
2573 875 2723 932 scias
2754 883 2964 947 quotus
2993 878 3187 948 cyclus
3217 879 3369 935 lunze
3397 881 3476 936 sit
3501 881 3716 954 absque
3747 899 3816 939 eo

2165 959 2457 1017 dividente
2494 977 2592 1032 per
2618 961 2702 1032 49,
2731 969 2902 1035 atque
2925 967 3010 1022 eis
3042 967 3250 1022 iterum
3284 969 3682 1040 multiplicatis
3711 987 3814 1042 per

2168 1045 2252 1104 44.
2303 1052 2512 1106 lterum
2554 1052 2790 1122 partiris
2826 1068 2925 1125 per
2960 1053 3048 1125 30,
3088 1061 3143 1112 et
3171 1071 3238 1112 ex
3272 1059 3360 1113 eis
3395 1059 3673 1130 quicquid
3715 1076 3812 1117 re-

2166 1140 2441 1195 manserit
2477 1141 2676 1196 addito
2713 1143 2884 1198 etiam
2926 1159 3040 1202 uno
3075 1145 3196 1201 Kal.
3229 1148 3349 1202 Jan.
3387 1153 3500 1204 tota
3533 1148 3674 1204 luna
3703 1151 3815 1205 erit

2166 1226 2224 1282 in
2271 1227 2393 1284 Kal.
2441 1231 2560 1285 Jan.
2620 1233 2733 1286 Hoc
2778 1239 2967 1289 autem
3023 1235 3350 1291 ﬁrmissime
3401 1245 3705 1307 memento,
3752 1245 3814 1294 ut

2165 1318 2430 1386 quotiens
2471 1319 2539 1374 ad
2578 1318 2614 1375 9
2651 1321 2873 1392 cyclum
2923 1323 3177 1380 lunarem
3221 1328 3562 1395 perveneris,
3605 1329 3812 1384 deinde

2161 1419 2356 1460 sumas
2385 1410 2440 1462 et
2470 1407 2626 1464 aliud
2663 1407 2684 1464 4
2724 1426 2904 1482 usque
2933 1414 3002 1468 ad
3039 1415 3286 1483 primum
3329 1417 3573 1486 cyclum,
3607 1423 3662 1472 et
3692 1419 3813 1474 abs-

2161 1508 2271 1566 que
2301 1496 2647 1555 titubatione
2687 1502 2933 1570 reperies
2969 1509 3140 1573 quota
3175 1503 3311 1560 luna
3349 1505 3425 1560 sit
3458 1506 3583 1562 Kal.
3613 1509 3736 1562 Jan.

2230 1585 2307 1639 De
2338 1599 2448 1656 qua
2487 1601 2546 1643 re
2577 1590 2739 1658 juxta
2779 1591 3170 1661 EgyptiOrum
3211 1601 3545 1665 argumenta
3588 1598 3806 1652 veracia

469 1653 708 1710 LXXVI.
757 1657 815 1711 Si
865 1659 952 1715 vis
997 1675 1320 1736 agnoscere,
1369 1676 1542 1738 quota
1589 1653 1724 1728 luna
1761 1675 1838 1730 sit
1887 1676 1947 1731 in
1988 1691 2124 1755 x1"
2161 1672 2296 1728 talis
2333 1653 2765 1745 s—upputa'tionis
2806 1653 3122 1749 probantur
3157 1653 3496 1738 adhibuisse
3532 1699 3807 1755 compen-

396 1739 519 1796 Kal.
558 1743 717 1814 Apr.,
767 1760 929 1803 sume
966 1763 1146 1808 annos
1182 1756 1410 1812 Domini
1452 1761 1552 1830 qui
1599 1759 1815 1820 fuerint
1852 1768 2047 1824 eodem
2078 1741 2127 1801 Β
2158 1763 2340 1819 dium.
2376 1739 2601 1822 Ponunt
2633 1769 2689 1822 in
2723 1739 2930 1838 primis
2958 1776 3203 1842 epactas,
3235 1771 3290 1826 id
3321 1778 3426 1842 est,
3456 1739 3808 1843 adjectibnes

396 1840 568 1892 anno.
611 1846 871 1904 quosque
911 1845 1241 1909 computare
1275 1845 1547 1916 volueris,
1593 1850 1802 1908 deinde
1833 1857 2048 1924 partire

397 1931 495 1988 per
540 1917 608 1974 49
658 1927 891 1995 partem,
933 1931 990 1981 et
1037 1931 1314 2001 quicquid
1368 1940 1706 1996 remanserit
1744 1917 1940 2000 ex-eis
1981 1947 2040 2001 in

398 2019 568 2063 manu
622 2013 741 2080 tua,
801 2027 1031 2070 rursum
1093 2018 1246 2088 ipsas
1304 2023 1629 2094 multiplica
1685 2044 1785 2099 per
1837 2030 1921 2104 44,
1978 2048 2044 2091 ac

389 2094 598 2187 deinde
638 2100 852 2168 partire
892 2117 991 2173 per
1021 2101 1091 2162 30
1133 2115 1364 2180 partem,
1403 2118 1458 2168 et
1499 2094 1774 2187 quicquid
1815 2094 2044 2178 reman-

392 2185 534 2240 serit
561 2187 632 2242 de
673 2190 865 2246 eodem
909 2201 1190 2265 compoto,
1237 2203 1355 2257 tota
1402 2202 1535 2259 luna
1581 2185 1692 2262 erit
1733 2207 1790 2264 in
1823 2224 1881 2265 x1
1915 2211 2037 2268 Kal.

389 2273 522 2342 Apr.
557 2289 622 2331 eo
661 2290 829 2335 anno.
867 2281 924 2336 Si
965 2285 1258 2355 requirere
1289 2291 1541 2350 volueris
1567 2308 1599 2350 a
1629 2296 1944 2366 Septembri
1979 2301 2036 2356 in

387 2362 770 2437 Decembrem,
801 2368 858 2423 in
888 2370 981 2427 his
1010 2370 1043 2427 4
1071 2377 1364 2435 mensibus
1392 2378 1427 2436 3
1457 2362 1746 2454 regulares
1776 2389 2033 2457 adjicies.

386 2453 449 2506 In
489 2451 742 2513 bissexto
801 2464 989 2516 autem
1046 2465 1404 2526 solummodo
1461 2451 1610 2530 anno
1657 2473 1693 2529 2
1746 2451 2035 2549 regulares

387 2553 609 2631 semper
641 2545 699 2600 in
747 2562 934 2606 mense
974 2555 1324 2627 numerabis,
1367 2564 1422 2614 et
1463 2576 1563 2631 pro
1592 2561 1661 2619 30
1702 2565 1797 2622 die
1814 2545 1896 2624 ’32
1923 2582 2035 2624 an-

387 2629 478 2684 nis
509 2630 779 2704 singulis,
813 2643 866 2692 et
901 2653 1076 2696 mens.
1111 2646 1376 2703 adsumes
1408 2629 1477 2704 inv
1500 2651 1626 2707 ﬁne.

455 2718 512 2774 Si
555 2721 642 2777 vis
682 2737 876 2794 sapere
915 2735 1086 2799 quota
1127 2733 1262 2790 luna
1305 2736 1481 2794 fuerit
1524 2755 1732 2812 mense,
1777 2759 1888 2816 quo
1928 2760 2036 2802 vo-

386 2805 585 2904 lueris,
624 2815 687 2866 ut
713 2820 848 2904 puta
873 2829 1022 2873 anno
1048 2835 1160 2889 quo
1193 2822 1435 2882 facimus
1467 2829 1675 2886 Pascha
1707 2805 1770 2887 tu
1795 2805 1860 2890 .Id
1892 2835 2026 2904 Apr.

385 2891 519 2963 fuit,
550 2909 606 2991 v.
642 2913 718 2968 g.,
751 2898 1007 2991 9umense
1041 2915 1166 2976 post
1197 2911 1340 2969 illud
1375 2917 1608 2984 Pascha,
1639 2928 1904 2991 computa
1933 2891 2032 2979 llu—

385 2993 512 3036 nam
557 2983 682 3052 ejus
720 2987 822 3042 tali
874 2993 1054 3049 modo.
1106 2999 1261 3055 Tolle
1303 3003 1373 3057 de
1410 3005 1688 3075 Septemb.
1740 2983 1788 3080 4,
1843 3011 1899 3066 id
1945 3018 2102 3110 estC

385 3083 486 3110 nm
525 3084 590 3110 an
630 3088 744 3110 nnn
785 3091 955 3110 nnnnn
1002 3083 1070 3110 ιιι.
1107 3085 1279 3110 Ληι-ι
1359 3088 1376 3110 ι
1446 3095 1566 3110 ιιι...
1642 3095 1677 3110 Α
1862 3101 1872 3110 .

385 3083 598 3171 pro‘eo.
630 3088 744 3171 uno
768 3091 958 3171 pones
1001 3083 1070 3139 de
1107 3085 1301 3144 Octob.
1353 3088 1401 3145 4.
1445 3095 1605 3152 Mitte
1641 3095 1678 3152 2
1704 3101 2026 3171 ,regulares,

382 3157 525 3254 ﬁunt
552 3160 725 3219 simul
757 3161 808 3237 4,
850 3182 992 3236 pone
1021 3177 1076 3227 et
1113 3174 1239 3231 dies
1269 3182 1501 3248 mensis,
1542 3185 1640 3254 qui
1673 3157 2029 3246 tranvsierunt

377 3246 449 3348 de
477 3262 564 3321 eo,
594 3266 758 3322 quem
788 3266 1103 3348 computas,
1138 3271 1204 3319 ut
1234 3273 1368 3335 puta
1401 3246 1575 3326 modo.
1598 3273 1768 3331 hodie
1798 3280 2026 3348 quando

380 3335 485 3440 hoc
529 3345 846 3440 compotavi
886 3344 974 3415 23,
1017 3351 1102 3406 vel
1148 3355 1399 3424 qualiter
1449 3363 1720 3433 evenerit,
1767 3335 1930 3424 mitte
1971 3335 2026 3424 et

373 3513 528 3570 Tolle
547 3518 617 3610 de
633 3520 737 3610 his
757 3520 845 3594 30,
876 3538 1167 3586 remanent
1185 3530 1271 3587 22.
1304 3513 1481 3592 Hodie
1503 3543 1731 3610 quando
1756 3545 1859 3601 hoc
1879 3513 2048 3604 com?-

375 3605 584 3692 potavi,
627 3606 698 3663 22
729 3610 864 3668 luna
894 3621 980 3670 est
1023 3621 1233 3677 mensis
1269 3605 1621 3686 Novembris.
1667 3633 1788 3688 Tali
1822 3637 2022 3692 ordine

373 3688 523 3792 lunae
548 3702 768 3754 aetatem
800 3705 955 3759 omni
987 3707 1083 3762 die
1115 3713 1394 3770 mensium
1432 3716 1689 3775 invenire
1717 3720 1883 3779 facile
1915 3740 2022 3796 po-

375 3781 531 3852 teris,
571 3785 620 3840 si
657 3787 743 3843 sic
776 3803 999 3862 semper
1040 3805 1478 3868 compotaveris.

438 3868 497 3970 Si
524 3871 619 3970 vis
637 3887 803 3931 nosse
829 3886 1000 3948 quota
1031 3882 1166 3939 luna
1199 3887 1276 3941 sit
1302 3889 1423 3944 Kal.
1453 3893 1597 3964 Jan.,
1632 3897 1778 3953 scito
1809 3906 2020 3970 quotus

367 3956 563 4049 cyclus
605 3959 826 4049 lunaris
857 3967 953 4022 sit.
992 3970 1052 4024 V.
1094 3988 1172 4042 g.,
1204 3977 1400 4046 cyclus
1434 3976 1517 4036 45.
1548 3956 1694 4041 Tene
1725 3956 1842 4044 tibi.

366 4045 641 4149 estipsas
680 4048 987 4149 Kak-Jan.,
1029 4059 1214 4129 adjice
1254 4067 1564 4138 quinquies
1603 4045 2022 4149 deciesquin:

368 4133 742 4230 quieslnﬁunt
778 4137 866 4211 75,
907 4159 1049 4214 quos
1088 4133 1328 4218 adjicies
1363 4133 1534 4228 super
1567 4159 1616 4230 4,
1659 4169 1714 4218 et

368 4220 485 4275 mul
528 4218 616 4315 76.
663 4228 799 4283 Item
846 4232 1035 4292 decies
1083 4240 1268 4297 sexies
1307 4218 1642 4315 quindecies
1925 4218 2013 4315 .90

366 4313 785 4404 quosgadjicies
830 4336 1002 4393 super
1041 4323 1130 4397 76,
1173 4335 1230 4385 et
1269 4313 1340 4389 ﬁt
1373 4350 1592 4394 summa
1642 4355 2009 4404 numerorum

366 4395 486 4493 486,
613 4407 827 4476 quibus
854 4414 1084 4480 partitis
1107 4395 1205 4488 per
1223 4417 1293 4478 30
1325 4434 1616 4484 remanent
2039 4402 2092 4463 D

361 4489 474 4544 erit
505 4491 804 4589 Kal.-Jan.,
838 4506 894 4556 et
923 4508 1120 4572 puncti
1164 4507 1249 4565 46.
1289 4513 1404 4570 Isto
1434 4518 1600 4573 modo
1645 4533 1743 4589 per
1778 4489 2010 4581 decem;

362 4583 730 4683 novennalem
761 4590 982 4659 cyclum
1032 4594 1261 4654 lunares
1299 4583 1716 4673 computabiles
1763 4625 2001 4683 semper,

359 4672 417 4770 et
461 4668 584 4726 Kal.
634 4675 755 4730 Jan.
799 4686 973 4750 quota
1020 4685 1099 4740 sit
1143 4686 1277 4744 luna
1327 4668 1452 4747 sine
1493 4708 1684 4753 errore
1733 4668 2002 4770 reperies:

360 4754 749 4862 II).um.autem
822 4771 1047 4826 veneris
1105 4775 1174 4830 ad
1221 4778 1441 4846 cyclum
1507 4754 2005 4862 lunarem‘47,net

359 4841 938 4951 dixerisquinquies
984 4858 1174 4917 decies
1215 4841 1426 4935 septies
1468 4885 1642 4942 super
1688 4876 1811 4932 Kal.
1854 4841 2001 4951 Jan.,

361 4931 460 5000 qui
499 4931 719 5037 faciunt
745 4939 817 4998 85
854 4945 903 4999 si
937 4950 1174 5017 partiris
1218 4931 1646 5034 sesagesimam,
1679 4970 1736 5020 et
1763 4931 2003 5037 adjicies

358 5033 532 5117 super
565 5022 637 5079 85
687 5028 874 5097 ipsum
921 5033 969 5106 4,
1018 5038 1163 5096 ﬁunt
1202 5040 1291 5100 86.
1336 5022 1551 5106 Deinde
1587 5022 2001 5117 decies

355 5109 796 5215 decies-“septies
835 5123 979 5215 ﬁunt
1011 5124 1131 5200 402,
1167 5147 1312 5202 quos
1342 5137 1582 5208 adjicies
1613 5109 1785 5214 super

2160 1852 2408 1925 lunares,
2446 1870 2568 1925 qua:
2591 1869 2690 1926 per
2717 1857 2861 1913 hanc
2889 1859 3263 1916 indictionem
3290 1858 3323 1916 4
3341 1859 3411 1916 23
3432 1868 3589 1916 sunt.
3629 1865 3684 1918 [n
3716 1864 3806 1919 his

2154 1941 2440 2011 adjiciunt
2473 1941 2525 2014 4,
2567 1945 2622 2000 id
2665 1951 2749 2002 est
2781 1947 3137 2004 medietatem
3178 1950 3399 2006 numeri
3428 1948 3466 2004 8
3500 1952 3799 2022 mensium,

2151 2043 2184 2084 a
2221 2031 2534 2100 Septembri
2577 2035 2704 2090 scil.
2753 2050 2934 2107 usque
2975 2038 3044 2093 ad
3086 2037 3245 2107 Apr.,
3294 2038 3436 2094 ﬁunt
3477 2036 3568 2094 27.
3623 2041 3804 2111 Super

2154 2117 2256 2174 hos
2295 2120 2515 2176 addunt
2547 2127 2604 2178 et
2645 2129 2816 2194 quota
2851 2127 2947 2181 die
2979 2127 3192 2182 mensis
3231 2127 3440 2183 Pascha
3479 2129 3799 2200 contingat,

2153 2207 2209 2262 id
2245 2213 2332 2264 est
2358 2222 2390 2264 a
2422 2210 2544 2266 Kal.
2593 2215 2722 2269 Mai.
2771 2214 2896 2270 dies
2941 2211 3025 2272 49.
3059 2222 3116 2272 et
3150 2216 3286 2286 quia
3323 2214 3359 2272 5
3386 2217 3512 2273 dies
3547 2218 3799 2289 .Egyptii

2153 2297 2354 2366 pratire
2393 2309 2733 2373 noscuntur,
2776 2303 2921 2359 ﬁunt
2960 2305 3134 2361 simul
3177 2303 3266 2377 24,
3305 2311 3358 2361 et
3391 2307 3469 2361 ita
3508 2305 3571 2362 54
3611 2309 3800 2363 omnis

2149 2400 2368 2442 summa
2411 2389 2730 2462 colligitur.
2765 2393 2845 2447 Ex
2878 2393 2970 2449 his
3001 2394 3350 2451 subtrahunt
3379 2393 3468 2465 30,
3506 2403 3799 2452 remanent

2145 2470 2232 2529 24.
2279 2478 2403 2546 Ipse
2451 2482 2536 2533 est
2580 2493 2854 2536 numerus
2905 2483 3053 2538 luna:
3096 2484 3400 2553 paschalis.
3441 2486 3568 2540 Hac
3606 2492 3798 2543 autem

2143 2576 2285 2620 verae
2317 2566 2568 2623 rationes
2597 2569 2939 2639 expliciunt.
2971 2572 3084 2628 Deo
3114 2573 3348 2643 gratias.
3380 2574 3576 2629 Amen.

2521 2694 2598 2747 De
2634 2696 2797 2749 annis
2831 2711 2865 2748 (ι
2886 2698 3164 2767 principio
3193 2699 3403 2754 mundi.

2213 2798 2480 2852 LXXVII.
2521 2799 2566 2854 A
2603 2801 2892 2872 principio
2933 2805 3135 2860 mundi
3178 2820 3358 2876 usque
3393 2807 3462 2862 ad
3501 2806 3792 2864 diluvium

2141 2887 2276 2941 anni
2321 2884 2506 2958 2,245.
2550 2891 2688 2945 Item
2738 2905 2771 2946 a
2811 2892 3035 2949 diluvio
3084 2909 3265 2965 usque
3311 2897 3380 2951 ad
3433 2897 3790 2954 nativitatem

2137 2973 2378 3031 Abrahae
2418 2978 2556 3033 anni
2605 2975 2727 3034 942.
2779 2982 2984 3036 Natum
3026 2991 3213 3039 autem
3258 2981 3326 3040 43
3363 2985 3651 3041 Abraham
3699 3002 3794 3042 re—

2139 3070 2344 3134 gnante
2385 3065 2501 3134 jam
2549 3067 2699 3124 Nino
2744 3069 2936 3124 eadem
2993 3078 3358 3128 monumenta
3407 3079 3714 3140 testantur,
3758 3090 3790 3129 a

2135 3153 2304 3221 cujus
2344 3157 2593 3224 tempore
2633 3155 2803 3212 etiam
2837 3163 3123 3229 gestarum
3166 3175 3356 3217 rerum
3388 3162 3609 3231 publici
3653 3165 3790 3219 scri-

2139 3245 2327 3308 ptores
2356 3241 2504 3318 apud
2547 3241 2820 3301 barbaros
2853 3259 2975 3302 esse
3014 3255 3328 3320 cmperunt,
3367 3251 3505 3305 anni
3536 3248 3726 3321 3,688,
3754 3251 3789 3308 5

2135 3326 2278 3383 feria
2315 3343 2375 3385 1x
2417 3330 2540 3387 Kal.
2581 3332 2717 3402 Apr.
2761 3334 2898 3391 luna
2940 3333 3006 3391 43
3051 3337 3364 3408 incipiente
3399 3341 3516 3409 jam
3557 3354 3784 3411 vespera

2135 3416 2448 3476 doceantur
2477 3420 2720 3490 impleti,
2754 3425 2921 3494 cujus
2950 3427 3210 3496 sequenti
3250 3428 3347 3483 die
3377 3429 3605 3485 scilicet
3634 3444 3782 3486 anno

2133 3501 2297 3572 3,690
2320 3509 2674 3582 procedente,
2709 3525 2896 3569 mense
2930 3515 3135 3586 primo,
3161 3530 3262 3572 Vlll
3295 3517 3420 3573 Kal.
3453 3518 3617 3588 Apr.,
3649 3519 3782 3576 luna

2135 3589 2220 3664 44,
2255 3596 2441 3652 noctis
2474 3598 2666 3666 initio,
2709 3601 2968 3658 Hebraaos
2997 3604 3213 3660 claruit
3245 3607 3378 3676 agni
3426 3608 3776 3663 sacriﬁcium

2135 3685 2436 3755 peregisse.
2470 3687 2705 3743 Passum
2733 3697 2921 3746 autem
2958 3693 3263 3749 Dominum
3298 3702 3560 3751 nostrum
3590 3698 3778 3752 Jesum

2128 3771 2420 3829 Christum
2445 3777 2692 3844 peractis
2712 3781 2730 3799 '
2749 3775 2915 3849 2,228
2937 3782 3108 3838 annis
3128 3782 3198 3838 ab
3220 3788 3348 3840 ortu
3375 3785 3602 3855 mundi,
3627 3786 3774 3855 quod

2130 3869 2348 3932 gestum
2371 3869 2456 3920 est
2478 3864 2786 3924 inchoante
2806 3882 2954 3927 anno
2973 3868 3138 3941 2,229
3156 3887 3263 3929 non
3290 3880 3474 3943 potest
3493 3873 3772 3945 dubitari,

2126 3948 2160 4004 6
2189 3949 2331 4007 feria
2367 3953 2422 4009 id
2454 3960 2540 4011 est
2569 3970 2669 4012 VIII
2701 3957 2823 4014 Kal.
2858 3959 2993 4030 Apr.
3036 3962 3350 4019 cruciﬁxus
3377 3970 3466 4019 est
3492 3970 3552 4018 et
3576 3964 3778 4033 sepul-

2126 4042 2237 4094 tus.
2267 4041 2457 4098 Tertia
2480 4050 2669 4101 autem
2693 4046 2808 4117 die,
2839 4047 2942 4104 hoc
2962 4055 3050 4105 est
3074 4064 3127 4106 v1
3157 4050 3282 4107 Kal.
3308 4052 3444 4122 Apr.
3471 4054 3776 4109 Dominica

2125 4131 2442 4187 resurrexit
2461 4146 2493 4188 a
2515 4135 2774 4191 mortuis.
2807 4137 2910 4193 Per
2931 4134 3034 4194 430
3053 4152 3234 4196 annos
3253 4155 3383 4196 cum
3405 4141 3772 4212 consulibus,

2122 4230 2186 4272 ac
2201 4218 2471 4291 deinceps
2492 4222 2617 4278 sine
2635 4225 2976 4282 consulibus
3000 4241 3098 4297 per
3115 4242 3296 4285 annos
3314 4225 3416 4286 402
3437 4227 3691 4300 futuros,
3715 4235 3775 4286 ut

2120 4303 2226 4363 532
2253 4321 2533 4366 annorum
2564 4314 2754 4369 omnis
2783 4329 3005 4372 summa
3035 4324 3277 4373 constat.

2449 4418 2584 4472 Item
2618 4419 2684 4474 de
2717 4423 2881 4477 annis
2917 4437 2952 4476 a
2977 4425 3254 4495 principio
3287 4427 3497 4480 mundi.

2187 4524 2480 4579 LXXVIII.
2513 4527 2560 4581 A
2590 4528 2879 4599 principio
2926 4531 3123 4586 mundi
3157 4547 3339 4603 usque
3369 4534 3437 4589 ad
3471 4534 3774 4593 diluvium

2116 4613 2253 4667 anni
2280 4610 2461 4682 2,245.
2488 4615 2529 4669 A
2552 4615 2777 4673 diluvio
2801 4623 2988 4674 autem
3014 4635 3195 4690 usque
3219 4623 3285 4676 ad
3311 4622 3597 4679 Abraham
3625 4628 3765 4682 anni

2115 4698 2238 4756 942.
2280 4701 2362 4757 Ab
2390 4703 2675 4761 Abraham
2715 4722 2846 4764 vero
2879 4723 3060 4780 usque
3084 4711 3150 4765 ad
3185 4712 3571 4782 egressionem
3602 4714 3766 4772 ﬁlio-

2115 4804 2242 4846 rum
2295 4792 2510 4848 Israhel
2558 4808 2626 4850 ex
2677 4796 2913 4868 Egypto
2965 4813 3148 4869 usque
3198 4801 3265 4857 ad
3321 4802 3762 4861 :ediﬁcationem

2115 4881 2312 4950 templi
2357 4882 2677 4939 Salomonis
2719 4886 2854 4940 anni
2905 4883 3029 4942 484.
3078 4889 3162 4943 Ab
3205 4890 3589 4948 aediﬁcatione
3629 4908 3764 4967 ergo

2113 4969 2308 5040 templi
2343 4985 2524 5043 usque
2553 4973 2623 5029 ad
2659 4974 3102 5032 dissolutionem
3133 4979 3258 5048 ejus
3287 4989 3343 5036 et
3372 4983 3763 5055 transmigra-

2111 5057 2322 5114 tionem
2353 5060 2412 5115 in
2442 5061 2827 5133 Babyloniam,
2860 5066 2996 5120 anni
3024 5063 3146 5122 390.
3175 5068 3220 5122 A
3249 5072 3760 5143 transmigratioue

2111 5146 2292 5217 igitur
2320 5148 2640 5219 Babyloniae
2679 5165 2860 5221 usque
2884 5153 2954 5209 ad
2992 5154 3316 5213 Passionem
3355 5159 3592 5216 Domini
3618 5162 3753 5217 anni

357 5198 502 5293 ﬁunt
528 5200 648 5260 489.
677 5208 760 5264 Ibi
791 5213 1065 5273 tricesim.
1101 5198 1472 5283 remanent
1507 5232 1663 5287 Luna

351 5291 510 5391 Jan.,
539 5302 595 5352 et
644 5301 842 5368 puncti
884 5300 973 5359 27.
1023 5306 1117 5364 Sic
1164 5318 1220 5367 et
1271 5311 1338 5370 48
1378 5321 1435 5372 et
1483 5315 1550 5373 49
1595 5322 1752 5391 cyclo
1795 5291 1988 5382 facies.

351 5380 398 5435 A
426 5383 611 5482 primo
645 5399 777 5482 vero
815 5393 972 5464 cyclo
1003 5395 1193 5457 lunari
1228 5419 1411 5476 usque
1439 5404 1504 5463 46
1530 5380 1645 5466 non
1683 5380 1994 5482 partire

353 5477 588 5580 Parem,
623 5489 693 5580 ne
723 5479 782 5580 in
813 5495 1061 5543 errorem
1094 5489 1337 5549 incidas.
1684 5477 1696 5482 ⁷
2100 5507 2204 5561 vasi
2250 5521 2432 5580 usque
2475 5510 2542 5565 ad
2595 5477 2905 5570 transitum
2956 5515 3334 5575 Theodoberti
3383 5520 3523 5576 anni
3565 5519 3658 5576 30.
3705 5523 3752 5578 Α

421 5561 555 5618 Item
591 5565 751 5623 aliud
786 5576 1252 5644 compendiosum
1283 5595 1463 5654 nuper
1490 5585 1801 5647 inventum.
1833 5593 1990 5653 Scito
2099 5561 2758 5662 transituvaeodoberti
2795 5621 2978 5678 usque
3010 5611 3080 5666 ad
3117 5609 3426 5668 transitum
3465 5613 3748 5686 Sigiberti

2107 5234 2229 5292 659.
2260 5237 2305 5292 A
2339 5241 2600 5308 passione
2636 5254 2817 5311 usque
2853 5243 2920 5299 ad
2957 5246 3265 5303 transitum
3297 5253 3483 5307 sancti
3515 5253 3750 5308 Martini

2104 5328 2240 5383 anni
2270 5325 2391 5384 442.
2425 5331 2470 5385 A
2496 5333 2744 5389 transitu
2771 5335 2954 5390 sancti
2983 5337 3216 5393 Martini
3246 5353 3428 5411 usque
3451 5341 3522 5396 ad
3554 5347 3754 5398 trans—

2105 5417 2249 5473 itum
2285 5418 2604 5477 Chlodovzei
2644 5423 2798 5494 regis
2821 5425 2956 5479 anni
2988 5423 3106 5481 444.
3143 5425 3191 5480 A
3218 5429 3468 5486 transitu
3496 5430 3756 5488 Cblodo—
