4054 6192
287 274 430 336 4343

1646 282 1847 342 LIBER
1886 283 1977 342 DE
2011 281 2351 344 COMPUTO.

3542 294 3680 354 4344

278 402 417 458 anni
447 398 537 457 29.
571 401 655 458 Ab
684 403 858 462 initio
885 404 1084 462 mundi
1117 419 1297 478 usque
1321 405 1390 462 ad
1417 413 1660 476 regnum
1683 408 1937 466 Theodo-
1962 413 2014 473 Α
2040 411 2096 464 et
2123 409 2181 464 in
2209 407 2414 466 diebus
2435 409 2808 480 septimanae?
2835 414 2892 467 et
2915 411 2972 468 in
3013 425 3127 484 quo
3157 411 3352 470 anno?
3375 414 3434 468 et
3475 411 3538 468 in
3564 424 3681 483 quo

282 491 392 546 rici
425 496 562 548 sunt
597 495 732 548 anni
772 492 956 562 5,660.

2041 498 2336 566 tempore?
2358 498 2416 553 Si
2443 497 2501 554 in
2524 498 2619 554 die
2647 498 2784 554 anni
2807 499 2835 552 ‘?
2865 499 2924 554 in
2951 501 3155 556 nocte?
3179 507 3233 557 et
3265 502 3326 556 in
3352 515 3464 572 qua
3497 498 3679 557 hora?

277 583 355 634 De
409 597 632 637 numero
693 599 960 638 annorum
1005 586 1074 639 ab
1129 587 1337 653 origine
1396 585 1592 642 mundi
1638 603 1808 658 usque
1859 588 1934 643 ad
2044 585 2480 658 interrogamus.
2517 589 2574 642 ln
2603 587 2951 658 aequinoctio
2979 594 3167 645 autem
3191 591 3330 646 etin
3357 590 3454 645 die
3476 589 3681 644 Domi-

815 674 1111 728 adventum
1152 677 1390 730 Domini.

350 760 603 816 LXXIX.
637 759 788 816 Anni
820 775 954 834 ergo
985 769 1121 820 sunt
1149 764 1220 819 ab
1245 766 1470 837 origine
1509 766 1708 823 mundi
1749 779 1930 837 usque

274 849 347 904 ad
403 849 770 905 Nativitatem
818 851 1057 919 Christi,
1121 854 1277 910 sicut
1331 854 1390 910 in
1444 855 1648 911 Orosio
1695 855 1926 927 legitur,

271 934 462 1004 5,499.
515 937 659 994 Hinc
705 939 826 1008 ipse
863 941 1020 996 dixit
1070 941 1140 997 ab
1185 942 1321 998 orbe
1367 943 1600 1001 condito
1646 957 1828 1014 usque
1857 943 1926 1000 ad

273 1023 481 1080 Urbem
525 1026 816 1082 conditam
845 1029 980 1084 anni
1029 1034 1166 1086 sunt
1217 1027 1399 1100 4,484.
1432 1032 1517 1088 Ab
1549 1032 1688 1088 urbe
1735 1037 1926 1088 autem

272 1113 509 1168 condita
536 1128 720 1184 usque
749 1115 818 1171 ad
847 1117 1215 1174 Nativitatem
1235 1119 1455 1176 Christi
1476 1121 1612 1177 anni
1637 1128 1774 1178 sunt
1797 1118 1922 1176 715.

271 1203 643 1274 Colliguntur
673 1219 807 1277 ergo
849 1207 986 1263 anni
1019 1207 1090 1263 ab
1135 1210 1361 1282 origine
1411 1211 1609 1266 mundi
1645 1225 1827 1282 usque
1854 1211 1953 1267 ad.

269 1281 580 1349 adventum
601 1295 831 1350 Domini
855 1298 1038 1353 nostri
1065 1299 1196 1354 Jesu
1215 1281 1432 1356 Christi
1454 1298 1636 1366 5,499.

384 1385 460 1437 Le
493 1386 656 1438 annis
693 1385 762 1438 ab
788 1387 998 1454 origine
1034 1389 1248 1452 mundi,
1287 1389 1368 1443 vel
1405 1392 1814 1444 Incarnatione.

349 1472 576 1528 LXXX.
627 1473 710 1529 Ab
758 1477 1156 1533 Incarnatione
1211 1484 1401 1534 autem
1451 1480 1681 1535 Domini
1742 1479 1923 1535 nostri

266 1561 406 1616 Jesu
435 1561 651 1618 Christi
688 1577 869 1634 usque
897 1566 986 1621 ad.
1016 1573 1348 1635 praesentem
1397 1581 1632 1638 annum,
1681 1569 1834 1624 sicut
1865 1568 1924 1622 in

267 1650 546 1706 omnibus
574 1651 772 1724 cyclis,
806 1654 907 1724 qui
938 1661 1087 1710 recte
1117 1656 1322 1726 scripti
1355 1663 1510 1727 sunt,
1543 1661 1600 1712 et
1631 1656 1786 1714 sicut
1825 1670 1924 1727 per

2043 675 2194 745 nico,
2226 681 2283 730 et
2313 676 2371 730 in
2402 677 2692 732 communi
2721 689 2870 732 anno
2909 678 3178 747 secundo,
3210 685 3266 734 et
3315 679 3373 734 in
3405 678 3677 751 ogdoade,

2039 768 2095 820 et
2126 765 2184 820 in
2234 765 2418 835 prima
2445 765 2583 821 hora
2613 773 2842 821 creatus
2868 773 2971 836 est,
3017 772 3074 822 et
3101 765 3160 821 in
3193 775 3474 823 momento
3522 766 3677 824 oculi

2039 854 2229 910 omnia
2251 853 2425 910 simul
2444 861 2631 910 creata
2653 859 2791 910 sunt
2807 869 2838 909 a
2859 856 2991 910 Deo.
3019 855 3205 910 Latini
3241 869 3483 926 namque
3503 855 3685 926 aequi-

2041 943 2294 998 noctium
2320 955 2424 998 vm
2457 943 2578 998 Kal.
2612 943 2748 1012 Apr.
2778 941 2960 998 facere
2986 943 3208 1015 volunt,
3233 945 3330 1000 sed
3358 944 3464 1000 hoc
3486 950 3681 1000 sancta
3785 995 3790 998 .

2039 1033 2292 1103 synodus
2319 1033 2554 1088 minime
2581 1033 2844 1103 permisit
2875 1038 3106 1104 prepter
3135 1034 3269 1090 illos
3287 1033 3322 1089 3
3342 1035 3488 1104 dies,
3512 1033 3568 1088 id
3596 1037 3684 1089 est

2037 1118 2321 1184 5feriam,
2379 1121 2607 1191 quando
2638 1122 2916 1177 Dominus
2965 1129 3156 1178 noster
3206 1123 3370 1179 Jesus
3417 1121 3684 1178 Christus

2040 1213 2232 1264 tentus
2253 1214 2359 1278 est,
2382 1215 2437 1264 et
2476 1215 2688 1265 sextam
2719 1209 2917 1267 feriam
2965 1212 3193 1282 quando
3235 1210 3550 1267 cruciﬁxus
3573 1217 3679 1282 est,

2036 1303 2092 1353 et
2116 1297 2414 1367 septimam
2462 1296 2686 1364 feriam,
2733 1302 2961 1370 quando
3017 1299 3074 1355 in
3125 1299 3388 1370 sepulcro
3437 1301 3678 1371 quievit,

2037 1401 2182 1457 quos
2209 1386 2363 1442 foras
2395 1387 2647 1444 limitum
2679 1389 2850 1445 etiam
2884 1393 3042 1446 tanto
3064 1390 3300 1445 minime
3324 1389 3682 1459 abjiciendos

2039 1475 2281 1546 putavit,
2311 1481 2366 1532 et
2395 1476 2522 1532 ideo
2541 1477 2600 1532 in
2626 1477 2750 1547 ipso
2773 1483 2970 1534 sancto
2994 1479 3243 1534 concilio
3264 1483 3543 1534 statutum
3569 1482 3676 1549 est,

2037 1569 2102 1618 ut
2125 1563 2538 1634 mquinoctium
2569 1565 2640 1620 ab
2663 1579 2719 1620 χι
2749 1566 2872 1622 Kal.
2905 1567 3040 1636 Apr.
3081 1572 3462 1637 computetur.

2389 1657 2466 1708 De
2483 1656 2642 1708 annis
2668 1655 2736 1709 ab
2767 1657 3143 1710 incarnatione
3179 1657 3390 1711 mundi.

265 1745 607 1811 argumenta
653 1743 998 1814 ostenditur,
1045 1746 1182 1800 anni
1236 1750 1372 1801 sunt
1411 1743 1536 1801 784.
1589 1747 1694 1802 Sed
1735 1753 1921 1802 tamen
1949 1741 2002 1802 B
2108 1741 2406 1797 LXXXIII.
2437 1743 2497 1798 Si
2531 1743 2617 1798 vis
2643 1743 2793 1798 scire
2823 1750 3038 1815 quotus
3063 1745 3142 1800 sit
3169 1757 3358 1800 annus
3381 1743 3452 1800 ab
3479 1744 3680 1801 incar-

266 1829 586 1884 secundum
624 1829 819 1886 lunam
863 1833 1036 1902 caepit
1078 1846 1265 1888 annus
1293 1831 1364 1888 99
1401 1847 1432 1888 a
1483 1847 1578 1888 xv:
1630 1834 1753 1889 Kal.
1786 1834 1917 1890 Mai.

263 1916 455 1972 Simul
484 1923 672 1974 autem
704 1921 841 1974 anni
876 1926 1012 1976 sunt
1040 1921 1111 1976 ab
1141 1923 1366 1993 origine
1400 1922 1599 1978 mundi
1651 1937 1830 1992 usque
1863 1923 1922 1978 in

267 2012 605 2076 praesentem
629 2021 841 2064 annum
871 2007 1053 2077 5,989.
1089 2013 1149 2065 In
1172 2011 1467 2066 chronicis
1493 2010 1722 2081 legitur.
1769 2011 1920 2067 Anni

262 2100 462 2150 autem
493 2096 562 2151 ab
607 2097 832 2168 origine
876 2099 1074 2154 mundi
1124 2113 1303 2169 usque
1347 2099 1414 2154 ad
1458 2100 1920 2169 praedicationem

262 2184 499 2239 Domini
535 2186 716 2241 nostri
746 2187 876 2244 Jesu
915 2187 1132 2243 Christi
1165 2202 1290 2259 quae
1339 2185 1486 2243 facta
1529 2195 1616 2244 est
1661 2202 1810 2244 anno
1856 2186 1924 2244 45

261 2272 488 2328 Tiberii
535 2274 794 2345 Caesaris,
835 2280 889 2331 et
934 2291 1114 2348 usque
1168 2277 1236 2332 ad
1288 2277 1637 2348 baptismum
1691 2277 1919 2333 Domini

263 2359 456 2431 5,228.
508 2365 645 2418 Item
703 2364 944 2421 Orosius
995 2365 1158 2420 dicit.
1219 2367 1364 2422 Sunt
1403 2371 1592 2422 autem
1641 2365 1713 2420 ab
1741 2365 1918 2420 Adam

268 2451 457 2519 primo
485 2450 716 2507 homine
742 2467 924 2523 usque
952 2454 1020 2508 ad
1049 2453 1261 2509 Ninum
1296 2468 1585 2526 magnum,
1606 2459 1668 2510 ut
1691 2454 1914 2524 dicunt,

266 2539 518 2609 primum
544 2553 730 2611 regem
753 2542 1069 2613 Persarum,
1093 2543 1321 2612 quando
1341 2549 1510 2598 natus
1530 2548 1617 2598 est
1632 2541 1916 2597 Abraham

264 2628 405 2682 anni
463 2624 648 2699 3,484,
709 2629 808 2699 qui
853 2630 924 2684 ab
975 2632 1246 2686 omnibus
1292 2631 1780 2703 historiographis
1830 2629 1914 2686 vel

263 2716 491 2787 omissi,
538 2717 621 2772 vel
647 2717 894 2788 ignorati
951 2725 1106 2774 sunt.
1139 2721 1187 2774 A
1211 2720 1358 2775 Nino
1389 2725 1579 2776 autem
1613 2720 1696 2775 vel
1729 2719 1916 2774 Abra-

267 2806 399 2860 ham
433 2821 615 2876 usque
643 2808 712 2863 ad
738 2809 1012 2864 Caesarem
1053 2809 1400 2880 Augustum,
1433 2809 1490 2865 id
1514 2814 1600 2865 est
1640 2823 1822 2879 usque
1842 2808 1912 2864 ad

265 2895 633 2951 Nativitatem
653 2897 891 2968 Christi,
919 2912 1043 2968 qua:
1084 2897 1198 2953 fuit
1225 2912 1374 2954 anno
1417 2899 1646 2969 imperii
1677 2898 1918 2954 Caesaris

265 2980 356 3053 42,
385 2998 513 3039 cum
538 2983 685 3040 facta
713 2985 860 3042 bella
888 2992 1004 3043 toto
1030 2987 1164 3043 orbe
1202 2994 1518 3058 cessarunt,
1561 2987 1918 3058 colliguntur

2035 1829 2266 1886 natione
2322 1831 2544 1902 mundi,
2595 1837 2859 1903 compota
2889 1831 2985 1888 694
3025 1847 3124 1904 per
3160 1830 3245 1904 45,
3299 1833 3446 1889 ﬁunt
3491 1832 3674 1904 5,865.

2034 1918 2134 1972 His
2151 1931 2375 1988 semper
2403 1921 2547 1975 adde
2576 1918 2646 1975 33
2681 1921 2991 1992 regulares,
3022 1921 3168 1977 ﬁunt
3188 1919 3371 1991 5,903.
3409 1923 3508 1977 Isti
3542 1928 3679 1979 sunt

2028 2007 2168 2062 anni
2197 2007 2269 2062 ab
2296 2008 2469 2064 initio
2502 2009 2723 2078 mundi,
2752 2009 2890 2064 anni
2921 2009 3145 2065 scilicet
3172 2009 3244 2064 ab
3279 2010 3678 2067 incarnatione

2029 2095 2259 2149 Domini
2273 2091 2397 2166 703,
2417 2109 2630 2152 memor
2641 2105 2762 2153 esto
2780 2098 2838 2153 in
2855 2095 2921 2153 45
2945 2097 3264 2154 indictione
3283 2098 3674 2176 supradictam

2035 2185 2288 2254 regulam
2321 2184 2638 2241 observare.

2102 2271 2160 2326 Si
2193 2272 2281 2328 vis
2333 2273 2482 2329 scire
2526 2281 2699 2344 quota
2748 2275 2826 2331 sit
2876 2275 3141 2348 indictio,
3199 2290 3361 2333 sume
3412 2289 3595 2333 annos
3644 2291 3678 2334 a

2034 2362 2232 2416 mundi
2258 2362 2452 2434 initio,
2483 2371 2543 2420 ut
2567 2370 2702 2434 puta
2718 2363 2902 2436 5,903.
2928 2367 3028 2421 His
3053 2379 3274 2436 semper
3293 2367 3437 2421 adde
3455 2363 3489 2421 7
3518 2380 3678 2439 regu-

2030 2449 2198 2520 lares,
2239 2451 2384 2506 ﬁunt
2414 2451 2599 2519 5,944.
2636 2455 2855 2509 Partire
2909 2468 3008 2524 per
3055 2453 3155 2510 45:
3188 2455 3524 2525 quindecies
3549 2454 3674 2528 300,

2029 2535 2211 2609 4,500.
2249 2541 2557 2597 Remanent
2607 2539 2784 2613 4,344.
2814 2542 3160 2612 Quindecies
3211 2542 3430 2613 60,900.
3486 2545 3684 2600 Rema-

2029 2635 2163 2683 nent
2191 2626 2314 2683 544.
2348 2630 2691 2696 Quindecies
2728 2629 2818 2702 30,
2860 2629 2984 2700 450,
3033 2633 3341 2687 Remanent
3369 2629 3458 2686 64.
3487 2633 3679 2701 Quin-

2025 2717 2214 2773 decies
2239 2713 2412 2792 3[4J,
2437 2717 2523 2772 60.
2564 2720 2830 2775 Remanet
2858 2718 2907 2788 4,
2933 2721 3116 2790 prima
3148 2721 3410 2777 indictio.
3443 2721 3502 2777 Si
3525 2721 3676 2778 nihil

2028 2807 2386 2878 remanserit,
2424 2805 2490 2863 45
2521 2808 2766 2863 indictio
2803 2815 2907 2864 est.

2097 2895 2155 2949 Si
2189 2895 2276 2950 vis
2297 2896 2446 2950 scire
2477 2901 2688 2966 quotus
2729 2897 2807 2952 sit
2852 2910 3040 2953 annus
3087 2897 3294 2954 solaris
3340 2897 3570 2970 circuli,
3621 2904 3678 2955 et

2028 2984 2414 3054 quotvicibus
2443 2984 2502 3038 in
2540 2999 2599 3040 se
2638 2985 2932 3041 revolutus
2952 2987 3060 3042 sit:
3084 3001 3245 3042 sume
3263 3001 3445 3044 annos
3475 2988 3676 3044 abini-

264 3073 403 3128 anni
457 3071 638 3143 2,045.
688 3076 861 3131 Fiunt
908 3075 1083 3132 simul
1125 3073 1308 3147 5,499.
1345 3078 1479 3131 Item
1513 3077 1573 3132 in
1622 3076 1916 3132 chronicis
1947 3085 1993 3146 α
2018 3073 2109 3147 tio
2129 3073 2350 3134 mundi,
2380 3078 2442 3129 ut
2463 3071 2644 3143 5,903.
2672 3074 2890 3128 Partire
2917 3075 3021 3130 hos
3041 3089 3141 3144 per
3158 3074 3246 3131 28.
3281 3077 3468 3132 Vicies
3497 3078 3679 3134 octies

265 3161 483 3232 legitur
531 3164 841 3218 secundum
896 3163 1230 3233 Eusebium,
1289 3169 1345 3220 et
1387 3165 1812 3235 Hieronymum,
1860 3169 1916 3220 et

263 3250 603 3318 Prosperum
628 3251 699 3305 ab
723 3252 900 3308 Adam
937 3266 1121 3322 usque
1155 3252 1224 3308 ad
1274 3253 1562 3309 diluvium
1609 3253 1748 3308 anni
1780 3257 1916 3308 sunt

264 3335 451 3409 2,242.
483 3338 566 3394 Ab
611 3339 895 3396 Ab‘raham
928 3355 1111 3413 usque
1149 3343 1217 3398 ad
1259 3344 1505 3413 Moysen,
1539 3346 1597 3398 et
1623 3355 1914 3413 egressum

265 3428 480 3485 Israhel
514 3443 582 3484 ex
609 3430 847 3501 Egypto
877 3437 1284 3502 computantur
1302 3430 1428 3488 505.
1448 3432 1496 3486 A
1514 3435 1703 3502 Moyse
1735 3445 1916 3502 usque

266 3519 335 3574 ad
385 3519 760 3591 Salomonem,
820 3525 876 3576 et
929 3521 1172 3591 primam
1229 3523 1666 3579 aediﬁcationem
1715 3523 1914 3594 templi

266 3613 404 3664 sunt
431 3609 568 3663 anni
591 3603 714 3664 479.
742 3610 790 3664 A
811 3609 1110 3666 Salomone
1143 3624 1325 3680 usque
1341 3610 1408 3666 ad
1437 3611 1912 3667 instaurationem

267 3697 487 3768 templi,
516 3711 642 3766 qua:
667 3697 774 3754 sub
794 3700 966 3754 Dario
994 3701 1291 3755 Persarum
1318 3714 1444 3772 rege
1473 3700 1620 3758 facta
1645 3706 1732 3756 est
1755 3700 1916 3756 colli-

265 3794 486 3858 guntur
513 3789 648 3842 anni
679 3786 800 3844 542.
839 3791 1011 3846 Porro
1036 3803 1068 3845 a
1098 3790 1272 3847 Dario
1303 3805 1488 3862 usque
1508 3792 1577 3846 ad
1630 3790 1916 3860 praedica-

267 3877 482 3932 tionem
508 3877 734 3933 Domini
787 3879 967 3935 nostri
1015 3881 1149 3936 Jesu
1190 3881 1407 3936 Christi
1434 3886 1490 3936 et
1519 3895 1702 3952 usque
1743 3881 1812 3936 ad
1849 3878 1915 3936 45

265 3978 478 4021 annum
492 3965 960 4023 TiberiiCaasaris
983 3969 1268 4039 principis
1294 3969 1676 4026 Romanorum
1691 3969 1915 4040 explen-

267 4061 362 4110 tur
381 4057 518 4110 anni
551 4053 673 4111 547.
709 4058 917 4113 Omnes
940 4064 1128 4114 autem
1158 4059 1293 4114 anni
1336 4072 1514 4130 usque
1543 4060 1611 4114 ad
1646 4060 1916 4130 praedica-

268 4144 476 4200 tionem
515 4147 740 4202 Domini
779 4148 960 4203 nostri
992 4149 1124 4204 Jesu
1160 4148 1376 4203 Christi
1421 4146 1603 4217 5,235.
1655 4149 1915 4204 Isidorus

263 4239 454 4290 autem
477 4235 648 4290 dicit:
673 4236 939 4292 Cessante
962 4249 1134 4307 regno
1158 4250 1222 4292 ac
1245 4237 1565 4293 sacerdotio
1587 4237 1911 4294 Judaeorum

263 4323 542 4380 Dominus
583 4333 774 4381 noster
808 4327 970 4382 Jesus
994 4326 1264 4382 Christus
1292 4340 1360 4382 ex
1391 4327 1624 4398 Virgine
1656 4326 1914 4382 nascitur

2025 3157 2149 3231 240,
2173 3159 2353 3227 5,980.
2385 3162 2695 3217 Remanent
2718 3159 2805 3217 34.
2838 3163 3038 3218 Annus
3066 3160 3137 3220 24
3173 3177 3361 3220 annus
3390 3171 3478 3219 est
3517 3165 3678 3224 sola-

2028 3251 2110 3306 ris
2127 3250 2356 3306 circuli.

2097 3341 2155 3396 Si
2187 3341 2276 3396 vis
2325 3341 2473 3397 scire
2526 3346 2932 3398 concurrentes
2971 3343 3302 3412 septimana:
3342 3343 3487 3407 dies,
3547 3347 3675 3399 tene

2026 3428 2485 3500 suprascriptum
2519 3444 2818 3486 numerum
2843 3427 2938 3485 24.
2968 3431 3123 3486 Tolle
3148 3444 3369 3501 semper
3400 3429 3450 3502 4,
3485 3444 3678 3487 rema-

2027 3526 2161 3576 nent
2184 3517 2272 3575 23.
2307 3519 2462 3575 Adde
2483 3516 2516 3574 4
2543 3525 2780 3591 partem,
2819 3519 2880 3575 ﬁt
2910 3517 2998 3588 28,
3031 3525 3087 3575 et
3119 3520 3334 3589 partire
3364 3533 3463 3591 per
3485 3516 3520 3575 7
3552 3533 3678 3590 par-

2026 3615 2158 3681 tem,
2184 3609 2240 3665 id
2272 3614 2376 3680 est,
2405 3615 2605 3680 quater
2632 3606 2687 3680 7,
2713 3609 2775 3665 ﬁt
2821 3607 2910 3665 28.
2945 3608 3107 3665 Nihil
3134 3615 3403 3681 remanet,
3449 3610 3678 3666 Sabba-

2025 3705 2146 3755 tum
2176 3704 2262 3755 est
2289 3699 2346 3754 in
2378 3712 2437 3753 1x
2463 3699 2586 3754 Kal.
2627 3698 2765 3770 Apr.
2796 3699 3085 3770 Quicquid
3109 3713 3284 3770 supra
3307 3696 3341 3754 7
3381 3711 3677 3756 remanse-

2025 3789 2122 3860 rit,
2147 3794 2263 3845 tota
2305 3787 2448 3843 feria
2477 3789 2608 3844 erit.

2164 3881 2240 3933 De
2270 3880 2456 3947 prima
2493 3879 2651 3932 Luna
2688 3879 2860 3948 primi
2891 3879 3088 3932 mensis
3143 3877 3521 3934 monstranda.

2097 3967 2394 4024 LXXXIV.
2419 3967 2477 4022 Si
2506 3968 2594 4022 vis
2621 3980 2952 4038 agnoscere,
2983 3967 3264 4038 quomodo
3297 3967 3533 4023 initium
3561 3966 3676 4037 pri-

2025 4058 2102 4113 mi
2137 4056 2370 4126 mensis,
2397 4055 2503 4110 hoc
2522 4061 2608 4111 est
2637 4057 2819 4126 prima
2851 4056 2986 4112 luna
3029 4055 3342 4127 invenitur,
3377 4056 3522 4112 scito
3571 4069 3677 4112 eo-

2022 4148 2149 4203 dem
2189 4139 2338 4201 an'no
2392 4144 2668 4216 quolibet,
2719 4151 2774 4200 et
2818 4150 2956 4216 quot
2996 4151 3204 4215 epactae
3256 4150 3392 4202 sunt
3440 4146 3500 4200 in
3547 4145 3673 4201 Kal.

2019 4236 2170 4306 jun.,
2200 4241 2257 4290 et
2282 4239 2456 4306 quota
2481 4234 2618 4290 luna
2649 4231 2844 4303 fuerit,
2888 4239 2971 4290 tot
3007 4234 3134 4290 dies
3161 4235 3220 4290 in
3245 4235 3452 4291 Martio
3484 4248 3675 4291 mense

2023 4338 2056 4380 a
2087 4324 2198 4380 ﬁne
2222 4327 2376 4380 retro
2400 4321 2692 4390 subtrahe,
2729 4326 2785 4376 et
2817 4321 2916 4376 ubi
2959 4321 3277 4394 deveneris,
3313 4323 3394 4378 ibi
3435 4323 3673 4379 initium

263 4425 415 4468 anno
431 4409 500 4468 42
518 4414 932 4486 regniCaasaris
946 4416 1216 4487 Augusti,
1239 4413 1306 4472 45
1325 4416 1497 4472 annis
1512 4416 1582 4472 de
1597 4429 1770 4488 regno
1788 4415 1913 4484 ejus
1943 4435 1996 4497 D
2025 4414 2198 4485 primi
2248 4413 2461 4469 mensis
2491 4411 2764 4481 invenies,
2797 4410 3058 4497 exceptis
3077 4411 3267 4466 tribus
3294 4411 3670 4481 embolismis,

263 4501 454 4557 adhuc
480 4503 854 4560 restantibus.
904 4506 1179 4578 Regnavit
1215 4510 1404 4562 autem
1446 4505 1617 4561 annis
1640 4503 1729 4572 56.
1780 4507 1913 4561 Post
1945 4496 1976 4497 η
2026 4504 2082 4559 id
2109 4508 2197 4559 est
2229 4503 2564 4572 novissimo,
2596 4498 2930 4556 embolismo
2961 4496 3256 4569 ogdoadis,
3285 4503 3341 4553 et
3365 4498 3550 4568 primo
3581 4511 3674 4554 en-

267 4589 434 4646 illum
462 4593 720 4665 regnavit
747 4592 1012 4649 Tiberius
1041 4594 1226 4650 Caesar
1261 4591 1332 4650 23
1378 4593 1582 4663 annis;
1627 4589 1696 4650 45
1722 4599 1912 4650 autem

262 4694 415 4737 anno
445 4683 604 4753 regni
627 4681 844 4738 Tiberii
867 4683 1146 4739 Dominus
1175 4683 1490 4740 cruciﬁxus
1515 4688 1620 4757 est,
1665 4683 1913 4754 peractis

263 4771 489 4827 annisa
521 4771 812 4841 principio
843 4772 1042 4828 mundi
1081 4769 1265 4842 5,228.
1304 4775 1465 4828 Hunc
1503 4773 1762 4829 eumdem
1798 4786 1915 4829 nu—

265 4873 483 4916 merum
515 4861 808 4918 Victorius
859 4861 1161 4918 conﬁrmat
1188 4861 1426 4918 dicens:
1485 4863 1716 4918 Passum
1773 4875 1908 4934 ergo

262 4951 570 5007 Dominum
600 4957 864 5008 nostrum
886 4952 1076 5008 Jesum
1098 4951 1413 5022 Christum,
1443 4957 1498 5008 et
1521 4952 1766 5023 reliqua,

654 5042 856 5111 Incipit
883 5041 948 5095 de
997 5041 1191 5095 mundi
1220 5042 1514 5112 principio.

339 5126 588 5184 LXXXI.
619 5129 914 5199 Quomodo
943 5127 1130 5186 factus
1159 5136 1246 5187 est
1272 5129 1544 5202 mundus,
1571 5131 1743 5189 initio
1763 5145 1914 5190 crea-

231 5222 528 5273 -turarum
576 5219 699 5289 Dei,
729 5225 837 5275 etc.
877 5219 1113 5289 Reliqua
1149 5221 1497 5286 omittuntur,
1543 5222 1690 5292 quod
1726 5223 1912 5279 eadem

260 5307 421 5375 infra
442 5321 559 5377 cap.
590 5303 695 5364 448
722 5307 1051 5363 habeantur.

689 5399 825 5454 Item
867 5398 934 5452 de
965 5398 1161 5454 mundi
1181 5400 1481 5470 principio.

334 5486 613 5546 LXXXII.
663 5488 1042 5561 lnterrogatio
1070 5487 1142 5544 de
1173 5488 1372 5545 mundi
1417 5489 1728 5562 principio,
1759 5505 1912 5563 quo-

263 5577 432 5635 modo
461 5575 650 5637 factus
665 5577 744 5636 sit
769 5577 944 5640 initio
964 5583 1356 5638 creaturarum
1375 5578 1521 5637 Dei?
1543 5579 1603 5636 in
1629 5593 1743 5652 quo
1771 5579 1868 5639 die
1882 5581 1911 5637 ?

2023 4593 2275 4662 decadis,
2297 4598 2355 4648 et
2381 4590 2712 4648 novissimo.
2739 4590 2799 4644 In
2820 4586 3131 4643 novissimo
3153 4586 3306 4642 enim
3332 4585 3670 4643 embolismo

2023 4681 2298 4754 ogdoadis
2319 4679 2554 4736 initium
2585 4677 2759 4748 primi
2788 4676 3000 4732 mensis
3030 4675 3088 4730 in
3111 4675 3256 4731 Non.
3289 4675 3423 4745 Apr.
3457 4675 3674 4732 inveni-

2025 4776 2138 4826 tur.
2161 4773 2223 4826 In
2248 4769 2432 4840 primo
2450 4771 2640 4824 autem
2661 4765 2999 4822 embolismo
3032 4764 3337 4820 endecadis
3360 4764 3418 4820 in
3442 4777 3496 4820 vr
3524 4767 3666 4822 Non.

2022 4862 2158 4931 Apr.
2194 4859 2488 4916 invenitur
2519 4857 2703 4928 prima
2733 4855 2870 4911 luna
2902 4854 3074 4925 primi
3109 4854 3340 4910 mensis.
3374 4857 3433 4910 In
3465 4855 3672 4914 ultimo

2023 4964 2154 5006 vero
2183 4947 2519 5005 embolismo
2543 4943 2847 5001 endecadis
2879 4943 2939 4999 in
2969 4956 3034 4998 ιιι
3072 4944 3214 4999 Non.
3260 4943 3396 5015 Apr.
3434 4944 3670 5003 initium

2026 5039 2198 5112 primi
2227 5037 2440 5094 mensis
2477 5034 2789 5092 invenitur.

2129 5131 2204 5185 De
2251 5129 2484 5182 bissemto
2521 5123 2876 5180 monstrando
2923 5137 3030 5194 per
3079 5123 3288 5193 cyclum
3311 5125 3562 5181 solarem.

2094 5218 2370 5276 LXXXV.
2414 5215 2472 5271 Si
2523 5214 2610 5270 vis
2656 5213 2804 5270 scire
2857 5213 2928 5269 de
2975 5213 3250 5287 bissexto,
3310 5219 3438 5270 tene
3489 5225 3670 5268 annos

2021 5307 2230 5367 solaris
2245 5305 2390 5378 cycli
2408 5309 2778 5377 quotcunque
2799 5301 3019 5360 fuerint
3041 5303 3100 5360 in
3119 5303 3384 5375 praesenti
3408 5300 3668 5372 quolibet

2021 5412 2188 5455 anno.
2228 5398 2287 5453 V.
2344 5411 2396 5468 g.
2435 5391 2502 5451 44
2529 5407 2680 5450 anno
2703 5392 2850 5465 cycli
2895 5393 3138 5463 solaris;
3169 5391 3398 5446 dimitte
3449 5402 3670 5460 semper

2022 5485 2404 5559 4;remanent
2447 5480 2532 5542 43.
2575 5485 2796 5542 Partire
2853 5496 2951 5555 per
2991 5480 3025 5538 4
3075 5484 3286 5552 partes,
3315 5477 3546 5534 dimitte
3578 5475 3662 5537 42.

2017 5580 2229 5651 Quater
2275 5578 2607 5650 quaternos,
2658 5577 2912 5634 remanet
2959 5569 3023 5642 4;
3081 5567 3306 5640 primus
3347 5579 3535 5626 annus
3581 5572 3669 5627 est
