4076 6174
405 285 546 346 1315

1286 283 1574 340 APPEND.
1614 282 1710 339 AD
1745 281 1906 340 SEC.
1948 281 2047 339 IX.
2086 310 2161 324 —
2207 278 2564 340 AUCTORES
2617 280 2951 339 ANONYMI.

3677 278 3816 339 1316

404 409 841 482 praeparationis
863 408 1124 466 bissexti.
1157 408 1218 467 Si
1253 409 1403 466 nihil
1433 407 1794 480 remanserit,
1818 407 2054 464 bissex-
2077 414 2134 475 A
2161 406 2357 479 drans,
2395 407 2540 480 dies,
2597 407 2966 476 hebdomada,
3023 406 3258 478 mensis,
3308 409 3554 478 tempus,
3609 421 3814 467 annus.

401 504 496 558 tus
526 502 655 557 erit.

471 591 606 644 Item
642 591 966 656 argumenta
1011 587 1078 641 de
1115 586 1558 641 concurrentibus
1593 585 1985 640 monstrandis.

474 677 772 732 LXXXVI.
792 676 850 731 Si
878 676 966 731 vis
997 675 1144 730 scire
1162 675 1512 744 adjectiones
1533 674 1698 745 solis,
1737 675 1794 730 id
1823 679 1910 730 est
1929 687 2058 730 con.

401 772 702 822 currentes
732 767 1065 834 septimana:
1093 763 1218 819 dies
1243 777 1303 818 IX
1335 763 1455 818 Kal.
1482 764 1643 833 .4pr.,
1689 777 1850 819 sume
1872 775 2058 818 annos

403 854 475 912 ab
519 855 915 910 incarnatione
948 854 1197 922 Domini,
1240 853 1592 923 quicumque
1637 851 1873 924 fuerint,
1908 865 1961 905 v.
1997 867 2052 922 g.

397 943 522 1000 810.
553 946 664 999 Hos
686 943 881 999 divide
913 956 1011 1013 per
1036 949 1285 1014 quatuor
1312 946 1518 1014 partes,
1558 949 1614 997 et
1644 955 1924 999 annorum
1951 939 2050 1011 qui

401 1031 620 1089 fuerint
649 1029 682 1086 4
708 1038 921 1102 partem
949 1045 1172 1101 semper
1197 1031 1402 1102 adjice,
1447 1030 1801 1086 bissextilem
1844 1031 1995 1086 diem
2023 1027 2056 1084 4

401 1135 624 1192 semper
672 1135 821 1176 anno
854 1122 1066 1176 iuvent.
1100 1124 1118 1142 '
1141 1121 1235 1175 hic
1260 1120 1440 1176 addit.
1481 1123 1542 1175 In
1590 1117 1693 1176 400
1723 1133 1856 1192 ergo
1887 1119 2057 1175 annis

401 1209 731 1266 bissextiles
748 1210 875 1266 dies
898 1215 1034 1266 sunt
1062 1208 1180 1265 100.
1215 1212 1273 1264 In
1303 1207 1429 1279 200,
1457 1209 1583 1264 dies
1603 1207 1672 1264 50
1705 1208 2051 1264 bissextiles.

403 1302 539 1356 Item
568 1300 628 1355 in
668 1298 768 1355 160
797 1299 988 1369 annis,
1019 1300 1123 1354 hoc
1152 1304 1239 1354 est
1285 1299 1344 1353 in
1396 1297 1624 1354 duobus
1668 1297 1961 1369 octogenis
1990 1293 2058 1352 40

401 1390 549 1460 dies,
586 1390 825 1446 bissexti
860 1388 932 1444 28
959 1389 1130 1444 annis
1156 1385 1190 1442 7
1216 1393 1370 1443 sunt.
1422 1387 1604 1442 Simul
1636 1393 1825 1442 autem
1863 1387 1921 1442 in
1951 1384 2057 1442 810

402 1480 575 1535 annis
604 1479 932 1535 bissextiles
959 1477 1085 1533 dies
1119 1484 1253 1532 sunt
1276 1473 1399 1531 204.
1430 1475 1588 1542 Quod
1616 1475 1821 1544 adjicit
1853 1475 2060 1545 Diony-

405 1569 529 1624 sius
558 1582 731 1637 super
776 1581 957 1623 annos
987 1566 1237 1634 Domini,
1287 1566 1532 1634 peractis
1555 1562 1726 1634 5,228
1767 1564 1938 1620 annis
1986 1563 2058 1620 ab

403 1661 535 1712 ortu
558 1656 755 1711 mundi
779 1655 973 1710 eadem
1001 1653 1421 1708 Chronicorum
1454 1653 1733 1707 relatione
1767 1657 2058 1707 monstra-

2164 497 2377 568 cyclus,
2410 498 2754 554 vicissitudo
2785 495 3089 568 triformis,
3122 496 3416 565 saculum,
3448 504 3614 567 aetas,
3645 511 3820 553 mun-

2161 584 2321 641 dum.
2350 586 2588 642 Atomus
2614 599 2818 643 nomen
2849 584 3107 642 Graecum
3143 588 3250 655 est,‘
3286 586 3436 656 quod
3466 586 3822 657 interpreta-

2165 679 2262 730 tur
2292 675 2698 746 indivisibilis,
2729 688 2856 731 nam
2877 679 3091 730 atomon
3120 675 3272 744 apud
3315 676 3542 731 Gnaeos
3597 676 3823 730 indivi-

2165 777 2314 834 sum,
2333 764 2420 819 vel
2445 765 2806 820 indivisibile
2834 765 3264 834 interpretatur.
3285 763 3464 818 Omne
3487 765 3641 820 enim
3663 764 3816 834 quod

2167 853 2227 908 in
2260 853 2471 908 mundo
2499 858 2585 908 est
2614 854 2735 908 sive
2761 853 3074 922 corporale,
3117 867 3218 908 seu
3251 853 3620 923 incorporale,
3657 853 3816 924 quod

2162 941 2350 996 dividi
2381 955 2445 996 ac
2477 942 2680 1011 partiri
2713 955 2823 998 non
2865 947 3067 1012 potest,
3118 947 3347 998 atomus
3389 947 3492 997 est.
3541 943 3698 997 Sicut
3727 942 3819 996 ait

2167 1031 2456 1086 Isidorus:
2484 1027 2716 1086 Atomos
2739 1029 3068 1100 philosophi
3095 1031 3300 1086 dicunt
3321 1030 3593 1100 quasdam
3627 1036 3820 1099 partes

2169 1120 2227 1174 in
2257 1121 2469 1176 mundo
2508 1119 2954 1178 minutissimas.
2984 1126 3048 1174 ut
3077 1119 3226 1174 visui
3276 1133 3386 1174 non
3432 1124 3683 1187 pateant,
3719 1131 3819 1173 nec

2166 1210 2474 1266 sectionem
2526 1210 2826 1280 recipiant.
2860 1209 2979 1264 Huc
3033 1208 3289 1278 illucque
3341 1206 3612 1262 feruntur
3672 1208 3821 1262 sicut

2169 1298 2546 1356 minutissimi
2576 1299 2854 1369 pulveres,
2884 1297 2984 1368 qui
3024 1297 3190 1352 eﬁ’usi
3235 1311 3331 1366 per
3361 1297 3630 1351 tenebras
3681 1296 3819 1352 solis

2168 1387 2351 1442 radiis
2381 1389 2664 1444 videntur.
2709 1388 3042 1442 Atomorum
3083 1398 3284 1457 genera
3338 1385 3600 1456 quinque
3660 1393 3816 1450 sunt,

2169 1477 2225 1532 id
2257 1481 2343 1531 est
2371 1482 2597 1532 atomus
2625 1478 2682 1532 in
2721 1489 2798 1542 re,
2827 1481 3052 1531 atomus
3098 1476 3158 1528 in
3201 1487 3454 1543 corpore,
3487 1481 3720 1529 atomus
3765 1476 3819 1529 in

2167 1567 2443 1636 oratione,
2464 1573 2689 1622 atomus
2715 1566 2772 1620 in
2815 1577 3071 1635 numero,
3104 1569 3327 1619 atomus
3368 1563 3428 1618 in
3453 1570 3724 1632 tempore.
3759 1566 3818 1620 In

2168 1668 2229 1712 re
2260 1655 2435 1710 sicuti
2471 1655 2733 1725 praedicti
2767 1654 3046 1724 pulveres.
3078 1651 3140 1707 lu
3186 1665 3425 1722 corpore
3476 1651 3658 1707 veluti
3692 1667 3818 1708 cum

403 1750 519 1800 tur.
540 1745 676 1798 Item
703 1744 761 1798 in
781 1742 1085 1797 Chronicis
1109 1741 1340 1812 legitur.
1360 1738 1570 1796 Omnes
1586 1741 1722 1796 anni
1746 1740 1816 1795 ab
1832 1741 2059 1812 origine
2088 1743 2136 1802 Β
2170 1745 2406 1815 partiris
2423 1744 2740 1814 quamlibet
2755 1750 2966 1813 partem
2990 1742 3201 1812 lapidis
3221 1743 3277 1797 in
3304 1739 3325 1796 1
3337 1740 3463 1808 ,000
3481 1744 3816 1812 particulas,

406 1831 606 1888 mundi
635 1845 816 1902 usque
840 1831 910 1886 ad
943 1829 1407 1900 praedicationem
1439 1829 1668 1885 Domini
1705 1829 1888 1886 nostri
1923 1831 2058 1885 Iesu

403 1921 642 1992 Christi,
671 1934 798 1991 quin
849 1918 996 1976 facta
1047 1924 1134 1974 est
1162 1917 1228 1974 15
1258 1932 1407 1974 anno
1435 1918 1652 1974 Tiberii
1695 1919 1957 1989 Caesaris,
2003 1922 2060 1974 et

405 2025 589 2082 usque
607 2010 676 2066 ad
705 2009 1053 2079 baptismum
1077 2008 1303 2064 Domini
1325 2006 1510 2079 5,228,
1546 2021 1730 2079 usque
1751 2009 1820 2064 ad
1843 2021 2058 2063 annum

405 2109 595 2158 autem
628 2103 958 2170 praesentem
982 2095 1164 2168 6,038.

439 2199 534 2253 Ad
563 2215 691 2252 ann.
713 2198 1175 2266 prmparatt'onem
1202 2195 1429 2250 bissexti
1457 2195 1526 2249 ab
1569 2197 1779 2264 origine
1805 2193 2021 2256 mundi,

478 2296 796 2351 LXXXVII.
835 2295 894 2350 Si
942 2294 1031 2349 vis
1060 2293 1210 2350 scire
1252 2293 1460 2349 iterum
1506 2292 1828 2348 bissextilis
1876 2304 2064 2347 annus

409 2397 545 2441 num
571 2384 670 2454 sit,
723 2396 794 2438 an
840 2383 1014 2438 etiam
1066 2396 1253 2438 annus
1298 2381 1737 2452 przeparationis
1782 2381 2058 2436 bissexti:

407 2487 570 2529 sume
593 2487 773 2528 annos
803 2471 874 2527 ab
921 2471 1092 2528 initio
1142 2472 1341 2527 mundi
1377 2485 1558 2541 usque
1602 2472 1670 2526 ad
1730 2474 2061 2540 praesentem

409 2576 646 2632 annum,
682 2576 734 2615 v.
771 2577 849 2632 g.,
893 2559 1075 2632 5,989.
1112 2563 1222 2617 Hos
1259 2561 1455 2616 divnde
1489 2573 1586 2630 per
1611 2557 1661 2614 4.
1696 2559 1934 2614 Dimitte
1966 2571 2064 2628 per

408 2647 572 2712 4,000
603 2665 728 2719 quae
759 2647 791 2704 4
839 2656 1027 2719 partes
1070 2650 1318 2720 aequales
1345 2654 1501 2719 sunt,
1527 2654 1584 2704 et
1616 2654 1808 2718 postea
1834 2648 2064 2702 dimitte

411 2736 590 2809 1,600,
621 2740 757 2809 quia
782 2735 886 2793 400
924 2743 1060 2794 sunt
1102 2735 1135 2792 4
1165 2737 1410 2793 vicibus.
1461 2739 1771 2791 Remanent
1797 2735 1919 2791 389.
1955 2736 2066 2790 Di-

409 2829 572 2884 mitte
597 2826 719 2882 320.
754 2827 902 2894 Quia
928 2824 961 2880 4
997 2825 1260 2896 octogeni
1300 2828 1473 2894 sunt;
1507 2829 1798 2880 remanent
1840 2822 1929 2880 69.
1957 2823 2068 2879 Di-

411 2917 573 2971 mitte
597 2913 684 2986 40,
738 2915 879 2984 quia
923 2911 956 2968 4
1001 2913 1135 2970 deni
1185 2920 1352 2984 sunt;
1389 2917 1640 2968 remanet
1681 2911 1768 2968 39.
1826 2915 2066 2970 Dimitte

407 3001 496 3076 28,
523 3004 660 3075 quia
703 3000 737 3058 4
766 3008 978 3073 septem
1007 3007 1178 3072 sunt;
1223 3007 1515 3058 remanent
1543 3000 1590 3056 1.
1627 3003 1852 3058 Primus
1878 3017 2066 3060 annus

2169 1833 2478 1889 millesima
2506 1847 2637 1903 pars
2664 1847 2790 1903 qua:
2821 1832 3048 1902 partiri,
3097 1831 3182 1887 vel
3229 1831 3414 1886 dividi
3449 1845 3564 1887 non
3617 1839 3818 1902 potest,

2167 1926 2393 1978 atomus
2425 1922 2484 1976 in
2512 1935 2750 1991 corpore
2773 1921 3016 1991 dicitur,
3043 1920 3098 1975 id
3140 1925 3225 1976 est
3255 1919 3661 1975 indivisibilis.
3691 1922 3818 1976 Ato-

2171 2025 2298 2066 mus
2329 2012 2388 2066 in
2425 2012 2702 2080 oratione,
2731 2010 2906 2066 sicuti
2939 2010 3124 2064 oratio
3157 2010 3214 2064 in
3267 2022 3485 2079 versus,
3519 2009 3580 2062 in
3613 2018 3818 2078 partes,

2172 2101 2231 2156 in
2254 2100 2502 2170 syllabas
2521 2099 2826 2162 dividitur,
2854 2099 2933 2152 ita
2963 2097 3179 2168 syllaba
3204 2099 3263 2152 in
3287 2097 3502 2166 literas,
3535 2097 3708 2153 litera
3730 2113 3825 2154 an-

2172 2193 2280 2243 tem
2304 2189 2515 2260 dividi,
2541 2188 2626 2243 vel
2666 2188 2810 2244 solvi
2844 2200 2956 2242 non
2990 2191 3192 2256 potest,
3246 2186 3488 2256 ideoque
3535 2194 3769 2242 atomus
3796 2208 3824 2242 τι

2173 2278 2396 2333 Latinis
2420 2277 2784 2348 philosophis
2807 2277 2964 2333 dicta
2985 2282 3089 2332 est.
3129 2277 3368 2332 Atomus
3400 2277 3458 2330 in
3492 2290 3737 2332 numero
3758 2277 3826 2331 si-

2172 2367 2292 2422 cuti
2319 2368 2563 2423 solvitur
2592 2367 2806 2423 millias
2837 2367 2896 2421 in
2929 2365 3108 2436 1,000,
3147 2363 3305 2434 1,000
3355 2366 3411 2420 in
3451 2364 3573 2434 100,
3625 2365 3726 2421 100
3770 2367 3823 2421 in

2172 2454 2262 2525 20,
2290 2454 2359 2512 20
2386 2457 2446 2511 in
2479 2454 2563 2526 10,
2596 2454 2661 2511 10
2685 2453 2818 2526 i115,
2843 2453 2878 2510 5
2905 2455 2963 2510 in
3012 2453 3066 2523 2,
3090 2453 3126 2510 2
3158 2456 3215 2510 in
3244 2451 3346 2520 1,1
3385 2468 3516 2510 vero
3539 2456 3696 2524 quod
3729 2456 3826 2510 di-

2171 2546 2314 2615 vidi,
2334 2551 2435 2600 aut
2455 2545 2599 2602 solvi
2623 2559 2734 2600 non
2757 2549 2959 2615 potest,
2978 2550 3204 2600 atomus
3235 2544 3294 2598 in
3317 2557 3552 2599 numero
3582 2544 3809 2600 dicitur

2172 2633 2411 2689 Atomus
2443 2635 2501 2689 in
2528 2640 2798 2704 tempore,
2831 2634 3007 2688 sicuti
3035 2633 3283 2688 solvitur
3306 2633 3583 2688 saeculum
3620 2635 3679 2688 in
3708 2639 3831 2688 teta-

2174 2727 2277 2793 tes,
2304 2728 2440 2778 aetas
2463 2723 2522 2778 in
2546 2737 2747 2793 annos,
2767 2736 2953 2778 annus
2980 2723 3038 2778 in
3074 2735 3311 2792 menses,
3343 2723 3560 2777 mensis
3602 2722 3663 2777 in
3687 2721 3830 2777 heb-

2173 2810 2464 2877 domadas,
2510 2811 2860 2868 hebdomada
2894 2812 2952 2867 in
2995 2812 3141 2877 dies,
3174 2811 3300 2867 dies
3345 2813 3405 2865 in
3455 2812 3826 2881 quadrantes,

2177 2901 2466 2972 quadrans
2489 2902 2547 2956 in
2568 2901 2757 2973 horas,
2793 2901 2932 2958 hora
2956 2901 3014 2956 in
3051 2906 3310 2972 punctos,
3346 2906 3600 2969 punctus
3633 2900 3693 2953 in
3719 2899 3829 2953 mi-

2177 2996 2334 3061 nuta,
2371 2990 2656 3046 minutum
2686 2990 2744 3046 in
2771 2995 3070 3057 momenta,
3111 2995 3456 3045 momentum
3509 2989 3569 3043 in
3615 2997 3830 3043 atomos

410 3075 498 3150 est
540 3092 978 3164 praeparationis
1030 3091 1293 3148 bissexti.
1344 3091 1402 3146 Si
1433 3097 1622 3148 autem
1673 3089 1709 3148 2
1747 3097 2060 3165 remanent,

2177 3075 2262 3148 16,
2294 3092 2424 3148 pars
2447 3077 2532 3141 16,
2567 3093 2694 3149 quae
2720 3079 2905 3135 dividi
2953 3092 3066 3135 non
3098 3082 3298 3148 potest,
3329 3083 3561 3132 atomus
3585 3077 3828 3146 dicitur,

407 3183 695 3239 secundus
715 3196 901 3238 annus
923 3181 1360 3252 praeparationis
1375 3181 1636 3237 bissexti.
1665 3182 1723 3237 Si
1745 3180 1798 3250 3,
1830 3183 2058 3238 tertius.

407 3271 465 3326 Si
484 3276 673 3328 autem
692 3276 875 3326 totum
903 3280 1204 3325 numerum
1221 3283 1502 3326 annorum
1520 3270 1590 3325 ab
1612 3269 1838 3341 origine
1862 3269 2060 3325 mundi

412 3373 512 3430 per
533 3357 567 3415 4
589 3366 776 3430 partes
803 3359 1052 3430 aequales
1092 3359 1342 3430 partitus
1372 3357 1574 3430 fueris,
1607 3358 1930 3415 bissextilis
1952 3371 2066 3414 an-

412 3462 521 3505 nus
559 3449 690 3505 erit.

409 3540 484 3593 De
527 3537 970 3593 concurrentibus
1016 3537 1392 3662 monstracrltglis
1426 3553 1526 3608 per
1554 3553 1726 3592 annos
1757 3538 1826 3592 ab
1856 3539 2066 3606 origine

1124 3625 1255 3662 mun
1299 3625 1342 3662 ι.

1124 3625 1318 3663 munat
1330 3651 1342 3664 .

481 3696 825 3753 LXXXVIII.
870 3696 930 3752 Si
981 3697 1070 3752 vis
1116 3697 1267 3752 scire
1305 3700 1446 3767 quot
1475 3700 1882 3751 concurrentes
1928 3699 2065 3752 sunt

412 3786 471 3841 in
494 3799 842 3856 unoquoque
873 3799 1024 3841 anno
1065 3785 1353 3855 praesenti,
1383 3797 1545 3840 sume
1569 3797 1751 3839 annos
1793 3784 1863 3838 ab
1891 3784 2064 3842 initio

411 3875 634 3942 mundi,
675 3887 728 3928 v.
764 3891 814 3945 g.
866 3873 1051 3943 5,989.
1086 3877 1199 3930 llos
1250 3873 1444 3929 divide
1492 3885 1590 3942 per
1638 3869 1670 3926 4
1701 3879 1924 3944 partes;
1961 3874 2067 3931 hoc

411 3967 497 4019 est
526 3959 686 4033 1,497
711 3967 962 4033 quatuor
990 3962 1254 4032 vicibus;
1285 3967 1342 4016 et
1371 3959 1404 4016 4
1436 3967 1671 4033 partem,
1726 3975 1896 4033 quam
1930 3978 2068 4034 par-

409 4052 556 4107 titus
586 4049 786 4121 fueris,
818 4051 921 4106 hoc
948 4055 1034 4106 est
1061 4047 1222 4121 1,487
1253 4049 1416 4105 mitte
1444 4064 1617 4120 super
1655 4048 1840 4120 5,989.
1894 4053 2068 4109 Fiunt

413 4138 589 4194 simul
635 4135 820 4208 7,496.
856 4140 968 4194 Hos
1008 4137 1204 4194 divide
1254 4151 1352 4208 per
1389 4135 1425 4193 7
1475 4145 1683 4210 partes,
1726 4142 1863 4209 quia
1914 4141 2066 4197 diem

415 4225 746 4295 septimanae
777 4228 1028 4298 quaeris;
1058 4227 1290 4283 dimitte
1311 4223 1496 4298 7,000,
1532 4228 1669 4298 quia
1696 4234 1912 4298 septem
1944 4243 2068 4299 pai-

414 4322 499 4371 tes
530 4315 778 4386 aequales
821 4321 976 4386 sunt,
1030 4317 1135 4373 hoc
1159 4322 1245 4372 est
1293 4313 1454 4387 1,000
1507 4323 1742 4388 septem,
1777 4321 2069 4373 remanent

2175 3167 2232 3224 id
2264 3172 2352 3223 est
2381 3167 2784 3224 indivisibilis.
2813 3167 2916 3225 Sed
2943 3167 3016 3224 de
3045 3167 3152 3223 hoc
3183 3165 3514 3237 phil030phi
3549 3167 3826 3222 mundum

2173 3254 2384 3313 factum
2412 3270 2536 3313 esse
2568 3257 2791 3314 dicunt.

2453 3347 2586 3400 Item
2621 3345 2688 3399 de
2729 3347 2922 3400 atomis
2950 3346 3011 3398 in
3032 3346 3215 3415 primo
3257 3328 3542 3399 moniento.

2243 3433 2357 3490 XC.
2389 3434 2448 3490 Si
2478 3435 2568 3491 vis
2597 3435 2747 3491 scire
2775 3439 2918 3506 quot
2959 3433 3135 3491 atomi
3176 3435 3296 3491 sint
3342 3434 3401 3490 in
3436 3430 3461 3487 1
3519 3435 3824 3500 momento,

2171 3521 2412 3580 divide1
2458 3532 2803 3580 momentum
2840 3524 2900 3580 in
2947 3521 3015 3579 42
3044 3529 3252 3594 partes,
3279 3528 3336 3579 et
3361 3532 3825 3592 unamquamque

2173 3619 2390 3682 partem
2423 3614 2481 3670 in
2513 3611 2600 3686 47,
2631 3615 2771 3684 quia
2796 3610 2864 3669 47
2903 3627 3034 3684 pars
3057 3611 3124 3668 12
3157 3619 3348 3683 partes
3391 3612 3669 3667 momenti
3702 3617 3827 3666 ato—

2175 3715 2303 3757 mus
2331 3703 2499 3759 estin
2523 3709 2792 3772 tempore.
2831 3699 2900 3758 47
2946 3703 3258 3758 duodecies
3285 3700 3661 3771 multiplicati
3686 3699 3827 3755 ﬁunt

2173 3785 2313 3844 564:
2343 3795 2426 3846 tot
2452 3790 2633 3846 atomi
2685 3794 2823 3846 sunt
2855 3790 2916 3846 in
2945 3804 3058 3846 uno
3087 3793 3388 3846 momento.
3424 3791 3712 3844 Momenta
3734 3799 3827 3842 an-

2174 3883 2286 3934 tem
2316 3883 2455 3934 sunt
2483 3879 2545 3934 in
2577 3877 2599 3934 1
2631 3879 2727 3936 die
2756 3877 2880 3936 480.

2244 3967 2304 4022 Si
2334 3967 2422 4022 vis
2447 3968 2596 4024 scire
2648 3975 2787 4039 quot
2832 3968 3008 4026 atomi
3059 3974 3195 4024 sunt
3227 3968 3287 4023 in
3320 3963 3342 4021 1
3379 3966 3540 4038 hora,
3573 3965 3687 4020 duc
3724 3961 3824 4020 564

2176 4057 2538 4128 quadragies,
2573 4058 2718 4114 ﬁunt
2743 4056 2944 4129 22,564
2984 4054 3277 4130 [22,560].
3311 4058 3447 4112 Item
3478 4055 3530 4110 si
3562 4055 3714 4110 scire
3741 4067 3827 4110 vo-

2179 4144 2379 4214 lueris,
2417 4150 2557 4216 quot
2576 4147 2750 4202 atomi
2779 4147 3001 4203 suntin
3032 4145 3053 4200 1
3102 4145 3198 4202 die
3225 4145 3496 4209 naturali,
3527 4145 3626 4214 qui
3664 4144 3826 4199 habet

2175 4230 2248 4289 24
2278 4234 2464 4305 horas,
2501 4235 2825 4306 multiplica
2856 4234 3253 4305 supradictum
3288 4247 3588 4289 numerum
3619 4238 3828 4288 atomo-

2178 4337 2305 4378 rum
2334 4324 2509 4380 unius
2539 4324 2710 4395 hora,
2735 4325 2834 4395 qui
2871 4330 3009 4380 sunt
3030 4321 3248 4394 22,564.
3297 4325 3408 4378 Hos
3434 4335 3571 4393 ergo
3617 4321 3826 4377 multi—

412 4403 535 4461 486.
575 4405 811 4460 Dimitte
839 4402 874 4460 7
923 4407 1172 4477 vicenos,
1217 4410 1512 4461 remanent
1555 4403 1643 4461 56.
1697 4407 1936 4461 Dimitte
1973 4405 2064 4477 63,
2100 4411 2328 4492 Dplica
2352 4413 2532 4469 vicies
2575 4420 2777 4484 quater
2819 4413 2954 4484 [per
2989 4410 3117 4488 24],
3164 4412 3310 4468 ﬁunt
3359 4411 3534 4467 simul
3583 4407 3825 4478 541,540

415 4495 552 4566 quia
589 4492 625 4549 9
673 4498 884 4564 septem
929 4499 1084 4565 sunt,
1138 4500 1431 4550 remanent
1473 4493 1524 4549 3.
1580 4495 1993 4552 Concurrentes
2031 4493 2066 4551 3
2177 4498 2505 4576 [541,536].
2535 4503 2642 4559 Tot
2667 4503 2844 4558 atomi
2880 4507 3018 4558 sunt
3048 4503 3108 4558 in
3157 4499 3178 4556 1
3215 4502 3329 4558 die.
3361 4501 3443 4555 Tu
3472 4499 3661 4567 nobis,
3714 4499 3831 4554 lec—

415 4589 551 4640 sunt
579 4596 729 4640 anno
759 4583 1046 4654 praesenti,
1090 4583 1290 4654 sicque
1317 4597 1416 4653 per
1439 4582 1588 4639 alios
1616 4598 1796 4641 annos
1827 4585 1932 4641 hoc
1961 4598 2065 4642 ar-

416 4679 683 4744 gumento
734 4677 1138 4730 concurrentes
1197 4672 1474 4741 invenies,
1520 4677 1700 4731 totum
1762 4687 2063 4732 numerum

416 4773 696 4818 annorum
721 4762 792 4818 ab
825 4763 999 4819 initio
1032 4763 1231 4819 mundi
1271 4777 1453 4835 usque
1503 4763 1562 4819 in
1595 4768 1924 4834 praesentem
1951 4777 2064 4820 au-

421 4863 572 4906 mum
597 4850 854 4923 colliges,
887 4857 944 4908 et
969 4849 1001 4907 4
1023 4859 1235 4923 partem
1276 4853 1706 4924 superaddendo
1738 4868 1837 4924 per
1857 4850 1892 4910 7
1916 4855 2062 4911 divi-

415 4939 534 4995 des.
567 4939 788 5008 Quotus
813 4955 1089 4998 numerus
1141 4943 1498 5013 remanserit,
1533 4947 1618 5000 tot
1659 4949 2065 5002 concurrentes

416 5028 668 5083 eruntin
713 5035 984 5098 praesente
1014 5031 1272 5102 quolibet
1309 5045 1476 5089 anno.
1523 5033 1582 5088 Si
1632 5038 1820 5089 autem
1878 5039 2061 5090 totum

419 5129 717 5172 numerum
737 5115 882 5187 per7
901 5120 1148 5188 partitus
1179 5118 1379 5192 fueris,
1405 5118 1440 5177 7
1470 5128 1875 5179 concurrentes
1893 5126 2064 5179 erunt

418 5205 477 5260 in
502 5205 605 5262 illo
629 5218 798 5278 anno,
838 5212 894 5263 et
922 5221 980 5264 ix
1005 5208 1128 5264 Kal.
1161 5208 1296 5280 Apr.
1337 5209 1582 5268 Sabbato
1629 5218 1798 5268 erunt
1842 5211 1902 5267 in
1960 5210 2064 5269 illo

414 5309 584 5353 anno.

840 5387 917 5441 De
936 5386 1297 5444 divisionibus
1317 5393 1633 5460 temporum.

485 5475 789 5532 LXXXIX.
831 5476 1158 5535 Divisiones
1197 5483 1516 5548 temporum
1559 5477 1626 5535 16
1675 5481 1840 5536 sunt:
1878 5479 1936 5536 id
1981 5483 2069 5538 est

413 5567 660 5637 atomus,
684 5571 1054 5640 momentum,
1087 5567 1400 5640 minutum,
1422 5573 1718 5640 punctum,
1744 5569 1904 5643 hora,
1933 5583 2068 5643 qua-

2174 4598 2284 4662 tor,
2336 4591 2618 4663 ignoscas,
2669 4591 2810 4662 quia
2862 4591 2980 4648 haec
3029 4590 3354 4647 calculandi
3402 4593 3460 4645 et
3505 4587 3829 4645 litteriolo'

2171 4680 2442 4738 doxibus.

2561 4773 2639 4826 De
2678 4771 2826 4826 horis
2859 4771 2921 4826 in
2949 4785 3095 4825 anno
3124 4774 3253 4840 quot
3280 4772 3430 4824 sunt.

2242 4861 2383 4917 XCI.
2412 4861 2471 4918 Si
2498 4861 2586 4918 vis
2615 4862 2765 4918 scire
2795 4867 2935 4932 quot
2961 4860 3113 4916 horai
3152 4864 3291 4915 sunt
3321 4858 3381 4914 in
3411 4869 3590 4929 anno,
3619 4855 3834 4913 multi-

2173 4947 2323 5020 plica
2343 4949 2522 5006 vicies
2545 4956 2745 5020 quater
2769 4947 2893 5006 365.
2913 4946 3018 5004 320
3041 4944 3291 5022 [vicies]
3321 4951 3525 5018 quater
3548 4943 3832 5015 multipli-

2171 5039 2306 5109 cati,
2341 5037 2487 5094 ﬁunt
2501 5036 2940 5114 7,200[7,680].
2971 5041 3105 5094 Item
3131 5035 3202 5094 60
3230 5037 3410 5093 vicies
3440 5040 3649 5106 quater
3669 5031 3826 5090 ducti

2176 5124 2337 5198 1,440
2385 5127 2550 5185 ﬁunt.
2597 5129 2782 5185 Simul
2843 5133 3032 5185 autem
3088 5132 3144 5184 et
3193 5125 3502 5198 praedictus
3553 5135 3828 5180 numerus

2171 5213 2336 5287 8,640
2366 5216 2531 5273 ﬁunt.
2559 5219 2696 5274 Item
2743 5215 2780 5274 5
2802 5217 2980 5274 vicies
3023 5220 3246 5287 quater,
3281 5213 3365 5270 vel
3409 5210 3482 5269 24
3513 5211 3829 5282 quinquies

2173 5305 2333 5361 ducti
2360 5303 2460 5361 120
2481 5311 2636 5362 sunt.
2667 5306 2781 5362 Hos
2806 5305 2968 5361 mitte
3015 5317 3189 5375 supra
3216 5315 3518 5360 numerum
3549 5299 3828 5370 supradi—

2174 5399 2352 5463 ctum,
2383 5394 2530 5452 ﬁunt
2574 5395 2749 5452 simul
2795 5391 2980 5464 8,760.
3013 5395 3118 5451 Tot
3168 5393 3319 5449 horae
3360 5396 3499 5448 sunt
3542 5391 3604 5445 in
3655 5399 3825 5444 anno.

2175 5483 2476 5554 Propterea
2495 5488 2684 5541 autem
2709 5481 2818 5541 365
2835 5483 3013 5540 vicies
3039 5487 3244 5554 quater
3264 5477 3644 5549 multiplicari
3677 5475 3832 5533 dixi-

2182 5586 2330 5646 mus,
2355 5575 2491 5646 quia
2509 5570 2581 5632 24
2608 5574 2765 5634 horae
2789 5579 2927 5632 sunt
2965 5574 3024 5630 in
3053 5569 3076 5630 1
3107 5573 3204 5630 die
3233 5568 3508 5640 naturali,
3539 5567 3598 5625 td
3627 5571 3720 5624 est
3751 5567 3831 5622 in-
