4076 6174
253 215 391 276 4347

252 446 373 488 rum
404 429 425 486 4
453 431 573 488 diei
608 434 911 504 naturalis,
942 434 1048 490 hoc
1079 439 1166 490 est
1219 433 1290 491 24
1321 449 1516 492 omnes
1541 436 1668 492 dies
1715 437 1898 492 totius

250 520 406 592 anni,
435 521 535 592 qui
567 528 704 578 sunt
727 521 850 591 365,
886 522 1284 594 multiplicati,
1315 524 1400 580 vel
1437 522 1509 580 24
1533 521 1776 598 [quater]
1806 525 1901 579 vi-

250 610 367 665 cies
393 611 696 666 trecenties
742 612 1000 684 sexagies
1031 613 1343 684 quinquies
1371 610 1536 684 8,760
1574 614 1746 670 horas
1773 611 1900 669 eﬁi-

249 699 430 756 ciunt.
463 703 522 756 In
553 699 843 756 bissextili
872 708 1063 756 autem
1089 715 1238 758 anno
1262 699 1428 774 8,780
1459 703 1611 759 hora:
1631 707 1786 759 sunt.

247 827 382 880 Item
421 825 488 878 de
519 825 669 879 horis
709 830 760 880 et
783 827 1068 880 momentis
1106 831 1238 896 quot
1265 832 1395 882 sunt
1440 829 1500 881 in
1519 829 1699 897 primo
1727 841 1890 882 anno.

316 931 482 988 XCII.
533 931 761 987 Primus
799 945 988 988 annus
1032 933 1092 987 in
1137 929 1175 987 7
1219 933 1507 990 dividitur
1537 941 1742 1003 partes,
1775 939 1832 989 et
1861 929 1897 989 7

250 1026 436 1091 partes
459 1018 530 1076 52
557 1020 682 1075 dies
711 1025 767 1076 et
797 1026 1008 1088 noctes,
1040 1026 1096 1077 et
1124 1018 1178 1091 7,
1205 1020 1276 1078 52
1295 1022 1421 1078 dies
1461 1027 1516 1077 et
1548 1029 1741 1078 noctes
1790 1020 1897 1078 288

250 1110 420 1165 horae.
460 1109 577 1164 Alii
630 1107 696 1166 42
743 1110 869 1166 dies
906 1114 964 1166 et
1012 1115 1204 1166 noctes
1251 1111 1526 1167 similiter
1571 1109 1678 1167 288
1720 1111 1892 1167 hom.

245 1201 422 1271 Iunge
445 1197 498 1255 2.
560 1199 789 1254 Summa
845 1198 984 1255 facit
1031 1197 1136 1255 576
1175 1200 1345 1256 horas
1370 1199 1459 1269 52,
1485 1198 1576 1271 52,
1608 1199 1696 1256 52.
1737 1200 1895 1257 Adde

247 1288 393 1343 alios
419 1287 490 1344 20
508 1288 636 1344 dies
673 1293 731 1344 et
782 1296 996 1359 noctes,
1044 1287 1266 1344 faciunt
1310 1286 1472 1354 4,452
1505 1303 1678 1359 supra
1717 1286 1769 1360 4,
1801 1287 1890 1359 52,

245 1373 331 1446 52,
363 1375 453 1443 52,
486 1377 614 1432 dies
655 1383 712 1432 et
736 1383 931 1432 noctes
979 1375 1069 1448 60,
1101 1375 1172 1433 56
1201 1377 1440 1434 faciunt.
1484 1380 1552 1434 Et
1579 1379 1658 1434 ita
1692 1379 1750 1432 in
1784 1379 1894 1434 ista

248 1466 429 1535 prima
457 1472 613 1535 parte
645 1463 805 1537 4,000
829 1466 888 1521 in
919 1479 1025 1538 CIL,
1051 1465 1122 1522 53
1153 1467 1430 1539 invenies,
1457 1473 1515 1522 et
1545 1468 1605 1522 in
1646 1467 1896 1523 secunda

245 1554 538 1626 similiter,
557 1561 612 1610 et
636 1555 696 1609 in
719 1556 888 1610 tertia
909 1557 1104 1612 eodem
1120 1569 1376 1626 numero,
1399 1561 1455 1611 et
1476 1556 1536 1610 in
1560 1554 1664 1611 360
1691 1561 1896 1626 quarta

1610 220 1811 278 LIBER
1845 221 1937 278 DE
1970 219 2312 302 COMPUTO.

253 348 336 399 ter
360 342 514 400 diem
563 347 621 400 et
648 351 887 402 noctem.
920 346 1025 402 Per
1058 345 1212 402 hunc
1235 359 1370 420 ergo
1409 360 1711 404 numerum
1733 347 1898 403 hora-
1922 349 1986 413 A

3515 215 3659 276 4348

2541 346 2617 398 De
2634 345 2861 399 utinam
2890 345 2952 398 in
2980 356 3143 398 anno.

2078 433 2261 490 XCIV.
2289 433 2348 490 Si
2378 433 2468 490 vis
2492 433 2642 490 scire
2661 437 2802 503 quot
2824 433 3044 488 minuta
3069 434 3186 489 sint
3217 433 3276 488 in
3309 443 3480 501 anno,
3509 428 3655 486 mul-

2007 520 2303 591 tiplicabis
2323 536 2622 579 numerum
2653 521 3047 590 supradictum
3077 527 3442 590 punctorum,
3476 518 3532 573 id
3569 523 3656 573 est

2006 607 2225 682 35,040,
2260 612 2360 683 qui
2395 610 2764 680 multiplicati
2796 608 2908 680 bis,
2944 607 3088 663 ﬁunt
3121 606 3349 677 70,080.
3374 607 3531 662 Adde
3555 606 3657 660 di—

2008 699 2243 754 midiam
2267 705 2482 770 partem
2538 703 2878 768 punctorum
2924 697 3409 766 supradictorum,
3441 697 3546 751 hoc
3571 698 3658 749 est

2008 783 2226 858 47,540,
2257 787 2430 842 simul
2470 793 2657 842 autem
2709 786 2853 841 ﬁunt
2881 782 3224 853 87,620.Tot
3271 785 3492 839 minuta
3523 787 3658 839 sunt

2008 876 2068 931 in
2116 890 2290 932 anno.
2357 879 2413 931 In
2472 875 2762 931 bissextili
2822 880 3011 929 autem
3054 887 3204 929 anno
3251 873 3473 927 minuta
3522 877 3658 927 sunt

2003 962 2222 1036 87,680.
2268 966 2325 1020 Id
2376 969 2564 1020 autem
2601 971 2781 1020 totum
2828 977 3127 1019 numerum
3175 966 3516 1032 punctorum
3566 959 3658 1015 his

2007 1055 2386 1125 multiplicari
2405 1055 2684 1124 diximus,
2700 1060 2755 1108 et
2774 1053 3080 1108 dimidiam
3106 1058 3321 1122 partem
3338 1051 3496 1121 addi,
3520 1048 3657 1120 quia

2002 1144 2039 1202 2
2065 1146 2306 1213 minuta,
2333 1151 2389 1199 et
2418 1143 2732 1199 dimidium
2764 1140 2787 1197 4
2847 1148 3119 1212 punctum
3152 1140 3400 1196 faciunt.

2497 1235 2574 1286 De
2609 1233 2888 1286 momentis
2914 1234 2972 1284 in
2993 1246 3159 1284 anno.

2072 1321 2230 1377 XCV.
2256 1321 2314 1377 Si
2339 1321 2426 1376 vis
2441 1321 2590 1377 scire
2616 1326 2756 1391 quot
2781 1325 3060 1375 momenta
3083 1318 3293 1374 suntin
3319 1330 3492 1387 anno,
3517 1314 3666 1372 mul-

2005 1411 2205 1480 tiplica
2222 1416 2421 1481 quater
2432 1409 2828 1479 supradictum
2845 1403 3140 1462 numerum
3159 1406 3535 1476 minutorum,
3554 1405 3660 1461 hoc

2003 1506 2090 1555 est
2112 1496 2312 1569 87,620
2341 1517 2356 1568 ς
2381 1499 2483 1570 qui
2509 1511 2782 1553 numerus
2808 1502 3010 1566 quater
3025 1497 3236 1551 ductus
3256 1492 3491 1565 352,480
3515 1493 3655 1549 facit

2003 1588 2106 1642 Tot
2129 1591 2412 1642 momenta
2437 1591 2573 1641 sunt
2602 1585 2661 1640 in
2687 1598 2861 1640 anno.
2894 1587 2952 1638 In
2980 1584 3270 1639 bissextili
3298 1589 3486 1638 autem
3506 1595 3656 1637 anno

244 1644 476 1755 ρξξῙ-ιξδίξζ
587 1644 1608 1755 ξῖξίξξῗηαᾚυξξξξίξξῖηλἐξ
1642 1644 1898 1755 hii”
1926 1695 1978 1755 Β
2005 1683 2142 1732 sunt
2172 1689 2345 1731 mom.
2375 1672 2641 1744 352,540.
2673 1674 2802 1728 Ideo
2832 1679 3020 1729 autem
3055 1685 3356 1728 numerum
3399 1684 3659 1726 momen-

245 1731 390 1802 pari,
422 1737 480 1786 et
501 1733 561 1786 in
587 1733 828 1800 septima
855 1733 914 1786 in
943 1733 1200 1802 quinque
1225 1732 1352 1788 dies
1383 1746 1610 1803 quoque
1642 1743 1898 1788 numera-

242 1820 331 1876 bis
358 1820 620 1877 eumdem
661 1834 983 1885 numerum,
1010 1825 1068 1876 et
1116 1821 1444 1891 superﬂuus
1468 1821 1614 1892 dies,
1646 1825 1702 1876 et
1763 1834 1894 1891 nox,

241 1914 295 1966 et
345 1910 638 1980 quadrans
699 1907 768 1965 27
827 1911 998 1966 horas
1059 1910 1245 1979 habet,
1294 1916 1352 1966 et
1415 1916 1571 1966 totus
1621 1923 1896 1965 numerus

244 1998 534 2069 horarum,
567 1998 791 2054 dierum
830 2003 888 2054 et
917 1999 1174 2055 noctium
1207 1999 1344 2054 anni
1378 1999 1590 2069 septies
1616 2004 1892 2067 supputa-

242 2093 334 2144 tus
381 2084 548 2156 8,760
579 2087 750 2143 horaa.
795 2088 1210 2144 Momentorum
1241 2100 1535 2158 numerus,
1569 2087 1794 2141 dierum
1829 2099 1894 2141 ac

243 2177 500 2233 noctium
526 2177 663 2233 anni
694 2177 923 2247 incipit.
951 2179 1099 2232 Hora
1119 2173 1186 2233 40
1216 2181 1495 2233 momenta
1527 2175 1714 2230 habet.
1741 2173 1774 2229 4
1800 2176 1896 2230 ho-

243 2281 318 2322 rae
349 2263 472 2322 460.
499 2267 698 2338 Iunge.
729 2267 960 2322 Summa
989 2264 1129 2322 facit
1181 2263 1285 2321 480
1317 2271 1619 2321 momenta.
1653 2266 1776 2320 Nox
1805 2264 1895 2318 si-

243 2355 464 2412 militer
490 2353 575 2427 42,
607 2361 664 2410 et
707 2354 848 2410 facit
889 2356 1150 2411 eumdem
1181 2355 1520 2410 numedrum
1549 2351 1670 2410 480.
1714 2355 1894 2422 Iunge

240 2445 396 2501 diem
420 2450 478 2500 et
518 2451 761 2516 noctem,
792 2443 897 2500 960
939 2442 1010 2501 25
1049 2445 1176 2500 dies
1213 2450 1270 2498 et
1305 2451 1496 2499 noctes
1535 2441 1736 2512 24,000
1769 2454 1897 2497 mo-

247 2537 584 2589 mentorum.
619 2532 735 2587 Alii
766 2531 837 2588 25
864 2533 992 2588 dies
1028 2537 1084 2587 et
1119 2538 1314 2587 noctes
1344 2529 1545 2602 24,000
1578 2538 1898 2587 momento-

247 2635 396 2678 rum.
427 2621 635 2676 Nullus
663 2621 933 2692 ambigat.
959 2622 1190 2676 Summa
1217 2619 1288 2676 50
1311 2620 1536 2676 dierum
1561 2625 1617 2674 et
1641 2619 1897 2675 noctium

244 2708 460 2782 48,000.
489 2713 644 2766 Duos
669 2711 794 2766 dies
817 2716 874 2765 et
901 2714 1116 2782 noctes,
1149 2710 1250 2780 qui
1279 2709 1492 2781 reliqui
1516 2714 1673 2779 sunt,
1705 2706 1891 2779 2,000.

241 2800 298 2854 Si
339 2800 693 2868 adjiciantur
712 2800 840 2854 dum
872 2799 1045 2868 horae,
1077 2799 1134 2854 id
1163 2806 1249 2854 est
1275 2796 1346 2853 80
1365 2806 1646 2854 momenta
1667 2798 1897 2852 duobus

245 2887 391 2958 ipsis
419 2887 628 2942 diebus
672 2888 742 2941 de
870 2888 985 2956 die,
1017 2892 1074 2941 et
1101 2887 1171 2940 de
1200 2888 1394 2941 eodem
1426 2887 1760 2955 supradicto
1801 2885 1898 2940 die

239 2981 555 3046 supersunt
583 2972 687 3029 380
719 2980 1020 3043 momenta,
1072 2978 1130 3029 et
1156 2987 1287 3042 pars
1312 2975 1582 3043 secunda,
1617 2973 1674 3027 id
1705 2979 1791 3026 est
1827 2969 1898 3027 52

239 3065 370 3118 dies
392 3069 451 3118 et
493 3068 704 3129 noctes,
759 3059 978 3132 50,000,
1020 3067 1076 3116 et
1106 3063 1467 3130 adjiciuntur
1495 3063 1623 3117 duae
1651 3061 1804 3116 horae
1827 3060 1898 3115 de

239 3152 438 3208 eodem
485 3151 580 3207 die
609 3151 962 3220 supradicto,
1008 3156 1064 3206 et
1109 3156 1420 3220 supersunt
1458 3150 1681 3206 dieillo
1727 3163 1760 3204 a
1790 3146 1896 3204 300

244 3247 546 3297 momenta.
581 3243 649 3296 Et
679 3240 848 3296 tertia
890 3253 1023 3309 pars
1075 3239 1349 3294 similiter
1377 3237 1596 3310 50,000,
1643 3242 1698 3294 et
1736 3238 1898 3307 adji-

241 3330 483 3385 ciuntur
506 3330 634 3384 dua:
656 3329 808 3384 horae
827 3328 898 3384 de
929 3327 1281 3399 supradicto,
1312 3333 1368 3383 et
1398 3334 1708 3398 supersunt
1731 3341 1764 3382 a
1788 3325 1895 3382 220

244 3425 546 3474 momenta.
571 3420 639 3473 Et
662 3423 866 3489 quarta
887 3417 1072 3474 simili
1099 3417 1263 3472 modo
1281 3415 1484 3488 50,000
1510 3422 1566 3472 et
1587 3417 1716 3472 dua:
1741 3417 1895 3473 horae

242 3507 602 3577 adjiciuntur
633 3507 704 3564 de
734 3508 929 3563 eodem
954 3508 1072 3579 die,
1120 3513 1182 3562 et
1209 3511 1522 3576 supersunt
1553 3519 1587 3561 a
1623 3505 1724 3563 440
1767 3522 1895 3564 mo-

243 3602 450 3652 menta.
476 3597 545 3652 Et
566 3596 768 3667 quinta
795 3609 927 3666 pars
957 3596 1082 3666 pari
1107 3596 1273 3651 modo
1292 3593 1513 3666 50,000,
1548 3600 1605 3651 et
1632 3595 1761 3652 duae
1783 3597 1896 3653 ho-

242 3700 319 3742 raa
338 3685 700 3754 adjiciuntur
727 3685 797 3740 de
824 3686 1019 3741 eodem
1050 3685 1166 3756 die,
1199 3689 1256 3739 et
1280 3689 1593 3754 supersunt
1616 3699 1649 3740 a
1677 3683 1748 3741 60
1776 3699 1893 3742 mo-

244 3780 454 3830 menta.
485 3776 553 3828 Et
581 3779 738 3829 sexta
775 3787 906 3843 pars
934 3773 1235 3844 aequaliter
1258 3772 1478 3845 50,000,
1513 3780 1570 3830 et
1589 3775 1718 3830 duae
1740 3775 1894 3832 hora:

240 3863 602 3933 adjiciuntur
639 3862 709 3918 de
758 3863 952 3918 eodem
983 3864 1098 3934 die,
1149 3869 1207 3919 et
1239 3869 1553 3933 supersunt
1585 3878 1618 3920 a
1661 3862 1784 3921 480.
1825 3866 1894 3920 Et

241 3953 488 4022 septima
512 3965 642 4022 pars
671 3951 944 4007 similiter
958 3949 1159 4024 50,000
1182 3959 1482 4024 momenta,
1511 3961 1567 4009 et
1585 3955 1714 4010 duae
1742 3955 1895 4011 horae

243 4042 608 4113 adjiciuntur
623 4042 898 4098 deeodem
921 4042 1017 4097 die
1038 4042 1289 4113 singulis
1315 4043 1598 4113 partibus,
1616 4049 1680 4098 ut
1695 4057 1891 4115 supra,

241 4138 299 4188 et
326 4137 642 4202 supersunt
668 4129 772 4187 400
794 4136 1095 4200 momenta,
1120 4137 1178 4186 et
1202 4132 1493 4201 quadrans
1523 4136 1892 4203 supputatur,

246 4224 302 4278 id
342 4231 433 4279 est
455 4220 491 4278 3
536 4222 708 4293 horae,
741 4227 798 4276 et
828 4219 968 4276 facit
999 4218 1099 4276 420
1127 4227 1427 4294 momenta,
1478 4229 1536 4278 et
1562 4230 1626 4279 ut
1651 4223 1899 4280 breviter

241 4313 454 4382 dicam,
497 4324 685 4367 annus
730 4309 836 4368 365
892 4311 1018 4367 dies
1058 4316 1115 4368 et
1183 4314 1472 4383 quadrans
1513 4313 1679 4371 habet
1728 4314 1898 4372 horas

241 4397 428 4473 8,753.
480 4404 760 4458 Momenta
801 4400 970 4457 habet
998 4397 1253 4474 450,840.

743 4512 818 4565 De
869 4513 1090 4579 punctis
1139 4512 1199 4566 in
1235 4526 1402 4568 anno.

312 4617 504 4674 XCIII.
533 4617 592 4673 Si
615 4630 782 4674 nosse
803 4618 1096 4674 desideras
1118 4623 1258 4689 quot
1284 4619 1483 4690 puncti
1507 4623 1645 4678 sunt
1667 4620 1725 4677 in
1748 4634 1896 4679 anno

243 4706 355 4764 duc
374 4711 577 4777 quater
600 4707 766 4763 illum
787 4721 1087 4763 numerum
1113 4708 1406 4779 horarum,
1429 4724 1595 4782 quem
1613 4711 1892 4785 diximus,

246 4795 352 4852 hoc
382 4800 472 4851 est
493 4792 676 4864 8,760.
709 4795 768 4851 Si
796 4809 930 4866 ergo
957 4794 1123 4863 8,000
1155 4809 1251 4867 per
1294 4794 1326 4851 4
1359 4797 1731 4868 multiplicati
1765 4798 1900 4855 fue-

245 4886 386 4954 rint,
427 4881 628 4954 32,000
673 4890 827 4940 sunt.
891 4881 998 4940 700
1041 4889 1228 4941 autem
1280 4891 1482 4956 quater
1522 4887 1684 4942 ducti
1733 4885 1900 4958 2,800

243 4977 402 5030 sunt.
447 4971 632 5026 Simul
670 4977 858 5027 autem
897 4970 987 5028 34.
1018 4971 1124 5029 800
1159 4972 1321 5028 ﬁunt.
1380 4977 1517 5030 Item
1570 4973 1638 5032 60
1693 4979 1894 5047 quater

247 5058 646 5128 multiplicati,
677 5055 782 5114 240
813 5065 969 5115 sunt.
999 5061 1158 5116 Mitte
1197 5061 1371 5117 simul
1398 5063 1466 5117 ad
1500 5066 1896 5133 supradictum

247 5158 576 5216 numerum,
617 5145 763 5201 ﬁunt
802 5143 1022 5216 35,040.
1070 5148 1175 5203 Tot
1205 5150 1404 5219 puncti
1446 5157 1584 5206 sunt
1636 5153 1694 5207 in
1725 5165 1895 5211 anno.

247 5239 379 5294 Ideo
400 5239 591 5290 autem
612 5233 872 5290 diximus
900 5247 1197 5292 numerum
1233 5237 1500 5293 horarum
1523 5240 1708 5296 totius
1735 5243 1894 5314 anni,

249 5327 356 5382 hoc
385 5328 473 5380 est
493 5319 658 5396 8,760
681 5337 778 5393 per
803 5320 835 5378 4
860 5321 1176 5394 multiplica
1189 5326 1261 5396 ri,
1287 5326 1425 5396 quia
1450 5323 1483 5382 4
1505 5329 1705 5398 puncti
1727 5343 1895 5387 unam

250 5415 447 5471 horam
480 5413 541 5470 in
580 5413 699 5470 sole
735 5412 1064 5485 perﬁciunt.
1094 5417 1156 5473 In
1181 5427 1332 5474 anno
1360 5422 1551 5476 autem
1600 5418 1893 5480 bissextili

257 5505 455 5572 puncti
500 5510 638 5562 sunt
683 5500 774 5576 35,
817 5499 941 5561 436.

2006 1771 2194 1822 torum
2228 1779 2326 1836 per
2349 1762 2381 1819 4
2405 1765 2560 1820 vices
2587 1763 2966 1833 multiplicari
2993 1761 3274 1834 diximus,
3307 1761 3445 1832 quia
3469 1758 3503 1816 4
3531 1774 3659 1817 mo~

2005 1858 2192 1910 menta
2215 1855 2500 1910 munitum
2535 1851 2557 1907 4
2594 1852 2870 1908 efﬁciunt.

2532 1944 2667 1996 Item
2708 1942 2773 1995 de
2819 1943 3122 1995 momentis.

2074 2032 2259 2087 XCVI.
2287 2033 2629 2088 Momentum
2667 2030 2952 2086 minutum
2974 2035 3147 2100 atque
3168 2026 3651 2099 angustissimum

2005 2128 2227 2192 tempus
2251 2135 2284 2177 a
2307 2126 2463 2176 motu
2482 2121 2738 2176 siderum
2762 2119 3011 2174 dictum:
3042 2123 3128 2173 est
3147 2117 3300 2172 enim
3323 2115 3659 2171 extremitas

2006 2212 2157 2267 horae
2198 2213 2258 2266 in
2313 2210 2584 2266 brevibus
2611 2209 2954 2278 intervallis,
2998 2221 3128 2263 cum
3175 2206 3258 2262 sol
3285 2205 3510 2276 aliquid
3539 2203 3652 2260 sibi

2003 2301 2177 2370 cedit,
2200 2306 2372 2370 atque
2397 2301 2682 2356 succedit.
2716 2301 2849 2354 Item
2875 2304 3217 2352 momentum
3244 2296 3409 2365 quasi
3435 2299 3650 2348 motum

2005 2390 2213 2444 mentis
2251 2395 2371 2458 est;
2423 2389 2536 2444 scit
2580 2388 2733 2444 enim
2789 2401 2947 2442 mens
2979 2392 3172 2441 nostra
3221 2389 3493 2439 mutatam
3535 2395 3660 2438 esse

2004 2484 2343 2533 creaturam.
2390 2477 2549 2532 Tunc
2604 2477 2758 2532 enim
2807 2481 3062 2530 mutatur
3107 2486 3264 2528 mens
3310 2472 3368 2526 in
3412 2471 3660 2526 scientia

2007 2573 2236 2623 mutatae
2279 2572 2575 2622 creaturae.
2621 2569 3032 2621 Momentorum
3078 2575 3284 2635 genera
3315 2561 3348 2616 6
3397 2566 3554 2615 sunt.
3589 2561 3652 2614 In

2005 2658 2146 2718 sole,
2175 2656 2230 2710 id
2255 2661 2340 2711 est
2360 2657 2430 2712 de
2445 2669 2510 2710 eo
2533 2655 2683 2725 quod
2709 2653 2793 2709 sol
2819 2657 2837 2676 '
2863 2653 3000 2708 hora
3025 2651 3185 2708 orbis
3223 2650 3320 2705 sui
3354 2649 3652 2718 superiore

2006 2747 2277 2817 ostendit,
2313 2757 2612 2817 quousque
2637 2741 2912 2798 inferiora
2941 2745 2960 2764 ·
2984 2740 3179 2795 horam
3214 2738 3425 2793 ibidem
3461 2749 3659 2806 posue-

2010 2837 2104 2891 rit.
2140 2836 2198 2890 Id
2220 2841 2307 2890 est
2347 2835 2483 2890 dum
2511 2846 2570 2888 se
2601 2837 2785 2888 totum
2817 2832 2838 2852 ‘
2871 2836 3152 2884 momenta
3181 2828 3294 2882 erit
3319 2840 3476 2882 mora
3508 2830 3660 2880 tem—

2009 2925 2190 2994 poris,
2214 2923 2313 2993 qui
2337 2923 2549 2977 ibidem
2572 2934 2694 2975 esse
2715 2921 2961 2988 videtur,
2985 2922 3178 2972 certus
3208 2916 3390 2971 lectus
3411 2915 3553 2971 solis
3575 2923 3660 2971 est

1929 3027 1978 3090 α
2011 3012 2070 3066 in
2102 3011 2262 3066 cmlo.
2293 3013 2355 3064 In
2391 3014 2574 3063 mente
2605 3012 2954 3062 momentum
2985 3007 3239 3060 dicimus
3268 3018 3398 3060 cum
3427 3018 3526 3074 per
3554 3004 3656 3060 ali-

2008 3099 2149 3170 quid
2163 3097 2593 3166 oﬁ‘endiculum,
2624 3109 2724 3150 seu
2749 3093 3047 3164 quodlibet
3065 3093 3474 3147 detrimentum
3500 3105 3658 3148 mens

2007 3189 2256 3244 humana
2280 3190 2556 3241 mutatur.
2571 3186 2710 3238 Nam
2733 3188 3034 3251 postquam
3055 3180 3445 3250 protoplastus
3465 3185 3658 3236 noster

2008 3283 2230 3350 patrato
2259 3275 2472 3331 delicto
2520 3272 2670 3328 vidit
2701 3271 2893 3327 omnia
2922 3269 3198 3324 elementa
3225 3282 3293 3323 ex
3333 3268 3388 3322 vi
3439 3269 3657 3337 peccati

2006 3373 2258 3423 mutasse
2274 3365 2568 3434 virtutem,
2588 3368 2725 3417 tunc
2748 3365 2976 3430 repente
2993 3364 3223 3428 propter
3240 3358 3649 3414 detrimentum

2004 3462 2281 3513 creatura:
2309 3466 2467 3508 mens
2491 3453 2614 3521 ejus
2646 3450 2714 3505 de
2735 3447 2975 3504 sublimi
2997 3445 3250 3502 culmine
3272 3446 3656 3502 beatitudinis

2003 3546 2418 3612 etincorruptze
2441 3540 2657 3596 laetitia:
2682 3537 2910 3593 tramite
2935 3537 2992 3591 in
3013 3534 3307 3591 mortalem
3328 3535 3660 3591 maestitiam

2011 3638 2226 3691 mutata
2270 3637 2376 3687 est.
2428 3632 2496 3685 Et
2540 3629 2673 3684 inde
2725 3627 2976 3697 primum
3016 3630 3362 3681 momentum
3406 3624 3656 3695 dierum,

2004 3731 2062 3780 et
2089 3728 2276 3779 motus
2306 3719 2534 3777 scilicet
2564 3717 2794 3773 mentis.
2831 3717 2889 3771 In
2919 3723 3169 3785 tempore
3193 3720 3539 3769 momentum
3571 3713 3662 3769 di-

2005 3817 2180 3887 citur,
2200 3826 2330 3869 cum
2364 3816 2589 3880 tempus
2617 3822 2650 3865 a
2676 3807 2984 3864 serenitate
3013 3808 3072 3861 in
3105 3804 3392 3876 nubilum,
3425 3817 3458 3859 a
3490 3809 3658 3860 tran-

2005 3903 2298 3977 quillitate
2331 3901 2390 3955 in
2431 3903 2820 3970 tempestatem
2880 3900 3154 3953 mutatur.
3216 3895 3564 3951 Momentum
3601 3893 3660 3948 in

2004 3995 2146 4050 caelo
2175 4005 2302 4048 cum
2335 3991 2558 4060 sphaera
2579 3987 2844 4058 superior
2869 3986 2999 4042 coeli
3026 3985 3098 4040 ab
3129 3998 3335 4040 occasu
3369 3985 3438 4040 ad
3467 3990 3657 4040 ortum

2008 4082 2382 4151 convertitur,
2408 4079 2494 4134 vel
2528 4082 2803 4133 mutatur.
2847 4079 3194 4132 Momentum
3215 4074 3438 4130 dicitur
3467 4074 3528 4129 in
3553 4088 3661 4130 vo-

2008 4170 2177 4239 lucri,
2198 4170 2336 4224 dum
2355 4165 2732 4239 quilibetales
2746 4171 3208 4234 quantacumque
3232 4169 3485 4232 tempore
3506 4163 3663 4235 quie-

2010 4261 2087 4316 tis
2117 4259 2315 4331 pinnis
2341 4257 2592 4313 volatum
2623 4253 2859 4310 duxerit
2889 4267 3188 4323 usquequo
3213 4253 3337 4308 alas
3363 4254 3662 4310 concitans

1924 4372 1978 4434 D
2009 4347 2315 4405 mutaverit
2331 4351 2574 4414 tempus,
2595 4342 2746 4413 quod
2771 4341 2833 4396 in
2852 4341 2956 4434 hac
2974 4341 3339 4434 transigitur,
3353 4347 3454 4396 aut
3475 4342 3666 4412 gallus

2007 4452 2136 4495 cum
2169 4437 2376 4508 plausu
2406 4434 2626 4490 alarum
2673 4429 2950 4502 praesagio
2980 4430 3165 4485 lucem
3199 4429 3436 4500 indicat,
3480 4443 3663 4500 usque

2006 4529 2144 4584 dum
2177 4527 2237 4582 in
2261 4530 2434 4581 cantu
2471 4523 2629 4580 vocis
2651 4520 2888 4577 duxerit
2913 4532 3127 4575 moram
3155 4518 3432 4586 temporis
3463 4518 3524 4574 in
3555 4532 3663 4575 me-

2006 4617 2104 4673 dio
2154 4615 2418 4685 positam.
2477 4613 2822 4668 Momentum
2864 4609 2924 4665 in
2975 4607 3206 4663 homine
3236 4605 3478 4678 dicitur,
3533 4621 3662 4663 cum

2010 4705 2289 4778 quislibet
2306 4703 2571 4758 obtutum
2595 4701 2849 4756 immotis
2867 4697 3158 4770 palpebris
3173 4697 3542 4767 suspenderit
3560 4715 3575 4768 ;
3598 4711 3666 4755 ac

2010 4799 2358 4852 momentum
2390 4791 2449 4846 in
2475 4790 2642 4846 oculo
2671 4790 2910 4860 dicitur,
2951 4789 3022 4844 de
3048 4801 3163 4859 quo
3197 4786 3527 4858 philOSOphi
3562 4787 3664 4844 di-

2009 4886 2168 4954 cunt,
2221 4881 2357 4952 quia
2398 4878 2546 4935 facta
2595 4885 2731 4934 sunt
2760 4875 2953 4933 omnia
2993 4877 3054 4931 in
3087 4880 3392 4948 momento,
3424 4875 3509 4929 vel
3543 4874 3662 4932 ictn

2011 4971 2186 5028 oculi.
2221 4973 2283 5025 In
2315 4974 2440 5025 rota
2470 4969 2488 4990 ‘
2519 4969 2906 5022 commutatur
2930 4965 3002 5020 de
3026 4969 3234 5035 cantu;
3264 4963 3324 5019 in
3349 4967 3520 5019 cantu
3551 4977 3668 5020 mo-

2017 5067 2264 5118 mentum
2285 5058 2526 5129 dicitur,
2555 5055 2705 5127 quod
2737 5059 2824 5110 est
2855 5067 3005 5110 unus
3023 5067 3245 5126 passus.
3266 5055 3366 5110 Est
3392 5060 3665 5124 praeterea

2013 5155 2360 5208 momentum
2385 5159 2673 5219 magnum,
2697 5145 2847 5216 quod
2880 5150 2966 5200 est
2991 5150 3176 5201 motus
3196 5145 3328 5201 coeli
3360 5145 3431 5200 ab
3453 5155 3663 5199 occasu

2013 5241 2072 5296 in
2114 5238 2431 5294 meridiem.
2486 5236 2830 5291 Momentum
2878 5234 3062 5292 malus
3093 5240 3284 5293 motus
3334 5233 3659 5305 superioris

2010 5342 2186 5398 sperae
2222 5327 2294 5382 ab
2323 5340 2532 5384 occasu
2565 5325 2623 5380 in
2667 5325 2966 5396 orientem,
2996 5324 3146 5398 quod
3186 5329 3275 5380 est
3304 5326 3558 5394 spatium
3588 5320 3656 5380 42

2011 5417 2301 5476 horarum.
2340 5417 2684 5472 Momentum
2718 5415 3030 5471 maximum
3074 5413 3205 5470 cceli
3239 5426 3338 5483 per
3382 5413 3532 5470 duas
3556 5413 3665 5469 he-

2015 5508 2316 5581 misperias
2363 5510 2552 5564 motus
2590 5504 2874 5562 naturalis
2910 5503 2982 5561 ab
3011 5503 3231 5560 oriente
3262 5502 3323 5560 in
3351 5504 3630 5562 orientem
