4076 6174
451 286 590 346 4349

1327 283 1618 340 APPEND.
1661 281 1755 338 AD
1802 279 1964 338 SEC.
2006 277 2109 337 IX.
2145 303 2221 323 —
2263 274 2618 334 AUCTORE
2660 273 2998 334 ANONYMI.

3723 281 3860 342 4320

446 417 548 469 aut
576 413 648 470 ab
690 427 896 471 occasu
945 413 1003 469 in
1059 425 1343 481 occasum,
1379 411 1528 481 quod
1564 413 1715 465 tenet
1742 408 1994 480 spatium
2025 402 2096 463 24
2118 407 2176 468 A
2205 415 2430 474 num,v.
2451 420 2526 475 g.,
2557 417 2616 459 [ι
2640 402 2939 474 Kal.Apr.,
2965 402 3063 460 ubi
3086 402 3858 464 discurruntconcurrentes

451 501 740 570 horarum,
766 508 822 558 et
839 503 907 558 ab
919 502 1057 558 aliis
1075 501 1325 572 amplum
1346 503 1690 556 momentum
1706 503 2093 567 nuncupatur.

446 590 768 660 Sophonias
797 591 1069 661 propheta
1097 591 1383 646 minutum
1407 602 1474 644 ex
1514 587 1757 643 minutis
1797 585 2098 642 elementis

448 677 693 750 dictum,
720 681 888 749 cujus
911 680 1073 735 visus
1096 683 1396 748 tactusque
1422 677 1674 732 acuitur.
1704 679 1912 731 Iterum
1938 691 1950 727 :
1982 672 2098 728 Mi—

450 771 653 822 nutum
694 768 847 823 velut
876 769 1070 823 minus
1104 771 1474 836 momentum,
1510 765 1646 836 quia
1670 764 1864 819 minus
1889 774 2096 818 nume-

449 861 577 911 rant
591 857 670 926 id,
695 857 843 926 quod
863 859 1046 927 majus
1070 856 1287 926 implet.
1309 857 1585 912 Punctum
1603 854 1900 924 pungendo
1917 852 2096 906 aciem

447 944 742 1013 oculorum
771 945 992 1002 dictum
1017 965 1030 1014 ;
1065 951 1202 1001 tunc
1233 945 1384 1000 enim
1416 947 1543 1014 post
1565 943 1838 1014 hyemem,
1867 945 1924 996 et
1952 940 2100 995 bru—

447 1032 613 1088 malis
636 1031 873 1105 frigoris
905 1033 1210 1105 caliginem
1243 1033 1537 1102 adjunctis
1569 1030 1634 1087 40
1687 1030 1990 1087 momentis
2026 1027 2098 1083 ab

443 1121 566 1176 acie
596 1121 739 1178 solis
769 1124 839 1178 de
871 1123 1116 1178 luminis
1141 1123 1326 1194 gratia
1353 1121 1550 1177 oculos
1571 1120 1837 1176 obtensos
1869 1124 2093 1174 transan

445 1209 555 1264 ctis
575 1209 814 1282 frigoris
834 1211 1065 1268 nebulis
1084 1212 1238 1267 acies
1258 1211 1486 1281 solaris,
1513 1210 1676 1281 quasi
1703 1221 1973 1280 pungere,
1998 1221 2096 1263 seu

423 1299 685 1382 ’rutilare
705 1300 991 1356 humanus
1008 1301 1168 1356 visus
1189 1300 1436 1368 videtur,
1460 1299 1658 1355 etinde
1677 1298 1822 1354 illud
1848 1296 2096 1366 spatium

445 1389 721 1457 temporis
742 1395 1018 1459 punctum
1052 1389 1403 1446 nominatur.
1427 1389 1610 1444 Aliter
1634 1387 1891 1443 Isidorus
1910 1385 2090 1440 dicit:

445 1476 726 1532 Punctum
759 1493 905 1547 opus
923 1478 1154 1535 illorum
1175 1478 1274 1548 qui
1306 1477 1600 1549 horologia
1623 1475 1862 1546 faciunt,
1888 1488 2014 1529 nam
2035 1473 2095 1529 in

447 1563 558 1620 ﬁne
602 1563 669 1620 42
717 1566 985 1622 lunarum
1047 1567 1364 1636 ponebant:
1408 1567 1478 1622 de
1511 1567 1613 1621 hac
1656 1566 1794 1620 hora
1831 1568 1920 1619 est
1961 1562 2096 1618 ﬁnis

446 1654 746 1722 temporis.
771 1655 866 1709 Sic
886 1655 1037 1710 horae
1055 1664 1191 1711 sunt
1209 1656 1347 1711 ﬁnes
1366 1656 1563 1725 maris,
1578 1654 1907 1722 ﬂuviorum,
1929 1652 2096 1708 vesti-

2205 491 2364 564 solis,
2408 493 2565 562 quali
2597 491 2740 548 feria
2784 498 2952 549 erunt
2980 493 3037 547 in
3081 494 3392 550 centesimo
3430 508 3604 562 anno,
3650 497 3737 553 sic
3770 498 3860 552 in-

2204 582 2482 654 vestigare
2505 581 2693 639 debes.
2722 583 3170 653 Qualiscumque
3190 581 3335 639 feria
3361 582 3544 640 fuerit
3572 586 3633 641 in
3658 600 3718 641 1x
3737 585 3855 642 Kal.

2203 670 2338 741 Apr.
2373 672 2431 727 in
2465 672 2726 742 praasenti
2772 686 2940 743 anno,
2987 679 3256 742 computa
3293 673 3328 728 6
3356 674 3483 730 dies
3528 676 3861 746 septimana

2207 768 2508 832 sequentes
2531 761 2687 818 illam
2715 760 2938 832 feriam,
2966 767 3022 818 et
3055 761 3154 817 ille
3179 769 3373 819 sextus
3426 765 3553 820 dies
3605 767 3710 835 qui
3754 765 3857 820 tibi

2207 852 2544 922 occurrerit,
2586 852 2735 907 scias
2761 851 3022 907 eumdem
3053 849 3313 908 futurum
3344 866 3469 908 esse
3513 854 3569 909 in
3601 854 3710 910 illo
3762 855 3856 910 die

2207 943 2466 998 datarum
2515 941 2824 998 centesimo
2861 955 3030 998 anno.
3087 942 3149 996 V.
3227 958 3307 1014 g.,
3355 943 3466 998 isto
3511 957 3654 999 anno
3699 958 3861 1014 pra-

2208 1032 2355 1088 senti
2380 1045 2439 1087 Ix
2479 1031 2602 1086 Kal.
2634 1031 2769 1102 Apr.
2804 1032 2974 1088 tertia
3004 1030 3146 1088 feria
3186 1030 3316 1088 fuit.
3356 1033 3526 1088 Sume
3549 1031 3583 1088 6
3606 1033 3734 1088 dies
3757 1047 3859 1089 se—

2209 1126 2464 1192 quentes,
2515 1121 2570 1176 id
2601 1127 2688 1176 est
2731 1128 3012 1192 quartam,
3060 1122 3343 1193 quintam,
3391 1126 3630 1190 sextam,
3673 1123 3848 1191 scpti-

2209 1223 2376 1279 mam,
2425 1210 2687 1280 primam,
2733 1215 2790 1265 et
2827 1210 3131 1266 secundam
3176 1209 3394 1280 feriam,
3449 1211 3689 1280 haecque
3739 1212 3856 1280 ipsa

2208 1299 2456 1356 secunda
2478 1297 2621 1355 feria
2641 1298 2675 1354 6
2697 1300 2823 1355 dies
2843 1299 3100 1356 occurrit
3126 1305 3253 1370 post
3270 1301 3494 1356 tertiam
3523 1299 3767 1367 feriam;
3800 1301 3855 1354 in

2210 1387 2310 1444 illa
2336 1389 2584 1444 secunda
2601 1389 2744 1444 feria
2769 1398 2938 1445 erunt
2963 1403 3023 1444 1x
3050 1388 3171 1444 Kal.
3193 1392 3325 1460 Apr.
3359 1391 3675 1445 centesimo
3689 1402 3852 1458 anno,

2207 1477 2346 1548 quia
2375 1478 2813 1549 qualiscumque
2837 1476 2981 1533 feria
3002 1475 3179 1534 fuerit
3205 1479 3263 1533 in
3302 1479 3564 1549 qualibet
3591 1479 3692 1534 die
3710 1478 3857 1534 data-

2206 1580 2332 1621 rum
2363 1567 2420 1622 in
2444 1568 2709 1636 praesenti
2741 1580 2889 1623 anno
2919 1580 3093 1636 supra
3121 1566 3380 1623 diximus
3409 1581 3471 1622 IX
3498 1567 3622 1621 Kal.
3654 1568 3792 1636 Apr.
3826 1571 3858 1624 3

2204 1661 2628 1727 concurrentes,
2667 1657 2805 1725 quia
2834 1655 2868 1712 3
2911 1655 3054 1711 feria
3107 1654 3220 1710 fuit
3257 1671 3315 1710 IX
3354 1656 3478 1711 Kal.
3525 1656 3663 1724 Apr.
3710 1670 3856 1711 anno

447 1747 899 1812 mentorumque,
951 1743 1044 1798 sed
1082 1743 1220 1798 hora
1253 1743 1455 1798 ﬁnium
1485 1756 1583 1812 per
1612 1758 1660 1812 ο,
1699 1741 1836 1797 hora
1866 1741 2092 1796 dierum
2121 1749 2172 1810 Β
2205 1745 2503 1815 praesenti;
2533 1746 2618 1801 sic
2638 1745 2750 1801 erit
2780 1751 2907 1815 post
2933 1744 3203 1802 28annos
3230 1744 3265 1801 3
3287 1744 3431 1801 feria
3456 1746 3569 1801 erit
3594 1759 3698 1800 vui
3733 1745 3853 1800 Kal.

445 1841 542 1898 per
582 1829 619 1882 h
645 1830 1037 1887 scribendum.
1074 1834 1209 1887 Item
1263 1833 1401 1888 hora
1429 1832 1585 1888 dicta
1613 1836 1700 1887 est
1729 1831 1895 1900 quasi
1930 1829 2090 1900 hora,

440 1931 506 1973 eo
563 1919 714 1988 quod
770 1924 1046 1990 temperat
1106 1921 1384 1977 articulos
1449 1921 1590 1976 diei.
1647 1922 1850 1976 Horam
1903 1924 2092 1974 autem

445 2007 641 2080 maris,
664 2012 721 2063 et
752 2008 921 2065 horas
949 2010 1416 2067 vestimentorum
1442 2010 1716 2066 dicimus.
1749 2011 1863 2065 Hoc
1891 2021 2094 2064 nomen

441 2095 700 2153 Graecum
736 2105 839 2168 est,
875 2100 1024 2168 quod
1059 2100 1255 2156 Latine
1303 2100 1524 2156 dicitur
1575 2100 1792 2169 species
1829 2097 1912 2154 vel
1961 2097 2098 2166 pul-

441 2186 732 2257 chritudo,
777 2187 911 2242 ﬁlia:
936 2188 1084 2243 enim
1117 2189 1270 2244 lovis
1318 2187 1383 2244 40
1434 2189 1585 2244 horae
1613 2189 1763 2258 apud
1791 2189 2095 2244 Homerum

441 2274 610 2330 dictae
641 2279 796 2346 sunt,
827 2275 884 2332 id
909 2281 997 2332 est
1026 2273 1091 2332 40
1145 2277 1630 2346 pulchritudines.

1042 2369 1119 2422 De
1165 2368 1492 2436 quadrante.

511 2452 720 2510 XCVII.
776 2453 1075 2523 Quadrans
1121 2454 1343 2511 dicitur
1385 2469 1450 2511 eo
1495 2455 1644 2526 quod
1692 2459 1897 2527 quarta
1938 2458 2096 2524 parte

445 2542 630 2597 unciae
659 2545 950 2612 appendit.
995 2544 1158 2613 Apud
1201 2545 1354 2600 enim
1381 2552 1695 2616 geometras
1734 2549 1937 2615 quarta
1965 2556 2095 2612 pars

450 2630 909 2702 uniuscujusque
941 2633 1022 2687 rei
1051 2633 1341 2702 quadrans
1369 2633 1690 2688 dicebatur.
1723 2634 1935 2701 Quarta
1963 2645 2093 2701 pars

445 2717 562 2772 diei
597 2719 836 2775 dicitur.
872 2723 1007 2775 Item
1041 2720 1100 2774 in
1130 2721 1450 2789 Scripturis
1479 2722 1698 2776 divinis
1729 2728 1932 2791 quarta
1961 2733 2091 2790 pars

438 2812 602 2861 actus
630 2808 864 2862 humani
890 2808 1178 2877 quadrans
1200 2810 1453 2878 dicitur;
1484 2815 1647 2864 actus
1663 2809 1816 2864 enim
1836 2809 2092 2865 hominis

440 2901 687 2962 quatuor
713 2896 899 2949 modis
944 2895 1220 2964 probatur
1264 2899 1595 2968 consistere,
1647 2899 1768 2954 sive
1808 2899 1868 2954 in
1916 2899 2084 2972 bono,

439 2981 559 3036 sive
588 2982 647 3036 in
686 2982 854 3038 malo.
890 2983 1041 3039 Idem
1080 2997 1268 3056 opere,
1301 2999 1584 3042 consensu
1632 2991 1688 3042 et
1715 2988 2082 3059 cogitatione.

2200 1834 2336 1904 Apr,
2373 1835 2428 1890 id
2478 1841 2566 1890 est
2608 1833 2643 1890 3
2672 1841 3104 1892 concurrentes.
3151 1835 3256 1891 Sed
3303 1841 3432 1905 post
3477 1833 3549 1890 56
3585 1848 3790 1905 annos,
3820 1831 3853 1888 7

2205 1921 2537 1993 incipiente,
2561 1922 2595 1980 3
2620 1923 2762 1979 feria
2791 1930 2961 1980 erunt
2993 1938 3051 1980 IX
3081 1925 3207 1980 Kal.
3235 1924 3371 1995 Apr.
3405 1927 3475 1979 Et
3501 1924 3583 1979 ita
3612 1930 3739 1993 post
3762 1921 3849 1994 84,

2205 2012 2410 2084 quinto
2457 2025 2607 2068 anno
2650 2013 2982 2084 incipiente,
3024 2011 3059 2069 3
3087 2012 3230 2069 feria
3265 2014 3397 2081 erit,
3457 2019 3513 2068 et
3541 2011 3577 2068 3
3607 2027 3853 2068 concur-

2210 2107 2414 2170 rentes,
2463 2102 2518 2158 id
2552 2108 2638 2158 est
2674 2101 2696 2157 4
2739 2115 2926 2159 annus
2983 2102 3416 2172 praeparationis
3447 2103 3714 2158 bissexti.
3748 2104 3852 2157 Ite-

2209 2195 2437 2247 manent
2486 2191 2593 2249 tibi
2652 2190 2719 2247 46
2747 2192 2884 2247 anni
2916 2193 2986 2247 de
3028 2190 3127 2248 400
3148 2193 3337 2248 annis.
3370 2193 3548 2247 Curre
3579 2206 3718 2263 ergo
3765 2206 3855 2262 per

2207 2280 2463 2336 ordinem
2489 2283 2928 2352 recurrentium,
2962 2282 3019 2337 id
3052 2288 3136 2336 est
3163 2278 3215 2351 4,
3245 2279 3300 2350 5,
3329 2280 3383 2353 6,
3411 2295 3541 2336 cum
3575 2281 3691 2337 bis.
3725 2279 3775 2350 4,
3804 2279 3851 2350 2,

2205 2367 2260 2441 3,
2289 2369 2343 2439 5,
2391 2384 2520 2426 cum
2551 2371 2660 2426 bis.
2694 2369 2747 2442 6,
2793 2367 2846 2436 7,
2879 2369 2927 2440 4,
2961 2368 3016 2440 2,
3045 2385 3172 2426 cum
3217 2370 3327 2425 bis.
3358 2367 3408 2440 4,
3446 2368 3500 2439 5,
3543 2369 3601 2440 6,
3647 2368 3700 2439 4,
3729 2385 3850 2426 cum

2207 2457 2316 2514 bis.
2336 2457 2372 2515 2
2397 2458 2538 2515 feria
2555 2461 2668 2515 erit
2689 2460 2786 2516 ille
2811 2458 2912 2516 400
2936 2474 3140 2516 annus.
3177 2463 3236 2515 In
3267 2461 3368 2516 illo
3396 2465 3568 2515 erunt
3597 2474 3705 2514 vui
3733 2460 3848 2514 Kal.

2203 2550 2338 2619 Apr.
2383 2550 2438 2605 id
2470 2557 2556 2604 est
2595 2548 2632 2606 2
2677 2555 3080 2606 concurrentes
3111 2547 3212 2605 100
3254 2563 3423 2605 anno.
3469 2550 3564 2604 Sic
3615 2556 3675 2604 et
3712 2550 3854 2605 alios

2201 2639 2328 2694 dies
2348 2639 2636 2709 quoslibet
2651 2640 2913 2695 datarum
2933 2652 3032 2708 per
3055 2645 3234 2695 totum
3257 2653 3469 2695 annum
3508 2639 3853 2709 investigare

2201 2726 2390 2788 debes.
2427 2728 2582 2798 quali
2610 2727 2753 2784 feria
2789 2734 2955 2784 erunt
2988 2741 3169 2798 usque
3198 2727 3264 2782 ad
3302 2725 3401 2782 400
3430 2740 3677 2782 annum.
3699 2727 3845 2796 Qua-

2201 2815 2524 2887 liscumque
2547 2817 2700 2872 enim
2751 2817 2858 2872 tibi
2895 2817 3037 2873 feria
3065 2831 3297 2887 presens
3334 2817 3447 2872 erit
3481 2817 3541 2872 in
3573 2817 3681 2872 illa
3713 2816 3848 2872 feria

2199 2906 2539 2975 prtecedenti
2570 2907 2675 2962 hoc
2703 2913 2789 2962 est
2807 2907 2928 2962 heri
2955 2920 3011 2960 v.
3031 2923 3105 2979 g.,
3134 2913 3197 2962 ut
3223 2906 3282 2962 in
3301 2906 3337 2959 6
3363 2906 3457 2960 die
3484 2906 3840 2976 septimanae,

2199 3011 2324 3066 quae
2353 2998 2637 3067 sequitur,
2669 2998 2861 3053 eadem
2891 2995 3037 3053 feria
3065 2998 3194 3052 erit.
3242 2999 3303 3052 In
3333 2997 3530 3053 eodem
3556 2997 3659 3052 die
3683 2997 3843 3052 data—

439 3069 510 3158 Ut
537 3070 596 3126 in
626 3071 935 3143 Evangelio
960 3072 1206 3144 legitur:
1261 3076 1384 3132 Non
1407 3077 1547 3130 emiet
1577 3077 1726 3140 inde,
1760 3078 1925 3132 donec
1950 3078 2084 3133 red—
2117 3083 2167 3151 α
2201 3101 2326 3142 rum
2371 3087 2484 3142 erit
2528 3087 2587 3141 in
2643 3084 2745 3142 400
2787 3101 2957 3157 anno,
3005 3092 3061 3143 et
3106 3087 3164 3141 in
3208 3086 3624 3158 qualicumque
3650 3087 3845 3142 ordine

438 3157 536 3213 dat
564 3161 918 3216 novissimum
943 3162 1328 3231 quadrantem,
1382 3165 1439 3220 id
1472 3170 1557 3220 est
1602 3165 1865 3221 ultimam
1906 3168 2088 3238 culpae

435 3247 861 3318 cogitationem.
897 3252 964 3306 Et
1012 3252 1302 3322 quadrans
1333 3254 1606 3323 temporis
1635 3255 1856 3311 dicitur
1886 3263 2089 3328 quarta

437 3349 568 3405 pars
595 3338 758 3409 anni,
787 3339 943 3394 sicut
970 3338 1185 3412 legitur
1213 3341 1283 3397 de
1311 3341 1672 3399 Antichristo
1701 3345 1889 3402 tribus
1918 3347 2088 3404 annis

434 3426 736 3483 etduobus
773 3429 1191 3498 quadrantibus
1216 3431 1586 3500 decepturum
1617 3446 1741 3490 esse
1784 3437 2082 3509 mundum,

431 3520 488 3570 et
515 3516 844 3573 inlusurum
863 3519 1132 3589 gentibus
1154 3519 1344 3576 tribus
1373 3522 1544 3578 annis
1569 3527 1625 3577 et
1654 3538 1751 3579 sex
1771 3525 2081 3582 mensibus.

431 3605 567 3660 Item
597 3606 952 3675 Theophilus
979 3607 1162 3663 dicit:
1191 3628 1216 3660 α
1249 3608 1546 3676 Quadrans
1567 3611 1759 3668 dictus
1779 3619 1866 3668 est
1894 3627 1926 3668 a
1953 3628 2088 3684 qua-

433 3692 595 3748 drata
655 3692 856 3765 ﬁgura,
917 3709 1044 3765 qua;
1102 3697 1162 3751 in
1215 3712 1319 3753 sua
1376 3699 1670 3754 soliditate
1721 3702 2008 3757 consistit.
2055 3723 2082 3755 α

431 3780 664 3837 Sublata
713 3784 864 3839 enim
925 3791 1131 3854 quarta
1191 3793 1349 3856 parte
1412 3788 1726 3856 cujuslibet
1775 3791 1878 3862 rei,
1931 3792 2084 3847 trina

435 3868 618 3939 ﬁgura
666 3877 938 3926 remanet.
970 3874 1049 3927 De
1080 3887 1193 3943 qua
1217 3875 1475 3942 apertius
1503 3876 1686 3932 dicit:
1726 3899 1752 3931 α
1785 3878 2085 3947 Quadrans

433 3956 672 4027 dicitur,
705 3971 771 4013 eo
820 3959 968 4029 quod
1017 3966 1278 4031 quartam
1321 3970 1537 4032 partem
1586 3965 1704 4021 diei
1759 3971 2079 4043 suspendit,

436 4057 600 4115 quem
624 4045 841 4102 Hebraei
876 4048 1267 4120 quadrantem,
1301 4051 1483 4106 Graeci
1510 4052 1865 4129 dodrantem,
1892 4060 2080 4116 Latini

434 4133 808 4202 quadrantem
834 4144 1055 4193 vocant.
1103 4156 1130 4188 ››
1163 4136 1459 4206 Quadrans
1490 4142 1616 4198 sine
1639 4160 1677 4199 n
1702 4147 1879 4202 scribi
1902 4148 2081 4204 debe-

437 4226 539 4293 ret,
567 4223 721 4279 sicut
753 4226 914 4297 gigas
965 4241 1076 4283 non
1124 4229 1344 4302 gigans,
1395 4231 1475 4287 ita
1508 4235 1755 4304 quadras
1786 4250 1897 4293 non
1931 4253 2080 4310 qua-

429 4311 605 4368 drans
631 4331 646 4383 ;
682 4313 772 4369 lex
801 4315 952 4371 enim
980 4315 1296 4375 literaturae
1322 4324 1410 4376 est
1445 4323 1466 4346 ’
1494 4323 1552 4378 in
1584 4331 1805 4395 gentem
1836 4339 1868 4380 a
1903 4330 2081 4385 nomi-

2199 3175 2377 3232 fuerit
2416 3177 2516 3232 illa
2560 3175 2724 3248 feria,
2774 3177 2834 3232 in
2866 3177 2969 3232 illo
3017 3189 3164 3232 anno
3207 3183 3638 3242 concurrentes,
3685 3177 3741 3231 id
3767 3181 3845 3232 est

2199 3268 2318 3323 sive
2369 3281 2498 3323 cum
2542 3267 2651 3323 bis.
2688 3268 2807 3324 sive
2853 3265 2903 3338 4,
2933 3272 3034 3323 aut
3061 3264 3116 3338 2,
3147 3267 3233 3323 vel
3284 3265 3320 3322 3
3344 3280 3532 3323 annus
3564 3272 3700 3336 post
3725 3267 3846 3321 bis-

2199 3362 2420 3414 sextum
2449 3358 2507 3412 in
2541 3348 2642 3412 illo
2662 3357 2786 3426 ipso
2815 3357 3018 3413 ordine
3036 3357 3148 3412 erit
3175 3356 3275 3412 illa
3292 3354 3454 3426 feria,
3478 3362 3580 3412 aut
3612 3370 3844 3413 concur-

2199 3451 2386 3502 rentes
2416 3447 2478 3501 in
2510 3443 2612 3501 400
2639 3459 2807 3502 anno.

2406 3537 2483 3589 De
2522 3537 2774 3604 partibus
2817 3535 3106 3590 lunaribus
3135 3535 3195 3589 in
3220 3547 3277 3590 XI
3317 3535 3442 3589 Kal.
3484 3536 3632 3606 Apr.

2263 3624 2322 3680 C.
2372 3624 2431 3679 Si
2488 3637 2655 3680 nosse
2681 3623 2973 3680 desideras
3011 3628 3199 3694 partes
3242 3624 3474 3679 lunares
3502 3637 3536 3679 a
3577 3622 3839 3694 praesenti

2195 3713 2453 3783 qualibet
2497 3713 2592 3769 die
2637 3727 2817 3784 usque
2872 3714 2941 3769 ad
2986 3711 3087 3769 400
3116 3726 3348 3783 annum,
3413 3713 3495 3768 ita
3544 3713 3840 3769 observare

2193 3802 2380 3858 debes.
2415 3802 2862 3873 Qualiscumque
2891 3808 3086 3873 epacta
3116 3801 3292 3858 fuerit
3324 3803 3382 3856 in
3416 3804 3688 3872 praesenti
3711 3817 3838 3873 quo-

2193 3890 2335 3946 libet
2363 3891 2458 3947 die
2476 3891 2739 3948 datarum
2775 3905 2873 3960 per
2903 3896 3082 3947 totum
3112 3905 3346 3962 annum,
3379 3905 3436 3945 v.
3488 3909 3569 3964 g.,
3604 3906 3663 3946 xi
3719 3891 3834 3946 Kal.

2189 3979 2326 4050 Apr.
2357 3978 2427 4036 20
2452 3985 2647 4050 epacta
2678 3979 2856 4036 fuerit
2891 3993 3040 4036 anno
3064 3981 3349 4050 praesenti.
3377 3981 3600 4052 Collige
3632 3979 3689 4034 44
3729 3994 3838 4036 un-

2190 4069 2380 4125 decies
2408 4077 2633 4139 epactas
2668 4083 2762 4139 per
2795 4068 2830 4125 5
2853 4083 3033 4125 annos
3068 4075 3388 4140 sequentes,
3430 4085 3558 4140 qua:
3583 4076 3724 4124 sunt
3751 4067 3833 4124 55.

2188 4159 2247 4214 Si
2279 4164 2468 4214 autem
2495 4159 2676 4215 saltus
2701 4157 2897 4228 fuerit,
2925 4157 3199 4214 erunt
3235 4160 3395 4214 Mitte
3421 4159 3597 4215 simul
3620 4166 3681 4214 et
3704 4173 3839 4229 epa-

2188 4253 2334 4303 ctam
2368 4249 2665 4317 praesentis
2694 4249 2852 4319 anni,
2890 4248 2945 4303 id
2973 4253 3058 4304 est
3081 4247 3171 4318 20,
3197 4247 3343 4304 ﬁunt
3360 4245 3448 4303 75.
3477 4249 3724 4304 Dimitte
3751 4247 3834 4314 60,

2189 4342 2482 4393 remanent
2514 4335 2597 4393 45.
2643 4339 2852 4408 Epacta
2897 4335 2965 4392 45
3007 4339 3122 4393 erit
3163 4338 3221 4392 in
3259 4336 3293 4393 5
3349 4351 3496 4393 anno
3529 4345 3666 4408 post
3693 4353 3840 4408 pra:—

433 4401 626 4458 nativo
675 4409 894 4497 crescat
921 4406 1172 4477 amplius
1214 4408 1424 4482 literis,
1471 4411 1556 4468 vel
1583 4413 1837 4483 syllabis.
1872 4417 2080 4475 Hiero—
2104 4417 2159 4480 D
2189 4432 2400 4484 sentem
2431 4440 2664 4482 annum.
2689 4401 2815 4482 Ilaec
2830 4427 3003 4483 etiam
3028 4433 3224 4497 epacta
3243 4427 3356 4483 erit
3376 4433 3432 4483 et
3454 4427 3512 4482 in
3529 4401 3835 4494 anno-400.

434 4503 640 4561 nymus
667 4491 850 4551 dicit:
907 4515 934 4548 α
965 4498 1087 4553 Non
1116 4502 1180 4553 ut
1207 4497 1462 4569 imperiti
1485 4500 1688 4573 gigans
1712 4504 1945 4577 gigatis,
1977 4507 2074 4564 sed

433 4584 496 4635 ut
518 4581 755 4654 gigaphi
780 4586 800 4606 '
823 4583 1102 4657 gigantes,
1130 4586 1211 4642 ita
1231 4594 1288 4643 et
1315 4589 1568 4658 quadras
1590 4594 1946 4662 quadrantis.
1975 4614 2000 4647 »

712 4674 789 4727 De
827 4676 1145 4744 septimanis
1183 4677 1244 4730 in
1277 4681 1384 4731 toto
1413 4682 1550 4734 anm‘
1569 4683 1790 4738 circulo.

498 4757 735 4815 XCVIII.
766 4761 826 4816 Si
854 4762 941 4818 vis
966 4763 1115 4819 scire
1141 4770 1280 4836 quot
1297 4768 1628 4838 septimana:
1651 4774 1871 4830 suntin
1901 4789 2071 4846 anno,

427 4845 541 4902 duc
581 4853 782 4918 quater
820 4848 906 4922 42,
940 4851 1086 4909 ﬁunt
1115 4851 1200 4909 48.
1246 4857 1348 4913 Tot
1379 4860 1710 4929 septimanae
1753 4870 1890 4919 sunt
1921 4865 1982 4922 in
2011 4845 2078 4925 42

430 4936 742 5026 mensibus,
768 4939 826 4996 id
848 4945 936 4996 est
951 4939 983 4996 4
1002 4943 1148 5012 septi
1158 4957 1334 5001 mana:
1352 4947 1811 5022 uniuscujusque
1836 4955 2068 5026 mensis,

432 5024 522 5080 illi
569 5031 758 5082 autem
807 5030 1025 5087 residui
1073 5032 1218 5105 dies,
1270 5037 1371 5107 qui
1426 5047 1757 5112 supersunt,
1816 5043 1872 5100 id
1913 5053 1999 5100 est
2039 5024 2072 5104 a

426 5120 676 5203 quatuor
706 5117 962 5190 tricenis,
995 5126 1053 5176 et
1075 5118 1147 5178 22
1186 5136 1220 5180 a
1247 5127 1559 5200 mensibus,
1592 5133 1691 5203 qui
1718 5128 1780 5188 34
1806 5134 1932 5191 dies
1962 5137 2072 5194 ha-

429 5200 583 5293 bent,
615 5203 790 5261 simul
823 5205 970 5263 ﬁunt
995 5207 1085 5281 29,
1112 5211 1217 5268 hoc
1237 5220 1324 5271 est
1352 5212 1385 5270 4
1407 5200 1757 5293 septimanae,
1786 5221 1886 5281 et4
1923 5225 2068 5284 dies.

427 5290 912 5383 Quandocumque
959 5304 1148 5356 autem
1178 5301 1470 5364 bissextus
1497 5307 1691 5383 fuerit,
1722 5290 1858 5369 tunc
1885 5327 2072 5375 anuus

429 5377 598 5438 habet
624 5379 696 5440 52
716 5385 1066 5455 septimanas
1091 5394 1147 5446 et
1175 5391 1300 5450 dies
1339 5392 1392 5451 2.

602 5474 677 5528 De
721 5479 1164 5537 concurrentibus
1188 5484 1316 5539 solis
1335 5500 1440 5555 per
1469 5491 1638 5545 totum
1665 5505 1888 5551 annum.

2188 4517 2325 4588 quia
2355 4516 2794 4588 qualiscumque
2832 4520 3028 4587 epacta
3059 4515 3238 4572 fuerit
3288 4518 3348 4572 in
3381 4517 3652 4587 praesenti
3688 4531 3839 4588 quo-

2187 4606 2329 4662 libet
2374 4619 2543 4677 anno,
2602 4619 2655 4660 v.
2691 4621 2766 4677 g.,
2801 4607 2953 4662 sicut
2981 4605 3259 4679 diximus,
3303 4619 3364 4661 χι
3397 4605 3520 4661 Kal.
3572 4607 3718 4676 Apr.
3753 4605 3835 4673 20,

2185 4696 2378 4751 eadem
2413 4695 2525 4750 erit
2558 4698 2615 4751 et
2657 4695 2715 4750 in
2761 4707 2909 4750 anno
2938 4692 3030 4766 20,
3066 4695 3121 4750 id
3155 4699 3241 4750 est
3291 4692 3364 4750 20
3398 4701 3617 4766 epacta,
3669 4701 3732 4752 et
3765 4697 3835 4752 ita

2188 4782 2340 4840 in38
2363 4797 2512 4841 anno
2541 4782 2611 4841 20
2651 4784 2782 4855 erit,
2809 4790 2866 4840 et
2901 4785 2962 4839 in
3007 4781 3080 4841 76
3120 4797 3270 4841 anno
3297 4783 3367 4841 20
3394 4785 3525 4855 erit,
3574 4792 3632 4842 et
3688 4787 3752 4842 in
3776 4783 3838 4841 95

2185 4887 2335 4931 anno
2363 4871 2433 4930 20
2477 4875 2608 4929 erit.
2664 4874 2972 4930 Remanent
3003 4873 3112 4929 tibi
3159 4872 3195 4930 5
3221 4874 3358 4930 anni
3396 4875 3467 4930 de
3499 4871 3622 4930 400.
3660 4875 3834 4932 Curre

2185 4976 2284 5034 per
2312 4962 2570 5020 ordinem
2599 4967 2922 5033 epactarum
2948 4961 2996 5035 4,
3026 4961 3111 5034 42,
3142 4960 3232 5032 23,
3265 4960 3352 5034 45,
3389 4961 3473 5034 45,
3504 4963 3751 5035 hachue
3783 4966 3830 5019 in

2187 5050 2287 5108 400
2311 5065 2460 5108 anno
2480 5050 2546 5110 45
2569 5058 2763 5123 epacta
2787 5053 2918 5124 erit,
2938 5053 3092 5110 sicut
3115 5055 3285 5110 etiam
3302 5053 3584 5110 diximus.
3608 5056 3672 5109 In
3692 5068 3832 5110 anno

2184 5141 2380 5198 futuro
2414 5139 2480 5198 45
2508 5143 2640 5212 erit,
2675 5143 2780 5199 hoc
2822 5149 2910 5200 est
2938 5150 3228 5214 quartum.
3261 5143 3437 5200 Fiunt
3491 5157 3632 5216 ergo
3659 5142 3828 5200 simul

2181 5228 2304 5288 986.
2334 5231 2435 5286 His
2458 5245 2592 5305 ergo
2611 5233 2754 5289 adde
2778 5231 2813 5288 3
2843 5233 3150 5306 regulares,
3173 5234 3309 5306 quia
3337 5235 3397 5289 in
3418 5247 3615 5290 annno
3633 5236 3831 5289 lucar-

2183 5321 2436 5378 nationis
2463 5322 2678 5379 Christi
2709 5335 2811 5380 VIII
2871 5323 2992 5378 Kal.
3022 5326 3158 5395 Apr.
3211 5320 3245 5380 4
3287 5321 3431 5379 feria
3480 5321 3764 5381 fecerunt.
3801 5320 3831 5378 4

2181 5425 2315 5484 ergo
2334 5413 2552 5470 additis
2570 5414 2638 5470 ad
2663 5414 3058 5485 supradictum
3085 5427 3386 5472 numerum
3404 5414 3552 5470 ﬁunt
3575 5413 3704 5471 990.
3727 5416 3834 5471 Hos

2181 5501 2376 5559 divide
2406 5517 2504 5574 per
2530 5498 2586 5574 7,
2615 5503 2844 5561 dimitte
2872 5501 2998 5574 700,
3028 5505 3244 5562 centies
3273 5505 3496 5577 septeni
3524 5510 3686 5562 sunt.
3720 5506 3834 5561 Re-

499 5559 692 5618 XCIX.
725 5565 784 5622 Si
819 5568 908 5624 vis
936 5570 1088 5629 scire
1128 5583 1163 5629 a
1199 5572 1295 5630 die
1323 5573 1586 5637 datarum
1626 5594 1727 5652 per
1751 5587 1932 5645 totum
1961 5603 2075 5650 an—
2175 5559 2832 5664 manent.290,'dimitte
3275 5559 3832 5669 suun—hocrestbis
