4054 6192
240 278 372 340 4324

1597 274 1798 331 LIBER
1827 273 1920 332 DE
1955 272 2294 333 GOMPUTO.

3511 275 3649 335 1322

238 411 274 468 7
305 412 512 484 viceni,
543 411 643 482 qui
682 409 850 466 habet
873 406 960 466 47.
982 409 1290 464 Remanent
1312 403 1395 462 40.
1422 400 1665 461 Dimitte
1695 411 1888 475 septe-
1917 404 1970 464 A
2007 413 2129 472 nos,
2168 405 2340 473 quota
2368 402 2445 459 sit
2469 401 2631 473 feria,
2665 419 2824 460 sume
2853 418 3032 462 annos
3062 405 3130 461 ab
3163 406 3556 462 Incarnatione
3580 406 3648 461 D.

244 518 366 573 nos,
400 506 695 559 remanent
722 499 772 557 3.
807 494 1416 556 ConcurrentesBsunt
1441 508 1592 550 anno
1621 499 1895 565 prasente

241 607 304 648 Ix
327 592 452 647 Kal.
481 591 641 662 Apr.,
675 588 710 646 3
740 589 884 644 feria
910 588 1162 644 fuerunt.
1206 589 1318 643 Hoc
1356 590 1691 657 argumento
1721 585 1893 640 etiam

241 681 572 738 ostenditur
598 683 771 750 quota
796 677 938 734 feria
964 678 1040 734 sit
1071 678 1128 732 in
1154 676 1276 732 Kal.
1306 677 1428 730 Jan.
1458 675 1518 730 in
1551 687 1896 745 unoquoque

241 785 398 826 anno
457 772 750 840 prasente,
811 765 832 822 4
872 772 1092 823 tantum
1144 765 1394 837 regulari
1443 764 1707 836 dimisso,
1743 763 1896 820 sicut

243 860 432 917 bonus
457 863 691 915 sanctus
717 856 1091 912 Primicerius
1121 854 1392 911 ostendit.

583 950 658 1001 De
688 946 1132 1001 concurrentibus
1172 943 1562 999 monstrandis.

315 1039 401 1094 CI.
453 1037 511 1092 Si
538 1036 627 1092 vis
654 1035 801 1092 scire
821 1037 1228 1090 concurrentes
1257 1032 1588 1102 septimana
1608 1029 1798 1086 diesin
1835 1041 1894 1084 Ix

244 1127 372 1182 Kal.
397 1126 530 1195 Apr.
565 1125 713 1180 scies
766 1127 978 1194 quotus
999 1136 1184 1178 annus
1219 1121 1463 1190 sitcycli
1493 1119 1722 1190 solaris,
1751 1131 1805 1172 v.
1841 1133 1892 1187 g.

247 1213 319 1272 44
370 1216 513 1271 adde
543 1227 764 1283 semper
816 1210 849 1267 4
895 1212 1284 1282 partem,[hoc
1313 1216 1398 1266 est
1429 1210 1593 1265 modo
1642 1205 1694 1276 3,
1754 1207 1901 1262 ﬁunt

244 1306 426 1363 simul
461 1301 562 1372 47;
590 1303 784 1359 divide
811 1299 981 1373 per.7,
1009 1301 1246 1356 Dimitte
1275 1297 1359 1366 44,
1395 1299 1532 1370 quia
1557 1298 1648 1353 bis
1675 1294 1709 1352 7
1740 1299 1895 1366 sunt,

245 1390 620 1464 remanenti3.
654 1392 1068 1448 Concurrentes
1099 1389 1133 1445 3
1155 1389 1388 1446 fuerunt
1414 1389 1474 1443 in
1502 1403 1558 1444 1x
1587 1387 1708 1442 Kal.
1737 1387 1895 1456 Apr.,

247 1485 309 1541 id
340 1487 427 1540 est
454 1479 490 1538 3
511 1481 652 1537 feria
678 1495 828 1537 anno
857 1484 1150 1551 prasente.
1193 1480 1400 1550 Sicque
1432 1491 1530 1548 per
1553 1477 1701 1533 alios
1720 1488 1900 1531 annos

247 1571 448 1643 facies,
483 1571 835 1642 quicumque
867 1567 1103 1638 fuerint,
1131 1567 1324 1624 divide
1370 1579 1467 1636 per
1491 1562 1525 1620 4
1555 1572 1762 1634 partes,
1791 1567 1845 1618 et
1868 1559 1900 1616 4

248 1667 470 1732 partem
492 1660 752 1729 adjicies,
777 1671 832 1713 v.
863 1675 941 1729 g.,
966 1658 1169 1728 quinto
1190 1670 1340 1712 anno
1360 1655 1504 1726 cycli
1530 1657 1658 1726 post
1682 1651 1901 1709 4addas

2004 491 2071 544 N.
2124 491 2169 544 J.
2241 491 2300 546 C.
2356 497 2420 548 ut
2496 497 2630 562 puta
2684 494 2848 549 modo
2898 492 3023 565 840,
3090 495 3362 551 subtrahe
3431 509 3654 566 semper

2007 592 2206 651 unum,
2256 588 2545 637 remanent
2589 579 2715 653 809,
2751 581 2853 637 hos
2897 583 3110 652 partire
3142 599 3238 654 per
3282 582 3314 640 4
3359 589 3565 656 partes,
3594 591 3651 639 et

2006 674 2265 737 quartam
2300 675 2534 740 partem,
2574 685 2740 742 quam
2775 671 3024 741 partitus
3070 686 3148 741 es,
3193 675 3397 745 adjice,
3430 675 3536 730 hoc
3564 679 3652 730 est

2003 752 2110 812 202
2134 757 2278 813 ﬁunt
2309 759 2482 815 simul
2517 757 2672 827 4044,
2708 760 2810 816 hos
2837 761 3050 830 partire
3090 775 3186 831 per
3215 759 3251 817 7
3284 767 3518 833 partem,
3549 765 3653 821 di—

2008 846 2170 902 mitte
2191 843 2318 920 700,
2346 849 2409 904 ﬁt
2438 850 2650 919 septies
2677 857 2924 922 centum,
2957 858 3249 908 remanent
3269 850 3396 924 344,
3420 855 3650 910 dimitte

2003 933 2114 994 280
2145 939 2356 1008 septies
2387 936 2455 994 40
2476 944 2612 994 sunt
2645 943 2935 996 remenent
2957 938 3046 1011 34,
3096 941 3326 998 dimitte
3353 940 3424 999 ἥ
3451 951 3654 1015 quater

2003 1032 2214 1102 septies
2261 1034 2414 1097 sunt,
2470 1033 2760 1085 remanent
2802 1027 2855 1085 3.
2897 1031 3086 1087 Tertia
3129 1030 3272 1088 feria
3299 1032 3476 1090 fuerit
3522 1035 3646 1092 Kal.

2003 1124 2231 1177 Januar.
2265 1133 2416 1175 anno
2448 1125 2741 1190 prasente.

2076 1232 2151 1284 De
2198 1229 2344 1298 cyclo
2407 1229 2578 1282 solari
2639 1231 2690 1281 et
2730 1225 2959 1352 τιαηὲἔί
3003 1244 3108 1299 per
3158 1231 3356 1286 diaitos
3426 1233 3655 1290 demon-

2700 1312 2726 1352 s
2752 1313 2856 1350 ran
2941 1342 2955 1352 .

2700 1312 2928 1352 srranao
2941 1342 2955 1356 .

2077 1389 2208 1444 CIV.
2249 1387 2490 1456 Quidam
2529 1389 2597 1444 ad
2626 1391 3026 1460 compendium
3068 1390 3392 1449 calculandi
3425 1394 3656 1451 utrius—

2011 1491 2119 1548 que
2158 1478 2414 1533 ordinem
2465 1478 2694 1548 circuli,
2741 1480 2949 1535 solaris
2991 1480 3278 1551 videlicet,
3309 1486 3366 1538 et
3408 1481 3652 1549 lunaris,

2011 1564 2362 1621 transferunt
2409 1566 2467 1620 in
2499 1566 2795 1623 articulos.
2837 1570 2975 1623 Nam
3005 1569 3141 1639 quia
3174 1583 3375 1626 manus
3409 1570 3655 1628 humana

2011 1653 2291 1711 articulos
2311 1653 2480 1709 habet
2511 1651 2578 1708 49
2601 1655 2893 1724 adjunctis
2915 1657 3208 1727 unguibus
3235 1658 3486 1730 singulis
3505 1664 3660 1716 artu-

248 1747 306 1805 4.
329 1752 490 1805 Νοιιο
520 1762 688 1819 anno,
721 1752 847 1817 post
874 1745 910 1801 8
937 1747 1112 1802 addas
1135 1743 1171 1801 2
1193 1759 1342 1801 anno
1375 1743 1460 1815 43,
1488 1749 1612 1814 post
1640 1740 1706 1799 42
1726 1743 1900 1798 addas
1934 1763 1982 1824 Β
2011 1743 2139 1814 bus,
2167 1747 2222 1798 et
2254 1743 2547 1813 unguibus
2581 1743 2862 1815 singulos,
2894 1750 3155 1814 aptantes
3183 1759 3364 1803 annos
3397 1747 3654 1804 lunarem

244 1836 284 1894 3
309 1857 326 1907 ;
356 1843 483 1907 post
510 1834 576 1892 46
594 1837 770 1892 addas
797 1833 861 1905 4;
918 1840 1043 1904 post
1062 1832 1131 1890 20
1155 1834 1333 1889 addas
1373 1831 1441 1904 5;
1479 1837 1606 1902 post
1629 1828 1699 1886 24
1723 1832 1899 1886 addas

245 1926 310 1997 6,
349 1931 477 1996 post
504 1922 574 1980 27
613 1921 858 1981 addas7.
878 1925 944 1979 Et
962 1925 1048 1980 sic
1071 1924 1326 1979 invenies
1343 1927 1744 1978 concurrentes
1767 1933 1903 1989 pra-

248 2015 439 2071 sentis
469 2013 781 2083 cujuslibet
800 2013 958 2068 anni.
991 2015 1100 2068 Iste
1128 2026 1262 2083 ergo
1286 2011 1480 2081 cyclus
1506 2009 1714 2066 solaris
1736 2007 1903 2063 habet

249 2117 440 2160 annos
465 2101 538 2158 .28
570 2103 629 2158 in
660 2116 738 2172 se,
768 2103 916 2158 idest
945 2098 978 2156 4
999 2101 1365 2171 septimanas,
1393 2099 1479 2154 vel
1508 2095 1543 2153 7
1573 2103 1901 2169 quaternos,

251 2192 398 2263 quia
424 2205 536 2248 non
569 2195 754 2261 potest
783 2189 1190 2256 consummari,
1226 2189 1560 2259 priusquam
1592 2182 1902 2249 bissextus,

253 2281 361 2353 qui
397 2287 601 2351 quarto
654 2293 804 2336 anno
848 2280 1034 2336 redire
1077 2279 1239 2349 solet,
1289 2283 1527 2334 cunctos
1579 2276 1906 2346 septimana

252 2371 387 2427 dies
417 2370 747 2441 circumeat,
782 2374 836 2425 et
879 2369 1193 2440 contingat,
1247 2367 1302 2423 id
1344 2373 1430 2423 est
1479 2367 1835 2422 Dominicam
1874 2362 1909 2420 6

253 2459 484 2530 feriam,
537 2457 817 2529 4feriam,
866 2456 902 2514 2
943 2458 1161 2527 feriam,
1203 2454 1239 2513 7
1268 2456 1489 2526 feriam,
1539 2455 1575 2512 5
1626 2451 1909 2524 feriam,3

260 2548 502 2619 feriam;
530 2548 636 2603 hoc
666 2547 819 2603 enim
845 2548 1048 2604 ordine
1072 2547 1453 2612 circumeunt,
1478 2550 1532 2600 et
1568 2546 1910 2614 percurrunt

258 2651 459 2694 omnes
503 2635 834 2706 septimana
872 2635 1018 2704 dies,
1078 2648 1321 2705 namque
1369 2647 1726 2704 unaquaque
1773 2631 1908 2687 anni

2009 1845 2242 1889 cursum
2297 1845 2394 1902 per
2440 1829 2506 1886 49
2555 1846 2753 1888 annos.
2798 1835 2858 1888 In
2907 1834 3045 1889 lava
3091 1835 3280 1906 manu]
3311 1836 3663 1894 intrinsecus

2011 1921 2202 1977 radice
2233 1920 2462 1990 pollicis
2488 1921 2798 1993 incipiunt,
2825 1930 2881 1978 et
2911 1922 2971 1977 in
2999 1937 3189 1994 ungue
3213 1924 3440 1979 minimi
3461 1925 3657 1996 digiti,

2014 2010 2118 2066 hoc
2143 2014 2228 2065 est
2256 2009 2606 2065 auricularis
2644 2010 2994 2067 intrinsecus
3023 2013 3282 2068 eumdem
3313 2013 3534 2083 cyclum
3562 2014 3664 2069 Iu-

2013 2113 2204 2155 narem
2247 2107 2612 2156 consumunt.
2663 2103 2732 2156 Et
2776 2101 2914 2171 quia
2964 2114 3166 2158 manus
3208 2101 3357 2157 bina
3383 2102 3663 2159 articulos

2017 2187 2225 2243 habent
2250 2186 2316 2242 48
2348 2189 2698 2244 intrinsecus
2727 2195 2915 2244 autem
2947 2190 3200 2260 exceptis
3234 2190 3526 2262 unguibus
3567 2191 3662 2246 his

2017 2276 2268 2348 singulis
2291 2276 2534 2333 artubus
2560 2278 2822 2348 singulos
2847 2292 3027 2334 annos
3057 2284 3255 2349 aptant
3290 2279 3349 2334 in
3381 2285 3625 2350 quantas
3645 2283 3662 2302 '

2017 2379 2049 2421 a
2084 2365 2323 2421 minimo
2356 2366 2542 2438 digito
2570 2366 2720 2422 lava
2759 2381 2962 2423 manus
2993 2368 3097 2422 hoc
3141 2372 3228 2423 est
3262 2381 3484 2424 summo
3513 2367 3666 2424 arti-

2018 2455 2148 2510 culo
2182 2455 2552 2525 auricularis,
2604 2455 2770 2526 quasi
2803 2456 2985 2526 prima
3036 2456 3176 2512 feria
3229 2471 3359 2512 cum
3391 2457 3665 2528 bissexto,

2019 2548 2076 2599 et
2107 2545 2165 2599 in
2187 2544 2429 2600 sinistro
2453 2545 2678 2616 pollice,
2709 2545 2814 2602 hoc
2839 2552 2924 2602 est
2949 2559 2981 2601 a
3002 2560 3224 2602 summo
3254 2547 3523 2616 articulo,
3553 2547 3612 2601 in
3634 2545 3668 2601 6

2023 2633 2164 2689 feria
2213 2633 2432 2704 cyclum
2481 2635 2719 2690 solarem
2762 2635 3128 2705 complentes,
3174 2640 3229 2691 et
3276 2636 3666 2705 terminantes,

255 2727 390 2782 dies
421 2739 556 2782 suos
585 2728 990 2780 concurrentes
1016 2723 1202 2792 habet,
1238 2723 1338 2792 qui
1365 2725 1770 2778 concurrentes
1803 2720 1914 2775 ad—
2023 2735 2138 2778 non
2170 2725 2234 2777 ut
2269 2722 2327 2777 in
2361 2721 2510 2778 luna
2535 2723 2692 2794 cyclo
2736 2723 2998 2795 singulos
3039 2724 3275 2780 exordio
3307 2727 3327 2747 '
3358 2738 3427 2780 ne
3454 2725 3673 2796 digitos

260 2815 366 2872 ﬁxi
399 2819 536 2870 sunt
571 2813 630 2868 in
662 2827 719 2868 1x
745 2812 869 2867 Kal.
892 2812 1051 2882 Apr.,
1078 2811 1347 2867 videlicet
1371 2820 1434 2867 ut
1459 2811 1720 2881 preprias
1745 2808 1918 2864 festi—
2025 2825 2087 2866 ex
2102 2810 2472 2881 pedientesin
2501 2825 2822 2879 numerum,
2851 2813 2947 2867 sed
2974 2818 3203 2882 propter
3233 2813 3510 2869 rationem
3538 2827 3671 2884 qua-

260 2904 473 2961 vitates
525 2900 817 2957 Paschalis
849 2897 935 2973 14,
978 2900 1116 2957 luna
1141 2904 1315 2971 quota
1348 2901 1427 2955 sit
1456 2898 1599 2955 feria
1635 2899 1914 2969 pandunt,
2026 2900 2249 2956 drantis
2281 2914 2380 2969 per
2422 2908 2731 2971 quaternos
2761 2901 2987 2958 intrans
3015 2916 3240 2958 versum
3281 2903 3500 2974 digitos
3524 2919 3678 2975 qua-

261 2998 324 3048 et
346 2992 496 3048 diem
521 2995 868 3061 epactarum,
901 3003 967 3045 ac
998 3004 1095 3060 per
1126 2989 1234 3045 hoc
1257 2993 1313 3044 et
1347 2988 1638 3044 Paschalis
1668 2987 1785 3043 diei
1819 2987 1919 3042 in-
2027 2988 2359 3044 driennium
2375 2989 2872 3060 omnelsignantes,
2899 2991 2979 3046 ita
2997 2998 3061 3046 ut
3082 2992 3681 3064 minimorumdigito—

263 3082 600 3138 ventionum
635 3081 865 3151 planum
910 3078 1133 3136 faciunt
1159 3079 1283 3134 iter.
1340 3077 1653 3148 Dionysius
1681 3078 1750 3132 de
1776 3090 1922 3132 con-
1953 3087 2001 3151 α
2031 3091 2179 3148 rum,
2214 3077 2318 3132 hoc
2344 3081 2428 3132 est
2470 3077 2890 3133 auricularium
2933 3078 3026 3134 bis
3063 3080 3212 3134 terni
3242 3081 3498 3146 articuli,
3530 3082 3681 3138 idest

261 3170 638 3228 currentibus
667 3169 846 3225 dicit:
900 3169 1348 3224 Concurrentium
1385 3171 1564 3220 autem
1605 3166 1921 3220 Hebdoma-
2030 3165 2064 3222 6
2093 3166 2161 3222 ad
2194 3165 2427 3222 totidem
2455 3179 2635 3222 annos
2656 3165 2985 3222 bissextiles
3003 3167 3300 3237 deputant.
3328 3170 3463 3224 Item
3493 3170 3684 3238 proxi-

266 3261 404 3314 dum
433 3263 594 3322 ratio,
627 3275 747 3329 qua
773 3259 838 3313 de
862 3259 994 3313 solis
1016 3273 1180 3312 cursu
1208 3259 1520 3326 supervenit
1553 3261 1768 3325 septeno
1808 3270 1920 3309 an-

265 3366 466 3406 norum
497 3351 698 3404 circulo
729 3353 922 3419 quater
949 3348 1109 3403 ducto
1137 3347 1269 3416 jugi
1310 3349 1541 3401 circuitu
1565 3347 1910 3400 terminatur.

265 3441 328 3496 In
355 3454 466 3510 quo
517 3453 615 3509 per
638 3451 818 3494 annos
843 3437 1106 3509 singulos
1133 3436 1295 3508 gidest
1329 3433 1363 3491 3
1393 3448 1570 3491 unum
1602 3433 1827 3505 addere,
1862 3439 1918 3488 et

264 3534 675 3585 concurrentes
707 3527 983 3598 prateriti
1015 3527 1151 3582 anni
1190 3525 1441 3582 curabis.
1471 3527 1532 3580 In
1562 3538 1628 3580 eo
1665 3528 1930 3579 tantum—

269 3619 435 3674 modo
475 3631 644 3687 anno,
698 3617 846 3672 idest
875 3614 926 3686 4,
977 3617 1035 3670 in
1063 3630 1178 3686 quo
1223 3615 1516 3672 bissextus
1566 3613 1742 3670 fuerit
1780 3613 1926 3668 duos

265 3707 534 3778 adjicias.
565 3709 707 3761 Istas
735 3720 868 3777 ergo
893 3711 1119 3776 epactas
1149 3705 1311 3776 solis,
1343 3704 1490 3760 idest
1514 3706 1921 3759 concurrentes

267 3797 719 3865 septimanarum
767 3794 892 3850 dies
936 3809 994 3850 1x
1019 3794 1140 3850 Kal.
1183 3795 1319 3864 Apr.
1363 3797 1625 3849 auctores
1671 3795 1907 3861 ponunt,

268 3884 410 3954 quia
441 3883 755 3938 secundum
787 3884 1154 3939 traditionem
1181 3883 1392 3939 divina
1427 3881 1812 3950 auctoritatis,
1837 3893 1927 3952 vel

271 3973 456 4027 sancti
511 3972 728 4027 Nicani
761 3972 997 4027 concilii
1035 3972 1224 4027 sidera
1255 3972 1384 4027 coeli
1416 3971 1613 4040 solem,
1647 3975 1700 4024 et
1731 3969 1926 4025 lunam

276 4061 336 4116 in
369 4075 430 4116 ea
460 4061 721 4117 datarum
745 4062 888 4116 diea
917 4062 1159 4117 Domino
1178 4065 1384 4131 creata,
1409 4065 1463 4114 et
1483 4060 1540 4114 in
1572 4058 1714 4114 coelo
1741 4058 1927 4128 posita

268 4149 339 4205 ad
373 4147 624 4205 oﬁicium
666 4150 902 4204 humani
936 4151 1161 4222 generis
1185 4163 1311 4206 esse
1349 4148 1705 4204 adscribunt.

728 4241 862 4293 Item
897 4240 962 4292 de
997 4239 1459 4294 concurrentibus.

344 4327 453 4381 Cll.
511 4327 569 4382 Si
619 4327 706 4382 vis
755 4326 901 4382 scire
947 4328 1140 4383 subito
1185 4332 1324 4397 quot
1377 4329 1779 4383 concurrentes
1809 4325 1928 4381 sint

2033 3268 2253 3311 morum
2283 3255 2600 3326 digitorum
2629 3268 2661 3311 a
2692 3256 2954 3312 minimis
2989 3256 3080 3312 bis
3111 3257 3258 3313 terni
3284 3257 3521 3313 articuli
3549 3264 3680 3315 ante

2027 3346 2138 3402 hos
2178 3351 2264 3402 est
2305 3343 2340 3400 6
2376 3348 2395 3368 ⁶
2441 3345 2662 3416 primus
2708 3359 2894 3402 annus
2952 3346 3387 3416 praparationis
3438 3347 3678 3405 bissexti

2035 3436 2098 3492 in
2121 3440 2362 3505 utraque
2389 3449 2559 3491 manu
2587 3435 2940 3492 demonstrat
2966 3453 2980 3506 ;
3009 3435 3284 3492 similiter
3313 3437 3550 3493 secundi
3581 3437 3685 3493 di-

2039 3524 2146 3596 giti
2177 3538 2210 3580 a
2254 3523 2513 3579 minimis
2559 3524 2784 3581 duabus
2828 3525 3095 3582 manibus
3144 3539 3242 3596 per
3283 3524 3319 3581 6
3345 3524 3687 3584 articulos2

2041 3627 2138 3669 sex
2162 3627 2341 3669 annos
2369 3614 2803 3684 praparationis
2837 3609 3085 3671 bissexti
3119 3616 3447 3685 ostendunt,
3479 3620 3536 3672 et
3565 3621 3690 3674 ter—

2042 3702 2112 3758 tii
2143 3703 2316 3773 digiti
2341 3716 2373 3758 a
2398 3703 2656 3758 minimis
2682 3703 2988 3773 utriusque
3016 3717 3219 3759 manus
3238 3703 3272 3760 3
3293 3715 3437 3761 ann.
3469 3704 3504 3760 6
3535 3721 3688 3776 pra-

2044 3791 2361 3863 parationis
2387 3791 2625 3847 bissexti
2666 3805 2764 3862 per
2805 3791 2840 3847 6
2864 3792 3142 3848 articulos
3173 3793 3478 3864 utriusque
3515 3795 3690 3867 digiti

2041 3883 2410 3937 demonstrat.
2457 3883 2630 3937 Porro
2670 3882 2949 3952 septimus
2978 3881 3300 3939 bissextilis
3342 3899 3529 3942 annus
3558 3900 3688 3942 cum

2045 3971 2232 4026 tribus
2259 3973 2428 4025 annis
2445 3971 2819 4040 sequentibus
2841 3971 2932 4027 bis
2957 3971 3124 4028 binos
3144 3973 3423 4030 articulos
3443 3975 3688 4032 duorum

2047 4058 2357 4128 pollicibus
2410 4064 2615 4114 teneat.
2669 4062 2730 4115 In
2784 4060 2888 4116 hoc
2944 4075 3077 4132 ergo
3125 4063 3328 4118 ordine
3375 4063 3692 4120 calculator

2042 4146 2370 4202 bissextiles
2397 4142 2432 4200 7
2474 4160 2654 4202 annos
2689 4161 2788 4217 per
2826 4146 2899 4204 28
2931 4163 3270 4218 percurrens
3303 4151 3543 4221 invenit,
3592 4153 3693 4209 in~

2035 4237 2257 4306 cipiens
2295 4236 2610 4292 bissextum
2650 4237 2709 4291 in
2756 4236 2941 4306 prima
2976 4236 3120 4294 feria
3148 4253 3181 4295 a
3212 4241 3451 4296 minimo
3500 4241 3688 4312 digito

2041 4326 2102 4381 in
2152 4339 2373 4382 summo
2403 4324 2651 4382 articulo
2680 4325 3052 4397 auricularis,
3097 4333 3152 4382 et
3198 4329 3284 4383 sic
3327 4329 3479 4383 dicis
3504 4329 3689 4398 prima

273 4416 470 4471 eodem
520 4430 688 4485 anno,
740 4417 810 4472 ad
856 4415 1058 4472 feriam
1108 4431 1295 4473 curre.
1356 4417 1545 4473 Inveni
1600 4415 1724 4472 Kal.
1788 4415 1922 4486 Apr.
1960 4439 2012 4500 D
2041 4414 2185 4471 feria
2214 4430 2343 4472 cum
2371 4415 2640 4472 bissexto.
2675 4417 2736 4470 In
2766 4415 3016 4470 secundo
3045 4415 3294 4472 articulo
3331 4416 3558 4472 minimi
3588 4416 3691 4472 di—

276 4509 453 4575 quota
481 4503 623 4560 feria
649 4505 745 4578 sit,
792 4511 849 4560 et
878 4506 975 4562 ubi
1024 4506 1145 4562 Kal.
1184 4506 1488 4576 inveneris,
1536 4505 1730 4560 statim
1780 4509 1930 4560 retro

278 4595 472 4649 inveni
497 4608 554 4649 ix
595 4594 718 4651 Kal.
759 4595 892 4665 Apr.
934 4597 1002 4651 Et
1025 4596 1084 4651 in
1118 4601 1291 4667 quota
1318 4595 1483 4651 Feria
1532 4608 1591 4651 Ix
1619 4594 1740 4650 Kal.
1791 4594 1926 4664 Apr.

279 4683 589 4754 inveneris,
635 4696 688 4738 v.
722 4699 774 4754 g.
817 4684 876 4739 in
902 4685 1065 4740 Feria
1106 4683 1156 4756 4,
1195 4683 1250 4755 2,
1279 4683 1331 4756 3,
1366 4682 1417 4756 4,
1445 4683 1498 4756 5,
1523 4683 1557 4740 6
1590 4683 1677 4740 vel
1708 4680 1762 4755 7,
1792 4683 1931 4754 quia

280 4771 414 4842 plus
430 4785 540 4828 non
558 4777 844 4844 crescunt,
867 4773 1036 4829 talem
1061 4774 1297 4830 habebis
1317 4777 1770 4845 concurrentem,
1796 4772 1931 4844 quia

276 4860 456 4915 Fraci
487 4867 740 4931 epactam
770 4861 931 4934 solis,
969 4863 1025 4918 id
1052 4867 1140 4919 est
1167 4869 1571 4920 concurrentes
1601 4862 1933 4932 septimana

274 4949 427 5019 dies,
460 4951 559 5020 qui
585 4952 655 5006 de
679 4951 822 5007 solis
849 4967 1024 5008 cursu
1044 4953 1400 5022 perveniunt,
1436 4967 1495 5008 IX
1525 4952 1646 5008 Kal.
1678 4953 1810 5022 Apr.
1843 4965 1937 5020 po-

278 5042 452 5094 nunt.
474 5039 619 5106 Quia
649 5041 963 5097 secundum
995 5043 1363 5099 traditionem
1393 5043 1605 5098 divina
1630 5043 1939 5099 auctorita-

278 5127 382 5196 tis,
418 5125 504 5182 vel
553 5131 733 5185 sancti
779 5131 996 5186 Nicani
1029 5132 1265 5187 concilii
1313 5132 1504 5188 sidera
1547 5133 1697 5202 cali,
1753 5133 1808 5188 id
1851 5137 1937 5188 est

279 5215 462 5272 solem
511 5219 567 5271 et
627 5217 844 5291 lunam,
888 5224 946 5275 et
1005 5221 1200 5276 stellas
1249 5222 1309 5277 in
1347 5235 1413 5278 eo
1452 5222 1716 5278 datarum
1743 5236 1775 5278 a
1816 5224 1937 5278 Do—

283 5305 445 5361 mino
476 5311 682 5379 creata,
716 5308 803 5363 vel
831 5309 890 5364 in
921 5309 1064 5366 calo
1104 5311 1289 5382 posita
1318 5311 1387 5367 ad
1416 5310 1664 5368 ofﬁcium
1700 5311 1935 5368 humani

283 5395 513 5468 generis
538 5410 660 5452 esse
690 5398 1046 5456 adscribunt.

464 5487 560 5541 Ad
585 5489 787 5555 feriam
825 5490 1240 5546 monstrandum
1280 5492 1339 5545 in
1365 5493 1491 5549 Kal.
1521 5494 1753 5548 Ianuar.

357 5575 492 5633 CIII.
516 5577 574 5633 Si
599 5577 688 5634 vis
712 5577 862 5635 scire
881 5581 1034 5637 diem
1056 5580 1159 5637 Kal
1179 5582 1410 5639 Januar.
1437 5597 1536 5656 per
1560 5581 1825 5655 singulos
1849 5595 1950 5642 an.

757 5687 990 5745 Ρλτιιοι..
1027 5688 1282 5748 CXXIX.

2041 4506 2147 4577 giti
2187 4503 2221 4561 6
2259 4503 2403 4561 feria
2433 4520 2562 4562 cum
2593 4505 2865 4562 bissexto.
2905 4507 2966 4560 In
2995 4505 3164 4561 tertio
3209 4505 3456 4562 articulo
3486 4503 3519 4561 4
3546 4505 3690 4565 feria

2040 4608 2168 4650 cum
2210 4594 2483 4651 bissexto.
2530 4595 2746 4650 Deinde
2791 4595 2852 4650 in
2889 4594 3120 4650 dextera
3153 4607 3322 4650 manu
3365 4595 3423 4650 in
3465 4609 3690 4652 summo

2041 4684 2288 4740 articulo
2320 4684 2546 4739 minimi
2567 4683 2739 4755 digiti
2768 4684 2921 4740 dicis
2949 4686 3196 4740 secunda
3231 4682 3375 4741 feria
3401 4698 3532 4742 cum
3563 4685 3694 4742 bis-

2042 4779 2219 4831 sexto.
2249 4776 2310 4829 In
2338 4771 2586 4829 secundo
2620 4772 2869 4828 articulo
2910 4769 2945 4828 7
2990 4772 3130 4829 feria
3170 4787 3300 4829 cum
3322 4773 3596 4831 bissexto.
3628 4777 3690 4830 In

2044 4863 2215 4919 tertio
2236 4861 2483 4916 articulo
2506 4861 2610 4916 hoc
2631 4866 2716 4915 est
2736 4861 2798 4916 in
2822 4861 3013 4917 radice
3040 4862 3266 4917 minimi
3293 4863 3468 4934 digiti
3490 4861 3526 4919 5
3547 4863 3692 4920 feria

2043 4965 2173 5008 cum
2193 4952 2464 5007 bissexto.
2484 4950 2700 5006 Deinde
2719 4951 2779 5005 in
2798 4951 2988 5006 radice
3012 4951 3240 5020 pollicis
3256 4953 3470 5010 dextra
3489 4954 3640 5010 dicis
3657 4952 3692 5010 3

2044 5038 2188 5097 feria
2213 5054 2343 5098 cum
2387 5040 2662 5095 bissexto.
2689 5041 2996 5110 Hucusque
3019 5040 3089 5095 de
3118 5044 3617 5102 concurrentibus.

2355 5132 2430 5184 De
2455 5131 2745 5200 principiis
2782 5135 3020 5199 quatuor
3056 5136 3376 5202 temporum.

2114 5220 2218 5275 CV.
2269 5220 2329 5275 Si
2391 5222 2480 5276 vis
2543 5220 2712 5289 scire,
2759 5234 2871 5290 qua
2925 5219 3022 5276 die
3091 5223 3420 5292 septimana
3470 5221 3690 5278 intrant

2049 5319 2296 5385 quatuor
2349 5317 2617 5381 tempora,
2655 5309 2759 5367 hoc
2797 5317 2884 5366 est
2911 5325 3025 5379 ver,
3058 5319 3244 5382 astas,
3277 5316 3608 5378 autumnus,
3634 5317 3690 5368 et

2050 5403 2264 5474 hyems,
2318 5415 2476 5457 sume
2526 5401 2876 5471 principium
2927 5401 3106 5458 aKal.
3140 5399 3296 5466 Maii,
3330 5413 3690 5470 quacumque

2045 5491 2199 5548 enim
2249 5488 2392 5546 feria
2435 5487 2653 5546 fuerint
2700 5490 2822 5546 Kal.
2883 5490 3040 5559 Maii,
3088 5487 3346 5556 sequenti
3377 5487 3472 5542 die
3501 5489 3691 5557 septi-

2040 5594 2220 5650 mana
2272 5581 2492 5638 intrant
2520 5579 2645 5637 Kal.
2692 5581 2857 5652 Aug.,
2907 5578 3011 5633 hoc
3062 5580 3148 5632 est
3197 5575 3547 5647 principium
3578 5591 3694 5634 au-

3409 5681 3480 5742 42
