4076 6174
417 275 556 336 4323

1269 265 1560 322 APPEND.
1604 261 1696 318 AD
1741 259 1901 318 SEC.
1955 255 2055 316 IX.
2089 285 2160 298 --
2208 253 2563 314 AUCTORES
2618 255 2956 315 ANONYMI.

3684 238 3829 301 4324

415 398 602 458 tumni
641 396 811 452 tertia
852 393 948 450 die
991 390 1116 447 Kal.
1171 389 1411 462 hyemis,
1454 390 1657 458 quarta
1703 384 1797 440 die
1837 380 2064 453 princi—
2087 384 2145 443 A
2177 371 2318 462 rius,
2348 371 2752 462 Capricornus,
2796 367 3109 462 Aquarius,
3136 365 3350 462 Pisces.
3384 365 3830 462 [nuncquoque

413 490 572 560 pium
598 486 772 556 veris,
797 485 903 539 hoc
932 487 1017 538 est
1055 479 1175 537 Kal.
1208 479 1394 551 Febr.,
1428 490 1530 533 nec
1560 476 1850 530 bissextus
1882 473 2064 526 mutat

416 579 563 634 hanc
592 576 893 632 rationem.

486 669 620 722 Item
649 663 937 718 Sesebutus
981 660 1046 714 de
1085 657 1374 729 eclipsibus
1406 656 1535 710 solis
1577 657 1626 708 et
1659 653 1800 706 lunae
1838 649 1988 702 dicit.

483 755 614 811 CVI.
639 751 947 810 Sesebutus
965 748 1145 805 dicit:

479 843 625 900 Quur
649 842 785 891 fesso
806 840 954 889 Luna
988 839 1007 858 ⁶
1042 835 1246 900 libescit
1274 832 1498 900 circulus
1528 830 1657 900 .orbe

476 891 905 968 Purpureumque
928 900 1084 963 jubar
1113 899 1247 947 nivei
1297 911 1432 968 quur
1477 894 1646 968 tabealt
1677 891 1817 966 horis

476 956 660 1018 Infima
678 956 858 1015 vicinis
879 956 1065 1013 novum
1101 974 1255 1024 quam
1289 956 1499 1024 decolor
1530 956 1724 1024 umbris

482 1016 656 1080 Fratre
693 1031 712 1050 ⁸
754 1031 896 1076 curet
928 1016 1192 1088 vacuaque
1225 1022 1473 1082 exanguis
1515 1018 1708 1088 defficit
1727 1016 1871 1065 hora.

479 1094 790 1142 Inviolatum
825 1093 842 1110 '
868 1091 962 1138 erit
991 1089 1080 1136 sed
1106 1081 1270 1134 'vasto
1301 1081 1515 1145 corpore
1547 1081 1697 1129 tellus

477 1136 888 1214 ﬁliae—medium—
910 1136 1050 1200 tenet
1081 1151 1239 1214 immo
1271 1136 1448 1214 poluin
1483 1145 1605 1214 dum
1636 1141 1862 1190 culmina
1889 1136 2063 1186 fratres

477 1207 679 1267 ﬁeserit
709 1215 999 1265 umbriferis
1035 1207 1288 1260 noctibus?
1325 1211 1448 1256 dum
1478 1207 1643 1254 sidera
1672 1217 1821 1252 casso

481 1280 731 1330 Pollescit
762 1282 909 1325 terrae
951 1275 1131 1323 umbra
1174 1277 1296 1321 rotas
1321 1273 1445 1319 dum
1474 1270 1700 1316 transeat
1731 1277 1877 1314 axem

478 1349 648 1403 Agere
672 1341 812 1389 velox
841 1338 1047 1387 cumulo
1071 1335 1396 1403 speculoque‘
1417 1331 1609 1403 rosanti

484 1394 752 1456 Fraternas
784 1404 984 1464 reparet
1006 1394 1318 1464 periccelurn—
1349 1395 1514 1464 libera
1533 1394 1782 1441 ﬂammas.

483 1471 628 1526 Quur
655 1470 822 1514 autem
842 1457 969 1511 'sola
991 1457 1239 1526 s'polietur
1267 1459 1461 1526 lumine
1492 1457 1655 1526 Luna,

480 1517 568 1581 Nil
597 1543 719 1578 vero
754 1529 939 1575 mirum
979 1517 1070 1582 est,
1106 1524 1294 1586 quippe
1327 1521 1467 1568 illam
1503 1518 1634 1586 lucis
1667 1517 1906 1586 egentem

478 1579 590 1644 Lux
616 1593 782 1640 aliena
817 1589 970 1646 fovet,
1007 1579 1160 1648 quam
1191 1579 1309 1648 cum
1336 1596 1456 1644 pars
1495 1579 1725 1648 proxima
1756 1579 1905 1625 metae

483 1641 698 1714 invidet,
731 1641 968 1713 expectat
993 1641 1166 1696 radius
1193 1646 1322 1714 male
1337 1641 1550 1691 "caerula
1573 1641 1777 1714 fratres.

481 1697 2062 1791 δῖοιῖὅηὶὖῖέιίιειφευτῑιηξιξ’ξξλὶίξὶιυὲηιέοὲηξίίηξὲἕὲξοιὶξξὲἒτίεν
2094 1730 2144 1791 Β

481 1765 1064 1844 Ϊξῑήρτοριιὶυω-βυυρῒίεξ
1091 1771 1245 1834 jubar
1277 1765 1372 1844 est,
1399 1781 1494 1816 nec
1526 1765 1678 1844 Sole“
1697 1765 1973 1844 rubescunt

484 1825 597 1892 Sed
610 1825 776 1904 porro
811 1838 941 1886 ultra
977 1825 1156 1884 Sole'm
1188 1825 1382 1895 rapitur
1415 1829 1748 1904 cum‘vertice
1778 1825 1910 1874 cmli.

479 1890 599 1954 jam
623 1890 764 1965 quur
793 1904 1056 1965 menstruo
1088 1911 1190 1965 non
1217 1890 1421 1965 semper
1455 1892 1642 1954 palleat
1665 1890 1787 1939 orbe

484 1957 665 2018 lnflexi
692 1965 935 2027 praestant
965 1961 1104 2010 illico
1118 1959 1228 2021 jam
1248 1957 1467 2027 tramite,
1488 1968 1671 2027 cursus

483 2017 724 2092 Namque
743 2039 948 2092 vagans
989 2017 1164 2092 errore
1194 2023 1303 2092 rato
1333 2031 1452 2092 cum
1483 2017 1632 2090 devia
1651 2017 1817 2092 tortus

481 2077 616 2143 Tum
638 2077 777 2150 ‘legit
810 2077 1082 2150 anfractus,
1120 2087 1310 2150 metam
1341 2080 1654 2150 solneminus
1689 2077 1788 2126 exit

484 2143 847 2216 lntoquthue
870 2149 1090 2216 peplum
1111 2147 1297 2216 noctis,
1349 2143 1904 2216 radiatquehsororemj

485 2199 616 2268 lianc—
633 2199 824 2265 “eadem
859 2199 986 2260 ratio
1021 2213 1099 2258 est
1127 2199 1312 2257 subitis
1342 2207 1431 2254 ubi
1460 2199 1712 2268 frangitur
1746 2199 1944 2251 umbris

487 2267 708 2341 Augusti
735 2276 872 2326 Solis
902 2273 1110 2322 rutilum
1148 2271 1303 2341 jubar
1331 2269 1509 2341 indiga
1541 2267 1695 2326 lucis,
1754 2327 1764 2338 ι
1858 2326 1888 2341 ﬂ
1913 2322 1924 2341 ε

488 2326 706 2404 ὗῦἕιῇᾶο
735 2341 873 2404 inter
898 2341 1083 2404 terram
1113 2326 1388 2404 etUSOlem
1420 2326 1529 2378 rota
1562 2327 1795 2390 corporis
1828 2326 1928 2377 albi

487 2399 688 2460 Lunam
719 2404 825 2451 erat
852 2399 1059 2447 fratrem
1089 2399 1240 2444 rectis
1269 2407 1510 2454 arguens.

424 2490 822 2562 Argumentum
862 2481 936 2535 ad
993 2482 1208 2550 epactas
1253 2477 1380 2530 solis
1419 2478 1478 2529 in
1527 2473 1654 2526 Kal.
1689 2469 1756 2530 42
1783 2475 2066 2529 mensium.

497 2561 651 2635 CVll.
697 2573 757 2628 Si
809 2571 902 2625 vis
949 2568 1098 2622 scire
1156 2563 1616 2632 uniuscujusque
1662 2562 1873 2616 mensis
1919 2561 2069 2615 diem

425 2667 761 2740 septimanae
799 2661 857 2715 in
886 2656 1009 2712 Kal.
1046 2667 1144 2724 per
1171 2666 1340 2708 unam
1373 2650 1768 2720 septimanam,
1796 2649 1875 2704 ita
1908 2648 2074 2703 inve—

429 2737 574 2829 nies,
609 2756 716 2811 hoc
744 2754 830 2806 est
870 2760 966 2816 per
1001 2744 1136 2798 illos
1155 2742 1281 2796 dies
1317 2737 1370 2794 7.
1405 2739 1632 2792 Primus
1662 2740 1822 2792 Mart.
1861 2737 2073 2791 mensis

429 2823 613 2917 usque
628 2842 697 2917 ad
713 2841 858 2893 Non.
888 2835 1048 2888 Mart.
1071 2848 1087 2897 -,
1111 2829 1248 2897 quia
1271 2825 1677 2896 qualicumque
1695 2823 1838 2880 feria
1855 2823 2073 2881 fuerint

427 2914 549 2992 Kal.
580 2914 767 2996 Mart,
798 2925 857 2980 in
881 2922 983 2976 illa
1009 2923 1178 2975 erunt
1192 2915 1319 2971 Kal.
1351 2914 1618 2970 Novemb.
1642 2933 1656 2985 ς
1677 2921 1733 2968 et
1758 2914 2072 2983 qualicum.

430 3037 540 3096 que
559 3020 656 3076 die
680 3014 1012 3085 septimana:
1041 3006 1260 3064 fuerint
1287 3004 1321 3061 6
1349 3005 1490 3060 Non.
1515 3006 1704 3074 Mart.,
1726 3003 1784 3058 in
1818 3002 1920 3057 illa
1948 3002 2071 3072 ipsa

423 3091 520 3171 die
562 3110 733 3166 erunt
756 3102 880 3159 Kal.
910 3101 1038 3156 Jun.
1082 3101 1138 3152 et
1168 3094 1293 3151 Kal.
1337 3093 1498 3148 Febr.
1522 3111 1537 3162 ;
1560 3097 1615 3148 et
1647 3092 1706 3147 in
1743 3092 1898 3163 quali
1932 3091 2074 3147 feria

426 3201 646 3262 fuerint
691 3195 726 3252 6
774 3196 918 3250 Non.
967 3191 1130 3245 Mart.
1181 3187 1243 3241 in
1289 3185 1412 3256 ipsa
1446 3188 1615 3240 erunt
1666 3181 1788 3237 Kal.
1823 3181 1982 3236 Febr.
2020 3185 2078 3237 et

422 3288 731 3358 Decembr;
754 3285 816 3339 in
847 3290 1206 3353 quacumque
1237 3273 1379 3330 feria
1410 3272 1627 3329 fuerint
1659 3270 1692 3326 4
1729 3273 1874 3358 Non.
1909 3273 2074 3326 Mart.

423 3387 484 3443 in
525 3381 628 3438 illa
679 3357 850 3432 erunt
888 3368 989 3424 Kal
1055 3366 1193 3435 Apr.
1239 3370 1293 3420 et
1334 3362 1457 3417 Kal.
1501 3360 1614 3417 Jul.
1665 3362 1801 3415 Item
1849 3357 1884 3414 3
1931 3362 2077 3443 Non;

425 3439 589 3532 ᾆξαι-ι.
630 3465 753 3522 Kal.
804 3458 1000 3517 Octob.
1046 3454 1198 3526 prid.
1233 3454 1375 3508 Non.
1419 3454 1582 3507 Mart.
1636 3449 1760 3505 Kal.
1813 3450 1970 3505 Maii.
2021 3439 2078 3506 et

425 3562 545 3619 Kal.
569 3561 802 3613 Januar.
823 3551 966 3604 Non.
987 3547 1150 3601 Mart.
1170 3541 1294 3597 Kal.
1312 3540 1456 3612 Aug.
1475 3541 1534 3594 in
1547 3540 1739 3595 eadem
1755 3538 1896 3596 feria
1918 3547 2071 3598 sunt.

427 3667 497 3718 De
557 3654 839 3713 duodecim
883 3647 1057 3718 signis
1107 3642 1432 3718 cmli,__qu§
1467 3645 1708 3718 Pw.qu
1749 3641 1809 3718 in
1854 3641 2073 3718 adid-6‘0

495 3711 714 3789 circulo,
734 3725 829 3794 qui
852 3711 1087 3774 circulus
1113 3715 1344 3781 signifer
1365 3712 1588 3781 dicitur,
1613 3712 1709 3767 hoc
1725 3715 1802 3764 est
1817 3711 2073 3767 sideralis

494 3814 684 3858 cursus
693 3838 704 3851 .

491 3890 671 3944 CVIII.
725 3882 1004 3938 Zodiacus
1046 3888 1272 3941 cursus,
1315 3871 1463 3926 idest
1500 3869 1753 3925 siderius
1795 3871 1881 3926 vel
1910 3871 2072 3928 side—

426 3978 586 4044 ralis,
632 3978 688 4029 et
729 3966 973 4041 signifer
1017 3963 1245 4032 diciter,
1283 3973 1347 4014 eo
1381 3959 1527 4031 quod
1573 3955 1639 4015 42
1667 3959 1830 4030 signa
1862 3959 2073 4018 inferre

427 4067 672 4123 videtur.
707 4057 972 4125 Undique
996 4052 1149 4107 enim
1185 4063 1384 4121 gyrum
1411 4048 1542 4105 cceli
1588 4050 2070 4106 rotundissimum

429 4169 526 4225 per
555 4153 763 4207 lineam
790 4141 1010 4200 zodiaci
1041 4138 1271 4209 circuli,
1306 4138 1472 4208 quasi
1503 4151 1800 4207 personam
1825 4139 2072 4210 amplis-

423 4243 584 4299 simae
611 4249 788 4308 sperae
809 4228 1217 4289 circumdatam
1243 4226 1510 4282 distincti
1555 4227 1787 4305 ordines
1818 4241 2075 4296 gemma—

427 4343 554 4386 rum
582 4324 649 4382 42
669 4336 791 4380 sese
817 4319 1058 4376 invicem
1077 4315 1536 4386 contingentium
1558 4314 1629 4368 ab
1650 4315 1870 4370 oriente
1892 4328 2074 4386 usque

2172 461 2334 533 signo
2376 474 2445 516 ex
2473 461 2564 518 his
2602 459 2688 516 sol
2722 463 2978 515 moratur
3011 455 3080 513 30
3117 454 3324 511 diebus
3353 459 3409 508 et
3443 450 3509 507 40
3538 453 3720 521 horis,
3774 455 3828 506 et

2168 550 2414 605 dimidia
2437 549 2592 605 hora.
2625 552 2781 605 Luna
2797 552 2984 604 autem
3007 544 3236 601 duobus
3256 543 3485 608 diebus,
3505 546 3564 596 et
3582 539 3604 595 4
3621 539 3640 595 4
3669 541 3830 596 horis

2171 626 2622 709 unumquodque
2674 639 2904 709 signum
2948 635 3252 707 percurrit.
3289 634 3356 687 Et
3387 633 3508 687 hszc
3563 628 3630 685 42
3659 631 3827 701 signa

2171 740 2299 782 cum
2327 712 2681 782 ﬁrmamento
2707 732 2950 783 currunt
2981 725 3132 780 linea
3155 722 3392 792 obliqua
3417 720 3664 775 candido
3701 720 3830 773 cir-

2173 814 2304 870 culo
2352 815 2423 870 ab
2465 815 2684 870 oriente
2724 815 2782 870 in
2828 813 3198 880 occidentem,
3240 817 3296 864 et
3325 808 3395 863 ab
3425 807 3718 862 occidente
3764 806 3827 860 in

2173 903 2449 959 orientem
2489 904 2660 959 semel
2711 903 2771 958 in
2802 902 2896 957 die
2938 906 2995 956 et
3029 906 3192 955 nocte
3230 912 3328 969 per
3358 894 3430 954 24
3483 897 3662 951 horas.
3722 893 3826 949 Sol

2172 1000 2360 1048 autem
2400 998 2455 1048 et
2485 992 2642 1064 luna,
2685 997 2740 1048 et
2769 990 2934 1046 stella
2961 989 3214 1059 Saturni,
3246 987 3410 1044 stella
3436 985 3610 1054 Jovis,
3648 983 3821 1039 stella

2172 1081 2391 1150 Martis,
2426 1081 2591 1136 stella
2622 1081 2872 1151 Veneris,
2908 1078 3074 1134 stella
3099 1077 3369 1132 Mercurii
3395 1081 3595 1130 contra
3626 1073 3828 1126 ﬁrma—

2175 1175 2426 1225 mentum
2455 1173 2736 1241 _currunt,
2780 1169 2875 1224 sed
2923 1166 3202 1222 fortitudo
3245 1179 3452 1220 cursus
3479 1159 3820 1217 ﬁrmamenti

2174 1259 2354 1313 trahit
2378 1271 2441 1315 ea
2471 1272 2660 1313 secum
2688 1264 2860 1329 retro,
2883 1257 3034 1312 unde
3057 1262 3206 1311 retro
3225 1253 3593 1326 gradiuntur.
3618 1251 3689 1305 Et
3711 1249 3822 1302 hac

2173 1360 2344 1402 causa
2368 1354 2455 1404 est
2482 1347 2896 1417 inaequalitatis
2923 1346 3171 1414 dierum,
3195 1350 3252 1398 et
3273 1342 3527 1397 noctium
3563 1341 3624 1394 in
3649 1337 3827 1408 longi-

2175 1436 2375 1490 tudine
2417 1440 2472 1490 et
2510 1435 2784 1491 brevitate
2823 1432 3141 1503 obliquitas
3175 1429 3462 1502 signiferi.
3510 1442 3615 1499 per
3661 1440 3821 1498 quem

2174 1524 2256 1580 sol
2289 1532 2345 1580 et
2374 1525 2509 1580 luna
2537 1531 2798 1596 currunt,
2849 1537 2978 1579 cum
3026 1536 3156 1592 pars
3201 1533 3363 1591 requa
3395 1518 3598 1575 mundi
3651 1529 3821 1585 super

2175 1613 2484 1684 subterque
2511 1619 2691 1670 terras
2720 1612 2988 1669 omnibus
3015 1613 3110 1667 hat
3138 1609 3456 1666 momentis.
3489 1607 3627 1662 Inde
3654 1605 3825 1660 lsido-

2175 1718 2274 1758 rus
2303 1703 2484 1758 dicit:
2533 1704 2625 1757 Sol
2644 1706 2789 1757 enim
2817 1703 3036 1771 obliqua
3092 1701 3233 1754 linea
3250 1701 3436 1769 pergit
3464 1697 3540 1750 ad
3578 1697 3824 1755 Boream,

2175 1798 2226 1848 et
2250 1796 2327 1848 ita
2355 1794 2431 1848 ad
2460 1796 2718 1848 orientem
2742 1795 3052 1847 revertitur.

2279 1886 2356 1938 De
2386 1885 2564 1938 causis
2594 1884 2792 1954 quibus
2834 1897 3056 1936 nomina
3085 1882 3405 1949 acceperunt
3435 1874 3503 1931 42
3530 1878 3716 1942 signa.

2245 1973 2384 2028 CIX.
2414 1973 2587 2044 Signa
2627 1969 2712 2043 42,
2745 1971 2829 2027 vel
2856 1985 2887 2026 a
2925 1970 3118 2026 causis
3146 1966 3472 2037 annalibus,
3504 1964 3648 2020 vela
3672 1964 3827 2018 Geu-

2176 2061 2371 2118 tilium
2416 2060 2631 2117 fabulis
2675 2061 2907 2116 nomina
2959 2061 3345 2128 sumpserunt.
3403 2057 3542 2110 Nam
3574 2053 3820 2108 Arietem

2175 2153 2380 2208 Martio
2425 2152 2603 2207 mensi
2655 2158 2884 2222 prepter
2909 2151 3240 2204 Ammonem
3293 2148 3482 2202 Jovem
3508 2143 3822 2216 ,tribuunt,

2179 2242 2279 2312 qui
2307 2247 2370 2297 ut
2415 2240 2607 2297 fabula
2637 2240 2765 2311 fert,
2809 2241 2868 2295 in
2911 2239 3012 2294 illo
3040 2251 3227 2293 mense
3261 2235 3463 2291 Libero
3493 2235 3646 2305 patri
3695 2247 3820 2288 cum

2177 2345 2282 2388 suo
2321 2333 2576 2387 exercitu
2619 2332 2676 2386 in
2705 2331 2864 2385 lndia
2905 2331 2963 2384 in
3010 2327 3268 2384 arenosis
3297 2326 3462 2388 locis,
3487 2325 3589 2380 ubi
3623 2337 3822 2394 aquam

2180 2434 2291 2476 non
2338 2420 2636 2490 habebant,
2687 2425 2744 2474 et
2784 2418 2907 2474 illis
2944 2417 3280 2473 sitientibus
3307 2415 3534 2484 Jupiter
3562 2420 3825 2468 ostensus

2179 2518 2264 2564 est
2327 2510 2384 2564 in
2457 2508 2637 2564 forma
2701 2507 2922 2576 arietis,
2974 2512 3030 2560 et
3091 2504 3341 2560 ostendit
3410 2503 3533 2556 illis
3592 2500 3820 2556 fontem.

2183 2600 2482 2668 Propterea
2501 2598 2559 2652 in
2578 2598 2704 2667 ejus
2724 2596 3033 2652 simulacro
3053 2594 3255 2650 arietis
3275 2605 3493 2648 cornua
3516 2591 3821 2645 ﬁnxerunt.

2180 2690 2318 2743 Item
2365 2687 2648 2743 Eusebius
2694 2687 2753 2742 in
2784 2685 3067 2741 Chronico
3109 2684 3230 2738 ait:
3273 2683 3467 2735 Frirus
3515 2696 3640 2733 cum
3684 2679 3825 2734 Helle

2180 2793 2360 2832 sorore
2405 2794 2508 2832 sua
2551 2779 2771 2846 fugiens
2822 2776 3056 2830 insidias
3096 2773 3400 2828 novercales
3449 2773 3608 2824 visus
3639 2776 3716 2824 est
3736 2785 3830 2840 per

2180 2884 2327 2922 eram
2351 2869 2473 2922 vehi
2501 2869 2569 2922 ab
2598 2870 2766 2922 ariete
2793 2868 3009 2921 velleris
3056 2867 3230 2918 aurei.
3280 2864 3413 2918 Fuit
3439 2866 3638 2917 autem
3678 2861 3828 2916 navis

2183 2964 2377 3028 parata
2408 2958 2460 3013 ei
2494 2956 2760 3029 fugienti,
2789 2958 2957 3027 cujus
2989 2956 3214 3026 insigne
3234 2954 3385 3008 aries
3408 2958 3552 3007 erat.
3583 2951 3825 3006 Taurum

2101 3054 2151 3116 α
2180 3049 2366 3118 Aprili
2407 3047 2675 3103 tribuunt
2701 3055 2930 3117 propter
2967 3045 3223 3100 eumdem
3248 3045 3456 3113 Jovem,
3487 3054 3556 3096 eo
3583 3041 3735 3110 quod
3774 3039 3828 3092 in

2186 3137 2378 3193 lm'em
2401 3151 2707 3193 conversus
2731 3137 2829 3207 sit,
2855 3141 2921 3192 ut
2950 3134 3156 3190 fabula:
3195 3132 3403 3188 ferunt.
3431 3132 3731 3199 Geminos,
3757 3128 3832 3182 id-

2187 3232 2271 3281 est
2299 3227 2584 3282 Castorem
2633 3231 2689 3282 et
2726 3225 3033 3295 Pollucem,
3077 3222 3289 3295 quibus
3335 3221 3552 3277 Maium
3606 3224 3832 3290 propter

2186 3315 2444 3387 insignes
2462 3316 2706 3371 virtutes
2724 3329 2920 3371 eorum
2937 3314 3330 3386 adsignarunt.
3361 3313 3540 3368 Porro
3555 3312 3830 3367 Cancrum

2183 3405 2353 3460 Junio
2397 3406 2794 3477 adsignarunt,
2841 3419 2906 3461 eo
2951 3405 3099 3474 quod
3128 3403 3212 3458 sol
3263 3404 3322 3458 in
3370 3403 3474 3456 illo
3526 3414 3718 3456 mense
3740 3400 3829 3469 ad,

2187 3493 2460 3550 inferiora
2510 3497 2834 3568 revertitur,
2885 3495 3039 3549 sicut
3080 3495 3289 3549 Cancer
3332 3495 3624 3564 impulsus
3687 3500 3831 3548 retro

2184 3599 2414 3640 cursum
2442 3585 2692 3657 dirigere
2722 3587 2882 3642 solet.
2930 3587 3188 3653 Leonem,
3211 3599 3393 3656 ,quem
3426 3585 3646 3640 occidit
3691 3584 3832 3638 Her-

2183 3674 2535 3745 cules,Julio
2575 3682 2804 3745 prepter
2833 3676 2948 3731 vim
2984 3675 3225 3730 fervoris
3271 3675 3602 3746 adsignant,
3638 3673 3829 3744 Virgi-

2183 3776 2308 3818 nem
2333 3766 2612 3834 Augusto,
2646 3779 2710 3820 eo
2746 3767 2896 3835 quod
2930 3771 3065 3821 tunc
3105 3765 3276 3820 tellus
3304 3772 3507 3819 exusta
3539 3763 3829 3819 caloribus

2183 3853 2330 3908 nihil
2359 3856 2558 3924 pariat.
2587 3854 2758 3910 Libra
2775 3854 3090 3925 Septembri
3117 3855 3188 3909 ob
3215 3853 3606 3925 zequalitatem
3634 3852 3753 3907 diei
3778 3856 3829 3905 et

2183 3945 2385 3999 noctis.
2439 3947 2736 4015 Scorpium
2787 3952 2843 4000 et
2870 3945 3240 4016 Sagittarium
3284 3945 3520 4014 equinis
3564 3942 3834 3998 cruribus

2174 4040 2486 4098 formatum
2520 4042 2748 4104 propter
2787 4034 3032 4090 fulmina
3065 4035 3344 4089 mensium
3377 4034 3640 4102 ipsorum
3675 4034 3834 4087 Octo-

2181 4128 2336 4183 brem
2357 4132 2415 4180 et
2433 4124 2797 4180 Nevembrem
2823 4123 3117 4192 accipiunt
3141 4123 3589 4195 ,Capricornum
3613 4123 3841 4176 Decem-

2182 4218 2281 4273 ber
2310 4216 2553 4272 sortitur
2595 4219 2824 4284 propter
2866 4227 3093 4282 capram
3129 4213 3285 4269 Jovis
3315 4212 3623 4281 nutricem,
3663 4211 3828 4280 cujus

2181 4311 2430 4362 extrema
2445 4304 2823 4374 piscisimilia
2837 4303 3174 4375 pinguntur,
3189 4316 3254 4359 eo
3267 4303 3417 4372 quod
3433 4301 3531 4370 huj
3543 4316 3610 4357 ns
3625 4301 3836 4355 mensis

428 4419 484 4476 id
513 4415 886 4481 occidentem,
917 4409 996 4464 ita
1021 4405 1287 4463 obsident
1324 4407 1379 4458 et
1431 4402 1736 4458 cohaerent.
1776 4405 1902 4459 Haac
1939 4418 2073 4476 ergo
2099 4421 2154 4483 D
2186 4395 2390 4451 ultima
2410 4393 2744 4464 spatiasunt
2761 4392 3013 4462 pluvida.
3036 4391 3356 4463 Aquarium
3374 4390 3652 4445 Januario
3678 4397 3736 4445 et
3755 4390 3837 4443 Fe-

425 4523 584 4580 zona,
630 4518 756 4577 quae
802 4499 1072 4557 zodiacus
1111 4499 1167 4551 et
1204 4492 1472 4550 sideralis
1519 4493 1758 4564 dicitur,
1791 4498 1848 4549 et
1884 4494 2076 4550 Maza—

432 4579 583 4669 roth,
616 4599 673 4651 et
691 4594 897 4649 horum
928 4586 1106 4642 cobus
1125 4583 1311 4653 cingit
1336 4581 1542 4637 ccelum
1568 4579 1634 4637 42
1663 4582 1850 4639 stellis
1869 4583 2076 4639 distin-

431 4693 541 4756 cta,
578 4698 678 4756 per
713 4693 838 4752 quae
863 4675 949 4733 sol
979 4680 1035 4730 et
1065 4674 1202 4728 luna
1239 4671 1605 4726 discurrunt.
1642 4672 1712 4727 Et
1741 4676 1877 4727 sunt
1906 4676 2076 4728 tanta:

430 4771 872 4845 magnitudinis,
933 4770 998 4822 ut
1026 4777 1137 4819 non
1189 4761 1382 4816 minus
1429 4774 1598 4832 quam
1639 4761 1865 4817 duabus
1916 4762 2077 4819 horis

431 4861 662 4934 singula
687 4859 851 4930 signa
873 4855 1038 4923 oriri,
1067 4851 1153 4908 vel
1185 4849 1462 4922 occidere,
1496 4849 1580 4906 vel
1610 4851 1682 4907 de
1709 4851 1831 4907 loco
1864 4853 2077 4908 moveri

432 4952 669 5026 possint.
703 4950 944 5004 Tantum
976 4956 1106 4999 vero
1131 4939 1410 4996 ambitum
1440 4941 1658 4996 zodiaci
1693 4941 1828 4997 ictis
1852 4940 1922 4997 65
1948 4943 2082 4998 die—

433 5045 543 5100 bus
573 5046 629 5097 et
665 5039 701 5094 6
751 5036 911 5092 horis
938 5032 1176 5105 peragit.
1233 5034 1390 5087 Luna
1435 5037 1624 5086 autem
1650 5027 1719 5087 26
1764 5031 1990 5102 diebus,
2026 5037 2082 5088 et

433 5135 470 5190 8
499 5130 660 5188 horis
693 5128 887 5183 eadem
926 5121 993 5178 42
1021 5124 1187 5194 signa
1213 5120 1484 5192 pervolat,
1519 5119 1675 5176 binis
1695 5135 1825 5177 vero
1850 5121 2076 5192 diebus,

433 5228 488 5282 et
537 5220 572 5277 6
611 5216 790 5287 horis,
850 5227 915 5268 ac
973 5212 1134 5266 besse
1186 5211 1363 5266 unius
1423 5209 1575 5265 horae
1629 5209 2080 5283 unumquodque

435 5315 664 5386 signum
704 5302 1004 5378 percurrit.
1033 5302 1159 5356 Haec
1187 5305 1375 5356 autem
1409 5301 1573 5371 signa
1605 5297 1689 5370 42,
1720 5313 1818 5368 per
1845 5315 1969 5369 quae
1996 5301 2080 5357 sol

437 5411 492 5460 et
521 5402 658 5458 luna
696 5397 958 5465 currunt,
993 5391 1074 5447 ita
1119 5396 1425 5447 vocantur:
1459 5390 1642 5458 Aries,
1683 5390 1924 5460 Taurus,
1965 5389 2084 5445 Ge-

443 5491 608 5560 mini,
660 5488 892 5554 Cancer,
925 5485 1051 5548 Leo,
1094 5480 1286 5553 Virgo.
1324 5478 1515 5550 Libra,
1539 5479 1796 5550 Scorpio,
1826 5479 2083 5553 Sagitta-

510 5588 532 5614 ⁸
560 5578 725 5634 Forte
756 5575 834 5629 At
859 5574 1050 5627 chorus
1079 5575 1352 5624 astrorum

2185 4485 2440 4541 bruario.
2466 4485 2655 4540 Pisces
2680 4483 2916 4538 tradunt
2933 4486 3163 4552 propter
3185 4494 3404 4536 menses
3423 4479 3558 4536 illos
3587 4478 3838 4534 imbrife-

2185 4589 2298 4631 ros.
2325 4574 2781 4644 Unumquodque
2797 4585 2930 4643 ergo
2953 4571 3184 4642 signum
3198 4569 3267 4625 de
3293 4570 3384 4625 his
3400 4566 3839 4624 l‘zannisame—

2185 4666 2282 4722 dio
2310 4665 2404 4720 die
2432 4664 2644 4718 mensis
2669 4677 2890 4734 semper
2922 4661 3164 4732 incipit;
3189 4661 3297 4717 hoc
3322 4665 3408 4716 est
3427 4672 3544 4714 xxv
3574 4659 3685 4714 Kal
3710 4660 3838 4714 Jun.

2185 4757 2466 4826 cujusque
2512 4755 2724 4810 mensis
2751 4754 3002 4824 exceptis
3026 4752 3255 4808 duobus
3285 4749 3581 4806 mensibus
3604 4751 3838 4805 Januar.

2185 4852 2241 4902 et
2268 4846 2451 4916 Febr.,
2479 4846 2614 4916 quia
2652 4859 2749 4900 xv1
2781 4844 2903 4900 Kal.
2950 4843 3108 4898 Febr.
3157 4843 3242 4899 sol
3293 4843 3471 4898 intrat
3513 4841 3838 4910 Apuarium

2187 4941 2359 4990 etxxv
2408 4935 2530 4988 Kal.
2564 4937 2727 4990 Mart.
2767 4932 3092 5005 ingreditur
3128 4932 3335 4988 Pisces.
3368 4933 3427 4985 In
3455 4929 3598 4984 aliis
3649 4935 3837 4984 ante

2193 5025 2258 5083 40
2287 5025 2473 5096 signis
2503 5025 2587 5080 sol
2612 5026 2790 5079 intrat
2813 5024 3164 5095 principium
3193 5023 3658 5092 uniuscujusque
3690 5017 3838 5090 signi

2190 5130 2262 5173 xv
2297 5115 2418 5170 Kal.
2451 5115 2705 5170 Primum
2731 5113 2960 5185 signum
2988 5113 3206 5169 Arietis
3229 5112 3372 5168 oriri
3409 5110 3623 5181 incipit
3657 5109 3840 5165 medio

2190 5207 2416 5271 Martio,
2482 5204 2630 5260 idest
2684 5217 2718 5259 a
2767 5217 2841 5257 xv
2898 5202 3018 5258 Kal.
3086 5203 3223 5272 Apr.
3279 5200 3610 5258 Secundum
3666 5198 3837 5254 Tauri

2195 5296 2403 5366 incipit
2444 5308 2516 5348 xv
2546 5293 2668 5348 Kal.
2703 5291 2860 5347 Maii.
2891 5292 3146 5348 Tertium
3173 5292 3546 5348 Geminorum
3603 5302 3676 5345 xv
3717 5289 3837 5344 Kal.

2189 5389 2318 5444 Jun.
2353 5388 2633 5457 Quartum
2662 5384 2863 5442 Cancri
2895 5399 2968 5440 xv
2994 5384 3119 5440 Kal.
3145 5384 3346 5440 Julias.
3389 5382 3674 5452 Quintum
3701 5382 3842 5435 Leo-

2194 5478 2288 5534 nis
2336 5477 2545 5550 incipit
2572 5491 2644 5534 xv
2697 5478 2820 5536 Kal.
2853 5477 2998 5550 Aug.
3045 5477 3276 5534 Sextum
3319 5472 3551 5544 signum
3584 5468 3845 5540 Virginis
