4054 6192
212 291 354 351 4325

1570 286 1773 344 LIBER
1808 285 1900 343 DE
1936 284 2280 344 COMPUTO.

3478 278 3616 341 4326

213 418 426 490 incipit
443 429 521 473 xv
543 415 670 472 Kal.
691 417 842 487 Sept.
866 413 1180 485 Septimum
1203 414 1431 486 signum
1455 411 1664 482 incipit
1684 410 1865 467 Libra:
1888 411 1948 473 Α
1974 408 2277 479 complent.
2318 408 2377 465 Si
2409 408 2571 470 enim
2594 411 2679 464 ter
2715 408 2950 464 duxeris
2977 405 3047 464 60
3076 411 3230 478 sunt,
3273 405 3380 463 hoc
3410 410 3496 462 est
3523 402 3616 459 bis

213 523 285 565 xv
337 507 462 562 Kal.
513 505 710 562 Octob.
754 506 1024 561 Octavum
1068 504 1298 575 signum
1341 502 1575 571 Scorpio
1617 513 1690 555 xv
1737 499 1860 555 Kal.

213 597 444 668 incipit.
473 598 699 651 Nonum
727 594 954 666 signum
980 592 1328 664 Sagittarius
1352 605 1425 646 xv
1448 590 1571 645 Kal.
1599 587 1860 644 Decemb.

211 685 441 756 incipit.
487 684 779 739 Decimum
833 683 1061 753 signum
1121 681 1288 751 Capri
1346 693 1419 736 xv
1460 678 1581 734 Kal.
1627 680 1856 733 Januar.

212 775 527 844 incipiunt.
563 773 939 830 Undecimum
971 773 1202 843 signum
1232 769 1475 840 Aquarii
1520 767 1732 837 incipit
1761 779 1858 821 xvr

211 862 341 918 Kal.
372 862 532 917 Febr.
559 860 971 918 Duodecimum
1003 861 1232 932 signum
1257 858 1507 913 Piscium
1538 854 1745 924 incipit
1764 867 1861 908 xiv

211 951 342 1006 Kal.
373 953 538 1006 Mart.
567 950 768 1006 Decem
799 949 952 1005 horae
989 953 1046 1004 et
1081 947 1275 1018 semis,
1318 960 1444 1016 quae
1475 945 1606 1014 plus
1634 947 1772 998 sunt
1802 942 1862 997 in

209 1039 403 1110 signis
441 1038 711 1110 singulis,
752 1037 1071 1108 computari
1112 1035 1503 1106 negliguntur,
1546 1031 1642 1086 sed
1675 1036 1862 1086 tamen

207 1128 534 1198 computari
556 1133 612 1182 et
634 1127 933 1182 memorari
955 1125 1179 1182 debent.
1202 1123 1462 1178 Tricenis
1481 1120 1633 1176 enim
1655 1118 1862 1174 diebus

207 1225 266 1274 et
309 1215 375 1273 40
417 1217 575 1273 horis
617 1221 672 1272 et
713 1215 887 1272 semis
926 1215 1033 1270 hoc
1074 1218 1162 1270 est
1196 1211 1268 1269 20
1317 1209 1622 1267 momentis
1669 1207 1753 1264 sol
1799 1208 1859 1262 in

211 1319 564 1377 unoquoque
585 1305 750 1376 signo
774 1310 1046 1360 moratur.
1069 1301 1330 1374 Singulis
1349 1300 1537 1372 signis
1555 1296 1625 1355 30
1648 1301 1856 1367 partes,

211 1400 390 1451 ternae
419 1408 548 1450 vero
577 1394 816 1451 decades
843 1394 1214 1462 deputantur,
1245 1397 1302 1446 et
1330 1388 1558 1460 singula
1597 1388 1762 1458 signa
1793 1382 1858 1440 40

209 1488 459 1554 punctos
503 1481 726 1553 habent,
775 1482 924 1537 idest
961 1481 1107 1537 duas
1151 1480 1320 1535 horas
1360 1476 1396 1533 5
1431 1478 1612 1532 Emm.
1659 1472 1857 1544 puncti

210 1572 272 1627 in
303 1572 442 1627 luna
471 1584 642 1628 unam
666 1571 861 1626 horam
893 1569 1134 1625 faciunt.
1165 1567 1392 1640 Singuli
1425 1565 1609 1637 igitur
1639 1574 1859 1618 menses

205 1673 318 1717 sua
366 1660 531 1731 signa
578 1658 826 1714 habent:
859 1657 1082 1727 Aprilis
1123 1656 1352 1727 signum
1389 1653 1627 1723 Arietis,
1673 1650 1859 1706 Maius

1973 495 2061 566 30,
2115 498 2215 567 qui
2259 495 2481 554 faciunt
2528 498 2642 554 duo
2691 499 2872 568 signa.
2929 499 3182 555 Tricenze
3221 500 3376 555 enim
3427 504 3615 570 partes

1975 598 2152 641 unum
2201 586 2431 658 signum
2483 585 2720 643 faciunt.
2774 589 2910 642 Item
2956 587 3091 643 luna
3133 587 3167 644 6
3209 589 3257 644 si
3306 591 3396 646 vis
3443 590 3611 658 scire,

1975 678 2250 744 quantum
2287 688 2320 730 a
2368 675 2485 731 sole
2532 676 2724 745 distet,
2777 676 3100 747 multiplica
3138 677 3171 734 6
3211 687 3428 753 quater,
3472 683 3618 739 ﬁunt

1968 759 2058 818 24.
2097 764 2209 818 Hos
2249 765 2462 832 partire
2501 778 2599 834 per
2640 764 2849 835 decies,
2892 765 2985 821 bis
3015 766 3149 822 deni
3191 774 3345 840 sunt,
3389 770 3494 826 hoc
3531 775 3618 826 est

1969 852 2086 908 duo
2131 853 2314 924 signa,
2372 858 2664 909 remanent
2710 850 2760 908 4.
2808 855 3130 924 Multiplica
3179 861 3282 928 ter,
3338 857 3483 914 ﬁunt
3527 856 3612 916 42.

1969 941 2205 998 Duobus
2232 956 2366 1014 ergo
2397 943 2601 1014 signis,
2635 947 2691 998 et
2721 940 2788 1000 42
2820 943 3082 1013 partibus
3113 944 3250 1002 luna
3280 945 3314 1001 6
3345 961 3614 1018 sempera

1971 1029 2090 1085 sole
2118 1030 2313 1087 distat.
2350 1033 2483 1087 Item
2516 1031 2651 1087 luna
2690 1032 2931 1102 septima
2971 1033 3296 1104 multiplica
3321 1032 3357 1090 7
3392 1041 3614 1109 quater,

1973 1117 2116 1173 ﬁunt
2135 1117 2222 1173 28.
2247 1121 2366 1175 Duc
2390 1125 2491 1190 ter,
2522 1117 2772 1176 ﬁunt84.
2803 1121 3036 1178 Duobus
3057 1123 3262 1196 signis,
3290 1129 3346 1179 et
3365 1122 3435 1179 24
3461 1131 3618 1194 parte

1971 1207 2126 1261 tertii
2179 1207 2341 1279 signa
2380 1212 2398 1231 '
2439 1208 2575 1264 luna
2618 1221 2650 1263 a
2694 1210 2813 1265 sole
2855 1210 3174 1282 elongatur.
3219 1214 3354 1267 Item
3407 1214 3543 1270 luna
3579 1213 3616 1270 8

1970 1296 2294 1366 multiplica
2317 1295 2353 1352 8
2382 1305 2601 1368 quater,
2634 1298 2778 1354 ﬁunt
2801 1297 2888 1354 32.
2919 1301 3018 1355 His
3042 1301 3236 1357 ductis
3260 1306 3347 1357 ter
3373 1302 3518 1358 ﬁunt
3546 1301 3616 1360 96

1969 1385 2158 1441 tribus
2186 1386 2392 1458 signis,
2426 1392 2482 1442 et
2511 1386 2545 1443 6
2571 1388 2833 1458 partibus
2862 1389 3000 1445 luna
3022 1388 3058 1444 8
3086 1391 3387 1462 elongatur
3409 1405 3442 1448 a
3473 1393 3609 1450 sole.

1966 1475 2060 1531 Sic
2101 1476 2238 1532 luna
2281 1490 2429 1532 nona
2474 1477 2524 1533 si
2564 1477 2816 1534 volueris
2857 1479 3006 1534 scire
3046 1486 3321 1550 quantum
3365 1482 3544 1538 distat
3579 1495 3613 1539 a

1968 1565 2122 1620 sole:
2158 1565 2483 1636 multiplica
2505 1563 2539 1620 9
2575 1571 2822 1637 quatuor
2850 1568 3023 1636 vices,
3061 1568 3208 1624 ﬁunt
3231 1567 3317 1624 36.
3350 1572 3470 1627 Duc
3501 1575 3606 1640 ter,

1968 1653 2112 1710 ﬁunt
2147 1651 2248 1710 408
2289 1655 2477 1710 tribus
2507 1655 2712 1726 signis,
2752 1660 2809 1711 et
2841 1652 2905 1710 47
2940 1657 3204 1726 partibus
3233 1658 3370 1714 luna
3409 1672 3554 1714 nona
3579 1672 3615 1715 a

203 1750 408 1820 Tauri,
434 1749 642 1804 Junius
670 1747 1063 1817 Geminorum,
1088 1746 1280 1801 Julius
1307 1743 1530 1814 Cancri,
1563 1744 1858 1812 Augustus
1889 1739 1941 1800 Β
1966 1743 2084 1798 sole
2112 1743 2430 1815 elongatur.
2467 1745 2601 1798 Item
2644 1743 2780 1800 luna
2813 1742 2878 1800 40
2922 1745 3248 1815 multiplica
3280 1744 3346 1802 40
3388 1753 3621 1822 quater,

205 1839 439 1907 Leonis,
471 1835 793 1907 September
822 1835 1101 1907 Virginis,
1131 1834 1373 1890 October
1400 1832 1603 1902 Librae,
1629 1831 1860 1885 Novem-

207 1926 314 1982 ber
380 1925 734 1996 Scorpionis,
793 1924 1098 1980 December
1165 1921 1484 1994 Sagittarii,
1547 1917 1857 1973 Ianuarius

202 2015 568 2084 Capricorni,
607 2013 955 2069 Februarius
994 2012 1259 2083 Aquarii,
1300 2008 1544 2065 Martius
1582 2006 1855 2076 Piscium,

203 2103 370 2164 sicut
400 2103 634 2173 quidam
663 2107 914 2158 veterum
945 2101 1115 2157 etiam
1147 2099 1409 2156 versibus
1438 2095 1768 2168 explicavit.

205 2214 286 2267 De
327 2226 494 2266 cursu
530 2211 659 2264 solis
690 2215 742 2265 et
776 2196 938 2273 lima,
978 2209 1121 2263 idest
1159 2210 1218 2262 in
1252 2223 1357 2277 quo
1391 2208 1545 2275 signa
1575 2205 1748 2260 currit
1779 2202 1862 2258 sol

716 2288 766 2336 et
796 2284 855 2335 in
885 2296 989 2350 quo
1018 2283 1173 2346 signo
1207 2279 1356 2332 luna.

281 2370 402 2426 CX.
437 2369 497 2425 Si
529 2369 619 2426 vis
657 2369 823 2440 scire,
869 2368 927 2423 in
970 2382 1080 2437 quo
1125 2367 1289 2438 signo
1334 2365 1469 2420 luna
1500 2368 1605 2434 est,
1637 2367 1694 2418 et
1722 2365 1863 2432 quot

206 2459 403 2531 signa,
431 2463 572 2529 quot
599 2462 786 2528 partes
809 2460 945 2511 sunt
971 2455 1120 2510 inter
1147 2454 1322 2510 solem
1342 2458 1399 2508 et
1424 2453 1618 2508 lunam
1646 2452 1702 2507 in
1728 2464 1864 2507 una-

209 2561 446 2619 quaque
483 2547 600 2616 die,
641 2559 801 2601 sume
840 2543 1055 2614 lunam,
1098 2556 1269 2612 quam
1310 2541 1584 2606 volueris,
1624 2545 1690 2596 ut
1726 2543 1864 2610 puta

213 2636 484 2708 primam.
524 2633 846 2704 Multiplica
887 2645 1062 2688 unum
1104 2645 1203 2701 per
1232 2627 1264 2686 4
1305 2629 1450 2686 ﬁunt
1490 2626 1543 2684 4.
1580 2631 1642 2684 In
1673 2625 1705 2682 4
1732 2639 1865 2708 ergo

1967 1828 2035 1887 40
2079 1831 2224 1886 ﬁunt
2264 1829 2332 1886 40
2370 1833 2620 1901 punctis,
2670 1832 2776 1888 hoc
2817 1838 2902 1889 est
2937 1833 2974 1889 8
3011 1836 3172 1892 horis
3210 1837 3347 1894 luna
3392 1841 3614 1898 decima

1967 1921 2268 1992 elongatur
2303 1933 2337 1975 a
2366 1921 2527 1990 sole;
2562 1917 2626 1976 40
2667 1934 2801 1992 ergo
2845 1925 3064 1993 puncti,
3109 1925 3256 1981 idest
3295 1929 3423 1983 duae
3461 1930 3615 1988 hora:

1969 2023 2147 2066 unum
2178 2007 2406 2080 signum
2451 2007 2690 2079 faciunt,
2740 2015 2797 2065 et
2834 2007 2902 2066 40
2941 2013 3160 2083 puncti,
3195 2014 3302 2071 hoc
3331 2023 3418 2072 est
3461 2017 3545 2089 44,
3575 2018 3610 2076 4

1968 2098 2133 2168 signa
2161 2097 2464 2169 complent,
2511 2102 2566 2152 et
2602 2098 2681 2152 ita
2725 2098 2861 2154 luna
2908 2096 2993 2170 40,
3031 2097 3064 2156 4
3094 2103 3281 2174 signis
3323 2120 3546 2178 semper
3574 2123 3607 2166 a

1969 2186 2089 2241 sole
2125 2187 2322 2242 distat.
2369 2188 2526 2242 Luna
2567 2199 2700 2258 ergo
2741 2183 2807 2242 45
2844 2188 2894 2243 si
2930 2189 3018 2244 vis
3058 2191 3226 2263 scire,
3267 2201 3545 2264 quantum
3578 2213 3611 2256 a

1970 2274 2088 2330 sole
2121 2274 2315 2344 distet,
2357 2279 2411 2330 et
2449 2278 2589 2344 quot
2626 2274 2790 2346 signa
2825 2281 2963 2332 sunt
3003 2277 3152 2335 inter
3185 2281 3380 2354 solem,
3417 2289 3474 2340 et
3510 2285 3612 2343 lu-

1972 2377 2122 2433 nam,
2154 2363 2383 2434 quando
2426 2363 2811 2433 plenilunium
2855 2371 2960 2436 est,
2995 2367 3320 2439 multiplica
3352 2368 3418 2428 45
3448 2388 3547 2444 per
3575 2373 3610 2432 4

1970 2453 2140 2522 vices,
2190 2453 2336 2509 ﬁunt
2364 2450 2451 2508 60.
2498 2454 2601 2508 Tot
2633 2454 2831 2522 puncti
2877 2461 3015 2510 sunt
3047 2457 3105 2512 in
3143 2458 3289 2515 .luna
3323 2457 3407 2532 45,
3440 2469 3497 2518 et
3526 2468 3611 2521 tot

1973 2542 2204 2613 punctis
2234 2541 2405 2610 lucet,
2437 2541 2540 2598 hoc
2565 2548 2653 2598 est
2684 2540 2750 2597 42
2779 2543 2958 2616 horis,
2983 2551 3038 2601 et
3056 2549 3140 2603 tot
3171 2551 3421 2622 punctis,
3450 2557 3507 2608 et
3534 2558 3620 2611 tot

1976 2630 2135 2686 horis
2159 2629 2340 2685 distat
2364 2630 2501 2685 luna
2525 2631 2973 2704 decimaquinta,
3010 2635 3113 2690 hoc
3143 2642 3230 2692 est
3253 2637 3287 2694 6
3314 2639 3536 2714 signis;
3566 2643 3618 2699 si

214 2694 455 2797 punctis
484 2723 619 2779 luna
646 2694 830 2792 prima
855 2733 1075 2789 semper
1099 2694 1131 2775 ξι
1152 2719 1272 2776 sole
1295 2719 1496 2773 distat.
1522 2719 1643 2772 Duc
1666 2694 1880 2803 quater.
1975 2719 2129 2774 enim
2168 2717 2236 2775 60
2277 2733 2375 2789 per
2402 2720 2594 2776 decem
2628 2694 2876 2790 partitus
2913 2694 3111 2795 fuerit,
3145 2726 3251 2783 hoc
3279 2694 3622 2803 θειυο

213 2822 327 2884 ter,
368 2813 516 2869 ﬁunt
559 2809 644 2866 42.
692 2809 1002 2865 Duodecim
1047 2822 1180 2880 ergo
1223 2807 1484 2878 partibus
1529 2807 1634 2862 hoc
1672 2811 1758 2860 est
1803 2801 1870 2860 42
1981 2807 2222 2879 integra,
2279 2808 2418 2880 quia
2463 2806 2529 2865 40
2577 2811 2774 2880 puncti
2835 2825 3056 2883 semper
3101 2816 3331 2886 signum
3379 2801 3621 2876 faciunt.

212 2903 430 2961 diebus
474 2901 609 2957 luna
653 2899 837 2970 prima
867 2911 1142 2968 sempera
1172 2897 1291 2952 sole
1320 2897 1641 2967 elongatur.
1686 2895 1870 2962 Prop-
1977 2896 2282 2966 Sexaginta
2318 2910 2452 2968 ergo
2496 2899 2681 2954 sexies
2727 2899 2859 2955 deni
2905 2909 3058 2976 sunt,
3108 2904 3214 2961 hoc
3256 2912 3342 2963 est
3371 2905 3404 2964 6
3443 2909 3628 2980 signa.

214 3000 376 3051 terea
406 2997 592 3046 autem
633 2992 1054 3059 quotacumque
1095 2986 1231 3042 luna
1262 2984 1439 3042 fuerit
1469 2998 1568 3055 per
1597 2980 1630 3038 4
1661 2981 1871 3037 multi-
1982 2987 2117 3041 Item
2157 2982 2225 3039 60
2255 2989 2342 3039 ter
2372 2985 2744 3054 multiplicati
2787 2989 2933 3045 ﬁunt
2963 2996 3049 3048 ter
3088 2996 3376 3067 sexageni,
3413 2997 3516 3052 hoc
3546 3003 3634 3054 est

216 3082 495 3154 plicatur,
546 3079 682 3150 quia
725 3073 758 3133 4
806 3076 1036 3147 punctis
1086 3088 1307 3145 semper
1353 3074 1562 3130 crescit
1603 3071 1873 3142 splendor
1900 3083 1948 3145 α
1980 3073 2015 3130 6
2045 3073 2275 3144 triceni,
2319 3074 2417 3144 qui
2465 3074 2772 3143 perﬁciunt
2813 3075 2847 3132 6
2889 3079 3074 3150 signa.
3116 3082 3224 3136 Sex
3267 3097 3400 3154 ergo
3444 3085 3634 3156 signis

218 3171 378 3227 lunae
423 3167 718 3224 recedento
746 3179 780 3222 a
808 3165 948 3236 sole,
979 3169 1036 3220 et
1064 3160 1097 3219 4
1127 3163 1358 3234 punctis
1405 3161 1676 3232 splendor
1720 3160 1872 3216 luna!
1983 3175 2222 3233 semper,
2277 3162 2425 3217 idest
2463 3163 2710 3219 dimidio
2749 3165 2968 3234 sphera:
3013 3169 3264 3226 caelestis
3313 3171 3450 3228 luna
3495 3170 3563 3228 45
3599 3187 3634 3230 a

216 3255 506 3314 decrescit
529 3268 748 3324 semper
775 3253 930 3310 omni
961 3253 1057 3308 die
1084 3256 1210 3322 post
1240 3250 1625 3321 plenilunium
1657 3249 1875 3319 adpro-
1983 3251 2102 3308 sole
2121 3250 2493 3306 discernitur.
2521 3251 2777 3322 Denique
2801 3255 2992 3311 orbem
3018 3256 3189 3328 luna,
3220 3261 3488 3330 quotiens
3510 3261 3640 3332 ple—

220 3345 563 3418 pinquando
609 3345 678 3400 ad
727 3342 902 3400 solem
952 3354 1134 3412 usque
1182 3340 1250 3396 ad
1296 3339 1708 3406 ascensionem,
1750 3341 1807 3392 et
1843 3332 1876 3392 4
1988 3340 2266 3396 nissimus
2289 3345 2394 3410 est,
2423 3345 2621 3396 contra
2643 3341 2820 3398 solem
2845 3345 3035 3400 cernis
3058 3347 3408 3420 oppositum,
3437 3349 3641 3406 humi-

222 3434 462 3507 punctis
492 3446 712 3502 semper
741 3431 877 3487 luna
906 3443 1166 3486 crescens
1203 3429 1359 3484 omni
1389 3427 1485 3483 die
1514 3426 1816 3497 elongatur
1845 3437 1878 3480 a
1989 3429 2098 3485 lem
2127 3428 2396 3484 videlicet
2425 3428 2543 3485 sole
2574 3429 2836 3502 sublimi,
2868 3437 2923 3489 et
2952 3433 3257 3492 sublimem
3291 3437 3483 3493 lunam
3517 3439 3639 3496 sole

221 3523 349 3580 sole
381 3536 562 3594 usque
599 3522 668 3576 ad
712 3520 1118 3592 plenilunium.
1162 3518 1257 3573 Sic
1294 3518 1466 3572 etiam
1507 3516 1645 3571 luna
1678 3516 1881 3571 dcere-

223 3626 415 3684 scens,
453 3608 486 3665 4
517 3610 747 3681 punctis
784 3610 938 3665 omni
978 3609 1074 3664 die
1114 3607 1539 3676 adpropinquat
1571 3605 1640 3660 ad
1681 3605 1879 3660 solem.

225 3704 554 3771 Propterea,
595 3700 748 3754 sicut
787 3699 1071 3767 diximus,
1120 3709 1492 3768 quacumque
1531 3695 1669 3751 luna
1708 3694 1884 3749 fuerit

228 3804 333 3861 per
377 3786 410 3843 4
453 3788 890 3856 multiplicatur.
941 3791 1008 3842 Et
1054 3787 1180 3842 ideo
1227 3791 1419 3856 postea
1465 3784 1563 3840 ille
1608 3797 1883 3839 numerus

225 3878 640 3951 quaternarius
663 3885 1118 3948 quotuscumque
1143 3875 1320 3931 fuerit
1347 3881 1432 3929 ter
1455 3874 1714 3943 ducitur,
1742 3873 1884 3943 quia

229 3978 349 4026 tres
395 3974 582 4038 partes
626 3973 761 4022 sunt
803 3968 862 4021 in
905 3979 1250 4037 unoquoque
1293 3969 1522 4034 puncto,
1555 3968 1612 4018 et
1651 3963 1730 4017 ita
1765 3962 1825 4016 in
1852 3958 1884 4016 4

233 4059 468 4133 punctis
508 4064 592 4114 ter
621 4058 814 4114 ductis
856 4054 921 4112 42
954 4061 1139 4126 partes
1178 4058 1331 4110 sunt.
1364 4053 1480 4108 Aut
1512 4067 1578 4108 eo
1608 4053 1881 4122 amplius,

233 4153 343 4208 hoc
366 4155 454 4205 est
484 4147 548 4205 43
581 4148 842 4219 partibus
868 4147 1026 4216 Quod
1059 4145 1211 4200 enim
1244 4144 1381 4200 luna
1424 4144 1610 4199 currit
1645 4143 1703 4197 in
1734 4156 1886 4198 uno-

232 4251 466 4312 quoque
510 4239 604 4294 die
649 4251 746 4308 per
788 4234 822 4291 4
865 4239 1108 4306 punctos
1154 4233 1298 4289 illud
1344 4233 1595 4304 spatium
1634 4230 1786 4303 caeli,
1832 4236 1888 4286 et

147 4317 152 4320 ”
233 4329 531 4399 temporis,
580 4342 691 4384 non
735 4332 918 4397 potest
957 4324 1040 4380 sol
1081 4337 1311 4380 currere
1352 4323 1564 4393 minus,
1609 4334 1778 4392 quam
1821 4317 1889 4374 42

1992 3518 2222 3575 humili.
2247 3518 2374 3574 Sole
2394 3519 2654 3574 aestivum
2683 3526 2906 3578 tenente
2926 3523 3231 3597 circulum,
3257 3526 3362 3583 hoc
3385 3533 3472 3584 est
3496 3543 3644 3586 con-

1994 3608 2130 3664 ﬁnia
2161 3607 2399 3664 solstitii
2431 3609 2615 3664 aestivi
2644 3609 2808 3679 plena
2836 3612 2971 3668 luna
2997 3619 3148 3671 tenet
3178 3615 3492 3674 brumalem
3516 3620 3645 3676 cir-

1993 3697 2208 3766 culum,
2242 3697 2348 3754 hoc
2377 3703 2462 3754 est
2488 3698 2734 3755 conﬁnia
2780 3701 3056 3771 hyemalis
3085 3705 3346 3762 solstitii.
3379 3709 3508 3766 Sole
3534 3712 3645 3770 de—

1993 3800 2131 3842 vexo
2173 3792 2230 3842 et
2275 3787 2589 3843 inclinante
2630 3788 2686 3843 in
2732 3788 3046 3848 brumalem
3091 3795 3397 3870 circulum,
3447 3799 3641 3861 lunam

1993 3875 2214 3945 plenam
2259 3876 2558 3932 solstitiali
2603 3877 2824 3934 circulo
2855 3882 3123 3938 scandere
3155 3897 3264 3940 nox
3307 3885 3645 3959 longissima

1995 3965 2202 4034 prodit.
2228 3965 2366 4019 Cum
2403 3966 2488 4020 sol
2514 3981 2689 4022 unum
2725 3969 3137 4040 aequinoctium
3164 3981 3334 4047 tenet,
3363 3977 3422 4032 in
3447 3979 3644 4048 pleni-

1996 4053 2158 4108 lunio
2186 4052 2429 4107 alterum
2461 4055 2876 4124 aequinoctium
2922 4059 3057 4115 luna
3088 4068 3291 4119 servat.
3324 4065 3416 4121 Sol
3451 4070 3642 4138 atqui-

1997 4140 2176 4196 noctii
2199 4146 2590 4211 transgressus
2611 4143 3030 4215 longitudinem
3053 4152 3239 4208 noctis
3259 4162 3491 4224 superat
3511 4157 3648 4214 luna

2000 4244 2098 4299 per
2120 4229 2505 4299 plenilunium
2529 4235 2703 4286 totam
2726 4239 2947 4290 noctem
2972 4237 3030 4291 in
3051 4240 3420 4314 aequinoctio,
3445 4250 3501 4300 et
3521 4253 3651 4316 post

1998 4319 2398 4391 aquinoctium
2441 4319 2753 4392 inlustrat;
2792 4322 2939 4380 idest
2976 4331 3156 4382 totum
3188 4333 3460 4404 spatium,
3494 4335 3644 4403 quod

231 4420 323 4475 vel
359 4416 424 4474 43
455 4417 733 4488 partibus.
769 4417 874 4472 hoc
913 4419 998 4471 est
1027 4413 1250 4470 diebus.
1295 4415 1429 4468 Item
1463 4412 1599 4467 luna
1637 4412 1886 4467 secunda
1917 4420 1970 4482 D
2003 4408 2088 4464 sol
2122 4422 2220 4478 per
2247 4409 2399 4464 diem
2431 4423 2770 4479 percurrens
2805 4411 3158 4487 inlustravit,
3201 4417 3477 4475 similiter
3506 4421 3644 4477 luna

236 4507 567 4578 multiplica
593 4505 630 4562 2
659 4512 880 4578 quater,
929 4503 1075 4560 ﬁunt
1103 4502 1157 4558 8.
1188 4503 1292 4558 Tot
1336 4501 1536 4572 puncti
1569 4505 1705 4556 sunt
1737 4501 1888 4557 inter

233 4597 417 4653 solem
463 4601 519 4651 et
565 4595 782 4662 lunam,
841 4593 945 4648 hoc
991 4597 1078 4648 est
1125 4604 1238 4647 una
1282 4591 1439 4661 hora,
1489 4593 1546 4644 et
1587 4587 1621 4644 3
1663 4589 1881 4658 puncti.

233 4685 478 4756 Quando
516 4685 652 4740 luna
685 4683 937 4739 secunda
972 4687 1077 4752 est,
1113 4681 1225 4736 duc
1256 4679 1292 4734 8
1329 4685 1433 4750 ter,
1473 4679 1620 4734 ﬁunt
1655 4675 1741 4734 24.
1781 4680 1886 4734 Tot

235 4781 430 4846 partes
472 4779 607 4828 sunt
646 4773 797 4827 inter
837 4770 1014 4826 solem
1045 4775 1102 4825 et
1133 4769 1346 4839 lunam,
1381 4768 1608 4839 quando
1638 4767 1886 4824 secunda

233 4870 346 4920 est.
369 4865 505 4917 Item
529 4862 699 4918 tertia
725 4861 862 4918 luna
888 4859 1214 4929 multiplica
1245 4864 1329 4913 ter
1351 4865 1588 4927 quater:
1622 4855 1688 4913 42
1718 4858 1881 4913 ﬁunt.

232 4955 360 5009 Duc
383 4957 489 5023 ter,
519 4951 664 5008 ﬁunt
687 4950 778 5007 36.
806 4953 927 5006 Uno
951 4963 1085 5021 ergo
1111 4949 1296 5020 signo,
1324 4953 1380 5003 et
1407 4947 1442 5002 6
1467 4946 1729 5017 partibus
1752 4946 1888 5002 luna

237 5041 276 5100 3
313 5041 617 5111 elongatur
643 5055 675 5097 a
705 5041 842 5097 sole.
877 5040 971 5095 Sic
1002 5039 1138 5095 luna
1170 5035 1202 5093 4
1235 5037 1578 5107 multiplica,
1617 5033 1682 5092 46
1719 5035 1887 5092 ﬁunt.

233 5135 361 5189 Duc
394 5137 502 5200 ter,
546 5130 688 5186 ﬁunt
726 5128 813 5186 48.
854 5129 974 5184 Uno
1017 5129 1204 5200 signo,
1246 5132 1302 5182 et
1346 5125 1414 5181 48
1452 5125 1716 5198 partibus
1752 5127 1890 5182 luna

235 5225 448 5293 quarta
475 5218 774 5291 elongatur
794 5233 826 5275 a
846 5219 986 5275 sole.
1011 5221 1146 5273 Item
1169 5217 1304 5273 luna
1324 5215 1360 5272 5
1381 5216 1706 5286 multiplica
1729 5217 1894 5287 quin-

236 5323 352 5381 que
387 5314 611 5380 quater,
644 5309 792 5365 ﬁunt
828 5307 918 5365 20.
957 5309 1063 5363 Tot
1093 5308 1290 5377 puncti
1332 5309 1468 5362 sunt
1499 5306 1650 5361 inter
1689 5307 1886 5379 solem,

235 5403 296 5456 et
327 5398 546 5469 lunam,
572 5399 801 5470 quando
829 5398 965 5454 luna
993 5397 1193 5469 quinta
1218 5401 1322 5467 est,
1349 5397 1455 5452 hoc
1479 5401 1566 5451 est
1589 5396 1704 5450 duo
1726 5397 1892 5466 signa

241 5489 465 5561 integra
494 5507 508 5561 ;
546 5486 612 5545 40
641 5489 795 5544 enim
827 5487 1024 5558 puncti
1054 5488 1114 5543 in
1146 5486 1301 5557 luna,
1332 5485 1438 5541 hoc
1466 5489 1553 5540 est
1581 5485 1709 5541 dua:
1741 5485 1893 5543 hora

241 5592 424 5634 unum
456 5580 688 5651 signum
722 5577 986 5648 faciunt;
1012 5575 1082 5634 20
1107 5581 1295 5633 autem
1339 5575 1538 5646 puncti
1572 5574 1688 5632 duo
1726 5575 1890 5648 signa

2000 4505 2119 4554 tota
2159 4502 2321 4553 nocte
2353 4499 2702 4570 peragrando
2734 4499 3045 4558 illuminat.
3078 4505 3384 4578 Hucusque
3411 4507 3482 4564 de
3508 4509 3645 4566 luna

1995 4592 2282 4642 crescente
2310 4587 2571 4644 diximus
2601 4603 2700 4659 per
2729 4597 2871 4661 quot
2903 4597 3160 4663 punctos,
3207 4595 3394 4668 horas,
3429 4605 3638 4672 partes,

1993 4682 2050 4732 et
2070 4677 2234 4748 signa
2253 4677 2600 4747 elongatura
2616 4679 2735 4762 sole
2759 4695 2939 4751 usque
2960 4682 3028 4736 ad
3053 4683 3435 4752 plenilunium
3457 4706 3471 4758 ;
3491 4703 3646 4747 nunc

1995 4768 2167 4822 etiam
2206 4766 2519 4837 videamus,
2559 4770 2841 4837 quomodo
2882 4770 3018 4826 luna
3054 4772 3385 4833 decrescens
3426 4777 3644 4849 adpro-

1999 4857 2238 4926 pinquet
2261 4855 2330 4911 ad
2355 4855 2530 4911 solem
2557 4857 2711 4911 omni
2738 4858 2851 4912 die.
2880 4859 3105 4929 Equali
3135 4877 3370 4922 numero
3395 4874 3648 4937 puncto—

1998 4961 2147 5015 rum,
2181 4953 2236 5001 et
2266 4947 2534 5002 horarum
2564 4951 2619 5000 et
2646 4947 2918 5019 partium,
2945 4955 3002 5004 et
3032 4951 3327 5024 signorum
3361 4973 3543 5030 usque
3571 4962 3641 5018 ad

1999 5035 2389 5090 accensionem
2435 5035 2494 5089 in
2524 5033 2594 5091 30
2623 5035 2734 5090 die.
2778 5036 2939 5093 Sicut
2966 5052 3100 5111 ergo
3143 5041 3280 5101 luna
3321 5062 3581 5106 crescens
3611 5049 3644 5106 4

2002 5124 2232 5194 punctis
2269 5124 2423 5178 omni
2466 5125 2561 5180 die
2589 5125 2890 5197 elongatur
2917 5141 2950 5183 a
2989 5130 3126 5201 sole,
3175 5134 3259 5190 sic
3288 5137 3458 5194 etiam
3500 5139 3636 5194 luna

2000 5214 2330 5269 decrescens
2359 5210 2392 5268 4
2422 5215 2653 5284 punctis
2681 5217 2837 5271 omni
2868 5217 2962 5273 die
2992 5220 3413 5296 adprOpinquat
3440 5229 3508 5283 ad
3538 5242 3641 5284 so—

2001 5301 2109 5357 lem
2134 5320 2146 5356 :
2172 5307 2228 5357 et
2253 5308 2529 5372 quantum
2555 5301 2621 5358 45
2640 5303 2778 5359 luna
2798 5306 2976 5362 distat
2997 5321 3029 5364 a
3050 5310 3169 5365 sole
3190 5315 3515 5385 recedendo,
3542 5315 3641 5372 id-

1999 5398 2085 5449 est
2113 5391 2148 5448 5
2176 5392 2379 5464 signis,
2411 5399 2466 5448 et
2497 5390 2564 5446 48
2596 5393 2876 5468 partibus,
2912 5396 3018 5453 hoc
3057 5399 3243 5468 spatio
3274 5399 3409 5456 luna
3442 5401 3507 5459 46
3535 5407 3638 5462 di-

2000 5490 2165 5542 stata
2190 5483 2307 5539 sole
2330 5483 2396 5538 ad
2406 5483 2862 5558 propinquando,
2890 5487 2994 5543 hoc
3018 5495 3103 5543 est
3124 5486 3160 5542 5
3183 5487 3388 5562 signis,
3419 5489 3484 5549 48
3506 5510 3643 5566 par.

2005 5574 2180 5633 tibus.
2213 5575 2280 5631 Et
2319 5580 2594 5645 quantum
2641 5576 2776 5634 luna
2819 5573 2884 5632 43
2922 5577 3222 5649 elongatur
3259 5593 3291 5635 a
3322 5582 3441 5640 sole
3485 5601 3648 5645 rece—
