4076 6174
433 183 572 245 4327

1319 177 1606 234 ΑΡΡΕΝΙ).
1649 175 1743 233 ΑΙ)
1779 174 1940 233 SEC.
1985 174 2084 231 IX.
2114 204 2188 216 —
2211 171 2567 230 AUCTORES
2603 171 2940 230 ANONYMI.

3697 171 3840 231 4328

429 308 636 376 dendo,
669 305 818 361 idest
845 301 880 359 5
909 301 1114 374 signis,
1147 303 1205 356 et
1231 299 1266 356 6
1296 299 1559 370 partibus
1590 298 1994 368 interpositis;
2023 303 2081 353 et
2103 299 2158 360 Α
2187 295 2292 351 alii
2318 300 2505 351 autem
2532 295 2738 350 dicunt
2760 291 2830 349 27
2849 292 3075 363 diebus,
3109 298 3166 349 et
3188 292 3360 350 tertia
3389 297 3549 364 parte
3568 294 3711 363 diei,
3740 296 3847 352 hoc

427 397 582 453 sicut
607 395 744 451 luna
773 391 839 448 42
864 397 1111 462 quatuor
1142 390 1436 445 mensibus
1461 394 1515 444 et
1543 385 1608 442 44
1639 387 1899 457 partibus
1928 385 2078 441 elon-

427 493 595 559 gatur
614 499 645 540 a
668 485 806 554 sole,
834 483 957 552 hoc,
985 495 1220 537 numero
1251 481 1591 549 interposito
1625 478 1759 533 luna
1795 475 1860 530 48
1881 477 1946 531 ad
1958 489 2080 544 pro-

431 577 674 647 pinquat
710 574 778 630 ad
820 572 1014 628 solem.
1050 573 1117 626 Et
1148 571 1234 626 sic
1271 571 1340 625 de
1375 567 1627 640 singulis
1665 580 1846 638 usque
1877 566 1947 621 ad
1980 565 2080 620 lu—

429 678 556 720 nam
588 661 674 719 30.

639 753 980 818 Argumenta
1009 748 1074 802 de
1103 762 1268 801 cursu
1296 747 1425 800 solis
1443 761 1546 816 per
1579 743 1645 800 42
1673 746 1860 811 signa.

496 840 634 896 CXI.
677 840 736 894 Si
777 839 926 894 scire
956 836 1228 904 volueris,
1276 836 1336 891 in
1369 849 1481 906 quo
1512 835 1699 906 signo,
1747 833 1831 888 vel
1877 832 1935 886 in
1969 843 2084 900 qua

431 935 588 1000 parte
610 927 761 1000 signi
793 933 880 982 est
907 927 1061 996 luna,
1090 931 1146 980 et
1173 931 1310 995 quot
1341 929 1551 993 partes,
1581 922 1664 977 vel
1693 926 1833 991 quot
1861 933 2080 974 menses

427 1023 565 1072 sunt
611 1018 761 1071 inter
801 1015 977 1070 solem
1023 1019 1079 1068 et
1120 1014 1334 1082 lunam,
1381 1012 1440 1066 in
1471 1011 1625 1067 omni
1665 1011 1759 1065 die
1791 1023 1951 1064 sume
1981 1008 2082 1064 lu—

428 1119 557 1162 nam
607 1108 959 1175 praesentem,
1013 1115 1414 1173 quamcunque
1459 1098 1730 1165 volueris,
1777 1105 1833 1153 et
1874 1097 2082 1152 multi-

429 1193 581 1266 plica
622 1193 950 1255 duodecies,
997 1190 1134 1261 quia
1179 1188 1247 1246 42
1287 1188 1551 1260 partibus
1601 1187 1732 1243 luna
1780 1185 1936 1241 omni
1985 1185 2082 1240 die

425 1283 730 1355 elongatur
752 1297 784 1338 a
823 1281 961 1351 sole,
989 1286 1046 1335 et
1076 1284 1288 1349 quotus
1333 1292 1606 1333 numerus
1644 1277 1714 1332 de
1742 1275 1843 1331 illa
1875 1274 2082 1329 multi-

429 1373 741 1444 plicatione
779 1371 977 1441 fuerit,
1029 1374 1112 1424 tot
1157 1372 1364 1438 partes,
1409 1367 1557 1422 idest
1600 1366 1746 1435 dies,
1784 1364 1872 1420 vel
1916 1364 2082 1435 signa

428 1466 565 1518 sunt
605 1461 754 1515 inter
784 1459 979 1526 solem,
1013 1463 1067 1512 et
1099 1457 1318 1511 lunam.
1359 1455 1417 1509 Si
1450 1461 1638 1510 autem
1673 1454 1948 1509 terdecies
1983 1452 2083 1506 lu—

429 1563 558 1605 nam
609 1547 926 1618 quamlibet
988 1544 1490 1612 multiplicaveris,
1547 1546 1760 1612 quotus
1805 1554 2079 1596 numerus

2187 390 2272 440 est
2314 383 2350 438 8
2399 384 2557 440 horis
2613 381 2957 455 signiferum
3019 382 3292 452 pervolat.
3353 385 3486 438 Post
3533 380 3600 437 49
3653 391 3842 439 autem

2185 488 2366 530 annos
2394 473 2704 544 completos
2739 473 2799 526 in
2829 472 3088 528 eumdem
3120 472 3406 528 circulum
3438 473 3770 530 revertitur.

2600 583 2673 634 De
2702 581 2991 633 Ivelocitate
3032 595 3222 634 cursus
3260 581 3423 633 lunae.

2257 687 2444 742 CXIII.
2475 688 2630 742 Luna
2660 687 2909 741 vicinior
2933 692 3018 742 est
3048 687 3240 756 terris,
3275 700 3445 756 quam
3473 685 3577 756 sol,
3613 686 3765 742 unde
3791 693 3847 741 et

2188 775 2444 831 breviore
2490 776 2624 831 orbe
2661 775 2907 831 celerius
2949 777 3170 846 peragit
3200 789 3436 832 cursum
3471 789 3631 831 suum
3661 793 3675 845 ;
3711 789 3844 830 nam

2189 865 2319 935 iter,
2355 865 2505 934 quod
2545 865 2603 919 in
2641 865 2847 920 diebus
2880 862 2985 920 365
3020 869 3076 919 et
3113 864 3430 935 quadrante
3468 863 3548 919 sol
3589 864 3844 934 peragit,

2190 953 2324 1009 luna
2363 954 2550 1010 currit
2575 968 2674 1024 per
2709 952 2779 1009 30
2808 955 2973 1023 dies;
3010 954 3160 1009 unde
3183 960 3240 1008 et
3267 954 3496 1023 antiqui
3529 966 3746 1008 menses
3780 953 3846 1006 in

2191 1042 2326 1098 luna
2350 1055 2531 1098 annos
2553 1061 2569 1112 ς
2595 1057 2705 1098 ιιοιι
2735 1044 2795 1098 in
2821 1043 2984 1112 solis,
3008 1057 3185 1098 cursu
3211 1048 3549 1112 posuerunt.
3575 1043 3847 1096 Crescens

2188 1135 2378 1186 autem
2423 1131 2559 1186 luna
2612 1131 2889 1187 orientem
2945 1131 3222 1186 cornibus
3262 1131 3404 1200 petit
3447 1147 3460 1196 ;
3511 1131 3845 1185 decrescens

2190 1219 2539 1276 occidentem
2567 1237 2582 1289 ;
2615 1225 2672 1275 et
2697 1220 2920 1289 merito,
2951 1220 3090 1290 quia
3115 1233 3338 1290 casura,
3370 1226 3428 1275 et
3451 1220 3743 1274 amissum
3763 1225 3846 1274 est

2191 1307 2406 1364 lumen.

2190 1399 2266 1451 De
2300 1412 2526 1451 ascensu
2554 1397 2704 1461 solis,
2736 1401 2786 1451 et
2815 1397 3072 1452 descensu
3099 1412 3200 1467 per
3235 1401 3404 1452 totum
3434 1412 3669 1458 annum,
3705 1412 3843 1465 quo-

2258 1468 2414 1592 rdnodo
2479 1470 2667 1594 etrescit
2728 1469 2787 1523 in
2851 1484 3184 1538 unaquaque
3255 1469 3364 1532 die,
3436 1469 3522 1521 vel
3585 1468 3844 1537 quomodo

2303 1554 2494 1594 ecresci
2525 1579 2537 1592 .

2303 1554 2537 1594 ecresczt.

427 1636 625 1706 fuerit,
669 1641 752 1690 tot
796 1638 983 1703 partes
1023 1632 1106 1687 vel
1151 1645 1370 1686 menses
1400 1635 1570 1686 erunt
1602 1631 1752 1685 inter
1784 1629 1949 1684 illum
1986 1628 2080 1683 lo-
2109 1626 2163 1688 B
2261 1628 2448 1684 CXIV.
2506 1628 2654 1697 Quot
2712 1629 2839 1684 dies
2900 1633 3036 1687 sunt
3081 1629 3140 1683 in
3192 1629 3525 1685 ascensione
3578 1629 3745 1697 solis,
3794 1635 3848 1683 et

427 1740 578 1795 cum,
623 1725 681 1778 in
727 1738 840 1794 quo
881 1723 1016 1779 luna
1055 1735 1290 1777 accensa
1328 1719 1525 1790 fuerit,
1569 1725 1623 1776 et
1663 1719 1820 1774 illam
1864 1723 2078 1789 partem

425 1813 577 1882 caeli,
626 1812 725 1868 ubi
771 1812 907 1866 luna
945 1810 1132 1865 currit
1173 1822 1437 1879 praesens.
1489 1809 1647 1863 lllam
1687 1821 1821 1879 ergo
1865 1811 2078 1876 partem

427 1901 579 1971 cmli,
608 1913 778 1971 quam
821 1900 1004 1969 prima
1036 1899 1173 1953 luna
1201 1899 1296 1952 die
1333 1903 1609 1967 nocteque
1638 1897 1917 1966 completa
1947 1909 2082 1965 per—

426 1991 632 2060 currit,
657 1989 742 2045 sic
777 1989 912 2044 luna
931 1986 985 2056 2,
1017 1988 1114 2042 ubi
1147 1987 1354 2056 currit,
1390 1987 1471 2040 ibi
1504 1984 1572 2040 24
1604 1986 1732 2040 dies
1766 1985 1851 2040 sol
1880 1997 2082 2054 perve-

429 2079 566 2149 niet,
599 2082 656 2133 et
687 2079 765 2132 ita
799 2075 1259 2146 investigandum
1294 2080 1381 2130 est
1412 2088 1510 2144 per
1541 2081 1747 2130 cetera.

765 2169 842 2220 De
870 2171 1070 2234 septem
1098 2163 1370 2217 sideribus
1399 2164 1732 2216 errantibus.

492 2257 654 2311 CXII.
692 2254 842 2309 Inter
873 2254 1079 2309 coelum
1113 2258 1438 2321 terramque
1470 2256 1682 2320 septem
1714 2249 1904 2306 sidera
1935 2261 2080 2319 pen—

428 2347 566 2402 dent
607 2345 780 2400 certis
822 2343 1073 2398 discreta
1109 2341 1335 2412 spatiis,
1384 2354 1508 2411 quae
1548 2347 1824 2396 vocantur
1867 2337 1973 2406 sol,
2024 2342 2080 2392 et

423 2433 582 2501 luna,
611 2432 775 2486 stella
799 2430 1057 2500 Saturni,
1083 2428 1246 2484 stella
1271 2428 1446 2498 Jovis,
1473 2427 1639 2482 stella
1664 2427 1884 2494 Martis,
1915 2425 2080 2479 stella

421 2520 674 2590 Teneris,
703 2519 868 2574 stella
894 2517 1189 2573 Mercurii.
1225 2519 1351 2571 llaec
1375 2522 1564 2572 autem
1595 2513 1628 2570 7
1659 2516 1850 2571 sidera
1873 2526 2080 2569 erran—

425 2610 506 2666 tia
548 2609 829 2665 dicuntur
871 2607 1229 2663 contrarium
1273 2610 1292 2628 ·
1335 2605 1612 2660 mundum
1661 2604 1889 2674 agentia
1938 2617 2081 2658 cur-

423 2712 572 2768 sum,
616 2699 764 2752 idest
808 2697 944 2750 laevo
991 2695 1091 2748 illo
1132 2705 1354 2760 semper
1399 2692 1458 2746 in
1498 2691 1730 2746 dextera
1775 2689 2074 2759 percipiet,

424 2784 687 2855 quamvis
709 2783 946 2836 assidua
974 2779 1424 2848 conversatione,
1457 2778 1514 2832 in
1545 2791 1734 2834 mense
1759 2777 2078 2833 celeritatis

421 2871 784 2928 adtolluntur
824 2869 895 2924 ab
932 2882 1018 2939 eo,
1067 2868 1482 2938 rapianturque
1526 2868 1585 2922 in
1635 2879 1921 2936 occasum,
1969 2865 2080 2920 ad—

422 2974 583 3017 verso
624 2965 807 3015 tamen
841 2959 926 3014 ire
965 2963 1123 3012 motu
1157 2970 1255 3027 per
1285 2971 1422 3012 suos
1454 2969 1693 3027 quaeque
1734 2969 1938 3025 passus
1967 2955 2075 3010 ad-

420 3055 722 3107 vertuntur
748 3061 900 3105 nunc
923 3045 1190 3116 inferius,
1218 3060 1368 3102 nunc
1390 3045 1661 3115 superius
1683 3049 1915 3115 propter
1937 3043 2078 3100 obli-

422 3140 719 3212 quitatem.
769 3135 1043 3209 Signiferi
1094 3140 1373 3207 vagantur
1411 3153 1425 3205 ;
1470 3134 1652 3204 rapiis
1698 3139 1888 3189 autem
1934 3132 2077 3188 solis

423 3229 752 3302 praepedita,
785 3225 1068 3297 anomala,
1102 3225 1188 3281 vel
1229 3225 1578 3296 retrograda,
1616 3223 1701 3279 vel
1733 3222 2077 3279 stationaria

422 3319 586 3376 ﬁunt.
629 3319 925 3375 Summum
972 3315 1349 3386 planetarum,
1387 3314 1534 3369 idest
1563 3313 1881 3368 errantium
1914 3311 2077 3367 side—

422 3424 572 3479 rum,
603 3407 837 3464 Saturni
866 3406 1030 3461 sidus
1054 3409 1141 3459 est
1171 3411 1377 3459 natura
1407 3402 1680 3474 gelidum.
1710 3402 1842 3457 Inde
1869 3402 2076 3472 Augu-

419 3500 614 3555 stinus
643 3497 798 3552 dixit
826 3513 837 3548 :
865 3495 1035 3549 Stella
1065 3493 1295 3547 Saturni
1326 3492 1590 3546 circulum
1619 3506 1778 3545 suum
1802 3489 1871 3546 30
1896 3505 2078 3543 anno-

419 3607 541 3644 rum
578 3588 756 3658 Spatio
793 3585 998 3655 implet,
1041 3597 1162 3652 quae
1192 3598 1298 3651 pro
1339 3597 1612 3650 aquarum
1647 3581 1928 3633 vicinitate
1968 3580 2076 3646 fri-

421 3679 556 3746 gida
594 3691 704 3730 esse
743 3677 941 3742 fertur.
983 3670 1052 3727 30
1081 3670 1252 3724 annis
1281 3667 1634 3739 Signiferum
1678 3668 1914 3738 peragit.
1951 3669 2078 3722 Haec

423 3780 559 3835 ergo
599 3764 764 3818 stella
809 3763 868 3815 in
909 3760 1151 3829 septimo
1192 3758 1333 3812 ccelo
1381 3757 1564 3824 posita
1602 3769 1725 3810 esse
1756 3756 1976 3811 dicitur
2002 3775 2016 3826 ;
2043 3752 2078 3812 7

424 3855 578 3910 enim
609 3852 740 3907 cmli
772 3863 895 3906 esse
923 3849 1219 3902 dicuntur.
1255 3845 1390 3899 Inde
1419 3846 1573 3900 enim
1605 3846 1862 3901 Isidorus
1892 3846 2074 3901 dicit:

425 3941 738 4009 Philosophi
775 3937 970 3992 mundi
992 3933 1027 3990 7
1057 3935 1210 3988 ccelos
1239 3935 1519 4001 globorum
1560 3949 1787 3988 consono
1816 3940 1963 3989 motu
1990 3937 2078 3988 in-

428 4033 808 4087 troduxerunt.
843 4029 904 4080 In
935 4031 1096 4081 sexto
1127 4024 1270 4080 caelo
1301 4023 1467 4080 stella
1495 4024 1652 4080 Jovis
1680 4038 1804 4080 esse
1833 4025 2076 4097 dicitur,

429 4135 556 4192 quae
597 4118 713 4174 alio
759 4116 990 4172 nomine
1024 4119 1258 4170 vocatur
1301 4112 1465 4169 stella
1505 4113 1829 4184 Phaetonis,
1874 4121 2079 4170 natura

430 4212 760 4278 temperata,
810 4205 981 4260 annis
1026 4201 1093 4259 42
1139 4217 1374 4258 cursum
1425 4217 1595 4258 suum
1651 4203 1892 4274 peragit.
1947 4206 2009 4258 In
2045 4201 2082 4258 5

2189 1717 2576 1788 descensione,
2607 1724 2671 1774 ut
2695 1719 2774 1774 sit
2793 1732 2955 1788 aaqua
2975 1718 3196 1773 divisio
3221 1718 3370 1773 inter
3392 1718 3599 1787 lucem,
3623 1724 3680 1773 et
3703 1724 3847 1773 tene-

2189 1806 2341 1877 bras,
2381 1807 2486 1862 hoc
2522 1812 2608 1862 est
2646 1807 2794 1862 inter
2831 1821 3129 1863 ascensum
3168 1807 3329 1868 solis.
3366 1813 3424 1862 et
3459 1808 3797 1863 descensum
3821 1809 3847 1860 ?

2187 1895 2246 1950 Si
2282 1895 2386 1950 hoc
2411 1895 2560 1950 scire
2595 1894 2867 1966 volueris,
2914 1896 2993 1951 ita
3035 1896 3496 1966 investigandum
3536 1901 3644 1950 est.
3681 1896 3726 1950 Α
3765 1909 3842 1950 xu

2190 1983 2314 2038 Kal.
2332 1985 2563 2040 Januar.
2582 1985 2707 2040 dies
2732 1985 2940 2054 incipit
2956 1999 3208 2040 crescere
3228 1999 3408 2055 usque
3428 1985 3485 2039 in
3505 1998 3562 2040 ιι
3591 1985 3716 2040 Kal.
3734 1985 3844 2040 Jul.

2191 2074 2296 2129 hoc
2325 2079 2412 2130 est
2439 2087 2538 2143 per
2556 2074 2673 2130 duo
2698 2073 2787 2139 90,
2816 2080 2872 2129 et
2896 2075 3042 2130 duos
3063 2075 3207 2143 dies,
3240 2075 3387 2129 idest
3419 2088 3516 2144 per
3545 2075 3581 2128 6
3606 2088 3843 2142 menses,

2189 2162 2290 2232 qui
2335 2162 2541 2218 habent
2581 2163 2707 2218 dies
2753 2160 2872 2219 482.
2916 2165 3016 2219 Per
3063 2165 3165 2219 hos
3204 2177 3336 2234 ergo
3377 2179 3467 2218 sev
3511 2177 3755 2231 menses,
3793 2169 3846 2218 et

2188 2251 2498 2307 dimidium
2529 2252 2680 2308 diem
2714 2252 3053 2322 naturalem,
3090 2252 3195 2308 hoc
3223 2257 3308 2306 est
3337 2248 3402 2306 42
3436 2252 3611 2306 horas
3641 2252 3844 2307 crescit

2189 2340 2308 2408 lux,
2352 2345 2408 2395 et
2442 2341 2588 2410 dies,
2627 2346 2682 2396 et
2711 2341 2991 2396 decrescit
3032 2355 3162 2408 nox,
3205 2347 3260 2396 et
3300 2340 3545 2396 tenebrae
3591 2341 3650 2394 in
3692 2342 3842 2395 omni

2187 2429 2282 2484 die
2310 2443 2407 2500 per
2430 2428 2466 2485 2
2493 2436 2794 2500 momenta,
2825 2436 2880 2485 et
2914 2430 3248 2498 dimidium,
3293 2436 3349 2484 et
3373 2437 3592 2484 sextam
3632 2436 3840 2498 partem

2191 2518 2484 2590 momenti,
2529 2519 2632 2573 hoc
2667 2524 2753 2574 est
2777 2519 2922 2574 duas
2961 2519 3163 2573 tertias
3196 2520 3490 2573 momenti.
3530 2519 3603 2572 Et
3631 2518 3710 2572 ita
3753 2531 3844 2586 per

2191 2602 2258 2660 45
2297 2605 2442 2677 dies,
2489 2611 2546 2661 et
2599 2606 2770 2676 paulo
2830 2606 3083 2676 amplius
3133 2607 3272 2662 hora
3323 2607 3552 2661 crescit.
3622 2607 3726 2660 Per
3780 2604 3845 2661 30

2187 2698 2375 2748 autem
2403 2695 2528 2750 dies
2547 2695 2676 2751 dua:
2705 2695 2856 2751 hora:
2895 2700 3180 2766 crescunt,
3215 2696 3309 2751 sed
3353 2700 3540 2750 tamen
3570 2709 3686 2750 non
3714 2699 3843 2750 sunt

2190 2781 2304 2838 illm
2340 2783 2468 2839 duae
2495 2783 2649 2840 hora:
2678 2785 2912 2855 integra:
2945 2785 3134 2840 adhuc
3167 2797 3348 2854 usque
3373 2783 3512 2840 dum
3547 2784 3838 2854 pervenias

2187 2871 2255 2925 ad
2293 2875 2420 2928 octo
2466 2871 2636 2928 horas
2675 2872 2792 2928 diei
2832 2874 2903 2928 de
2946 2887 3136 2929 mense
3175 2878 3470 2944 sequente.
3516 2874 3584 2927 In
3621 2871 3841 2928 duobus

2103 2955 2152 3019 C
2186 2966 2375 3014 autem
2410 2961 2703 3017 mensibus
2738 2958 2771 3016 4
2798 2961 2950 3017 horae
2975 2967 3239 3018 crescunt
3270 2962 3327 3016 in
3350 2961 3472 3016 sole
3497 2961 3554 3016 in
3583 2974 3842 3032 augmen-

2187 3051 2243 3103 to
2271 3049 2409 3118 diei,
2439 3051 2535 3105 sed
2561 3055 2746 3106 tamen
2776 3049 2892 3105 illa:
2917 3047 2950 3106 4
2979 3051 3131 3106 hora:
3158 3063 3271 3106 non
3293 3056 3430 3106 sunt
3452 3050 3637 3119 plena
3668 3062 3839 3119 usque

2185 3137 2253 3191 ad
2285 3135 2350 3193 46
2381 3138 2577 3195 horam
2616 3139 2734 3194 diei
2775 3139 2845 3194 de
2885 3153 3074 3195 mense
3113 3139 3303 3195 tertio.
3333 3142 3402 3195 Et
3436 3140 3518 3194 ita
3549 3139 3611 3194 in
3657 3139 3835 3194 tribus

2190 3226 2483 3282 mensibus
2529 3228 2788 3297 tricenis,
2841 3235 2898 3284 et
2942 3229 3001 3284 in
3047 3242 3160 3286 uno
3202 3227 3296 3283 die
3343 3228 3567 3298 addito,
3617 3228 3722 3283 hoc
3760 3233 3839 3281 est

2186 3328 2286 3386 per
2323 3314 2384 3370 94
2417 3317 2544 3372 dies
2579 3331 2675 3373 sex
2709 3317 2862 3374 horae
2901 3324 3188 3374 crescunt.
3227 3318 3332 3374 Tot
3371 3317 3500 3373 dies
3529 3325 3669 3374 sunt
3701 3331 3733 3371 a
3761 3329 3834 3370 xu

2186 3403 2309 3459 Kal.
2337 3406 2567 3461 Januar.
2599 3421 2781 3476 usque
2800 3408 2869 3463 ad
2893 3421 2974 3462 xu
3004 3407 3127 3462 Kal.
3155 3407 3316 3478 Apta,
3345 3407 3450 3462 hoc
3477 3412 3563 3462 est
3585 3404 3653 3460 42
3686 3405 3833 3460 horis

2187 3493 2247 3548 in
2277 3494 2392 3564 die,
2419 3501 2475 3549 et
2510 3492 2576 3549 42
2607 3495 2668 3550 in
2700 3500 2862 3551 nocte
2894 3515 2908 3566 ;
2936 3496 3211 3566 :equalem
3256 3509 3506 3566 namque
3544 3495 3828 3561 horarum,

2185 3589 2242 3638 et
2273 3590 2706 3655 momentorum,
2741 3600 2866 3656 qua:
2897 3583 3020 3655 480,
3047 3592 3104 3641 et
3129 3585 3368 3642 totidem
3403 3587 3460 3639 in
3488 3585 3585 3639 die
3620 3592 3756 3654 quot
3780 3584 3832 3637 in

2187 3680 2370 3728 nocte.
2396 3675 2456 3728 In
2485 3672 2519 3728 6
2545 3674 2704 3730 horis
2733 3682 2924 3730 autem
2963 3675 3354 3731 crescentibus
3391 3680 3676 3729 momenta
3709 3678 3834 3728 sunt

2187 3759 2311 3818 244.
2348 3765 2484 3817 Item
2515 3762 2585 3817 ab
2618 3777 2674 3818 ιιι
2707 3764 2829 3818 Kal.
2875 3764 3010 3833 Apr.
3049 3777 3233 3834 usque
3267 3763 3340 3818 ab
3383 3776 3464 3817 xu
3507 3762 3631 3816 Kal.
3673 3761 3776 3816 Jul.
3804 3757 3835 3815 3

2191 3865 2412 3908 menses
2437 3858 2591 3922 sunt,
2621 3853 2715 3923 qui
2744 3852 2954 3908 habent
2978 3854 3105 3909 dies
3129 3850 3220 3923 94,
3246 3858 3302 3907 et
3327 3853 3414 3907 sic
3437 3851 3654 3906 crescit
3673 3851 3754 3906 sol
3783 3851 3835 3904 in

2189 3955 2536 4012 unoquoque
2565 3942 2660 3996 die
2705 3956 2805 4011 per
2847 3943 2962 3998 duo
3010 3947 3313 4008 momenta,
3358 3947 3415 3996 et
3457 3941 3604 3996 duas
3646 3941 3836 3994 tertias

2189 4031 2484 4086 momenti.
2526 4032 2628 4086 Per
2668 4028 2735 4086 45
2767 4036 2957 4087 autem
2996 4032 3122 4086 dies
3153 4045 3265 4086 una
3308 4030 3445 4085 hora
3485 4030 3720 4098 crescit,
3747 4026 3835 4082 sed

2186 4123 2373 4174 tamen
2419 4119 2590 4189 paulo
2637 4119 2936 4189 amplius;
2974 4121 3110 4192 quia
3155 4133 3336 4190 usque
3373 4119 3444 4174 ad
3486 4118 3522 4172 4
3563 4119 3737 4173 horas
3781 4115 3840 4170 45

2188 4207 2306 4263 diei
2350 4222 2460 4264 non
2490 4215 2576 4266 est
2608 4209 2709 4264 illa
2740 4209 2878 4264 hora
2917 4209 3162 4281 integra.
3196 4211 3265 4264 Et
3299 4209 3382 4264 sic
3411 4209 3469 4262 in
3509 4221 3626 4263 uno
3658 4219 3840 4262 mense

429 4298 651 4355 circulo
697 4295 862 4351 stella
906 4293 1106 4349 Martis
1146 4305 1378 4348 currere
1416 4291 1656 4355 dicitur,
1705 4306 1830 4362 qua:
1875 4293 2082 4362 Vesper
2113 4285 2259 4354 D30
2301 4297 2527 4353 dierum
2574 4298 2702 4354 dum
2755 4297 2907 4354 hora:
2955 4304 3238 4354 crescunt.
3284 4299 3345 4352 1n
3388 4297 3620 4352 duobus
3684 4309 3842 4350 men—

427 4393 665 4446 vocatur
696 4391 898 4441 natura
932 4382 1168 4453 fervida,
1197 4382 1366 4438 annis
1391 4380 1619 4436 duobus
1647 4395 1880 4438 cursum
1912 4395 2081 4437 suum

429 4489 694 4549 peragere
718 4475 964 4543 videtur,
1001 4478 1183 4528 totum
1215 4483 1345 4526 vero
1378 4469 1663 4525 circulum
1695 4457 1991 4526 zodiacum
2018 4467 2085 4527 45

432 4567 654 4638 peragit
688 4563 874 4620 annis.
923 4563 983 4616 In
1023 4565 1230 4631 quarto
1261 4558 1403 4614 caelo
1442 4558 1528 4614 sol
1561 4559 1786 4614 medius
1820 4559 2084 4629 planeta—

432 4670 561 4711 rum
599 4655 785 4709 currit
808 4649 914 4708 365
941 4651 1169 4719 diebus,
1210 4653 1266 4703 et
1292 4647 1608 4718 quadrante
1642 4663 1874 4704 cursum
1911 4664 2081 4706 suum

435 4757 726 4816 peragens,
755 4742 850 4797 sed
885 4748 1070 4796 tamen
1104 4744 1230 4808 post
1258 4735 1328 4793 28
1351 4751 1533 4793 annos
1565 4743 1820 4808 peractos
1848 4739 1908 4794 in
1933 4753 2085 4796 eum-

431 4835 559 4890 dem
590 4831 874 4886 circulum
908 4829 1234 4885 revertitur.
1264 4828 1324 4882 Iu
1355 4827 1523 4882 tertio
1554 4826 1697 4882 ccelo
1725 4827 1889 4882 stella
1917 4829 2083 4884 Vene«

434 4923 519 4979 ris
546 4919 696 4977 intra
721 4921 895 4976 solem
921 4920 1276 4989 discurrens,
1302 4931 1428 4988 quae
1454 4915 1682 4973 Lucifer
1709 4918 1948 4988 dicitur,
1976 4924 2040 4975 ut
2062 4923 2081 4942 '

431 5012 679 5069 aliodem
710 5007 814 5066 348
833 5009 1037 5065 diebus
1065 5021 1300 5065 cursum
1326 5021 1495 5063 suum
1525 5008 1844 5077 perﬁciens.
1877 5011 2080 5065 Totum

431 5107 622 5161 autem
665 5098 950 5156 circulum
995 5111 1190 5153 novem
1235 5097 1406 5152 annis
1445 5097 1682 5166 implere
1730 5097 1970 5152 dicitur.
2017 5100 2080 5154 In

431 5191 680 5249 secundo
729 5189 872 5246 coelo
914 5187 1184 5243 Mercurii
1231 5187 1395 5243 sidus
1437 5199 1668 5242 currere
1713 5186 1936 5242 dicitur
1975 5184 2080 5243 340

426 5282 635 5338 diebus
671 5281 863 5336 ociore
899 5276 1122 5333 ambitu
1173 5276 1338 5332 modo
1381 5296 1393 5331 :
1435 5282 1566 5332 ante
1609 5274 1752 5331 solis
1794 5281 2074 5349 exortum,

433 5372 598 5428 modo
651 5375 780 5440 post
821 5380 1084 5425 occasum
1140 5364 1464 5436 splendens.
1507 5367 1570 5420 In
1618 5364 1805 5435 primo
1856 5365 2077 5422 circulo

431 5461 567 5517 luna
611 5472 940 5529 percurrere
977 5456 1198 5513 dicitur
1234 5452 1305 5509 28
1337 5453 1562 5525 diebus,
1604 5461 1661 5510 et
1697 5451 1764 5509 42
1797 5454 1976 5527 horis,
2013 5460 2079 5512 ut

2191 4387 2355 4444 sibus
2381 4384 2414 4442 4
2441 4388 2611 4458 horse,
2644 4393 2700 4442 et
2731 4387 2812 4442 ita
2843 4387 2901 4442 in
2937 4387 3126 4442 tribus
3157 4385 3452 4442 mensibus
3477 4403 3490 4454 ;
3519 4385 3628 4440 hoc
3659 4392 3750 4440 est
3777 4383 3840 4438 ab

2190 4476 2556 4546 Equinoctio
2595 4476 2832 4546 vernali,
2870 4489 3050 4547 usque
3080 4475 3150 4531 ab
3179 4474 3527 4544 Solstitium,
3565 4473 3622 4528 id
3658 4481 3753 4528 est
3779 4473 3840 4526 ab

2193 4579 2251 4620 ιιι
2283 4565 2406 4620 Kal.
2446 4565 2582 4635 Apr.
2613 4578 2796 4635 usque
2833 4565 2903 4622 ad
2931 4579 2988 4620 ιιι
3023 4564 3143 4620 Kal.
3187 4564 3297 4620 Jul.
3330 4577 3428 4634 per
3451 4561 3514 4618 9i
3558 4562 3696 4618 dies
3721 4562 3841 4617 alia

2191 4668 2289 4711 sex
2321 4654 2473 4710 horae
2501 4660 2786 4722 crescunt,
2816 4654 2901 4709 sic
2937 4655 3086 4710 enim
3117 4653 3463 4710 Anatholius
3489 4652 3840 4708 Alexandri-

2192 4758 2301 4801 nus
2322 4743 2606 4800 Laodiciae
2625 4744 2882 4799 civitatis
2900 4744 3206 4813 episcopus
3223 4743 3580 4798 demonstrat
3605 4742 3836 4796 dicens:

2188 4834 2291 4888 Per
2341 4830 2407 4888 45
2453 4833 2568 4887 dies
2618 4833 2727 4887 sole
2773 4833 3092 4887 ascendente
3135 4849 3240 4903 per
3288 4831 3396 4886 duo
3447 4838 3749 4888 momenta.
3799 4837 3838 4882 et

2190 4923 2501 4985 dimidium,
2537 4926 2586 4976 et
2614 4926 2822 4976 sextam
2847 4927 3065 4992 partem
3091 4923 3362 4984 momenti,
3397 4920 3535 4973 hora
3572 4920 3839 4974 diminui—

2190 5018 2282 5067 tur
2311 5011 2376 5065 de
2404 5011 2658 5074 tenebris,
2699 5011 2796 5065 hoc
2825 5015 2903 5065 est
2932 5011 2998 5065 de
3032 5017 3202 5074 nocte,
3233 5016 3282 5065 et
3320 5011 3509 5064 crescit
3551 5011 3611 5063 in
3642 5010 3838 5062 lumine

2188 5100 2284 5158 hoc
2322 5104 2398 5154 est
2429 5102 2486 5154 in
2514 5101 2619 5154 die.
2653 5102 2722 5155 Et
2749 5100 2836 5156 sic
2865 5106 3131 5156 crescunt
3171 5097 3238 5155 42
3273 5101 3444 5169 horae,
3479 5099 3592 5154 hoc
3621 5105 3711 5153 est
3747 5092 3837 5150 iw

2189 5193 2470 5245 momenta
2520 5201 2553 5244 a
2600 5202 2682 5243 xu
2746 5187 2870 5243 Kal.
2927 5190 3051 5244 Jan.
3111 5201 3290 5258 usque
3343 5188 3402 5242 in
3444 5199 3503 5240 ιιι
3559 5185 3688 5240 Kal.
3728 5183 3831 5240 Jul.

2187 5284 2243 5333 et
2273 5283 2410 5333 tunc
2444 5277 2590 5333 ﬁunt
2620 5275 2684 5332 48
2723 5278 2877 5333 horae
2906 5277 2965 5333 in
2995 5278 3090 5333 die
3133 5275 3432 5334 solstitiali
3479 5276 3708 5346 aestivo,
3740 5274 3835 5329 hoc

2186 5372 2272 5423 est
2290 5365 2324 5422 3
2350 5372 2540 5438 partes
2567 5366 2683 5423 diei
2715 5367 3022 5437 naturalis,
3051 5367 3150 5438 qui
3184 5366 3354 5422 habet
3372 5362 3444 5421 24
3467 5365 3643 5421 horas
3678 5366 3740 5419 in
3764 5377 3834 5433 se,

2185 5462 2242 5514 et
2275 5462 2476 5528 quarta
2509 5469 2639 5528 pars
2670 5456 2836 5514 illius
2858 5457 2974 5513 diei
3013 5455 3297 5513 naturalis
3331 5453 3396 5511 ﬁt
3427 5455 3487 5511 in
3521 5461 3694 5511 nocte
3721 5453 3839 5510 sol-
