4054 6192
237 333 379 392 4329

1601 337 1802 394 LIBER
1837 337 1929 395 DE
1965 335 2307 394 COMPUTO.

3513 337 3652 397 l330

232 458 468 530 stitiali,
522 459 628 518 hoc
669 465 756 518 est
802 476 897 518 sex
957 462 1110 518 horae
1152 460 1336 517 simili
1372 460 1578 531 modo;
1609 463 1666 515 et
1711 437 1972 520 similiA
1999 461 2133 516 Item
2168 462 2393 532 quando
2421 458 2488 517 l5
2508 461 2645 518 luna
2675 462 2734 518 in
2770 463 2983 520 Pascha
3031 463 3226 535 fuerit,
3273 465 3411 520 tunc
3439 463 3552 520 erit
3575 459 3648 520 25

233 559 476 604 numero
503 549 752 621 dierum,
784 550 888 607 hoc
909 555 994 606 est
1023 551 1303 622 nonageni
1328 549 1474 620 bini,
1507 553 1563 605 et
1583 548 1888 605 duodecies

233 649 334 705 per
363 635 398 692 6
429 649 670 707 menses,
705 646 760 694 et
789 638 1098 694 dimidium
1146 638 1264 694 diei
1294 637 1609 708 naturalis;
1644 637 1791 691 idest
1823 631 1890 691 l2

231 723 408 780 horas
431 739 530 794 per
556 727 672 782 duo
703 732 1004 790 momenta.
1035 732 1090 782 et
1123 727 1271 782 duas
1300 727 1499 782 tertias
1530 725 1799 782 momenti
1827 725 1887 779 in

230 826 584 886 unoquoque
614 815 709 870 die
737 816 1020 872 decrescit
1046 817 1166 885 lux,
1199 821 1254 871 et
1298 821 1563 872 crescunt
1610 814 1882 870 tenebrae:

227 906 287 957 et
308 916 421 958 nox
439 902 509 958 ab
536 917 594 958 χι
619 904 742 959 Kal.
769 905 880 960 Jul.
914 919 1097 975 usque
1116 906 1176 960 in
1196 919 1277 960 xu
1301 904 1424 958 Kal.
1450 906 1680 960 Januar.
1705 916 1888 972 usque

225 990 296 1046 ad
332 991 659 1048 Solstitium
705 993 958 1064 hyemale
990 994 1172 1049 simili
1219 1008 1456 1050 numero
1509 994 1798 1062 horarum,
1831 995 1887 1049 et

227 1087 667 1152 momentorum,
697 1087 753 1138 et
780 1084 1005 1139 dierum
1034 1085 1187 1140 sicut
1227 1085 1324 1138 lux
1371 1084 1456 1140 sic
1507 1083 1804 1148 decrescit,
1831 1084 1888 1136 et

224 1175 497 1225 crescunt
528 1170 771 1226 tenebrm
798 1172 938 1227 hora
965 1186 1061 1242 per
1092 1170 1159 1228 l5
1187 1173 1316 1229 dies
1343 1173 1472 1228 duae
1494 1172 1666 1241 horae,
1692 1185 1789 1240 per
1815 1167 1886 1227 30

227 1258 386 1313 horia
431 1255 463 1312 4
493 1273 592 1327 per
619 1259 766 1316 duos
798 1274 1035 1331 menses,
1084 1261 1191 1316 hoc
1228 1266 1311 1316 est
1352 1274 1452 1330 per
1497 1257 1564 1316 40
1615 1260 1739 1315 dies
1785 1273 1886 1315 sex

225 1345 412 1402 horae.
447 1348 550 1402 Per
585 1345 620 1403 3
653 1363 874 1405 menses
902 1350 1007 1406 hoc
1039 1354 1124 1404 est
1149 1362 1180 1404 a
1205 1348 1467 1404 Solstitio
1495 1348 1692 1404 aestivo
1721 1346 1792 1402 ab
1821 1360 1880 1402 χι

221 1435 355 1489 Kal.
380 1435 492 1491 Jul.
520 1451 703 1508 usque
724 1439 792 1493 ad
820 1438 1147 1494 Solstitium
1175 1438 1449 1508 hyemale,
1478 1441 1533 1492 et
1552 1437 1620 1492 ad
1649 1450 1731 1490 xu
1755 1435 1875 1491 Kal.

217 1524 389 1579 Janu.
426 1526 738 1582 secundum
779 1528 1005 1584 Graecos
1047 1525 1114 1584 l2
1143 1528 1296 1583 horae
1325 1530 1591 1583 crescunt
1623 1525 1681 1580 in
1721 1530 1885 1579 tene-

220 1611 386 1682 bris;
421 1613 624 1669 etduae
653 1615 1066 1672 diminuuntur
1096 1630 1195 1686 per
1221 1617 1349 1672 dies
1380 1613 1499 1685 l82,
1545 1615 1651 1670 hoc
1679 1617 1764 1668 est
1785 1625 1884 1682 per

221 1707 511 1758 momenta
539 1699 659 1760 480.
701 1705 770 1759 Et
801 1709 937 1760 tunc
969 1705 1252 1761 habentur
1284 1705 1342 1760 in
1377 1704 1477 1759 illa
1505 1706 1669 1759 nocte
1695 1700 1884 1757 solsti-

2001 549 2059 605 in
2087 549 2434 608 Ascensione
2462 551 2714 621 Domini,
2738 555 2795 606 et
2821 553 3045 621 quando
3079 550 3142 608 2l
3175 553 3310 609 luna
3349 553 3408 608 in
3432 551 3649 608 Pascha

2000 638 2311 710 invenitur,
2347 644 2483 696 tunc
2516 641 2701 711 prima
2731 641 2866 697 luna
2923 641 3034 696 erit
3067 641 3125 696 in
3154 641 3501 698 Ascensione
3528 643 3652 697 Do-

1999 727 2141 782 mini
2180 742 2211 782 a
2235 727 2307 784 25
2350 728 2486 785 luna
2518 743 2701 800 usque
2747 730 2816 784 ad
2847 726 2937 784 34.
2976 730 3046 784 Et
3075 730 3551 800 quandocumque
3581 727 3648 785 l5

1999 813 2133 871 luna
2167 815 2343 872 fuerit
2373 818 2432 872 in
2465 818 2695 888 Pascha,
2743 821 2881 874 tunc
2909 818 3022 874 erit
3048 816 3083 874 5
3127 818 3186 873 in
3213 819 3559 888 Pentecoste,
3591 820 3648 874 et

1998 905 2226 975 quando
2264 903 2327 961 24
2363 907 2422 961 in
2472 907 2704 962 Pascha.
2740 911 2876 963 tunc
2906 907 3017 962 erit
3063 905 3121 962 44
3181 907 3320 962 luna
3352 907 3411 961 in
3440 908 3648 962 Pente-

1995 999 2169 1049 coste.
2196 996 2288 1050 Hae
2339 996 2492 1051 enim
2543 1001 2680 1052 sunt
2725 993 2760 1051 7
2813 1000 3006 1052 aetates
3059 996 3208 1051 lunae
3252 995 3541 1052 servandae
3585 996 3646 1050 in

1993 1083 2319 1140 Pentecoste
2344 1097 2375 1139 a
2395 1082 2429 1140 5
2460 1086 2596 1141 luna
2628 1099 2808 1156 usque
2837 1087 2904 1141 ad
2946 1083 3028 1140 44.
3063 1086 3132 1140 Et
3163 1085 3390 1155 quando
3418 1082 3486 1141 45
3511 1083 3648 1140 luna

1999 1171 2056 1227 in
2083 1174 2297 1229 Pascha
2324 1174 2637 1245 invenitur,
2679 1179 2815 1230 tunc
2842 1173 2878 1230 8
2909 1175 3042 1230 luna
3087 1173 3146 1228 in
3172 1174 3472 1230 Dominica
3509 1173 3649 1229 Pal—

1996 1276 2215 1318 marum
2243 1268 2360 1332 est;
2391 1268 2446 1319 et
2473 1265 2699 1334 quando
2722 1261 2785 1322 2l
2815 1263 2950 1320 luna
2984 1263 3040 1318 in
3069 1262 3171 1319 illa
3197 1263 3292 1319 die
3320 1262 3644 1319 Palmarum

1993 1357 2123 1407 ante
2153 1353 2384 1424 Pascha,
2413 1357 2469 1408 et
2492 1354 2574 1408 hae
2606 1358 2743 1409 sunt
2761 1351 2795 1408 7
2815 1357 3009 1410 aetates
3033 1353 3184 1409 luna:
3211 1352 3307 1408 die
3333 1352 3520 1422 illius,
3546 1351 3646 1408 id-

1992 1445 2078 1496 est
2102 1440 2173 1496 ab
2201 1438 2237 1495 8
2266 1441 2403 1498 luna
2433 1456 2614 1512 usque
2638 1441 2706 1497 ad
2754 1438 2838 1496 ll.

1991 1548 2334 1616 Argumenta
2373 1550 2438 1602 de
2467 1550 2612 1616 cyclo
2635 1564 2832 1616 magno
2863 1548 3354 1611 decemnovennali,
3385 1551 3435 1602 ct
3461 1548 3648 1602 lunari

2066 1624 2116 1674 et
2143 1621 2209 1674 de
2249 1621 2393 1687 cyclo
2424 1635 2620 1688 magno
2647 1620 3086 1674 demonstrandis
3106 1635 3211 1690 per
3239 1634 3412 1674 annos
3441 1619 3510 1674 ab
3540 1621 3648 1673 ori-

2060 1692 2187 1758 gine
2213 1691 2426 1744 mundi.

219 1789 355 1845 tiali
385 1791 632 1860 hyemali
668 1788 734 1847 l8
760 1792 935 1864 horae,
969 1794 1075 1849 hoc
1105 1800 1192 1849 est
1220 1799 1336 1849 tres
1362 1797 1551 1860 partes
1575 1792 1693 1847 diei
1721 1796 1882 1846 natu-
1907 1808 1958 1870 Β
2060 1796 2295 1854 CXVIII.
2329 1797 2388 1852 Si
2411 1797 2499 1853 vis
2538 1797 2686 1853 scire
2713 1800 2926 1868 quotus
2975 1797 3055 1852 sit
3079 1809 3267 1852 annus
3294 1795 3438 1867 cycli
3488 1795 3647 1851 sola-

219 1879 386 1948 ralis,
421 1886 476 1934 et
502 1885 706 1950 quarta
744 1895 875 1950 pars
901 1882 962 1936 in
986 1882 1080 1938 die
1132 1882 1232 1938 illo
1264 1881 1585 1952 solstitiali,
1619 1894 1818 1951 nempe
1847 1879 1881 1935 6
1991 1887 2095 1957 ris,
2125 1887 2225 1956 qui
2256 1884 2327 1941 28
2349 1887 2519 1941 annis
2547 1886 2794 1956 peractis
2821 1887 2881 1940 in
2917 1899 2978 1940 se
3021 1886 3329 1941 revertitur
3372 1882 3443 1940 29
3494 1898 3644 1940 anno

215 1967 398 2023 horm.
433 1969 738 2040 Hucusque
767 1971 836 2026 de
887 1985 1150 2041 ascensu,
1202 1977 1258 2026 et
1299 1972 1578 2027 descensu
1621 1970 1764 2025 solis
1803 1969 1881 2025 sit
1991 1975 2516 2044 incipiente;quod
2573 1975 2622 2028 si
2679 1974 2933 2029 volueris
2980 1973 3149 2043 scire,
3195 1977 3407 2042 quotus
3457 1985 3646 2027 annus

211 2057 465 2128 dictum,
501 2058 840 2128 sapientiori
877 2061 1092 2129 majora
1120 2060 1516 2130 relinquendo.

288 2148 370 2200 De
397 2147 587 2216 cclipsi
613 2147 801 2202 lunari
824 2153 873 2203 et
910 2149 1082 2203 solari
1102 2149 1317 2202 Plinius
1343 2153 1394 2202 et
1421 2150 1803 2216 Hieronymus.

289 2235 452 2290 CXV.
490 2235 717 2292 Plinius
745 2239 1034 2294 secundus
1066 2238 1124 2292 in
1152 2251 1320 2307 opere
1348 2237 1738 2306 pulcherrimo
1771 2249 1878 2291 na—

212 2322 436 2378 turalis
471 2324 738 2380 Historia:
787 2326 867 2381 ita
915 2326 1250 2395 descripsit:
1298 2325 1512 2380 Certum
1553 2325 1681 2379 solis
1720 2325 1879 2392 defe-

215 2417 368 2466 ctum
394 2429 503 2466 non
555 2416 668 2467 nisi
708 2416 1002 2468 novissima
1040 2415 1124 2468 vel
1158 2416 1343 2484 prima
1378 2415 1512 2468 luna
1563 2417 1700 2484 ﬁeri,
1734 2414 1879 2483 quod

214 2505 421 2554 vocant
457 2507 665 2556 emtum.
715 2504 874 2556 Luna
922 2506 1103 2557 autem
1158 2519 1267 2558 non
1310 2505 1420 2556 nisi
1452 2503 1623 2574 plena
1659 2505 1879 2572 patitur

215 2591 758 2660 eclipsin;omnibus
783 2597 964 2646 autem
993 2594 1154 2646 annis
1188 2594 1308 2662 ﬁeri
1351 2595 1638 2661 utriusque
1679 2592 1876 2646 sideris

211 2679 464 2747 defectus
495 2681 594 2734 sub
627 2686 792 2743 terra,
825 2698 921 2735 nec
950 2686 1128 2736 tamen
1166 2697 1286 2736 cum
1323 2698 1554 2752 superne
1576 2686 1716 2752 fiunt
1745 2683 1879 2735 ubi—

211 2784 325 2838 que
377 2771 548 2831 ce-rni,
603 2771 909 2838 aliquando
931 2775 1157 2839 propter
1202 2771 1416 2832 nubila,
1467 2773 1668 2840 saepius
1721 2772 1876 2839 globo

208 2861 379 2910 terrae
408 2858 671 2918 obstante,
704 2862 754 2911 et
789 2859 1220 2912 convexitatibus
1257 2859 1471 2914 Mundi.
1506 2861 1640 2914 Item
1668 2860 1875 2915 Hiero—

208 2957 456 3015 nymus:
491 2947 801 3016 Deliquium
825 2948 956 3001 solis
979 2948 1121 3001 idest
1163 2948 1406 3016 defectus
1447 2950 1611 3011 veris,
1651 2951 1875 3003 astatis-

207 3049 322 3103 que
379 3036 708 3104 temporibus
753 3036 996 3090 accidere
1035 3037 1186 3099 solet,
1235 3051 1519 3106 nunquam
1582 3039 1694 3090 nisi
1752 3040 1875 3090 ortu

211 3126 368 3179 lunae
396 3126 518 3194 ﬁeri
544 3125 695 3179 solet.

288 3213 530 3268 Lacteus
570 3210 828 3267 circulus
853 3217 940 3268 est
987 3211 1079 3267 via
1122 3211 1387 3281 candida,
1421 3225 1548 3282 qua:
1601 3211 1661 3266 in
1706 3224 1870 3281 spera

204 3301 466 3372 videtur,
490 3315 522 3356 a
551 3302 795 3358 candore
819 3302 993 3372 dicta,
1025 3301 1163 3372 quia
1192 3301 1320 3357 alba
1340 3305 1448 3368 est,
1482 3313 1650 3372 quam
1682 3300 1867 3372 aliqui

205 3389 364 3445 viam
391 3403 512 3446 esse
527 3391 750 3460 dicunt,
781 3391 919 3462 quia
935 3391 1148 3447 circuit
1173 3391 1258 3447 sol
1278 3394 1298 3414 "
1324 3390 1650 3461 splendoris
1681 3390 1871 3461 ipsius

207 3478 492 3548 transitu,
531 3479 610 3534 ita
641 3480 882 3535 Lunare.

284 3566 380 3622 Sol
412 3568 548 3622 dum
581 3567 785 3638 igneus
815 3567 912 3639 sit,
947 3581 1062 3638 prae
1085 3567 1268 3624 nimio
1286 3571 1445 3624 motu
1476 3567 1872 3624 conversionis

207 3670 333 3712 sua:
355 3655 608 3725 amplius
630 3655 948 3728 incalescit,
977 3657 1146 3726 cujus
1168 3657 1356 3729 ignem
1391 3657 1596 3713 dicunt
1626 3656 1875 3726 philoso-

208 3744 313 3816 phi
348 3758 500 3814 aqua
542 3745 776 3811 nutriri,
819 3750 875 3800 et
921 3759 951 3801 e
980 3746 1274 3802 contrario
1300 3745 1578 3802 elemento
1599 3745 1869 3802 virtutem

207 3832 484 3902 luminis,
513 3837 569 3887 et
593 3833 801 3888 caloris
841 3834 1114 3903 accipere.

357 3924 436 3975 De
453 3923 626 3976 variis
649 3925 958 3977 nominibus
983 3925 1112 3978 solis
1133 3939 1237 3994 per
1263 3926 1450 3978 varias
1481 3925 1720 3992 linguas.

281 4010 471 4066 CXVI.
505 4011 683 4080 Quam
710 4025 770 4067 se
796 4012 855 4068 in
900 4012 1133 4070 Hebraeo
1178 4013 1315 4069 luna
1346 4014 1655 4084 simplicia.
1686 4015 1866 4071 Elios

208 4099 273 4154 in
305 4099 521 4171 Graaco,
568 4100 824 4157 Phanath
870 4116 999 4157 cum
1057 4102 1442 4174 philosophis,
1493 4103 1701 4158 Tithan
1733 4118 1862 4158 cum

206 4188 472 4259 Caldaeis,
507 4189 592 4244 sol
623 4204 753 4245 cum
799 4191 1020 4247 Latinis
1048 4191 1119 4246 de
1148 4191 1442 4247 soliditate
1486 4191 1745 4263 luminis,
1776 4194 1861 4249 vel

204 4291 274 4333 eo
308 4278 459 4348 quod
485 4279 644 4336 solus
687 4285 958 4350 appareat
987 4280 1310 4338 obscuratis
1340 4281 1631 4338 sideribus
1681 4283 1862 4339 radiis

204 4369 338 4439 ejus
370 4369 718 4438 potentibus.

203 4475 552 4562 Argumenta
599 4476 663 4531 de
692 4477 868 4562 initia
911 4476 1397 4562 Quadragesimaei‘
1421 4481 1486 4562 et‘
1513 4478 1578 4532 de
1611 4480 1860 4562 clausula
1885 4500 1939 4562 D

388 4548 625 4618 Paschaa,
655 4553 706 4602 et
735 4548 800 4602 de
827 4549 1238 4616 Rogationibus,
1280 4553 1330 4602 et
1353 4549 1675 4605 Pentecoste.

275 4636 488 4692 CXVII.
538 4637 597 4692 Si
629 4637 880 4693 volueris
936 4638 1086 4693 scire
1127 4643 1300 4708 quota
1332 4639 1468 4695 luna
1499 4639 1576 4696 sit
1621 4641 1858 4698 initium

202 4725 672 4796 Quadragesimza
720 4725 778 4780 in
831 4725 1266 4796 Rogationibus,
1313 4729 1463 4785 scias
1511 4736 1682 4800 quota
1725 4731 1859 4788 luna

203 4812 391 4869 fuerit
416 4814 475 4869 in
506 4814 719 4870 Pascha
751 4814 810 4869 in
839 4829 1182 4886 unoquoque
1220 4830 1390 4872 anno.
1428 4819 1506 4873 De
1539 4818 1639 4874 illa
1665 4825 1859 4889 epacta

204 4903 477 4973 praesenti
508 4904 567 4958 in
588 4904 802 4959 Pascha
842 4905 1101 4960 rescinde
1152 4902 1237 4974 l2,
1273 4906 1357 4961 sic
1382 4907 1495 4962 erit
1539 4907 1675 4962 luna
1700 4909 1859 4965 initii

199 4992 685 5064 Quadragesimze.
744 4995 881 5048 Item
928 4994 1072 5049 adde
1117 4991 1152 5048 7
1183 5008 1355 5064 super
1409 4995 1568 5052 illam
1617 5003 1861 5070 aetatem,

201 5095 381 5153 quam
409 5081 470 5136 in
501 5083 712 5138 Pascha
741 5084 1006 5153 praesenti
1032 5084 1322 5154 habueris,
1355 5085 1459 5156 sic,
1495 5086 1606 5142 erit
1637 5087 1772 5144 luna
1801 5090 1860 5145 in

201 5170 654 5242 Rogationibus.
685 5174 821 5228 Item
843 5173 948 5228 hoc
970 5172 1139 5242 scias,
1169 5174 1305 5243 quia
1324 5175 1516 5244 qualis
1534 5176 1670 5232 luna
1687 5175 1863 5234 fuerit

204 5261 269 5315 in
297 5259 561 5315 clausula
586 5261 812 5316 Pascha:
840 5261 900 5317 in
929 5274 1275 5333 unoquoque
1299 5277 1468 5334 anno,
1505 5265 1640 5320 talis
1664 5267 1777 5322 erit
1805 5267 1861 5322 in

202 5347 645 5418 Rogationibus.
666 5349 904 5418 Quando
921 5351 1074 5406 enim
1100 5347 1166 5406 l5
1184 5350 1320 5405 luna
1343 5351 1400 5406 in
1430 5353 1642 5409 Pascha
1665 5352 1860 5424 fuerit,

205 5445 346 5494 tunc
374 5434 448 5492 22
479 5436 615 5493 luna
655 5439 716 5493 in
747 5438 1007 5496 clausula
1041 5439 1289 5507 Pascha},
1323 5439 1409 5495 sic
1437 5440 1608 5496 etiam
1655 5440 1727 5498 22
1754 5445 1866 5500 erit

207 5527 270 5582 in
301 5525 742 5599 Rogationibus.
771 5529 866 5585 Sic
916 5542 1014 5600 per
1039 5524 1075 5584 7
1099 5532 1292 5585 aetates
1319 5527 1453 5585 luna
1503 5529 1562 5585 in
1604 5529 1864 5590 clausula

203 5617 458 5686 Paschaa,
483 5621 539 5672 et
566 5615 624 5672 in
644 5617 1082 5689 ROgationibus,
1113 5616 1169 5672 id
1196 5621 1282 5674 est
1301 5630 1334 5673 a
1357 5614 1428 5674 22
1451 5632 1632 5690 usque
1669 5621 1737 5676 ad
1769 5619 1860 5677 28.

1988 2063 2134 2134 cycli
2165 2059 2250 2133 l9,
2279 2063 2452 2118 immo
2491 2063 2663 2118 etiam
2697 2065 2910 2132 quotus
2939 2075 3126 2117 annus
3152 2062 3231 2116 sit
3260 2061 3404 2131 cycli
3428 2059 3646 2131 magni:

1991 2154 2091 2225 qui
2121 2150 2228 2209 533
2251 2166 2402 2209 anno
2438 2152 2752 2222 incipiente
2802 2153 2860 2206 in
2893 2152 3264 2221 semetipsum
3316 2149 3642 2218 revertitur,

1987 2247 2090 2298 aut
2121 2245 2261 2313 quot
2289 2242 2426 2297 anni
2455 2245 2592 2297 sunt
2621 2240 2691 2296 ab
2722 2240 2948 2313 origine
2980 2240 3202 2311 mundi,
3249 2244 3305 2294 et
3329 2240 3469 2309 quot
3493 2237 3638 2307 cycli

1987 2331 2222 2401 solares,
2253 2336 2308 2386 et
2358 2329 2915 2400 decemnovennales,
2940 2331 2996 2384 et
3022 2332 3162 2400 quot
3196 2328 3400 2398 saltus,
3425 2331 3481 2381 et
3510 2326 3643 2381 bis-

1989 2419 2222 2476 sextiles
2271 2420 2417 2490 dies,
2451 2423 2506 2474 et
2533 2423 2671 2489 quot
2696 2418 2842 2488 cycli
2878 2418 3101 2489 magni:
3155 2421 3422 2485 computa
3455 2414 3643 2472 unde—

1987 2508 2105 2562 cies
2133 2505 2277 2577 533;
2309 2506 2415 2563 500
2444 2521 2577 2578 ergo
2609 2506 2744 2562 anni
2790 2506 3063 2561 undecies
3089 2503 3463 2570 multiplicati
3496 2503 3646 2558 ﬁunt

1985 2594 2144 2651 5000.
2181 2601 2317 2652 Item
2337 2594 2407 2652 30
2434 2595 2704 2651 undecies
2734 2594 3110 2664 multiplicati
3140 2594 3286 2648 ﬁunt
3310 2590 3434 2659 330,
3463 2593 3640 2648 simul

1987 2689 2176 2741 autem
2202 2691 2257 2740 et
2289 2685 2599 2754 praedictus
2630 2697 2904 2739 numerus
2927 2681 3084 2738 5830.
3119 2684 3258 2738 Item
3292 2679 3326 2736 3
3372 2680 3642 2737 undecies

1988 2774 2364 2843 multiplicati
2378 2771 2466 2842 33,
2485 2774 2584 2842 qui
2602 2771 2787 2828 additi
2802 2785 2976 2841 super
2987 2785 3288 2827 numerum
3304 2770 3640 2841 praedictum

1989 2863 2134 2918 ﬁunt
2157 2862 2332 2918 simul
2358 2859 2516 2918 5863.
2551 2863 2613 2916 In
2655 2858 2713 2914 ll
2760 2874 2894 2931 ergo
2923 2860 3101 2930 cyclis
3127 2860 3349 2930 magnis
3395 2863 3480 2915 tot
3504 2859 3641 2914 anni

1987 2956 2140 3021 sunt,
2177 2950 2324 3005 idest
2352 2948 2513 3018 5863,
2560 2954 2853 3004 remanent
2885 2946 3002 3004 l26.
3061 2949 3139 3004 De
3169 2961 3405 3004 numero
3453 2961 3642 3004 anno-

1987 3053 2113 3094 rum
2145 3038 2216 3093 ab
2241 3038 2414 3092 initio
2459 3038 2678 3092 mundi.
2711 3036 3068 3092 Centesimus
3112 3037 3297 3107 igitur
3327 3037 3644 3108 vigesimus

1897 3127 1946 3190 C
1984 3131 2181 3183 sextus
2216 3139 2396 3182 annos
2428 3139 2580 3182 nunc
2627 3125 2810 3196 igitur
2855 3124 3185 3180 duodecimi
3237 3126 3428 3195 magni
3468 3124 3636 3194 cycli.

1981 3219 2094 3272 Hos
2118 3230 2252 3288 ergo
2279 3229 2474 3272 omnes
2493 3228 2675 3271 annos
2702 3213 2928 3270 divides
2955 3227 3054 3283 per
3092 3212 3282 3283 cyclos
3312 3213 3548 3283 solares,
3583 3221 3638 3268 et

1979 3305 2536 3375 decemnovennales,
2592 3307 2658 3359 ut
2708 3303 2981 3374 sciamus,
3036 3306 3177 3372 quot
3224 3301 3368 3372 cycli
3423 3300 3642 3356 solares

1981 3395 2116 3462 sint,
2151 3399 2207 3450 et
2230 3398 2368 3465 quot
2391 3391 2933 3448 decemnovennales
2954 3390 3025 3445 ab
3055 3390 3281 3460 origine
3307 3389 3529 3459 mundi,
3580 3397 3637 3445 et

1983 3489 2194 3555 Quotus
2218 3497 2407 3540 annus
2430 3483 2509 3538 sit
2540 3482 2598 3537 in
2643 3482 2905 3552 praesenti
2947 3494 3096 3537 anno
3124 3479 3269 3550 cycli
3324 3479 3551 3549 solaris,
3580 3481 3638 3534 et

1981 3573 2126 3644 cycli
2156 3571 2707 3628 decemnovennalis.
2739 3573 2799 3625 In
2849 3584 2963 3626 uno
3015 3584 3149 3642 ergo
3203 3568 3360 3640 cyclo
3407 3581 3628 3640 magno,

1981 3676 2146 3734 quem
2164 3662 2369 3718 dicunt
2385 3662 2445 3717 in
2463 3675 2521 3717 se
2539 3661 2743 3716 reverti
2758 3657 2881 3730 533,
2897 3673 3047 3716 anno
3065 3659 3398 3729 incipiente,
3417 3656 3635 3713 solares

1979 3751 2124 3823 cycli
2148 3758 2283 3808 sunt
2316 3748 2402 3806 l9.
2432 3749 2981 3807 Decemnovennales
3005 3762 3136 3804 vero
3161 3745 3250 3803 28.
3286 3747 3346 3802 Si
3376 3747 3529 3802 enim
3558 3743 3630 3801 28

1978 3841 2168 3897 decies
2193 3845 2248 3896 et
2275 3841 2470 3896 novies
2509 3838 3010 3909 multiplicaveris,
3043 3836 3130 3892 vel
3165 3833 3232 3891 l9
3262 3849 3361 3906 per
3387 3833 3478 3906 28,
3523 3833 3630 3891 532

1976 3928 2250 3986 eﬁiciunt.
2277 3930 2346 3984 Et
2371 3929 2420 3985 si
2454 3928 2515 3982 in
2538 3924 2596 3982 ll
2629 3927 2808 3998 cyclis
2838 3926 3062 3998 magnis
3106 3922 3214 3982 209
3238 3924 3454 3980 solares
3482 3923 3627 3994 cycli

1976 4022 2143 4087 sunt;
2179 4031 2307 4072 nam
2353 4014 2419 4072 l0
2449 4016 2721 4072 undecies
2752 4014 3127 4085 multiplicati
3183 4013 3331 4069 ﬁunt
3383 4009 3484 4067 440
3513 4018 3570 4067 et
3593 4010 3628 4067 9

1976 4105 2265 4177 undecies,
2284 4105 2370 4161 vel
2399 4107 2626 4161 undeno
2643 4106 2805 4162 ducti
2827 4103 2898 4160 99
2923 4108 3078 4175 sunt,
3099 4104 3272 4159 simul
3290 4106 3478 4158 autem
3495 4099 3619 4157 209.

1973 4198 2105 4252 Item
2133 4195 2194 4250 in
2223 4191 2280 4250 ll
2316 4194 2537 4264 magnis
2557 4194 2736 4264 cyclis
2765 4193 3306 4250 decemnovennales
3327 4197 3465 4248 sunt
3493 4189 3618 4248 308.

1971 4282 2041 4339 20
2071 4283 2222 4339 enim
2249 4283 2518 4340 undecies
2556 4281 2931 4351 multiplicati
2956 4279 3062 4337 220
3083 4288 3238 4352 sunt,
3273 4287 3329 4338 et
3356 4280 3391 4336 8
3437 4281 3622 4336 unde-

1972 4373 2108 4444 cies,
2133 4373 2222 4430 vel
2252 4369 2310 4428 ll
2347 4372 2524 4427 octies
2548 4371 2709 4426 ducti
2739 4367 2810 4424 88
2835 4369 3092 4436 faciunt;
3126 4370 3305 4426 simul
3353 4383 3484 4424 vero
3514 4365 3621 4424 308

1973 4463 2032 4518 in
2073 4462 2287 4533 quibus
2337 4465 2474 4518 sunt
2501 4461 2638 4517 anni
2665 4457 2826 4516 5863.
2858 4462 2996 4515 Item
3055 4459 3114 4513 in
3141 4459 3310 4515 annis
3359 4455 3480 4527 l26,
3515 4455 3616 4526 qui

1971 4555 2301 4622 supersunt,
2325 4548 2358 4606 4
2377 4551 2521 4621 cycli
2556 4551 2771 4607 solares
2794 4547 3183 4615 continentur,
3213 4545 3282 4602 20
3303 4546 3454 4601 enim
3487 4557 3622 4615 qua-

1971 4647 2058 4697 ter
2080 4641 2240 4698 ducti
2273 4639 2526 4707 ﬁunt80,
2579 4645 2634 4695 et
2657 4638 2693 4694 8
2717 4644 2919 4711 quater
2944 4636 3317 4707 multiplicati
3350 4635 3495 4690 ﬁunt
3523 4631 3613 4704 32,

1971 4735 2106 4786 sunt
2136 4729 2312 4786 simul
2350 4734 2537 4784 autem
2572 4725 2692 4782 ll2.
2737 4728 2893 4784 Adde
2934 4728 3076 4782 istos
3108 4721 3140 4780 4
3182 4723 3371 4796 cyclos
3402 4723 3618 4779 solares

1972 4833 2144 4889 super
2168 4818 2315 4874 alios
2346 4817 2708 4887 supradictos
2728 4815 2834 4872 209
2879 4817 3025 4872 ﬁunt
3057 4810 3187 4870 243.
3220 4814 3324 4869 Tot
3347 4813 3492 4884 cycli
3516 4827 3620 4869 so—

1973 4908 2120 4963 lares
2147 4907 2356 4980 integri
2384 4906 2454 4961 ab
2488 4906 2658 4961 initio
2692 4905 2915 4974 mundi,
2951 4905 3010 4958 in
3039 4903 3251 4974 quibus
3275 4904 3411 4958 anni
3437 4903 3620 4959 conti-

1973 5003 2181 5052 nentur
2203 4991 2344 5052 5575
2374 4999 2665 5050 remanent
2702 4991 2788 5049 44.
2835 4991 3084 5060 Quartus
3134 4991 3392 5048 decimus
3430 5007 3618 5048 annus

1971 5090 2058 5141 est
2086 5085 2230 5155 cycli
2281 5084 2505 5140 solaris.
2558 5086 2692 5138 Item
2749 5083 2810 5138 in
2844 5079 2946 5137 l26
2973 5081 3164 5153 annis,
3197 5082 3297 5153 qui
3326 5087 3618 5138 remanent

1972 5189 2144 5244 super
2167 5171 2224 5229 44
2257 5174 2446 5244 cyclos
2472 5186 2704 5244 magnos
2731 5186 2830 5243 per
2866 5171 2931 5227 l9
2961 5172 3136 5229 divisi
3159 5171 3194 5228 6
3220 5173 3618 5228 decemnoven-

1975 5263 2134 5320 nales
2159 5269 2312 5320 sunt.
2342 5262 2399 5319 Si
2431 5263 2582 5319 enim
2615 5263 2684 5319 de
2711 5259 2733 5316 4
2746 5260 2812 5318 20
2838 5262 2974 5318 tolle
3010 5261 3065 5334 6,
3099 5277 3195 5318 sex
3219 5264 3617 5318 decemnoven-

1975 5348 2135 5407 nales
2165 5351 2377 5421 fecisti,
2417 5357 2472 5408 et
2505 5351 2593 5407 illi
2638 5350 2672 5406 6
2698 5365 2841 5423 quos
2867 5351 3079 5422 tulisti,
3109 5358 3164 5407 et
3192 5350 3293 5405 alii
3320 5348 3354 5402 6
3380 5346 3477 5416 qui
3508 5360 3616 5401 su—

1977 5454 2075 5511 per
2107 5437 2206 5497 l20
2230 5440 2474 5510 fuerant,
2510 5440 2655 5497 ﬁunt
2680 5441 2855 5498 simul
2891 5439 2978 5498 62.
3011 5436 3394 5496 Duodecimus
3429 5447 3616 5491 annus

1974 5538 2061 5591 est
2084 5531 2230 5603 cycli
2256 5533 2804 5590 decemnovennalis.
2837 5532 2947 5601 Qui
2971 5542 3157 5587 annus
3185 5525 3508 5583 communis
3535 5525 3620 5580 in-

1977 5621 2124 5696 cipit
2145 5634 2177 5676 a
2226 5616 2290 5676 l6
2332 5620 2453 5676 Kal.
2489 5621 2622 5678 Mai.
2656 5633 2837 5690 usque
2880 5620 2940 5674 in
2972 5616 3122 5688 prid.
3155 5617 3298 5671 Non.
3331 5615 3464 5685 Apr.
3494 5613 3620 5670 dies
