4076 6174
443 247 575 311 4334

1329 249 1618 309 ΑΡΡΕΝῙ).
1658 249 1750 307 ΑΙ)
1786 245 1947 306 SEC.
1985 247 2085 306 IX.
2123 273 2198 290 —
2221 244 2575 304 AUCTORES
2611 244 2945 306 ANONYMI.

3705 230 3849 306 1333?

443 372 659 432 habens
706 371 828 432 354.
864 374 1000 432 Illos
1028 388 1162 448 ergo
1194 374 1229 433 6
1256 375 1811 448 decemnovennales,
1853 387 1966 446 quo
1997 372 2087 430 fe-
2108 369 2170 432 A
2200 370 2283 426 tes
2308 370 2516 442 cyclos,
2545 375 2609 429 ut
2637 371 2898 430 diximus
2922 369 2958 429 5
2986 370 3294 430 transitum
3326 369 3524 442 faciat,
3548 375 3606 428 et
3635 369 3846 442 absque

437 464 571 521 cisti
625 465 694 522 de
727 463 828 521 420
859 465 1022 521 mitte
1051 480 1223 536 super
1245 464 1351 523 308
1380 466 1761 537 supradictos,
1795 465 1942 521 ﬁunt
1960 461 2086 536 344,

445 560 528 612 tot
574 555 719 626 cycli
762 556 1300 613 decemnovennales
1348 562 1484 613 sunt
1536 556 1744 628 integri
1795 554 1864 610 ab
1914 554 2088 610 initio

446 644 667 714 mundi,
717 644 777 700 in
831 644 1044 716 quibus
1087 650 1224 701 sunt
1259 645 1395 702 anni
1427 641 1605 715 5977',
1652 648 1944 700 remanent
1985 641 2080 700 42:

440 732 817 790 duodecimus
845 746 1032 791 annus
1062 739 1149 790 est
1180 734 1326 806 cycli
1356 732 1904 801 decemnovennalis,
1934 732 2088 789 sicut

437 821 714 879 diximus.

439 912 515 965 De
544 925 767 965 numero
810 909 1103 979 cyclorum,
1132 913 1182 965 et
1225 914 1355 980 quot
1382 911 1496 966 dies
1529 910 1852 974 bissemtiles,
1881 913 1930 964 et
1958 913 2088 980 quot

866 982 1041 1036 saltus
1079 982 1149 1036 ab
1190 984 1398 1050 origine
1442 981 1656 1036 mundi.

507 1069 702 1126 CXIX.
735 1068 884 1138 Quot
925 1085 1058 1142 ergo
1106 1071 1295 1142 cyclos
1331 1068 1869 1127 decemnovennales
1920 1068 2089 1125 habet

439 1156 510 1212 ab
536 1157 761 1230 origine
817 1158 1039 1229 mundi,
1089 1155 1201 1214 344
1235 1162 1318 1214 tot
1359 1158 1542 1214 saltus
1573 1163 1728 1228 sunt,
1785 1157 1933 1213 idest
1959 1155 2083 1214 344.

438 1246 772 1302 Bissextiles
795 1251 984 1303 autem
1015 1246 1140 1303 dies
1183 1252 1318 1304 sunt
1350 1243 1508 1318 4497,
1546 1249 1606 1302 In
1649 1245 1865 1318 quibus
1893 1245 2090 1302 conti-

438 1339 649 1391 nentur
667 1337 803 1391 anni
837 1333 889 1406 4,
917 1339 974 1392 et
997 1336 1121 1391 dies
1144 1332 1234 1392 37.

437 1424 639 1494 Incipit
666 1425 847 1492 cyclus
892 1424 1411 1487 deccmnovcnnalis,
1445 1438 1602 1493 quem
1649 1423 1824 1478 (ἓνκοὶ
1861 1423 2087 1476 Ennea—

902 1494 1332 1549 caidecaeterida
1369 1499 1581 1549 vocant.

507 1582 675 1637 CXX.
727 1581 1092 1638 Constitutus
1121 1595 1152 1637 a
1201 1583 1418 1638 sanctis
1448 1581 1734 1652 Patribus,
1770 1582 1828 1637 in
1875 1595 1988 1653 quo
2019 1578 2088 1636 44

2196 457 2315 516 ulla
2339 459 2556 517 erroris
2571 460 2834 533 caligine
2857 461 2983 519 dies
3012 460 3186 518 festos
3215 460 3541 536 Paschales,
3561 460 3653 518 vel
3683 459 3849 517 lunas

2195 559 2294 616 per
2324 548 2582 605 ordinem
2611 549 2720 605 ﬁde
2759 551 2983 608 ratione
3007 550 3270 621 reperiet.

2194 654 2514 725 Empliciunt
2539 655 2838 725 Chyllitani
2859 654 2896 713 5
2935 659 3074 726 cycli
3103 657 3593 712 decmnouellanes
3611 661 3851 727 prater—

2476 729 2650 791 missi,
2695 743 2752 782 eo
2783 728 2930 798 quod
2957 744 3136 784 omnes
3171 731 3559 798 praeterierint.

2263 813 2427 871 Anno
2470 816 2623 872 XIX.
2653 818 2738 872 IV.
2779 818 2936 874 Luna
2967 813 2991 872 4
3027 831 3061 873 a
3106 816 3233 872 Kal.
3258 818 3380 872 Jan.
3434 829 3609 888 usque
3653 816 3729 873 ad
3780 813 3851 872 43

2194 901 2321 958 Kal.
2346 904 2467 960 Jan.
2498 905 2639 976 quia
2657 905 2982 962 communis
3009 908 3113 975 est,
3141 905 3267 962 dies
3287 903 3413 962 354.

2263 990 2427 1048 Anno
2452 993 2603 1048 XIX.
2656 995 2718 1048 V.
2750 991 2968 1050 Luna2
3009 1007 3042 1049 a
3091 991 3158 1051 42
3207 993 3332 1049 Kal.
3388 994 3512 1048 Jan.
3545 1005 3724 1063 usque
3777 991 3842 1047 in

2193 1077 2230 1136 5
2247 1080 2326 1136 Id.
2353 1081 2612 1137 Decemb.
2637 1082 2773 1153 quia
2790 1083 3114 1139 communis
3127 1087 3213 1139 est
3236 1095 3443 1152 annus,
3462 1082 3592 1138 dies
3609 1078 3737 1137 354.

2265 1168 2429 1225 Anno
2453 1172 2606 1226 XIX.
2639 1173 2726 1227 VI.
2757 1169 2963 1228 Luna3
2983 1185 3016 1226 a
3035 1168 3068 1226 4
3090 1172 3170 1228 Id.
3195 1171 3454 1228 Decemb.
3490 1184 3680 1242 usque
3719 1171 3779 1226 in
3811 1170 3847 1228 5

2195 1257 2319 1313 Kal.
2353 1259 2498 1324 Jan.,
2529 1259 2666 1330 quia
2691 1260 3084 1316 embolimaaus
3105 1264 3211 1330 est,
3244 1261 3370 1316 dies
3394 1257 3518 1314 384.
3771 1253 3773 1255 ’

2263 1347 2426 1403 Anno
2454 1349 2609 1404 XIX.
2639 1351 2755 1405 VII.
2789 1351 2948 1406 Luna
2968 1346 3001 1404 4
3029 1363 3062 1405 a
3083 1347 3116 1404 4
3141 1350 3268 1405 Kal.
3307 1350 3432 1404 Jan.
3465 1362 3653 1419 usque
3691 1348 3748 1403 in
3786 1345 3844 1404 17

2194 1436 2320 1493 Kal.
2346 1438 2491 1507 Jan.,
2539 1439 2676 1510 quia
2718 1439 3040 1496 communis
3090 1444 3194 1510 est,
3240 1439 3369 1494 dies
3394 1434 3519 1494 354.

2265 1526 2430 1582 Anno
2459 1529 2610 1583 XIX.
2644 1529 2782 1584 VIII.
2813 1530 2970 1584 Luna
2997 1526 3033 1584 5
3055 1542 3088 1584 a
3115 1525 3182 1583 45
3221 1527 3347 1583 Kal.
3396 1528 3518 1582 Jan.
3572 1541 3756 1598 usque
3785 1527 3840 1582 in

2195 1612 2231 1670 8
2251 1615 2331 1671 Id.
2357 1616 2617 1671 Decemb.
2641 1616 2780 1687 quia
2812 1617 3136 1673 communis
3155 1630 3342 1673 annus
3362 1621 3466 1687 est,
3500 1615 3628 1672 dies
3644 1613 3772 1672 354.

439 1670 740 1776 Paschales
760 1670 915 1769 omni
945 1675 1193 1776 tempore
1231 1671 1357 1770 sine
1383 1671 1503 1776 ulla
1526 1673 1774 1770 reperies
1789 1669 2082 1776 falsitate:
2121 1702 2175 1763 B
2211 1669 2218 1670 7
3728 1669 3789 1760 in
3811 1701 3847 1759 8

439 1762 661 1814 tantum
689 1757 1021 1813 memineris
1049 1757 1218 1814 annis
1250 1758 1520 1830 singulis,
1555 1759 1655 1829 qui
1685 1759 1880 1829 cyclus
1912 1759 2084 1816 lunae,

435 1852 492 1904 et
518 1847 617 1918 qui
645 1847 1178 1903 decemnovennalis
1207 1849 1429 1904 existet.
1464 1850 1524 1903 In
1554 1848 1814 1917 presenti
1843 1861 2087 1918 namque

438 1935 607 1992 tertia
634 1933 879 1990 Indictio
914 1936 1000 1990 est
1028 1936 1331 1992 consulatu
1379 1935 1548 1992 Probi
1575 1935 1833 2006 junioris
1878 1937 2086 1994 tertius

435 2024 696 2082 decimus
735 2023 994 2081 circulus
1030 2023 1582 2096 decemnovennalis,
1627 2020 1694 2081 4O
1723 2025 1946 2082 lunaris
1974 2029 2080 2097 est,

437 2113 586 2170 ﬁnit.

505 2204 610 2258 Hic
638 2204 825 2258 autem
843 2200 1037 2272 cyclus
1061 2199 1323 2274 Dionysii
1353 2199 1389 2257 5
1408 2202 1941 2260 decemnovennalis
1955 2216 2086 2261 con-

434 2293 568 2362 stat,
610 2291 716 2347 hoc
772 2295 860 2347 est
908 2288 978 2347 95
1019 2291 1209 2362 annis,
1264 2291 1558 2362 sumitque
1599 2291 1899 2348 exordium
1940 2306 1972 2348 a
2014 2291 2085 2349 32

434 2394 584 2436 anno
608 2379 1028 2436 Incarnationis
1057 2380 1307 2450 Domini,
1337 2384 1393 2435 et
1420 2379 1638 2436 desinit
1660 2381 1719 2436 in
1748 2377 1854 2438 526
1878 2394 2078 2438 annos.

431 2471 592 2526 Hunc
626 2483 759 2541 ergo
787 2468 1011 2538 cyclum
1056 2467 1551 2540 praetermisimus,
1611 2469 1749 2541 quia
1807 2470 2087 2540 praeteriit

432 2562 607 2614 totus.

501 2663 701 2734 Incipit
718 2664 974 2734 prwfatio
1007 2665 1185 2718 sancti
1211 2664 1404 2718 Felicis
1436 2663 1650 2718 abbatis
1677 2662 2007 2731 Cym'llitani.

502 2770 698 2824 CXXI.
745 2767 1081 2837 Olympiade
1126 2765 1227 2821 494
1270 2767 1572 2837 mediante,
1618 2769 1766 2824 idest
1818 2767 1889 2826 42
1933 2783 2086 2829 anno

433 2855 666 2925 imperii
688 2854 985 2911 Octaviani
1001 2854 1250 2925 Augusti
1274 2859 1446 2912 natus
1467 2861 1552 2912 est
1570 2857 1852 2914 Dominus
1882 2861 2085 2916 Noster

431 2945 595 3000 Jesus
630 2943 900 3000 Christus
934 2943 994 2998 in
1030 2957 1219 2999 carne.
1245 2943 1294 2998 A
1338 2945 1638 3001 nativitate
1689 2959 1823 3018 ergo
1850 2947 2082 3006 Domini

2197 1791 2318 1847 Kal.
2343 1793 2576 1848 Januar.
2607 1794 2743 1864 quia
2775 1793 3188 1850 embolismalis
3221 1798 3324 1863 est,
3353 1793 3478 1849 dies
3501 1790 3633 1849 384.

2264 1885 2428 1937 Anno
2453 1882 2609 1938 XIX.
2632 1882 2706 1936 X.
2739 1883 2895 1938 Luna
2931 1879 2965 1937 7
2982 1897 3015 1938 a
3039 1879 3076 1938 7
3104 1882 3227 1942 Kal.
3255 1883 3491 1938 Januar.
3522 1895 3707 1953 usque
3728 1880 3788 1937 in
3808 1879 3845 1936 8

2194 1968 2318 2025 Kal.
2348 1969 2513 2026 Janu.
2547 1969 2686 2040 quia
2716 1971 3038 2028 communis
3076 1976 3162 2028 est
3195 1971 3321 2027 dies
3360 1968 3486 2028 354.

2264 2055 2427 2112 Anno
2456 2057 2609 2113 XIX.
2643 2059 2744 2114 XI.
2775 2059 2934 2114 Luna
2982 2056 3073 2114 8a
3115 2054 3182 2114 48
3226 2058 3352 2114 Kal.
3381 2059 3617 2114 Jaunar.
3660 2070 3843 2127 usque

2193 2142 2253 2200 in
2283 2141 2317 2200 4
2341 2146 2487 2201 Non.
2517 2145 2773 2215 Januar.,
2814 2147 2952 2220 quia
2995 2146 3386 2203 embolimaaus
3409 2152 3516 2211 est,
3561 2146 3690 2202 dies
3719 2142 3840 2202 384.

2189 2231 2434 2305 Ogdoas.

2262 2321 2425 2393 Anno
2445 2322 2599 2378 XIX.
2622 2322 2748 2380 XII.
2779 2325 2937 2380 Luna
2957 2321 3038 2381 9a
3056 2321 3090 2380 3
3109 2325 3253 2380 Non.
3279 2325 3447 2379 Janu.
3482 2337 3666 2394 usque
3700 2324 3762 2379 in
3780 2321 3834 2379 44

2193 2409 2320 2467 Kal.
2342 2411 2597 2483 Januar.,
2623 2412 2762 2482 quia
2787 2418 3110 2470 communls
3130 2427 3317 2470 annus
3336 2417 3442 2483 est,
3460 2413 3588 2469 dies
3610 2410 3739 2468 354.

2264 2499 2428 2555 Anno
2445 2499 2599 2556 XIX.
2621 2501 2768 2556 XIII.
2792 2502 2949 2558 Luna
2978 2499 3043 2558 40
3065 2501 3136 2558 ab
3155 2497 3214 2557 44
3236 2501 3363 2556 Kal.
3384 2503 3616 2558 Januar.
3658 2515 3839 2572 usque

2197 2587 2256 2644 in
2278 2586 2312 2645 3
2336 2589 2417 2644 Id.
2446 2589 2730 2660 Decemb.,
2759 2590 2896 2662 quia
2917 2591 3242 2647 communis
3265 2594 3372 2660 est,
3409 2591 3536 2647 dies
3572 2588 3701 2647 354.

2263 2677 2427 2734 Anno
2453 2679 2606 2735 XIX.
2639 2680 2786 2736 XIV.
2848 2681 3004 2736 Luna
3050 2677 3109 2734 44
3165 2693 3199 2736 a
3253 2680 3404 2751 prid.
3447 2680 3532 2736 Id.
3580 2678 3837 2735 Decemb.

2194 2778 2376 2835 usque
2399 2766 2459 2820 in
2489 2764 2523 2822 3
2544 2766 2669 2822 Kal.
2693 2769 2840 2839 Jan.,
2863 2767 3002 2838 quia
3029 2767 3419 2824 embolimmus
3437 2772 3543 2836 est,
3566 2768 3698 2824 dies
3719 2764 3840 2824 384.

2262 2853 2426 2910 Anno
2455 2856 2610 2912 XIX.
2643 2857 2763 2912 XV.
2797 2858 2954 2912 Luna
2985 2853 3053 2913 42
3074 2870 3107 2912 a
3138 2857 3292 2926 prid.
3340 2856 3464 2912 Kal.
3501 2857 3630 2912 Jan.
3659 2870 3838 2928 usque

2196 2941 2256 2997 in
2288 2939 2355 2997 44
2379 2943 2504 2999 Kal.
2531 2945 2679 3017 Jan.,
2704 2934 2844 3016 quia
2867 2945 3191 3002 communis
3209 2959 3398 3002 annus
3425 2951 3532 3016 est,
3566 2946 3699 3002 dies
3714 2942 3830 3001 354.

433 3045 617 3102 usque
640 3029 1095 3102 inolympiadem
1122 3028 1210 3102 45,
1235 3035 1349 3087 tam
1373 3032 1523 3088 idem
1545 3035 1805 3104 usquein
1832 3036 2083 3106 primum
2115 3026 2164 3091 C
2263 3030 2427 3087 Anno
2491 3033 2642 3089 XIX.
2705 3034 2851 3090 XVI.
2910 3035 3068 3090 Luna
3126 3032 3193 3091 43
3229 3049 3262 3090 a
3308 3033 3374 3091 43
3435 3035 3563 3092 Kal.
3613 3036 3836 3090 Januar.

436 3133 650 3178 annum
679 3119 1027 3176 Diocletiani
1055 3119 1203 3177 ﬁunt
1237 3120 1376 3176 anni
1407 3118 1532 3177 284.
1565 3123 1634 3177 Et
1656 3136 1689 3178 a
1718 3123 1904 3194 primo
1933 3138 2085 3183 anno

436 3209 780 3268 Diocletiani
805 3223 988 3280 usque
1018 3210 1078 3264 in
1107 3209 1356 3278 primum
1386 3209 1608 3280 cyclum
1631 3212 1896 3283 Dionysii
1921 3213 2088 3270 inve—

439 3301 566 3358 nies
585 3312 766 3355 annos
787 3295 914 3370 248,
939 3297 1085 3355 ﬁunt
1115 3298 1328 3368 quippe
1351 3298 1525 3356 simul
1548 3301 1685 3355 anni
1715 3298 1839 3357 532.
1868 3301 1952 3356 Ab
1980 3302 2086 3359 hoc

439 3393 496 3446 et
523 3387 838 3459 Dionysius
856 3399 1038 3442 annos
1061 3383 1167 3442 532
1188 3387 1247 3441 in
1280 3386 1466 3456 primo
1496 3401 1601 3445 suo
1623 3387 1783 3461 cyclo
1807 3388 1877 3445 ab
1906 3391 2088 3446 Incar.

441 3478 673 3534 natione
699 3476 948 3532 Domini.
974 3477 1112 3530 Nam
1146 3474 1241 3530 hic
1266 3475 1460 3545 cyclus
1482 3477 1664 3532 sancti
1685 3477 1886 3548 Cyrilli
1911 3479 1970 3534 in
1988 3477 2093 3536 247

442 3568 650 3625 ﬁnivit.
673 3565 861 3621 Addes
895 3561 944 3635 4,
965 3577 1130 3634 quem
1151 3563 1384 3619 inchoat
1400 3564 1730 3636 Dionysius,
1753 3573 1810 3623 et
1836 3568 2091 3626 invenies

445 3670 625 3712 annos
651 3652 779 3724 248,
806 3653 962 3708 sicut
991 3651 1386 3722 supradictum
1409 3658 1514 3708 est.
1553 3653 1728 3708 Finit.

442 3763 646 3830 Incipit
678 3759 958 3830 Prologus
986 3758 1164 3830 sancti
1193 3756 1509 3830 Chyllitani.
1555 3759 1760 3830 Iterum
1787 3773 1958 3814 sermo
1982 3763 2092 3817 Fe-

519 3827 660 3910 licis,
699 3831 892 3898 incipit
922 3827 987 3882 de
1012 3828 1291 3894 Dionysio,
1318 3831 1370 3880 et
1411 3827 1477 3880 de
1499 3829 1780 3898 semetipso
1804 3831 1866 3884 in
1891 3831 2092 3888 Christi

512 3915 727 3955 ηογηιηε
733 3937 747 3952 .

515 4006 738 4062 CXXII.
764 4001 1076 4072 Dionysius
1108 4001 1394 4072 quondam
1425 4001 1598 4058 Urbis
1617 4004 1804 4062 Romae
1835 4009 2091 4066 sanctis-

445 4096 650 4162 simus,
677 4092 854 4148 abbas
882 4089 1417 4162 utriusquelinguae
1446 4092 1652 4148 Graacae
1674 4095 1899 4152 scilicet
1918 4105 1973 4154 et
1995 4101 2092 4154 La-

446 4185 600 4252 tinae,
625 4180 871 4252 eleganti
903 4179 1141 4235 scientia
1168 4179 1463 4253 praeditus,
1493 4181 1853 4240 Paschalium
1873 4187 2089 4244 interea

445 4271 731 4329 rationum
764 4269 1302 4325 decemnovennales
1327 4284 1564 4326 numero
1587 4269 1623 4326 5
1643 4274 1831 4344 sagaci
1860 4275 2089 4347 ingenio

2194 3133 2378 3265 ἔξω
2403 3119 2464 3176 in
2501 3119 2537 3176 6
2579 3121 2659 3178 Id.
2705 3122 2968 3180 Decemb.
3018 3123 3157 3195 quia
3206 3125 3533 3181 communis
3570 3131 3683 3195 est,
3723 3124 3840 3180 dies

2271 3297 2434 3353 Anno
2484 3299 2641 3355 XIX.
2699 3298 2870 3356 XVII.
2926 3301 3084 3358 Luna
3141 3298 3211 3356 44
3268 3314 3303 3357 a
3359 3299 3395 3358 5
3445 3301 3532 3358 Id.
3582 3300 3836 3358 Decemb.

2199 3397 2385 3529 ἓὲἓιιθ
2438 3386 2498 3442 in
2528 3385 2563 3442 6
2587 3386 2710 3446 Kal.
2748 3388 2980 3446 Januar.
3011 3389 3148 3461 quia
3175 3389 3571 3447 embolimazus
3597 3397 3705 3460 est,
3722 3391 3841 3446 dies

2268 3562 2430 3620 Anno
2481 3565 2638 3622 XIX.
2693 3565 2888 3623 XVIII.
2943 3568 3101 3623 Luna
3162 3564 3287 3650 45a
3344 3565 3380 3624 5
3433 3567 3554 3624 Kal.
3614 3569 3835 3624 Januar.

2197 3665 2385 3796 ἓὲἓιιε
2412 3653 2473 3708 in
2507 3650 2572 3710 47
2606 3654 2730 3711 Kal.
2761 3656 2993 3712 Januar.
3021 3655 3160 3727 quia
3214 3656 3541 3713 communis
3585 3665 3694 3724 est,
3722 3657 3838 3711 dies

2268 3829 2431 3885 Anno
2486 3831 2641 3886 XIX.
2701 3831 2855 3888 XIX.
2925 3834 3082 3890 Luna
3141 3829 3268 3888 46a
3321 3829 3388 3888 46
3452 3831 3581 3888 Kal.
3610 3833 3833 3888 Januar.

2199 3931 2383 3988 usque
2405 3919 2464 3974 in
2492 3921 2636 3976 Non.
2663 3921 2946 3986 Decemb.,
2995 3923 3136 3993 quia
3173 3921 3498 3978 communis
3525 3935 3715 3978 annus
3737 3928 3834 3987 est,

2196 4005 2324 4061 dies
2361 4005 2486 4063 354.

2267 4047 2617 4153 ΧηιζξτέέῐΧ.
2669 4099 2708 4154 Ι.
2758 4099 2916 4155 Luna
2959 4095 3026 4154 47
3058 4112 3090 4154 a
3131 4098 3312 4155 Nonis
3355 4097 3617 4154 Decemb.
3666 4111 3838 4168 usque

2200 4183 2260 4239 in
2288 4181 2353 4241 40
2391 4186 2517 4241 Kal.
2543 4188 2732 4258 Janu.,
2768 4187 2905 4258 quia
2932 4187 3323 4244 embolimaeus
3352 4195 3459 4256 est,
3488 4187 3616 4244 dies
3646 4184 3772 4243 384.

2267 4272 2429 4330 Anno
2460 4277 2612 4332 XIX.
2659 4278 2726 4332 II.
2760 4278 2917 4333 Luna
2970 4275 3038 4332 48
3077 4291 3109 4332 a
3154 4275 3189 4332 9
3228 4277 3355 4333 Kal.
3383 4278 3618 4333 Januar.
3664 4291 3840 4348 usque

438 4360 756 4418 anteriores
784 4358 1108 4429 composuit
1130 4358 1338 4430 cyclos,
1366 4361 1665 4417 exordium
1712 4356 1938 4420 scilicet
1983 4379 2090 4421 su-
2118 4369 2171 4430 1)
2199 4362 2258 4417 in
2291 4363 2439 4434 prid.
2466 4364 2544 4419 Id.
2594 4365 2855 4422 Decemb.
2882 4366 3020 4436 quia
3043 4366 3368 4423 communis
3385 4379 3573 4422 annus
3593 4371 3704 4437 est,
3722 4367 3840 4422 dies

441 4464 598 4507 mens
626 4449 697 4505 ab
713 4448 1112 4504 Incarnatione
1135 4449 1201 4501 D.
1224 4449 1290 4502 N.
1320 4449 1365 4502 J.
1389 4449 1452 4503 C.
1472 4446 1578 4505 532
1605 4463 1738 4505 ann.
1767 4453 2087 4509 Indictione

440 4538 507 4595 40
537 4551 720 4611 usque
747 4537 817 4592 ad
839 4534 944 4592 636
971 4535 1391 4591 Incarnationis
1406 4549 1619 4594 annum
1645 4538 1847 4596 Indict.
1873 4538 1939 4596 44
1962 4556 2088 4598 me-

443 4633 790 4684 moratorum
819 4625 1107 4697 cyclorum
1140 4625 1290 4680 serie
1315 4627 1648 4684 continuata
1689 4631 1979 4698 produxit.
2014 4632 2084 4688 Et

442 4717 712 4788 quoniam
735 4715 1029 4770 memorati
1059 4714 1169 4768 viri
1198 4713 1438 4783 quintus
1469 4730 1613 4772 nanc
1657 4720 1952 4790 peragitur
1978 4736 2084 4792 cy—

435 4804 580 4872 clus,
613 4804 682 4860 ad
710 4805 877 4873 cujus
931 4803 1386 4872 supplementum
1429 4802 1495 4860 40
1532 4805 1721 4862 adhuc
1772 4818 2082 4878 supersunt

437 4893 594 4961 anni,
617 4893 720 4947 ad'
740 4897 991 4948 nostram
1015 4893 1272 4962 providet
1294 4895 1542 4963 parvitas
1563 4895 1711 4952 alios
1737 4897 2082 4970 subsequen-

437 4986 521 5037 tes
540 4980 728 5051 cyclos
745 4981 1282 5038 decemnovennales
1308 4995 1542 5040 numero
1562 4982 1597 5040 5
1620 4986 1688 5041 ad
1712 4986 1893 5043 instar
1918 5003 2080 5060 supe-

434 5069 652 5126 riorum
673 5068 960 5139 cyclorum
994 5071 1263 5127 rationali
1310 5071 1694 5142 dispositione
1714 5089 2071 5148 componere,

432 5157 667 5216 initium
695 5155 968 5213 facientes
987 5172 1020 5213 a
1039 5155 1142 5216 627
1161 5161 1580 5220 Incarnationis
1595 5178 1746 5221 anno
1770 5166 1974 5221 Indict.
2008 5165 2074 5224 45

430 5261 612 5319 usque
634 5247 704 5304 ad
733 5242 831 5302 724
865 5247 1144 5304 Incarnat.
1169 5262 1383 5306 annum
1405 5252 1609 5308 Indict.
1639 5250 1672 5308 4
1695 5260 1914 5311 certum
1937 5271 2074 5328 pra:-

429 5337 604 5396 ﬁxum
622 5340 710 5393 est
737 5336 1035 5407 posuimus
1070 5339 1399 5395 terminum.
1433 5338 1786 5414 Quapropter
1834 5347 2074 5404 monui-

431 5439 557 5482 mus
575 5425 872 5498 lectorum,
906 5431 969 5482 ut
995 5426 1132 5483 dum
1165 5425 1410 5499 praefati,
1456 5433 1512 5485 et
1550 5432 1897 5504 venerabilis
1925 5436 2072 5493 Dio—

428 5515 578 5584 nysii
613 5515 854 5585 quintus
880 5515 1140 5585 expletus
1161 5514 1356 5584 fuerit,
1379 5517 1447 5572 ad
1481 5526 1705 5577 nostros
1730 5522 2071 5596 subsequen-

2263 4541 2427 4598 Anno
2471 4543 2624 4598 XIX.
2668 4544 2758 4599 III.
2792 4545 2949 4601 Luna
2983 4540 3047 4599 49
3090 4542 3160 4598 ab
3209 4543 3291 4600 Id.
3347 4541 3611 4599 Decemb.
3662 4556 3838 4614 usque

2193 4630 2250 4686 id
2280 4631 2429 4700 prid.
2475 4631 2599 4687 Kal.
2638 4633 2785 4705 Jan.,
2829 4634 2965 4705 quia
3009 4633 3398 4690 embolimmus
3423 4637 3530 4701 est,
3560 4632 3691 4688 dies
3719 4630 3834 4688 384.

2261 4722 2481 4778 Idcirco
2519 4727 2709 4780 autem
2750 4721 2816 4779 47
2862 4725 2998 4780 luna
3041 4738 3191 4780 anno
3241 4731 3539 4795 compotus
3568 4725 3641 4780 ab
3697 4727 3833 4797 ipso.

2191 4825 2304 4882 quo
2337 4813 2495 4882 prior
2524 4813 2837 4883 explicitur
2860 4820 2946 4869 est
2969 4827 3156 4871 annus
3177 4815 3272 4870 die
3302 4815 3533 4886 incipit,
3578 4823 3638 4870 et
3671 4830 3785 4872 non
3808 4832 3832 4869 ει

2189 4907 2478 4971 sequente,
2517 4908 2580 4957 ut
2617 4907 2969 4973 caeterorum,
3012 4916 3081 4958 ne
3139 4910 3368 4974 propter
3406 4903 3623 4959 saltum
3671 4905 3827 4971 lunae,

2188 5004 2355 5061 quem
2386 4991 2607 5063 dicunt,
2656 5006 2834 5047 unum
2869 4993 3052 5050 eidem
3100 5008 3248 5051 anno
3299 4995 3426 5051 dies
3458 4993 3522 5051 40
3552 4997 3826 5056 videatur.

2186 5079 2322 5150 quia
2368 5080 2555 5150 ipsum
2605 5080 2916 5152 Dionysius
2976 5084 3546 5141 decemnovennalem
3616 5086 3823 5156 cyclum

2187 5167 2516 5238 hujusmodi
2546 5170 2769 5226 vocavit
2802 5184 3138 5241 percurrens
3152 5172 3384 5228 edocuit
3410 5171 3483 5228 ab
3505 5174 3704 5230 eodem
3721 5174 3824 5240 die,

2185 5272 2297 5330 quo
2338 5258 2532 5315 ultimi
2581 5259 2866 5316 conclusit
2911 5260 3051 5317 anni
3102 5267 3239 5318 aetas
3281 5261 3459 5333 primi
3511 5261 3826 5320 inchoando

2184 5347 2558 5418 principium.

2251 5437 2464 5494 Mensis
2493 5437 2717 5496 lunaris
2747 5436 2916 5494 habet
2956 5437 3082 5495 dies
3119 5435 3204 5510 49,
3235 5445 3298 5498 et
3337 5439 3676 5511 dimidium,
3729 5439 3830 5496 hoc

2183 5529 2270 5581 est
2290 5523 2358 5580 42
2381 5525 2571 5597 horas,
2606 5527 2702 5583 sed
2727 5527 2885 5583 illam
2929 5527 3287 5586 medietatem
3320 5529 3390 5586 de
3432 5527 3617 5585 altero
3643 5541 3833 5585 mense
