4054 6192
269 312 410 375 4333

1611 303 1810 362 LIBER
1845 305 1938 364 DE
1971 301 2294 366 COMPUTO
2305 343 2320 360 .

3531 297 3671 358 4334

266 444 533 499 auctores
556 411 936 510 coniungunt,
969 436 1027 491 et
1051 431 1273 491 faciunt
1303 442 1482 488 unum
1504 428 1678 501 diem,
1711 434 1767 484 et
1798 430 2000 498 pro-A
2094 428 2261 487 Anno
2296 428 2452 488 XIX.
2501 429 2574 487 X.
2609 430 2766 486 Luna
2804 425 2840 485 7
2865 441 2897 486 a
2940 427 2977 485 8
3019 428 3098 486 Id.
3149 425 3284 498 Apr.
3321 437 3505 498 usque
3534 422 3594 480 in
3634 420 3669 479 6

269 536 463 606 pterea
489 529 712 588 dicitur
735 540 888 586 unus
916 523 1131 582 mensis
1153 523 1215 579 in
1237 522 1392 579 Luna
1410 516 1482 577 29
1499 520 1658 576 Luna
1688 516 1913 587 habere,

264 631 322 683 et
351 625 588 682 alteram
619 617 710 677 30.

734 729 811 782 De
839 721 1126 780 concordia
1167 719 1452 775 mensium.

340 839 589 899 CXXIII.
611 835 922 893 Ianuarius
937 836 1126 889 autem
1144 842 1273 886 cum
1297 824 1630 884 Decembrio
1653 823 1712 879 in
1740 822 1918 878 hora-

274 945 406 990 rum
438 939 705 985 mensura
733 923 1058 981 concordat.
1115 917 1464 976 Februarius
1510 928 1641 970 cum
1671 914 1918 968 Novem—

275 1021 406 1078 brio
468 1017 718 1088 spatium
771 1012 989 1084 aquale
1045 1009 1420 1067 consummat.
1479 1003 1722 1061 Martius
1775 1012 1922 1056 con-

274 1109 456 1167 sentit
501 1119 632 1164 cum
690 1102 980 1159 Octobrio.
1019 1098 1240 1170 Aprilis
1287 1099 1474 1166 aquat
1514 1090 1914 1164 Septembrem.

274 1200 465 1258 Maius
486 1194 790 1268 respondet
820 1192 1099 1262 Augusto.
1137 1187 1346 1244 Junius
1374 1196 1604 1254 compar
1635 1185 1723 1237 est
1744 1177 1918 1235 Julio.

273 1322 354 1374 De
411 1315 557 1385 cyclo
620 1313 778 1368 Libri
832 1311 1192 1385 Romangfum
1242 1304 1476 1385 incipit,
1515 1301 1629 1385 qui
1669 1301 1924 1385 inuentus

349 1372 465 1443 est"
497 1386 649 1456 apud
710 1385 977 1439 Romanos
1034 1375 1106 1434 30
1165 1390 1310 1431 anno
1348 1372 1508 1429 fante
1571 1372 1927 1430 Nativitatem

349 1459 568 1514 Christi.

349 1569 588 1628 CXXIV.
639 1566 853 1637 Quinto
905 1559 1050 1633 cycli
1105 1551 1637 1615 decemnovennalis
1695 1550 1927 1623 regione

173 1678 178 1682 '
273 1663 506 1720 lunaris
531 1659 726 1730 cyclus
752 1652 1078 1711 includitur
1104 1663 1136 1704 a
1163 1650 1366 1719 quarto
1391 1644 1566 1712 hujus
1594 1654 1744 1697 anno
1771 1639 1930 1695 inci-

275 1753 468 1825 piens,
509 1727 580 1806 eti
618 1748 678 1803 in
726 1743 896 1801 tertio
947 1739 1199 1811 ejusdem
1246 1748 1396 1791 anno
1444 1732 1781 1802 completur.
1823 1727 1928 1783 llic

277 1819 472 1898 autem
518 1836 712 1908 cyclus
750 1831 982 1905 proprie
1024 1831 1408 1884 Romanorum
1443 1826 1548 1892 est,
1582 1825 1638 1876 et
1665 1819 1733 1874 ad
1766 1830 1932 1873 men-

274 1944 400 1987 sem
421 1927 756 1984 Januarium
789 1922 1099 1994 pertinens,
1122 1929 1252 1972 nam
1284 1914 1438 1970 sicut
1456 1923 1669 1967 annum
1700 1909 1933 1964 decem-

278 2017 619 2077 novennalis
664 2013 808 2085 cycli
855 2013 1086 2082 pr0pter
1129 2004 1364 2077 legalem
1408 2000 1768 2057 Hebraorum
1821 1995 1932 2052 ob-

275 2108 661 2166 servationem
709 2117 741 2159 a
785 2098 1044 2157 Paschali
1077 2108 1268 2151 mense
1316 2091 1568 2160 inchoat,
1603 2087 1932 2156 ibidemque

279 2199 506 2264 ﬁnitur,
555 2195 637 2250 ita
678 2196 734 2249 et
769 2190 866 2247 hic
890 2190 1273 2245 Romanorum
1319 2177 1688 2237 institutione
1723 2189 1756 2231 a
1796 2176 1935 2264 luna

273 2263 541 2344 Januarii
561 2282 776 2338 mensis
799 2279 1050 2346 inchoat,
1077 2278 1250 2345 atque
1273 2271 1353 2327 ibi
1372 2269 1606 2326 desinit.
1635 2266 1797 2322 Sicut
1815 2263 1932 2333 ille,

162 2436 168 2441 ,
276 2379 368 2434 sic
394 2381 450 2430 et
477 2374 587 2430 iste
626 2372 877 2441 primum
907 2371 964 2421 et
991 2364 1305 2420 secundum
1330 2372 1543 2416 annum
1583 2355 1752 2412 habet
1774 2366 1939 2410 com-

280 2479 502 2534 munes,
556 2462 791 2517 tertium
847 2454 1013 2511 habet
1064 2451 1504 2518 embolimaum,
1561 2450 1828 2518 quartum
1881 2445 1940 2497 et

282 2555 553 2626 quintum
571 2559 920 2615 communes,
935 2546 1157 2600 sextum
1171 2538 1610 2606 embolimanm,
1629 2533 1936 2604 septimum

285 2652 666 2705 communem,
745 2639 1007 2693 octavum
1071 2629 1512 2686 embolimaum.
1578 2626 1698 2680 Huc
1754 2633 1938 2692 usque

281 2731 530 2804 Ogdoas.
580 2726 832 2782 Endecas
889 2733 1117 2792 quoque
1159 2717 1304 2788 cycli
1335 2714 1562 2770 lunaris
1607 2713 1790 2804 instar
1830 2710 1939 2765 de-

282 2799 749 2878 cemnovennalis
784 2810 930 2882 cycli
975 2805 1012 2864 7
1052 2819 1232 2863 annos
1267 2815 1597 2861 communes
1646 2799 1831 2868 habet,
1883 2801 1940 2852 et

285 2908 319 2967 4
347 2902 791 2972 embolismales,
824 2905 881 2956 et
923 2897 1090 2954 habet
1132 2892 1456 2950 communis
1483 2904 1671 2946 annus
1717 2900 1938 2944 menses

284 3001 520 3056 lunares
547 2991 633 3063 42,
655 2993 711 3048 id
731 2997 817 3047 est
832 2988 959 3045 dies
973 2983 1096 3042 354.
1120 2983 1526 3040 Embolimaus
1541 2985 1728 3034 autem
1750 2989 1937 3032 annus

287 3086 460 3142 habet
499 3079 566 3138 43
599 3092 837 3148 menses,
881 3076 1150 3133 videlicet
1183 3072 1310 3128 dies
1355 3067 1460 3126 384
1500 3071 1703 3138 prater
1756 3076 1933 3121 unum

286 3174 588 3232 dumtaxat
622 3166 688 3224 47
718 3180 932 3224 annum
977 3164 1121 3235 cycli
1152 3163 1344 3232 hujus,
1380 3159 1480 3230 qui
1520 3161 1608 3213 est
1629 3157 1938 3211 decemno-

287 3261 550 3319 vennalis
570 3258 813 3328 primus,
840 3255 899 3310 in
928 3266 1039 3325 quo
1066 3264 1219 3308 unus
1239 3250 1310 3304 de
1332 3247 1554 3303 ratione
1577 3243 1761 3299 saltus
1785 3242 1937 3299 luna

287 3349 678 3420 intercipitur.
711 3346 847 3414 Qua
877 3347 942 3400 ut
972 3339 1335 3397 manifestius
1361 3336 1516 3392 clara
1541 3334 1699 3404 ﬁant,
1727 3332 1938 3403 singu—

287 3441 476 3498 lorum
525 3447 806 3492 annorum
835 3431 1115 3501 ordinem,
1155 3433 1211 3484 et
1257 3439 1490 3483 cursum
1520 3422 1836 3492 videamus,
1879 3424 1937 3476 et

289 3541 416 3600 qua
453 3523 764 3596 Dionysius
794 3523 855 3579 in
890 3531 1080 3576 mense
1120 3514 1402 3586 Paschali,
1441 3527 1545 3570 nos
1571 3513 1632 3570 in
1662 3510 1934 3570 Januario

285 3614 473 3672 facere
497 3623 786 3670 curamus.

359 3722 560 3776 Annus
597 3719 804 3774 solaris
836 3715 1043 3787 incipit
1081 3727 1114 3771 a
1139 3713 1264 3770 Kal.
1295 3713 1484 3784 Janu.,
1524 3714 1581 3767 et
1610 3708 1784 3766 habes
1813 3706 1938 3763 dies

287 3808 421 3868 365.
443 3808 642 3863 Annus
667 3805 989 3862 communis
1010 3803 1180 3860 habet
1207 3803 1334 3859 dies
1362 3798 1484 3858 354.
1518 3801 1718 3856 Annus
1747 3801 1935 3855 autem

284 3897 681 3954 embolimaus
725 3896 892 3952 habet
915 3893 1042 3950 dies
1077 3890 1201 3961 384,
1230 3896 1288 3948 et
1311 3903 1536 3947 menses
1565 3888 1648 3945 43.

356 4005 521 4061 Anno
549 4000 1050 4060 decemnovennali
1077 4003 1118 4057 I.
1161 4001 1319 4055 Luna
1351 3992 1418 4052 47
1443 4011 1477 4053 a
1510 3994 1578 4054 45
1603 3996 1726 4052 Kal.
1758 3995 1938 4052 Maias

286 4107 471 4165 usque
502 4093 569 4149 ad
602 4095 746 4148 Non.
773 4094 909 4162 Apr.
934 4091 1072 4162 quia
1098 4087 1422 4146 communis
1446 4092 1550 4159 est,
1583 4087 1708 4142 dies
1737 4083 1861 4142 354.

357 4183 521 4237 Anno
560 4181 713 4236 XIX.
747 4183 815 4236 II.
849 4181 1006 4235 Luna
1052 4177 1119 4233 48
1147 4192 1179 4234 a
1217 4178 1364 4249 prid.
1395 4178 1536 4232 Non.
1589 4175 1724 4245 Apr.
1756 4187 1937 4245 usque

289 4272 350 4326 in
374 4267 410 4324 8
435 4270 559 4325 Kal.
588 4269 722 4340 Apr.
757 4268 893 4339 quia
918 4267 1240 4324 communis
1264 4280 1451 4322 annus
1484 4270 1589 4331 est,
1638 4263 1764 4320 dies
1807 4260 1932 4319 354.

360 4360 522 4415 Anno
560 4359 714 4414 XIX.
745 4360 834 4413 III.
885 4359 1042 4413 Luna
1079 4355 1144 4414 49
1182 4355 1252 4412 ab
1279 4353 1314 4412 7
1345 4355 1466 4411 Kal.
1500 4357 1636 4425 Apr.
1666 4367 1847 4425 usque
1876 4353 1935 4409 in

290 4447 370 4504 Id.
403 4447 537 4518 Apr.
569 4447 706 4517 quia
741 4445 1130 4502 embolimaus
1153 4451 1256 4516 est,
1298 4445 1424 4500 dies
1451 4441 1574 4500 384.
1683 4429 1686 4444 ⁵

2026 520 2148 578 Kal.
2174 520 2308 590 Apr.
2344 519 2479 591 quia
2503 518 2827 576 communis
2862 521 2966 589 est,
2997 518 3122 576 dies
3148 514 3274 574 354.

2095 613 2260 668 Anno
2282 612 2438 668 XIX.
2482 612 2561 666 XI
2593 612 2748 666 Luna
2787 605 2823 663 8
2850 621 2883 663 a
2907 605 2942 663 5
2979 606 3100 662 Kal.
3135 607 3267 676 Apr.
3299 615 3484 676 usque
3518 601 3579 659 in
3602 598 3669 656 19

2028 701 2152 758 Kal.
2178 701 2375 770 Maias,
2401 699 2537 772 quia
2560 697 2951 755 embolimaus
2978 699 3082 768 est,
3115 695 3238 751 dies
3261 690 3386 750 384.

2098 792 2262 848 Anno
2290 790 2442 846 XIX.
2472 789 2598 846 XII.
2626 790 2782 844 Luna
2810 785 2890 843 9a
2912 786 2946 842 6
2967 785 3090 841 Kal.
3118 783 3316 851 Maias,
3344 781 3605 854 usquein
3633 775 3669 837 2

2026 883 2170 939 Non.
2203 880 2364 952 Apr.,
2390 880 2527 951 quia
2552 877 2875 935 communis
2899 890 3086 932 annus
3114 877 3219 944 est,
3252 873 3376 929 dies
3400 870 3524 928 354.

2097 971 2262 1027 Anno
2291 969 2446 1026 XIX.
2473 970 2619 1024 XIII.
2655 969 2812 1023 Luna
2841 963 2905 1022 40
2928 979 2961 1020 a
2983 966 3126 1020 Non.
3168 963 3306 1035 Apr.
3338 975 3521 1032 usque
3552 959 3612 1016 in
3635 956 3672 1015 9

2027 1060 2151 1117 Kal.
2204 1059 2339 1130 Apr.
2377 1058 2515 1128 quia
2543 1057 2866 1114 communis
2902 1069 3090 1111 annus
3115 1059 3220 1125 est,
3251 1053 3377 1110 dies
3406 1047 3530 1109 354.

2009 1186 2014 1188 -
2098 1150 2262 1206 Anno
2299 1148 2452 1206 XIX.
2498 1149 2641 1204 XIV.
2680 1149 2834 1203 Luna
2881 1142 2938 1200 44
2970 1144 3040 1200 ab
3075 1142 3113 1200 8
3155 1143 3279 1199 Kal.
3310 1143 3448 1214 Apr.
3493 1152 3676 1213 usque

2034 1239 2095 1295 in
2122 1239 2273 1310 prid.
2301 1239 2383 1294 Id.
2405 1237 2565 1308 Apr.,
2589 1235 2726 1307 quia
2751 1233 3141 1291 embolimaus
3165 1236 3270 1302 est,
3291 1233 3417 1289 dies
3444 1228 3569 1286 384.

2102 1329 2283 1384 Anno.
2317 1327 2472 1383 XIX.
2517 1325 2634 1382 XV.
2666 1327 2823 1380 Luna
2851 1321 2919 1380 42
2964 1337 2997 1380 a
3033 1320 3068 1379 3
3092 1323 3174 1378 Id.
3225 1320 3365 1392 Apr.
3389 1333 3573 1392 usque
3617 1318 3678 1374 in

2032 1417 2158 1474 Kal.
2182 1416 2317 1487 Apr.
2343 1417 2480 1487 quia
2498 1415 2823 1471 communis
2846 1416 2951 1482 est,
2979 1412 3104 1469 dies
3127 1407 3250 1467 354.

2105 1508 2268 1563 Anno
2314 1507 2471 1562 XIX.
2504 1506 2652 1575 XVI,
2677 1506 2833 1561 Luna
2857 1501 2923 1558 43
2963 1516 2996 1558 a
3020 1499 3055 1557 4
3076 1503 3224 1559 Non.
3252 1500 3389 1572 Apr.
3412 1512 3596 1570 usque
3621 1497 3681 1554 in

2037 1593 2106 1653 42
2131 1596 2255 1652 Kal.
2288 1596 2446 1664 Apr.,
2477 1594 2613 1665 quia
2642 1592 2965 1649 communis
2988 1605 3176 1648 annus
3202 1594 3307 1661 est,
3338 1589 3464 1646 dies
3485 1584 3611 1645 354.

2107 1687 2271 1744 Anno
2318 1685 2474 1741 XIX.
2504 1683 2676 1740 XVII.
2710 1683 2866 1739 Luna
2891 1678 2957 1736 44
2986 1681 3057 1736 ab
3085 1678 3143 1735 44
3177 1680 3300 1734 Kal.
3327 1679 3462 1749 Apr.
3504 1691 3687 1749 usque

1956 1785 2007 1846 Β
2042 1779 2102 1834 in
2132 1775 2266 1834 51d.
2286 1776 2450 1845 Apr.,
2474 1773 2611 1844 quia
2636 1771 3029 1828 embolimaus
3057 1773 3163 1839 est,
3199 1768 3324 1825 dies
3347 1765 3472 1824 384.

2112 1865 2274 1920 Anno
2311 1863 2466 1918 XIX.
2513 1862 2712 1918 XVIII.
2753 1862 2910 1916 Luna
2944 1857 3010 1914 45
3033 1872 3065 1913 a
3095 1854 3271 1912 441d.
3315 1855 3453 1925 Apr.
3507 1868 3692 1927 usque

2042 1957 2104 2013 in
2134 1952 2168 2010 4
2198 1953 2319 2009 Kal.
2347 1952 2465 2022 Apr
2512 1951 2650 2022 quia
2679 1947 3001 2006 communis
3021 1951 3126 2016 est,
3157 1946 3283 2001 dies
3315 1943 3439 2002 354.

2111 2044 2274 2100 Anno
2298 2041 2452 2098 XIX.
2474 2039 2628 2095 XIX.
2653 2039 2808 2094 Luna
2838 2035 2904 2092 46
2920 2050 2952 2091 a
2975 2033 3010 2090 3
3028 2033 3152 2090 Kal.
3174 2033 3310 2104 Apr.
3336 2046 3518 2103 usque
3540 2031 3601 2088 in
3625 2029 3693 2088 45

2041 2131 2166 2189 Kal.
2189 2132 2387 2200 Maias,
2408 2129 2546 2201 quia
2574 2127 2966 2184 embolimaus
2981 2128 3085 2195 est,
3119 2123 3245 2179 dies
3267 2119 3392 2187 384.
3418 2121 3691 2177 Endecas.

2114 2223 2266 2292 Quot
2294 2223 2432 2277 sunt
2453 2232 2672 2275 menses
2699 2217 2800 2289 qui
2833 2215 3043 2271 habent
3065 2209 3127 2269 34
3164 2211 3334 2269 dies?
3359 2207 3416 2282 7,
3447 2210 3554 2267 hoc
3583 2215 3691 2280 est,

2044 2314 2276 2368 Ianuar.
2309 2311 2473 2366 Mart.
2493 2308 2628 2363 Mai.
2654 2306 2768 2362 Jul.
2795 2305 2942 2376 Aug.
2974 2302 3174 2360 Octob.
3205 2299 3464 2357 Decemb.
3491 2301 3631 2356 Item
3661 2297 3695 2356 4

2048 2414 2291 2471 menses,
2333 2399 2434 2471 qui
2463 2397 2672 2453 habent
2710 2395 2835 2452 dies
2877 2391 2965 2463 30,
3000 2393 3105 2448 hoc
3140 2395 3228 2448 est
3273 2391 3410 2461 Apr.
3433 2390 3564 2445 Jun.
3591 2389 3700 2444 Se-

2047 2491 2258 2564 ptemb.
2286 2494 2342 2546 et
2391 2485 2662 2544 Novemb.
2707 2481 3054 2540 Februarius
3097 2484 3285 2537 autem
3315 2476 3406 2534 28.
3453 2478 3696 2548 Coaqua

2046 2593 2242 2637 omnes
2277 2591 2516 2646 menses,
2557 2578 2622 2632 ut
2653 2570 3057 2642 unusquisque
3081 2565 3150 2625 30
3188 2568 3313 2624 dies
3333 2565 3559 2637 habeat,
3589 2580 3698 2622 su—

2048 2673 2284 2740 persunt
2327 2668 2362 2721 5
2399 2666 2524 2723 dies
2564 2661 2952 2720 intercalares.
3002 2660 3140 2714 Cum
3182 2657 3330 2728 ipsis
3371 2659 3694 2727 augmenta,

2047 2758 2147 2814 ubi
2177 2772 2322 2827 opus
2361 2754 2557 2811 fuerit.
2590 2754 2704 2808 Hoc
2742 2757 2931 2808 autem
2971 2749 3138 2816 scito,
3163 2747 3300 2819 quia
3325 2745 3376 2802 si
3398 2759 3549 2802 unus
3571 2744 3698 2801 dies

2047 2847 2180 2917 plus
2206 2851 2307 2902 aut
2337 2844 2532 2900 minus
2556 2841 2753 2912 fuerit,
2786 2839 3018 2895 evidens
3046 2850 3206 2893 error
3234 2838 3338 2891 est.

2187 2938 2264 2989 De
2289 2938 2447 2989 atate
2485 2933 2627 2988 luna
2665 2933 2714 2985 si
2749 2931 2872 3000 quis
2898 2932 3208 2997 amputare
3231 2941 3340 2980 non
3355 2927 3552 2995 potest.

2115 3023 2332 3078 CXXV.
2365 3021 2524 3091 Quod
2549 3021 2598 3076 si
2623 3020 2762 3075 adeo
2784 3017 3061 3088 quiquam
3081 3017 3263 3084 deses,
3287 3013 3374 3070 vel
3401 3012 3572 3069 hebes
3597 3011 3695 3084 sit,

1963 3110 2012 3173 C
2047 3116 2114 3169 ut
2152 3111 2368 3182 absque
2413 3108 2571 3166 omni
2620 3107 2815 3163 labore
2842 3103 3210 3174 computandi
3257 3102 3410 3158 luna
3460 3114 3696 3156 cursum

2045 3202 2196 3259 scire
2231 3199 2498 3269 voluerit,
2547 3198 2831 3253 innitetur
2875 3192 3231 3264 Alphabetis,
3266 3203 3390 3261 qua
3430 3189 3492 3243 in
3522 3188 3698 3258 hujus

2046 3292 2239 3349 annali
2261 3289 2530 3346 videlicet
2550 3284 2747 3343 libello
2769 3285 2935 3354 juxta
2964 3293 3198 3337 cursum
3229 3278 3510 3337 distinata
3541 3277 3703 3333 luna-

2047 3394 2184 3451 rem,
2210 3379 2309 3436 ubi
2335 3380 2482 3435 duos
2520 3377 2673 3433 luna
2696 3373 3003 3440 circuitus,
3046 3369 3197 3425 idest
3233 3367 3691 3439 quinquagenos,

2042 3476 2100 3527 et
2141 3482 2389 3526 novenos
2436 3467 2564 3522 dies
2592 3469 2749 3521 terna
2803 3465 2956 3519 tenet
2991 3456 3326 3529 Alphabeta.
3379 3456 3450 3510 Et
3488 3468 3700 3526 quam-

2043 3571 2289 3630 cumque
2327 3557 2552 3613 literam
2600 3554 2739 3610 luna
2795 3551 2856 3608 in
2913 3550 3019 3606 hac
3067 3550 3231 3604 atate
3282 3543 3454 3601 semel
3503 3542 3694 3614 habet,

2044 3649 2296 3706 eamdem
2334 3660 2431 3717 per
2456 3649 2638 3701 totum
2677 3654 2892 3699 annum
2930 3637 3113 3695 simili
3159 3634 3326 3691 modo
3349 3636 3600 3690 notatam
3632 3632 3696 3687 in

2046 3739 2241 3798 eadem
2271 3749 2492 3806 semper
2514 3737 2677 3790 atate
2722 3731 2928 3787 habere
2966 3740 3079 3784 non
3121 3725 3358 3796 desinit,
3401 3721 3514 3778 nisi
3549 3720 3695 3778 forte

2049 3827 2221 3900 (quod
2289 3834 2476 3882 tamen
2544 3836 2673 3879 raro
2739 3819 2990 3891 accidit),
3056 3815 3521 3874 embolismorum
3579 3811 3696 3868 hac

2049 3919 2198 3974 ratio
2229 3917 2526 3984 immutet;
2560 3929 2611 3970 v.
2645 3929 2698 3985 g.
2730 3924 2879 3967 anno
2907 3907 3079 3965 tertio
3105 3906 3250 3977 cycli
3282 3904 3698 3960 decemnoven—

2049 4009 2201 4065 nalis
2244 4007 2382 4062 luna
2425 4018 2550 4074 qua
2575 4000 2644 4059 30
2689 4001 2814 4058 dies
2845 3999 3114 4055 habitura
3155 4000 3260 4065 est,
3313 4005 3534 4063 semper
3555 3990 3695 4046 abA

2049 4096 2195 4154 nodo
2228 4095 2458 4165 incipit,
2481 4091 2730 4148 secunda
2755 4093 2841 4146 est
2876 4089 2938 4144 in
2964 4089 3022 4158 B,
3053 4084 3223 4142 tertia
3263 4083 3322 4140 in
3348 4081 3389 4136 C
3417 4083 3693 4139 similiter

2049 4185 2236 4255 nodis,
2287 4184 2434 4239 idest
2464 4180 2624 4236 nullo
2658 4187 2867 4249 puncto
2894 4179 2916 4202 "
2939 4175 3254 4233 adnotaris.
3292 4176 3361 4230 Et
3385 4173 3472 4229 sic
3500 4187 3569 4228 ex
3589 4186 3692 4229 or—

2044 4275 2181 4331 dine
2230 4286 2346 4330 sua
2399 4271 2580 4326 litera
2641 4280 2926 4338 quamque
2978 4279 3201 4321 reserva
3248 4266 3468 4319 atatem
3519 4263 3690 4318 luna.

2043 4366 2181 4420 Item
2231 4362 2388 4433 luna,
2442 4371 2566 4430 qua
2607 4357 2831 4412 eosdem
2879 4352 2949 4410 30
2991 4353 3117 4409 dies
3149 4353 3419 4408 habitura
3455 4354 3542 4405 est
3569 4350 3691 4404 abI

1958 4484 2013 4547 D
2045 4453 2349 4511 subnotato
2408 4449 2713 4519 incipiens,
2757 4443 3004 4500 secunda
3044 4455 3266 4512 semper
3309 4441 3370 4496 in
3400 4441 3472 4508 M,
3519 4438 3691 4494 tertia

361 4538 524 4592 Anno
562 4536 716 4591 XIX.
764 4537 850 4591 IV.
885 4537 1042 4591 Luna
1070 4532 1093 4589 4
1125 4549 1158 4590 a
1204 4533 1349 4604 prid.
1379 4534 1460 4589 Id.
1499 4532 1634 4602 Apr.
1659 4544 1840 4602 usque
1873 4529 1927 4586 in

2059 4548 2129 4602 :st
2159 4543 2219 4598 in
2260 4539 2516 4598 Nsimili
2562 4538 2763 4609 ﬁgura,
2795 4539 2851 4590 et
2897 4533 2981 4590 sic
3028 4545 3095 4588 ex
3146 4529 3348 4587 ordine
3389 4541 3691 4585 recurrens

291 4621 324 4678 4
346 4625 491 4680 Non.
514 4623 649 4694 Apr.
677 4624 816 4696 quia
840 4623 1164 4680 communis
1189 4637 1374 4678 annus
1404 4626 1510 4692 est,
1537 4621 1663 4677 dies
1698 4617 1822 4676 354.

360 4714 525 4768 Anno
569 4713 724 4768 XIX.
777 4713 838 4769 V.
875 4710 1092 4768 Luna2
1131 4726 1164 4768 a
1204 4711 1323 4766 Kal.
1365 4713 1498 4782 Apr.
1547 4724 1730 4781 usque
1775 4709 1836 4765 in
1869 4707 1927 4764 44

290 4799 416 4855 Kal.
449 4806 582 4872 Apr.
613 4803 750 4872 quia
780 4802 1102 4858 communis
1127 4815 1313 4857 annus
1338 4807 1444 4872 est,
1474 4800 1600 4856 dies
1630 4796 1752 4854 354.

360 4888 523 4944 Anno
563 4890 716 4944 XIX.
749 4890 835 4945 VI.
870 4892 1023 4946 Luna
1048 4889 1082 4944 3
1112 4906 1145 4946 a
1177 4887 1242 4945 40
1279 4889 1398 4944 Kal.
1427 4888 1564 4959 Apr.
1609 4901 1790 4957 usque
1812 4887 1869 4942 in
1902 4885 1936 4943 4

288 4977 369 5032 Id.
407 4978 510 5047 Ap.
549 4979 685 5050 quia
714 4978 1109 5036 embolimaus
1131 4992 1318 5034 annus
1343 4982 1448 5049 est,
1476 4977 1601 5032 dies
1631 4973 1752 5032 384.

360 5067 524 5122 Anno
563 5067 707 5122 ΧΙΧ.
752 5069 868 5124 VII.
903 5069 1061 5123 Luna
1097 5065 1130 5122 4
1157 5081 1189 5124 a
1213 5065 1249 5122 5
1289 5066 1377 5122 Id.
1433 5067 1566 5138 Apr.
1603 5079 1786 5137 usque
1813 5065 1874 5121 in
1904 5061 1938 5121 3

290 5153 415 5208 Kal.
445 5155 577 5224 Apr.
603 5157 740 5226 quia
765 5157 1089 5212 communis
1107 5162 1211 5227 est,
1240 5157 1366 5213 dies
1385 5153 1509 5213 354.

361 5246 526 5301 Anno
551 5248 700 5302 XIX.
723 5249 860 5304 VIII.
887 5250 1042 5304 Luna
1070 5245 1106 5304 5
1134 5262 1166 5303 a
1189 5248 1335 5318 prid.
1367 5249 1487 5304 Kal.
1510 5248 1644 5318 Apr.
1673 5263 1854 5320 usque
1878 5248 1937 5304 in

290 5331 359 5390 44
376 5334 500 5390 Kal.
521 5335 678 5408 Maii,
699 5338 837 5408 quia
857 5336 1248 5393 embolimaus
1267 5342 1372 5406 est,
1394 5338 1520 5392 dies
1545 5335 1666 5392 384.
1692 5337 1933 5410 Ogdoas.

357 5425 524 5481 Anno
565 5425 1064 5482 decemnovennali
1100 5426 1194 5480 IX.
1226 5427 1381 5482 Luna
1411 5425 1446 5481 6
1477 5439 1509 5482 a
1546 5423 1613 5482 45
1642 5427 1763 5482 Kal.
1799 5429 1934 5483 Maii

287 5515 581 5661 ἓξᾳυὲὃὲη
625 5511 662 5571 7
720 5515 801 5571 Id.
841 5515 980 5587 Apr.
1035 5514 1174 5586 quia
1224 5515 1547 5571 communis
1596 5530 1783 5573 annus
1827 5523 1933 5590 est,

332 5620 414 5661 res
551 5643 565 5656 .

332 5620 414 5662 res
437 5620 565 5660 ωλι.

2043 4633 2238 4690 lunam
2278 4630 2371 4686 sui
2412 4628 2757 4698 cuicumque
2794 4624 2975 4680 litera
3005 4620 3264 4678 restituit
3301 4621 3543 4674 atatem.
3573 4617 3691 4672 De-

2045 4718 2348 4778 scendendi
2390 4718 2543 4774 enim
2587 4716 2772 4788 gratia
2803 4715 3050 4784 primum
3080 4711 3151 4766 de
3189 4709 3370 4766 ternis
3397 4705 3692 4777 Alphabe—

2045 4817 2162 4868 tum
2204 4809 2372 4865 nodis
2419 4807 2694 4876 utrinque
2738 4804 2929 4860 literis
2971 4802 3284 4858 secundum
3337 4796 3686 4867 subnoteris,

2046 4899 2273 4955 tertiam
2331 4911 2553 4968 semper
2608 4894 2830 4950 notaris
2886 4890 3384 4948 determinandum
3437 4887 3692 4959 providit

2045 4988 2385 5059 antiquitas.

2322 5078 2456 5129 Item
2489 5074 2555 5128 de
2577 5073 2720 5126 luna
2742 5085 2906 5124 cursu
2942 5069 2994 5124 si
3027 5069 3150 5138 quis
3175 5069 3412 5136 ignorat.

2116 5164 2359 5221 CXXVI.
2381 5164 2439 5218 Si
2469 5162 2600 5234 quis
2620 5174 2752 5217 vero
2779 5160 2952 5215 etiam
2981 5157 3305 5214 calculandi
3334 5158 3526 5213 minus
3555 5154 3690 5209 ido—

2050 5269 2192 5311 neus
2234 5253 2458 5310 lunaris
2496 5251 2782 5308 circuitus
2819 5249 3020 5305 existit
3047 5249 3334 5317 curiosus,
3363 5253 3419 5302 et
3449 5244 3585 5299 huic
3614 5243 3683 5297 ad

2047 5343 2504 5400 commoditatem
2533 5339 2810 5412 ingenioli
2835 5339 2921 5396 sui
2952 5338 3375 5395 commodamus
3393 5344 3690 5403 argumen-

2047 5438 2188 5502 tum,
2241 5438 2306 5488 ut
2333 5445 2528 5488 omnes
2577 5430 2849 5486 inveniat.
2895 5429 3190 5500 Siquidem
3243 5427 3417 5478 totam
3460 5420 3689 5477 annalis

2046 5521 2331 5580 circuitus
2356 5520 2583 5592 seriem,
2622 5533 2733 5593 que
2763 5517 2831 5574 42
2869 5516 3160 5574 mensibus
3202 5511 3548 5582 continetur,
3581 5509 3690 5567 Al-

2049 5611 2310 5687 phabetis
2360 5611 2761 5678 distinximus,
2813 5608 2893 5662 ita
2938 5606 3252 5671 dumtaxat,
3309 5605 3374 5657 ut
3422 5600 3594 5671 primi
3633 5609 3692 5657 et
