4076 6174
408 233 546 292 4343

401 357 522 414 Cd
602 361 680 418 ix.

487 444 518 485 e
593 432 719 488 viii.
755 435 942 492 Nativ.
973 439 1037 493 D.
1062 439 1126 493 N.
1156 439 1202 492 J.
1233 439 1290 495 C.

402 501 446 555 D
488 499 515 556 f
587 504 687 576 vii.
723 505 778 560 S.
812 507 1102 576 Stephani.

617 575 694 630 vi.
723 575 1094 635 S..lohannis.

405 643 443 697 E
617 661 667 728 γ.
712 647 1021 706 Infantium
1047 657 1103 707 et
1128 651 1455 709 lactenium.

512 729 529 769 1
621 732 704 772 ιν.

399 784 441 837 F
513 786 546 841 k
623 787 714 842 iii.

505 856 523 910 l
611 858 675 913 ii.
710 860 763 914 S.
797 861 1087 918 Columbae
1115 863 1262 938 virg.
1287 868 1346 920 et
1372 866 1662 936 Sylvestri.

680 951 757 1004 De
786 967 948 1005 cursu
977 954 1107 1007 solis
1143 970 1245 1023 per
1279 956 1557 1010 duodecim
1588 958 1767 1024 signa.

467 1035 741 1094 CXXXV.
791 1040 964 1109 Quasi
1001 1043 1244 1111 quodam
1279 1045 1442 1100 modo
1495 1042 1526 1100 4
1555 1046 1779 1102 dierum
1816 1059 2051 1102 munera

400 1124 796 1192 primordialis
840 1125 872 1182 4
917 1130 1142 1186 dierum
1200 1134 1512 1190 creationis
1561 1135 1947 1206 designarent.
1986 1137 2050 1190 Et

397 1213 534 1281 quia
567 1213 750 1283 prima
779 1217 872 1273 die
903 1217 1002 1274 lux
1027 1221 1256 1277 condita
1284 1227 1387 1290 est,
1420 1223 1603 1292 prima
1633 1224 1727 1278 die
1761 1223 1910 1279 lucis
1939 1239 2048 1281 ma-

398 1301 541 1357 teria
563 1306 811 1360 ostendit
838 1307 1002 1362 mihi.
1031 1309 1286 1366 Secunda
1321 1312 1415 1368 die
1448 1313 1682 1368 Creator
1703 1313 2044 1369 ﬁrmamenti

396 1389 886 1458 pulchritudinem
914 1397 1171 1452 extendit
1211 1398 1361 1454 inter
1399 1413 1599 1470 aquas,
1629 1405 1686 1456 et
1713 1415 1909 1471 aquas.
1939 1402 2045 1456 Se-

395 1479 583 1534 cunda
612 1480 706 1536 die
739 1483 797 1536 in
830 1485 1168 1542 muneribus
1192 1488 1528 1544 vestimenta
1553 1489 1937 1546 Sacerdotalia
1962 1491 2046 1546 di-

394 1565 682 1624 visionum
718 1569 868 1627 inter
892 1587 1130 1644 corpora
1173 1577 1563 1649 Sacerdotum,
1618 1584 1674 1634 et
1707 1579 1904 1648 populi
1935 1580 2045 1634 de-

394 1660 710 1713 monstrare
762 1663 1016 1730 cegnovi.
1082 1665 1271 1720 Tertia
1321 1666 1434 1737 die,
1480 1673 1631 1723 terra
1678 1682 1806 1722 cum
1865 1681 2044 1723 orna-

394 1745 602 1800 mentis
631 1747 1077 1818 suis’apparuit.
1133 1754 1322 1810 Tertia
1372 1756 1466 1811 die
1517 1757 1645 1811 auri
1693 1756 2040 1812 electissima

393 1835 630 1903 species,
657 1851 781 1906 qua:
801 1841 1017 1910 gremio
1039 1843 1266 1898 eruitur
1288 1851 1470 1915 terrze,
1505 1847 1723 1902 directa
1745 1851 1830 1901 est
1873 1847 2037 1901 mihi.

390 1922 602 1992 Quarta
629 1927 722 1982 die
753 1929 836 1984 sol
880 1929 1061 1987 honor
1104 1935 1282 1990 seculi
1313 1950 1443 1991 cum
1471 1937 1763 1992 sideribus
1791 1937 1933 1993 caelo
1960 1937 2045 1991 inv

390 2011 550 2068 ditus
579 2020 681 2070 est.
716 2017 928 2086 Quarta
957 2020 1052 2076 die
1091 2023 1246 2078 clara
1295 2025 1574 2095 quaedam,
1604 2029 1659 2081 et
1690 2026 1936 2081 rotunda
1980 2025 2042 2080 in

390 2100 778 2160 similitudine
805 2107 946 2163 solis
994 2111 1212 2178 species
1262 2112 1444 2168 honor
1484 2128 1689 2169 mensae
1737 2114 1910 2169 allata
1957 2118 2045 2169 est

391 2191 556 2260 mihi,
594 2193 806 2250 habens
830 2193 900 2251 27
943 2200 1363 2272 semicirculos,
1390 2203 1490 2274 qui
1532 2204 1581 2258 si
1610 2203 1702 2258 bis
1731 2205 2038 2271 ducantur,

387 2285 558 2335 erunt
601 2279 672 2336 54
717 2289 944 2354 propter
979 2285 1148 2343 horas
1179 2289 1402 2345 lunaris
1445 2306 1671 2359 cursus,
1705 2291 1918 2362 quibus
1945 2305 2044 2361 per

389 2367 618 2438 singula
644 2372 807 2443 signa
848 2388 1077 2432 currere
1133 2377 1294 2448 solet,
1347 2379 1562 2436 habens
1602 2381 1886 2437 circulum
1942 2395 2044 2438 ro-

391 2457 527 2512 tund
542 2472 631 2512 um
682 2461 739 2515 in
773 2463 959 2519 medio
984 2472 1213 2536 prepter
1238 2468 1380 2524 solis
1409 2474 1735 2539 perpetuam
1769 2470 2042 2526 rotundi-

388 2548 580 2608 tatem,
611 2551 894 2616 quomodo
929 2550 993 2607 40
1026 2554 1197 2625 horae,
1231 2561 1288 2612 et
1331 2559 1508 2614 semis
1536 2558 1789 2630 singulis
1820 2559 2042 2614 mensi-

389 2632 497 2689 bus
522 2635 849 2694 adcrescere
877 2640 1082 2697 solent.

454 2723 546 2777 Sol
572 2724 755 2795 igitur
786 2729 970 2795 primo
1001 2743 1148 2784 anno
1179 2737 1306 2800 post
1350 2733 1666 2790 bissextum
1711 2735 1883 2789 initio
1911 2734 2038 2804 pri—

386 2821 488 2862 mae
516 2808 668 2864 hora:
705 2816 890 2867 noctis
931 2815 1108 2869 intrat
1159 2818 1217 2871 in
1247 2819 1518 2889 Arietem,
1566 2828 1622 2876 et
1661 2827 1790 2891 post
1817 2822 1942 2878 dies
1965 2821 2034 2878 30

381 2899 438 2948 et
461 2895 652 2951 decem
683 2899 857 2954 semis
900 2900 1060 2957 boris
1091 2904 1210 2959 exit
1247 2906 1318 2961 de
1345 2907 1558 2977 Ariete,
1611 2909 1718 2966 hoc
1754 2916 1840 2966 est
1896 2911 2033 2967 hora

1279 244 1566 303 APPEND.
1600 246 1696 305 AD
1730 247 1888 307 SMC.
1932 248 2028 306 IX.
2069 276 2144 291 --
2180 246 2536 307 AUCTORES
2573 251 2909 311 ANONYMI.

3677 259 3808 321 4344

2068 363 2128 424 Α
2156 373 2321 448 signa
2349 378 2474 434 dies
2497 377 2587 450 60,
2614 384 2672 436 et
2697 381 2866 437 horas
2889 377 3007 438 424.
3039 384 3149 439 Has
3177 383 3322 439 adde
3350 384 3418 440 ad
3453 401 3634 457 supra
3665 389 3812 444 seri-

2160 470 2252 534 pta
2274 467 2457 538 signa,
2491 475 2545 523 et
2591 469 2764 526 habes
2793 471 2920 526 dies
2947 468 3072 540 300,
3101 477 3158 527 et
3183 464 3357 528 horas
3385 472 3502 532 405.
3541 477 3612 533 Et
3641 477 3813 540 intrat

2159 555 2252 611 Sol
2286 557 2345 611 in
2384 557 2701 628 Aquarium
2756 561 2977 616 decima
3008 561 3146 616 hora
3194 563 3403 634 noctis,
3458 568 3516 620 et
3567 567 3724 621 exiet
3746 568 3812 622 de

2158 643 2413 713 Aquario
2447 647 2583 702 hora
2614 648 2854 718 septima
2879 649 2994 720 dei,
3044 655 3100 704 et
3129 651 3380 707 secunda
3427 659 3642 722 puncto
3675 656 3809 711 hora

2159 736 2373 799 octava,
2403 739 2458 789 et
2486 735 2662 791 intrat
2709 737 2880 792 tertio
2909 742 3120 808 puncto
3171 746 3368 794 octava
3409 741 3545 797 hora
3591 743 3715 798 diei
3752 745 3810 800 in

2161 823 2368 890 Pisces,
2398 830 2453 880 et
2473 827 2623 882 exiet
2661 827 2730 882 de
2753 827 3018 884 Piscibus
3048 832 3205 884 sexta
3237 829 3374 885 hora
3407 832 3586 888 noctis
3615 833 3807 904 plena;

2160 916 2216 966 et
2246 912 2362 968 haec
2394 920 2529 970 sunt
2559 929 2655 971 sex
2705 917 2877 987 horae,
2913 933 3036 988 quae
3066 919 3136 974 de
3179 920 3413 988 punctis
3443 921 3807 992 singulorum

2160 1001 2454 1072 signorum
2487 1005 2845 1076 adcrescunt,
2900 1013 2957 1063 et
2995 1007 3204 1064 habent
3234 1009 3354 1064 haec
3377 1011 3491 1066 duo
3544 1011 3713 1082 signa
3741 1011 3810 1068 60

2158 1090 2301 1159 dies,
2332 1097 2386 1147 et
2406 1090 2467 1148 24
2498 1094 2686 1150 horas.
2715 1097 2826 1151 Has
2853 1097 2997 1152 adde
3021 1098 3088 1152 ad
3118 1099 3544 1169 suprascriptos
3576 1100 3704 1156 dies
3726 1101 3808 1156 vel

2159 1179 2348 1250 horas,
2376 1181 2520 1237 ﬁunt
2539 1183 2663 1239 dies
2683 1182 2748 1239 42
2763 1186 3060 1256 signorum
3077 1183 3183 1242 360
3202 1192 3258 1242 et
3278 1187 3429 1243 hora:
3449 1185 3571 1244 426.
3593 1189 3809 1244 Partire

2159 1266 2260 1325 420
2288 1270 2456 1326 horas
2483 1271 2679 1341 per-24
2707 1280 2763 1329 et
2793 1274 2938 1330 ﬁunt
2986 1276 3298 1346 quinquies
3330 1273 3400 1331 24
3435 1281 3580 1347 quot
3609 1283 3748 1332 sunt
3777 1277 3810 1334 5

2153 1359 2298 1427 dies,
2322 1364 2378 1415 et
2398 1363 2759 1419 erunttotius
2772 1364 2904 1419 anni
2922 1364 3249 1434 tricenteni,
3264 1366 3552 1437 sexageni,
3569 1372 3626 1421 et
3650 1368 3810 1437 quin-

2156 1450 2420 1520 quedies,
2436 1461 2600 1506 etsex
2614 1453 2786 1522 horae,
2807 1454 2945 1524 quia
2957 1459 3088 1510 ante
3105 1454 3361 1511 habuisti
3377 1459 3608 1510 centum
3626 1457 3810 1527 vigin-

2155 1538 2200 1593 ti
2219 1553 2316 1596 sex
2341 1541 2528 1596 horas.
2555 1543 2666 1598 Has
2687 1557 2784 1599 sex
2806 1544 2975 1600 horas
2998 1559 3096 1614 per
3127 1546 3578 1615 quadriennium
3607 1546 3807 1602 ductas

2155 1626 2374 1684 faciunt
2396 1626 2466 1684 24
2499 1630 2686 1699 horas,
2735 1632 2883 1703 quod
2915 1636 3000 1689 est
3046 1647 3197 1689 unus
3229 1633 3373 1703 dies,
3408 1648 3576 1704 quem
3620 1635 3804 1690 Latini

2071 1688 2126 1752 Β
2153 1716 2243 1772 bis
2269 1723 2490 1774 sextum
2514 1725 2717 1776 vocant
2739 1688 2769 1792 ς’
2786 1727 2842 1777 et
2863 1723 2914 1777 si
2941 1736 3053 1778 non
3085 1724 3391 1779 adderetur
3413 1724 3474 1778 in
3493 1723 3806 1780 Februario

2153 1812 2356 1877 quarto
2385 1803 2534 1864 anno
2566 1809 2685 1865 haac
2713 1810 2839 1865 dies
2885 1811 3126 1867 intraret
3154 1814 3176 1834 ⁶
3217 1813 3410 1882 itaque
3451 1813 3537 1868 sol
3573 1818 3803 1883 quartas

2151 1893 2401 1950 decimas
2427 1896 2552 1953 Kal.
2582 1897 2716 1968 Apr.
2751 1899 2932 1968 prima
2963 1901 3101 1957 hora
3131 1901 3317 1957 noctis
3357 1901 3416 1956 in
3448 1900 3722 1969 Arietem,
3749 1907 3803 1957 et

2154 1988 2281 2051 post
2308 1981 2409 2039 420
2441 1998 2621 2041 annos
2648 1987 2890 2043 traditas
2921 1988 3080 2059 solis,
3115 1989 3251 2045 dum
3300 1990 3550 2046 Arietem
3586 1991 3801 2046 intrare

2151 2071 2464 2141 debuisset,
2519 2075 2788 2131 intrasset
2839 2076 3032 2148 itaque
3081 2077 3140 2133 in
3186 2080 3457 2147 Taurum,
3509 2079 3629 2134 nisi
3679 2079 3800 2134 dies

2152 2159 2220 2216 30
2252 2161 2310 2216 in
2351 2168 2577 2219 centum
2621 2162 2690 2221 20
2719 2167 2889 2221 annis
2941 2166 3269 2223 bissextiles
3297 2175 3574 2240 augerent
3597 2183 3801 2224 cursus

2154 2249 2338 2306 illius.
2372 2253 2464 2306 Hae
2493 2259 2549 2308 et
2575 2253 2906 2322 hujusmodi
2936 2256 3188 2312 rationes
3210 2263 3321 2314 tam
3345 2270 3548 2312 suaves
3580 2262 3717 2313 sunt
3742 2259 3795 2312 in

2151 2340 2609 2397 consideratione
2633 2343 2972 2415 scientibus,
3001 2350 3063 2400 ut
3092 2349 3307 2400 caetera:
3340 2351 3494 2400 artes
3534 2346 3798 2414 philoso-

2153 2427 2301 2496 phia:
2338 2430 2522 2485 solent
2555 2445 2678 2486 esse
2719 2432 2956 2502 dicenti,
2991 2439 3046 2489 et
3100 2434 3448 2505 intelligenti
3491 2448 3609 2490 eas.
3660 2437 3792 2489 Nam

2152 2515 2478 2587 philosophi
2515 2533 2624 2575 non
2666 2518 2902 2576 fuerunt
2943 2523 3272 2578 conditores
3318 2522 3523 2577 harum
3555 2524 3789 2592 artium,

2148 2607 2243 2660 sed
2279 2607 2619 2664 inventores.
2647 2612 2784 2665 Nam
2823 2611 3052 2667 Creator
3082 2612 3338 2668 omnium
3371 2626 3562 2669 rerum
3590 2613 3792 2669 condi—

2145 2696 2234 2750 dit
2255 2709 2348 2751 eas
2381 2696 2439 2751 in
2465 2700 2711 2769 naturis,
2735 2701 2887 2756 sicut
2907 2701 3110 2757 voluit.
3140 2703 3229 2757 Illi
3258 2717 3407 2772 vero,
3441 2705 3546 2773 qui
3578 2705 3794 2774 sapien-

2146 2784 2323 2841 tiores
2371 2784 2606 2843 fuerunt
2637 2789 2697 2843 in
2755 2790 2966 2846 mundo
3016 2791 3337 2847 inventores
3377 2797 3542 2847 erant
3591 2792 3786 2847 haru

2143 2875 2357 2930 artium
2386 2876 2445 2930 in
2470 2878 2696 2933 naturis
2745 2891 2957 2949 rerum,
2991 2879 3147 2935 sicut
3175 2882 3244 2936 de
3268 2879 3408 2951 sole,
3438 2885 3498 2935 et
3535 2881 3695 2950 luna,
3738 2887 3788 2936 et

382 2978 441 3036 44
474 2985 661 3041 noctis
697 2987 1008 3059 trigesimze
1057 2993 1273 3062 prima,
1308 3000 1364 3052 et
1393 2962 2034 3070 secundo'punctojvewt
2061 3008 2110 3072 ο
2144 2962 2515 3072 ῗξθἮξίξθθίξῗ
2536 2967 3355 3072 enim
3378 2969 3631 3072 ﬂuuii"
3654 2970 3785 3037 δοίθτ

383 3071 555 3128 tertio
578 3082 788 3143 puncto
820 3075 878 3132 44
919 3079 1058 3135 hora
1088 3083 1343 3152 ejusdem
1376 3087 1564 3142 noctis
1593 3087 1770 3143 intrat
1802 3089 1861 3144 in
1891 3091 2030 3145 Tau-

379 3175 528 3232 rum,
561 3167 617 3218 et
649 3165 732 3220 ibi
766 3173 1022 3225 moratur
1051 3168 1120 3227 30
1146 3172 1291 3241 dies,
1319 3179 1374 3229 et
1406 3176 1594 3232 decem
1629 3179 1804 3236 semis
1825 3180 2028 3252 horas;

379 3254 435 3304 et
462 3251 581 3306 exit
601 3252 670 3308 de
689 3255 875 3312 Tauro
899 3255 934 3312 9
957 3258 1093 3314 hora
1113 3259 1232 3316 diei
1273 3262 1459 3334 plena,
1484 3269 1538 3320 et
1564 3265 1643 3320 ibi
1669 3267 1842 3323 habes
1860 3251 2031 3325 unam

381 3339 575 3396 horam
615 3355 682 3396 ex
709 3339 742 3397 4
782 3346 1011 3414 punctis
1045 3349 1103 3404 in
1132 3349 1358 3407 duobus
1383 3353 1588 3425 signis,
1621 3359 1677 3410 et
1709 3357 1854 3412 ﬁunt
1875 3358 2032 3414 duo-

378 3441 504 3482 rum
536 3429 833 3501 signorum
865 3433 934 3490 60
962 3437 1108 3507 dies,
1142 3443 1198 3493 et
1226 3437 1289 3494 24
1329 3441 1485 3497 hora.
1536 3444 1606 3498 Et
1630 3444 1850 3502 decima
1891 3446 2030 3502 hora

373 3516 493 3572 diei
542 3518 716 3576 intrat
743 3523 802 3577 in
831 3522 1120 3599 Geminos,
1155 3533 1209 3583 et
1247 3530 1400 3586 exiet
1421 3531 1491 3586 de
1519 3530 1780 3589 Geminis
1807 3531 1841 3590 7
1892 3535 2029 3592 hora

377 3604 542 3674 plena
568 3610 774 3680 noctis,
809 3617 866 3667 et
885 3613 1115 3671 duobus
1138 3619 1368 3686 punctis
1391 3617 1427 3674 8
1450 3621 1587 3676 hora
1614 3622 1818 3688 noctis,
1847 3628 1901 3677 et
1924 3627 2028 3678 ter-

378 3693 461 3749 tio
510 3701 721 3764 puncto
767 3699 945 3756 intrat
1000 3703 1059 3758 in
1088 3705 1385 3778 Cancrum,
1431 3713 1486 3763 et
1513 3709 1665 3763 exiet
1713 3709 1783 3764 de
1811 3709 2026 3768 Cancro

377 3789 535 3838 sexta
556 3784 693 3841 hora
715 3788 831 3843 diei
858 3791 1041 3860 plena,
1075 3799 1131 3848 et
1153 3793 1234 3848 ibi
1266 3794 1440 3849 habes
1469 3797 1776 3852 secundam
1802 3798 2018 3871 horam,

372 3867 482 3958 θιᾷ
505 3878 696 3939 punct.
726 3874 972 3932 duorum
1009 3879 1326 3950 signorum,
1378 3886 1436 3936 et
1490 3883 1635 3939 ﬁunt
1685 3884 1744 3940 in
1769 3867 2018 3958 Gemini,

372 3959 429 4010 et
459 3956 518 4010 in
544 3958 758 4016 Cancro
787 3962 912 4018 dies
941 3964 1029 4033 60,
1063 3971 1120 4021 et
1152 3967 1304 4023 horis
1332 3966 1422 4040 24,
1451 3975 1507 4026 et
1552 3971 1725 4029 habes
1769 3973 1828 4028 in
1863 3975 1955 4031 his
1985 3956 2017 4031 4

372 4043 558 4113 signis
591 4046 760 4103 horas
785 4046 855 4104 42
887 4057 941 4106 et
967 4053 1092 4109 dies
1115 4052 1234 4110 420.
1265 4059 1331 4112 Et
1353 4058 1531 4114 intrat
1571 4061 1628 4116 in
1655 4063 1893 4119 Leonem
1925 4079 2022 4120 se—

374 4131 552 4200 ptima
578 4133 716 4190 hora
737 4137 876 4209 diei,
904 4146 959 4196 et
985 4143 1135 4199 exiet
1158 4145 1227 4201 de
1268 4147 1448 4203 Leone
1492 4156 1694 4220 quarta
1743 4152 1882 4208 hora
1911 4168 2022 4210 no-

372 4219 502 4310 ctis,
551 4227 607 4276 et
634 4222 860 4282 duobus
892 4233 1124 4298 punctis
1167 4234 1390 4292 decima
1422 4219 1575 4294 hora:
1627 4244 1684 4294 et
1725 4238 1759 4295 3
1786 4249 2013 4310 puncto.

367 4307 581 4398 Quinta
609 4311 746 4369 hora
772 4317 958 4373 noctis
997 4320 1176 4378 intrat
1226 4323 1285 4379 in
1326 4326 1642 4398 Virginem,
1691 4335 1746 4384 et
1768 4307 1922 4385 exiet
1949 4332 2018 4386 de

2139 3056 2196 3106 et
2243 3051 2398 3121 luna,
2454 3057 2510 3107 et
2539 3053 2830 3110 sideribus
2875 3056 3324 3124 consideramus,
3380 3062 3436 3112 et
3484 3058 3782 3125 miramur,

2140 3139 2255 3194 nisi
2283 3140 2623 3209 sapientiam
2647 3143 2934 3199 Creatoris
2952 3143 2980 3197 ?
3004 3137 3072 3200 Et
3101 3159 3305 3201 cursus
3327 3145 3560 3201 illorum
3611 3152 3788 3201 natu—

2142 3228 2284 3284 ralis
2310 3227 2508 3285 fertur.
2542 3233 2736 3303 Itaque
2763 3232 3047 3289 Abraham
3077 3235 3400 3304 patriarcha
3435 3249 3504 3290 ex
3537 3236 3785 3291 astrolo-

2141 3315 2248 3387 giae
2294 3318 2515 3374 ratione
2551 3319 2872 3376 Creatorem
2914 3323 3090 3378 Deum
3134 3323 3508 3393 intellexisse,
3536 3330 3592 3378 et
3617 3339 3784 3378 vene-

2143 3417 2315 3474 rasse,
2343 3410 2398 3461 et
2423 3407 2556 3462 inde
2579 3409 2801 3464 amicus
2815 3410 2916 3465 Dei
2967 3411 3286 3480 appellatus
3315 3416 3420 3481 est,
3451 3416 3509 3467 et
3543 3418 3783 3481 tempta—

2140 3497 2232 3548 tus
2267 3494 2323 3550 in
2384 3495 2492 3550 ﬁde
2528 3497 2646 3565 jam
2700 3496 2870 3554 fortis
2926 3499 3192 3556 inventus
3243 3505 3347 3556 est.
3402 3503 3544 3556 Nam
3583 3501 3782 3556 dicunt

2137 3581 2376 3653 Hebraei,
2407 3585 2594 3640 exisse
2638 3599 2767 3642 eum
2801 3588 2871 3643 de
2919 3589 3038 3644 Hur
3079 3589 3494 3661 Chaldaeorum,
3542 3590 3690 3645 idest
3716 3590 3780 3643 de

2137 3669 2267 3740 igne
2309 3670 2724 3743 Chaldaeorum,
2776 3675 2876 3745 qui
2934 3675 3186 3732 Chaldaei
3255 3678 3442 3748 ignem
3515 3693 3618 3747 pro
3673 3679 3780 3732 Deo

2132 3758 2455 3816 coluerunt.
2483 3760 2708 3817 Solebat
2731 3763 3003 3834 magister
3023 3779 3183 3822 meus
3209 3765 3350 3822 mihi
3377 3780 3528 3838 saepe
3555 3767 3772 3823 dicere:

2130 3847 2553 3916 Sapientissimi
2575 3850 2870 3908 hominum
2887 3851 3137 3925 fuerunt,
3155 3856 3253 3925 qui
3277 3862 3428 3911 artes
3446 3857 3505 3911 in
3536 3857 3780 3912 naturis-

2134 3948 2320 3992 rerum
2350 3936 2708 3995 invenerunt.
2739 3940 3119 4011 Obproprium
3154 3946 3384 4015 grande,
3427 3951 3493 4000 ut
3530 3946 3780 4000 dimitta-

2132 4038 2363 4081 museas
2377 4027 2779 4096 perirediebus
2793 4031 3025 4099 nostris,
3042 4032 3137 4087 sed
3159 4046 3310 4089 nunc
3327 4033 3780 4103 pusillanimitas

2131 4113 2442 4172 multorum
2498 4130 2610 4172 non
2639 4123 2804 4173 curat
2841 4119 3093 4175 rationes
3133 4134 3346 4192 rerum,
3379 4136 3524 4192 quas
3548 4122 3777 4178 Creator

2128 4203 2391 4259 condidit
2419 4203 2479 4260 in
2507 4206 2750 4262 naturis.
2783 4207 2906 4262 Scis
2925 4209 3345 4280 optime,quam
3377 4211 3573 4266 dulcis
3597 4220 3684 4267 est
3723 4213 3779 4267 in

2129 4291 2453 4348 rationibus
2482 4294 2859 4351 arithmeticae
2884 4299 3122 4367 versari,
3157 4313 3327 4369 quam
3356 4302 3682 4356 necessaria
3709 4301 3775 4355 ad

369 4375 604 4470 virgine
626 4404 792 4460 tertia
822 4405 958 4463 hora
988 4375 1105 4465 diei
1139 4375 1321 4481 51.3.1.1,
1344 4375 1666 4471 $5513.}.
1693 4375 2018 4475 "tam;
2048 4375 2104 4437 D
2129 4381 2547 4481 “03"?Sicend‘is
2570 4383 2898 4481 Summas
2926 4385 3144 4451 divm‘“
3188 4401 3358 4457 “am
3392 4389 3654 4481 and“
3694 4397 3780 4445 ⁸⁵⁸

369 4500 487 4575 ram
530 4488 653 4545 exi
689 4496 920 4562 punctis
958 4498 1181 4568 Leonis,
1235 4507 1292 4556 et
1320 4502 1597 4575 Virginis,
1625 4511 1682 4561 et
1712 4506 1920 4564 habent
1949 4508 2017 4566 60

368 4574 493 4631 dies
514 4577 632 4634 haec
679 4581 794 4638 duo
819 4585 1004 4657 signa,
1033 4594 1089 4642 et
1115 4589 1284 4645 horas
1309 4587 1397 4661 24,
1431 4597 1487 4647 et
1517 4593 1663 4650 ﬁunt
1691 4594 1892 4653 horum
1919 4612 2015 4654 sex

366 4663 661 4756 signorum
687 4671 812 4728 dies
836 4671 939 4731 482
968 4682 1022 4731 et
1048 4677 1202 4732 horae
1236 4677 1305 4735 63
1334 4685 1390 4736 et
1429 4681 1591 4752 ﬁunt,
1623 4691 1686 4740 ut
1713 4685 1859 4756 dixi,
1891 4688 2017 4744 dies

369 4749 470 4812 482
497 4762 553 4846 et
595 4760 800 4817 tertius
829 4764 954 4820 dies
981 4766 1266 4824 dimidius
1303 4783 1370 4825 ex
1399 4749 1699 4828 duodecim
1733 4749 1911 4846 horis,
1961 4783 2018 4832 et

367 4847 482 4900 tres
509 4845 660 4902 horae
689 4863 862 4920 supra
889 4853 1299 4922 quadrantiles.
1361 4860 1430 4914 Et
1461 4861 1638 4916 intrat
1685 4863 1767 4919 sol
1809 4865 1867 4920 in
1903 4845 2016 4921 Li-

364 4933 522 4990 bram
557 4934 693 4992 hora
717 4939 835 4995 diei
861 4951 1081 5014 quarta,
1105 4948 1161 5001 et
1184 4947 1333 5003 exiet
1353 4949 1422 5004 de
1462 4950 1629 5006 Libra
1662 4953 1842 5021 prima
1875 4955 2013 5011 hora

362 5022 501 5094 diei,
553 5031 609 5080 et
633 5029 881 5084 secundo
914 5041 1125 5100 puncto
1169 5038 1430 5094 secundae
1463 5038 1615 5094 horae
1645 5043 1833 5098 noctis
1861 5045 2011 5101 exiet

361 5111 432 5167 de
455 5113 764 5184 Scorpione
812 5113 879 5172 42
918 5119 1054 5176 hora
1086 5125 1271 5180 noctis
1319 5126 1502 5197 plena,
1529 5133 1586 5183 et
1636 5128 1808 5186 habes
1839 5146 2008 5188 unam

365 5199 655 5292 horamex
680 5201 998 5292 inpunctis,
1033 5216 1090 5292 et
1121 5211 1267 5269 ﬁunt
1298 5215 1501 5272 horum
1528 5218 1774 5275 duorum
1806 5221 2010 5292 signo—

362 5295 488 5370 ru_m
519 5283 645 5370 dies
673 5283 819 5370 60_et
840 5287 1003 5370 horae
1025 5288 1112 5346 24.
1143 5293 1211 5347 Et
1243 5294 1420 5351 intrat
1446 5296 1529 5352 sol
1549 5298 1608 5353 in
1634 5283 2006 5370 Sagittarium

362 5361 555 5446 prima
573 5362 712 5420 hora
736 5365 879 5436 diei,
905 5374 962 5424 et
991 5371 1145 5428 exiet
1165 5373 1236 5430 de
1263 5375 1572 5446 Sagittario
1601 5361 1822 5435 decima
1869 5381 2006 5439 hora

358 5440 476 5522 diei
503 5442 686 5522 plena,
710 5451 766 5501 et
789 5447 1017 5508 duobus
1038 5455 1288 5522 punctis.
1325 5440 1555 5514 ﬁecima
1576 5457 1729 5516 hora:
1752 5460 1928 5519 intrat
1947 5463 2005 5520 in

355 5518 765 5607 Capricornum
793 5529 964 5607 tertio
991 5518 1200 5601 puncto
1232 5531 1289 5589 44
1328 5534 1480 5592 hora;
1509 5537 1648 5607 diei,
1673 5543 1730 5595 et
1756 5518 2006 5599 exietde

355 5596 701 5668 Capricorno
728 5605 866 5663 hora
895 5606 930 5662 9
958 5596 1146 5668 noctis
1190 5613 1374 5683 plena.
1408 5615 1477 5672 Et
1507 5596 1717 5674 habent
1747 5596 2003 5680 [πεοᾶιῦ

2127 4471 2379 4542 cognitio
2413 4471 2731 4529 caelestium
2757 4479 3062 4545 astrorum,
3095 4480 3151 4531 et
3175 4490 3381 4532 cursus
3403 4477 3641 4534 illorum
3670 4498 3685 4548 ;
3727 4486 3782 4534 et

2126 4563 2312 4614 tamen
2345 4573 2510 4616 rarus
2538 4566 2642 4631 est,
2670 4563 2770 4630 qui
2793 4563 2933 4618 talia
2961 4563 3111 4619 scire
3139 4571 3322 4634 curet,
3350 4571 3404 4621 et
3429 4567 3585 4636 quod
3613 4569 3780 4637 pejus

2124 4653 2228 4719 est,
2280 4649 2703 4718 reprehendunt
2731 4652 2837 4707 hoc
2891 4653 3039 4708 scire
3065 4654 3379 4723 studentes,
3406 4660 3464 4710 et
3490 4661 3555 4711 ut
3595 4671 3731 4712 cum
3761 4661 3779 4682 ‘

2127 4736 2227 4792 ille
2251 4743 2466 4793 naturae
2491 4753 2679 4795 rerum
2699 4740 2986 4810 ignoratio
3006 4742 3382 4812 inculpabilis
3409 4745 3698 4813 potuisset
3718 4746 3783 4802 il-

2125 4825 2201 4880 lis
2220 4829 2238 4849 *
2259 4832 2425 4897 esset,
2447 4828 2497 4883 si
2518 4827 2738 4884 divinis
2759 4843 2818 4885 se
2860 4831 3017 4900 ipsos
3038 4833 3261 4887 tradere
3282 4832 3603 4889 voluissent
3633 4835 3781 4890 Scri-

2126 4915 2333 4984 pturis,
2362 4921 2416 4970 et
2447 4915 2706 4972 laborare
2754 4917 2811 4973 in
2845 4918 2987 4988 illis,
3045 4920 3105 4975 in
3134 4919 3350 4991 quibus
3393 4922 3525 4976 vita:
3551 4928 3776 4979 aeterna:

2122 5003 2376 5074 cognitio
2401 5005 2818 5076 consideratur,
2847 5013 2904 5062 et
2952 5013 3016 5064 ut
3042 5009 3362 5078 potuissent
3385 5010 3552 5066 ﬁdem
3580 5015 3770 5068 catho-

2121 5091 2289 5147 licam
2316 5092 2592 5148 veraciter
2610 5093 2929 5166 defendere,
2953 5102 3008 5152 et
3030 5095 3380 5154 ﬁducialiter
3399 5105 3555 5154 stare
3573 5109 3771 5156 contra

2117 5181 2475 5238 adversarios
2501 5182 2739 5253 Christi,
2791 5198 2888 5253 per
2919 5200 3065 5255 quos
3095 5187 3299 5242 multis
3330 5187 3518 5244 modis
3547 5189 3766 5245 diaboli

2116 5269 2332 5325 astutia
2363 5270 2528 5326 ﬁdem
2565 5271 2902 5329 catholicam
2934 5273 3270 5346 impugnare
3295 5277 3509 5348 studet,
3542 5284 3601 5333 et
3635 5285 3768 5334 sunt

2118 5358 2282 5414 modo
2312 5363 2586 5429 tempora,
2618 5360 2687 5415 de
2715 5360 2927 5431 quibus
2952 5362 3011 5416 B.
3050 5363 3261 5420 Paulus
3305 5365 3606 5435 praedixit:
3633 5367 3770 5436 8ρὶ-

2114 5448 2255 5502 ritus
2295 5453 2475 5503 autem
2498 5451 2786 5517 manifeste
2816 5449 2967 5518 dicit,
2989 5453 3122 5521 quia
3150 5453 3211 5506 in
3240 5455 3546 5510 novissimis
3570 5459 3768 5526 tempo-

2113 5535 2266 5590 ribus
2293 5536 2572 5593 discedent
2591 5538 2810 5608 quidem
2836 5554 2871 5592 a
2889 5539 2994 5609 fide
3023 5540 3446 5597 adtendentibus
3463 5543 3769 5613 Spiritibus

2112 5627 2332 5695 erroris,
2358 5631 2410 5681 et
2442 5626 2704 5682 doctrinis
2733 5627 3117 5685 dmoniorum
3157 5631 3216 5685 in
3238 5631 3528 5702 hypocrisi
3543 5632 3768 5702 loquen-
