4054 6192
310 262 458 322 4345

1671 263 1872 323 LIBER
1903 267 1996 324 DE
2021 267 2372 361 ,CpMPUTO.

3585 289 3723 352 4346

306 391 446 444 tium
503 388 848 444 mendacium
910 388 1162 445 habentes
1214 392 1574 447 cautem‘atam
1611 405 1767 446 suam
1817 406 1950 446 con—
1979 388 2040 452 A
2070 395 2367 457 stellarum
2385 401 2717 461 nominibus
2741 406 2917 464 simul
2947 422 3301 483 numeroque
3324 413 3722 484 complectere-

307 480 609 533 scientiam.

986 569 1119 622 Item
1143 569 1280 623 alia.

386 673 446 728 Si
478 673 567 728 vis
606 672 775 740 scire,
819 672 1103 742 quomodo
1133 675 1474 731 adcrescunt
1512 673 1764 747 singulis
1793 673 1965 729 annis

311 761 611 818 mensibus
637 760 844 817 solaris
876 776 1082 818 cursus
1110 763 1301 819 decem
1330 765 1504 820 semis
1535 765 1723 834 horas,
1759 762 1968 819 multi-

310 851 464 922 plica
489 851 679 906 decem
733 864 830 920 per
861 849 927 905 4O
966 850 1112 907 fiunt
1153 850 1254 908 400
1280 853 1418 922 quia
1459 866 1572 908 una
1605 852 1742 908 hora
1776 853 1966 907 decem

310 941 536 995 minuta
567 937 770 1007 habet;
802 939 992 994 decies
1007 953 1138 995 vero
1158 941 1349 996 decem
1375 941 1598 996 minuta
1624 939 1846 996 faciunt
1868 936 1968 996 400

308 1029 554 1083 minuta.
574 1029 654 1082 Da
675 1028 993 1098 unicuique
1014 1029 1128 1084 diei
1151 1042 1218 1084 ex
1237 1029 1479 1100 triginta
1499 1029 1706 1086 diebus
1725 1029 1836 1084 tria
1867 1028 1970 1083 mi-

309 1122 472 1179 nuta,
498 1115 722 1171 faciunt
742 1114 811 1171 90
843 1117 1084 1188 minuta,
1109 1122 1475 1173 etremanent
1507 1117 1570 1173 40
1603 1119 1844 1173 minuta.
1868 1117 1968 1173 His

309 1205 459 1260 adde
486 1204 742 1274 quinque
774 1205 1017 1276 minuta,
1053 1220 1179 1276 qua:
1205 1206 1350 1262 ﬁunt
1369 1219 1435 1262 ex
1460 1207 1705 1262 dimidia
1725 1207 1883 1276 hora,
1911 1210 1968 1261 et

310 1292 460 1347 fiunt
496 1291 563 1347 45
595 1293 834 1348 minuta.
870 1295 995 1348 Hazc
1029 1295 1244 1364 partire
1271 1309 1369 1365 per
1393 1293 1481 1368 30,
1523 1294 1745 1351 faciunt
1768 1294 1967 1350 tricies

307 1381 626 1436 dimidium
661 1382 946 1438 minutum
981 1380 1047 1438 45
1073 1384 1314 1438 minuta.
1336 1386 1405 1439 Et
1425 1385 1762 1440 adcrescunt
1781 1382 1969 1454 quoti-

307 1468 409 1523 die
436 1469 495 1523 in
525 1467 594 1525 30
623 1469 828 1526 diebus
857 1471 970 1526 tria
999 1471 1238 1542 minuta,
1271 1475 1327 1528 et
1355 1472 1600 1528 dimidia
1636 1485 1769 1542 pars
1789 1471 1966 1528 unius

309 1555 544 1613 minuti.

988 1667 1121 1721 Item
1153 1667 1288 1721 alia.

379 1789 448 1842 Et
473 1788 521 1843 si
561 1788 710 1844 scire
735 1790 842 1860 vis,
896 1796 1174 1861 quantum
1211 1791 1470 1863 quotidie
1500 1795 1717 1848 crescat
1741 1792 1808 1847 ad
1838 1791 1969 1846 bis-

308 1881 558 1946 sextum,
594 1878 808 1946 partire
831 1875 868 1933 5
918 1879 1142 1934 minuta
1179 1880 1237 1934 in
1278 1878 1347 1936 30
1387 1879 1534 1935 ﬁunt
1572 1881 1759 1935 sexies
1786 1879 1968 1949 quin-

308 1966 514 2035 quies;
549 1968 704 2021 sexta
736 1980 868 2036 pars
904 1967 1080 2022 unius
1112 1967 1322 2023 minuti
1361 1969 1645 2023 adcrescit
1682 1967 1962 2038 quotidie,

309 2058 378 2109 ut
405 2053 651 2109 dimidia
681 2054 818 2110 hora
845 2054 944 2110 ﬁat
987 2069 1084 2124 per
1111 2069 1358 2112 mensem
1381 2070 1596 2127 unum;
1628 2056 1772 2111 hanc
1799 2055 1970 2110 dimi-

306 2143 466 2197 diam
501 2142 697 2198 horam
728 2145 839 2199 duc
880 2144 1209 2215 duodecies,
1244 2150 1298 2200 et
1336 2145 1480 2201 ﬁunt
1514 2160 1612 2202 sex
1652 2147 1823 2202 horm.
1857 2148 1966 2201 Has

311 2231 637 2300 multiplica
659 2232 716 2286 in
743 2231 1024 2302 4;quater
1043 2231 1473 2304 sexfaciunt24,
1501 2240 1639 2305 quot
1669 2241 1803 2290 sunt
1819 2237 1968 2290 horae

313 2319 492 2374 unius
519 2319 637 2374 diei
667 2334 764 2390 per
786 2322 1232 2391 quadriennium
1264 2324 1565 2393 adcrescit,
1597 2328 1658 2378 ut
1680 2323 1969 2380 bissextus

314 2407 440 2462 ﬁeri
475 2409 678 2476 possit,
702 2415 757 2464 et
786 2408 932 2464 ﬁunt
953 2416 1157 2480 quarto
1190 2425 1340 2466 anno
1364 2409 1469 2467 366
1498 2412 1644 2482 dies,
1680 2413 1780 2482 qui
1811 2426 1968 2468 sena-

311 2496 441 2552 rius
469 2510 746 2552 numerus
768 2497 1013 2554 multum
1041 2499 1186 2554 valet
1211 2501 1268 2554 in
1290 2500 1510 2556 circulo
1527 2502 1686 2571 anni,
1711 2515 1839 2556 nam
1863 2499 1967 2557 360

310 2583 537 2640 faciunt
584 2585 770 2640 sexies
815 2588 1131 2659 sexaginta,
1165 2589 1264 2658 qui
1316 2590 1723 2659 sexagenarius
1767 2590 1816 2645 si
1869 2603 1967 2659 per

309 2672 613 2728 denarium
639 2677 658 2697 "
687 2687 811 2729 esse
837 2676 1170 2745 perfectum,
1200 2677 1354 2732 sicut
1378 2679 1644 2734 senarius
1661 2692 1761 2749 per
1781 2679 1969 2734 unita-

311 2769 464 2832 tem;
517 2775 644 2817 nam
690 2777 866 2819 unum
916 2765 1050 2832 duo,
1097 2770 1153 2820 et
1180 2771 1293 2821 tres
1336 2765 1559 2823 faciunt
1605 2782 1723 2838 sex,
1778 2773 1834 2823 et
1881 2771 1968 2824 est

312 2849 602 2921 perfectus
623 2865 897 2907 numerus
922 2853 980 2907 in
1001 2853 1263 2923 partibus
1288 2855 1432 2910 suis.
1457 2858 1538 2911 Ita
1560 2858 1969 2928 sexagenarius

313 2940 620 3009 quamdam
663 2939 1065 3009 perfectionem
1099 2941 1287 3013 habet,
1320 2944 1370 2997 si
1404 2944 1655 3012 partitur
1686 2958 1784 3014 per
1802 2945 1970 3000 dena-

314 3029 468 3084 rium
502 3042 819 3084 numerum.
856 3031 994 3085 Nam
1027 3031 1197 3086 semel
1226 3031 1438 3103 decem,
1479 3039 1536 3088 et
1557 3032 1648 3088 bis
1671 3034 1883 3105 decem,
1914 3039 1972 3090 et
1998 3043 2046 3104 ο
2078 3029 2416 3132 aivisiones,

314 3124 400 3173 ter
450 3118 640 3174 decem
689 3119 983 3190 sexaginta
1039 3125 1208 3190 sunt;
1251 3133 1380 3176 nam
1425 3127 1703 3191 quantum
1733 3123 1882 3177 valet
1909 3123 1968 3178 in

316 3206 502 3276 primo
527 3221 692 3263 versu
721 3221 1087 3264 numerorum
1109 3210 1394 3280 senarius,
1429 3215 1493 3265 ut
1516 3211 1879 3280 perveniatur
1899 3211 1967 3267 ad

312 3295 526 3367 decem,
568 3301 787 3353 tantum
834 3297 982 3353 valet
1014 3299 1074 3354 in
1117 3299 1367 3356 secundo
1396 3314 1565 3356 versu
1597 3313 1967 3355 numerorum

312 3386 738 3458 sexagenarius,
770 3391 833 3443 ut
855 3388 1219 3456 perveniatur
1239 3389 1307 3444 ad
1335 3394 1582 3445 centum.
1608 3390 1970 3460 Quicumque

315 3487 446 3531 vero
466 3474 610 3545 dies,
632 3475 732 3546 qui
755 3482 1068 3545 supersunt
1086 3479 1428 3534 trecentenis
1446 3480 1746 3550 sexagenis
1763 3479 1970 3534 diebus

319 3565 380 3618 in
425 3563 676 3634 singulis
724 3565 1019 3621 mensibus
1043 3571 1130 3622 est
1173 3572 1330 3623 sexta
1375 3581 1505 3637 pars
1535 3568 1745 3624 mensis
1776 3569 1974 3625 unius-

313 3652 618 3722 cujusque.
670 3653 774 3708 Sex
816 3668 950 3710 vero
1003 3655 1175 3725 horae,
1229 3669 1297 3711 ex
1342 3657 1558 3727 quibus
1589 3661 1793 3728 quarto
1823 3670 1972 3713 anno

315 3747 476 3796 sexta
519 3740 644 3796 dies
674 3742 974 3812 adcrescit,
1026 3743 1240 3800 habent
1269 3757 1429 3800 suam
1459 3744 1869 3816 perfectionem
1915 3746 1976 3801 in

317 3827 632 3897 partitione
665 3831 875 3885 senarii
909 3831 1156 3902 numeri,
1188 3832 1341 3888 sicut
1383 3833 1554 3902 paulo
1592 3838 1723 3888 ante
1754 3833 1975 3904 praefati

313 3931 538 3986 sumus,
561 3920 637 3988 {et
665 3919 815 3974 sicut
861 3920 1092 3976 Creator
1121 3922 1494 3992 :equissimus
1527 3923 1586 3976 in
1610 3937 1728 3989 ,sex
1768 3923 1975 3979 diebus

315 4006 454 4062 fecit
479 4008 670 4063 omnia
707 4022 874 4078 opera
907 4010 1305 4079 primordialis
1338 4012 1560 4082 mundi,
1596 4017 1659 4068 ut
1689 4012 1974 4084 significa-

321 4101 479 4150 retur
504 4095 563 4150 in
591 4095 939 4165 perfectione
960 4099 1184 4154 numeri
1217 4100 1429 4154 senarii
1453 4101 1645 4156 omnia
1669 4101 1725 4155 in
1745 4101 1973 4156 naturis

316 4185 446 4240 suis
479 4182 684 4240 fecisse
723 4199 851 4242 eum
900 4186 1170 4260 perfecta,
1202 4193 1257 4243 et
1312 4189 1410 4244 ille
1437 4189 1558 4259 ipse
1586 4189 1817 4245 Creator
1845 4203 1972 4245 ma-

317 4287 467 4344 gnus
500 4273 866 4330 admirabilis
914 4274 1197 4345 perfectus
1247 4282 1335 4332 est
1374 4277 1432 4332 in
1474 4282 1678 4334 natura
1709 4292 1832 4348 sua,
1873 4280 1968 4335 cui

320 4361 539 4431 placuit
554 4364 747 4419 omnia
762 4363 821 4419 in
839 4365 1053 4420 senarii
1073 4367 1296 4422 numeri
1321 4365 1667 4436 perfectione
1681 4368 1966 4438 perficere.

322 4450 477 4507 Unde
497 4457 551 4508 et
589 4458 748 4509 sexto
769 4453 864 4509 die
893 4461 1119 4512 creatus
1147 4462 1234 4512 est
1261 4457 1428 4512 homo
1449 4455 1734 4527 perfectus
1755 4459 1968 4531 anima,

319 4546 378 4596 et
428 4555 682 4614 corpore,
731 4550 960 4613 prOpter
988 4559 1154 4616 quem
1186 4546 1376 4602 omnia
1423 4552 1612 4602 creata
1649 4553 1805 4619 sunt,
1848 4561 1974 4619 quae

321 4643 419 4685 sex
447 4630 653 4687 diebus
677 4633 908 4688 condita
929 4647 1052 4689 esse
1077 4634 1368 4707 leguntur.
1398 4635 1556 4692 Unde
1585 4640 1642 4691 et
1672 4637 1794 4707 ipse
1821 4637 1973 4694 Deus

320 4719 420 4774 Dei
443 4719 646 4783 Filius,
673 4720 773 4792 qui
800 4728 886 4777 est
907 4723 1112 4794 virtus,
1132 4728 1188 4779 et
1212 4725 1495 4795 sapientia
1514 4726 1612 4781 Dei
1634 4733 1790 4782 sexta
1809 4731 1974 4782 aetate

320 4808 476 4863 venit
503 4809 560 4864 in
594 4811 870 4866 mundum
912 4811 1130 4869 salvare
1157 4813 1465 4886 hominem,
1502 4829 1668 4886 quem
1695 4821 1853 4871 sexta
1877 4815 1972 4871 die

320 4897 553 4952 creavit.
584 4900 665 4954 Ita
690 4901 953 4957 senarius
997 4915 1271 4958 numerus
1299 4908 1355 4958 et
1391 4903 1450 4959 in
1481 4904 1811 4960 conditione
1843 4904 1974 4974 pri-

324 4986 692 5043 mordialium
713 4997 1125 5060 creaturarum,
1154 4997 1210 5046 et
1249 4992 1307 5046 in
1335 4993 1696 5049 successione
1725 4993 1974 5049 saeculo-

324 5089 474 5144 rum,
504 5090 628 5144 qua:
657 5091 753 5132 sex
791 5079 1061 5136 aetatibus
1085 5090 1518 5154 concurrerunt,
1551 5090 1608 5139 et
1637 5083 1787 5154 quod
1816 5088 1974 5139 sexta

319 5168 487 5218 aetate
517 5167 670 5221 venit
717 5167 902 5223 Filius
923 5169 1026 5224 Dei
1050 5171 1363 5226 humanum
1396 5186 1575 5244 genus
1607 5186 1869 5244 reparare
1902 5173 1971 5227 ad

323 5252 628 5322 pristinam
645 5256 986 5328 dignitatem
999 5259 1352 5317 conditionis
1365 5276 1501 5332 suae,
1524 5262 1767 5319 multum
1789 5262 1977 5320 valent

320 5341 466 5399 tales
485 5344 754 5403 rationes.

1016 5457 1151 5510 Item
1171 5456 1304 5510 alia.

389 5559 451 5616 Si
473 5560 838 5631 omnipotens
863 5563 1016 5620 Deus
1046 5563 1311 5620 universa
1340 5562 1400 5619 in
1427 5563 1692 5636 pondere,
1719 5570 1776 5622 et
1805 5579 1970 5624 men-

321 5662 479 5722 sura,
503 5654 560 5707 et
573 5663 814 5711 numero
831 5652 1144 5726 disposuit,
1166 5652 1245 5711 ita
1264 5656 1328 5711 ut
1347 5653 1519 5712 etiam
1539 5653 1973 5725 multitudinem

2072 489 2186 556 tur,
2235 495 2447 558 quanto
2515 495 2696 565 magis
2747 497 3042 568 prazcipui,
3103 503 3455 573 maximique
3512 504 3724 560 sideris

2072 587 2278 633 cursus
2320 580 2568 650 gloriose
2610 585 2912 642 ordinatus
2959 589 3153 646 extitit
3185 592 3281 661 qui
3329 606 3501 663 super
3530 594 3724 650 omnia

2075 664 2265 721 sidera
2321 669 2622 738 splendore
2666 675 2900 745 pariter,
2933 682 3104 747 atque
3146 679 3359 736 virtute
3401 679 3726 750 praacellit‘l

2074 751 2152 806 De
2191 755 2357 824 cujus
2383 758 2791 832 subtilissimo,
2820 766 3236 836 magnificoque
3261 783 3434 825 cursu
3462 769 3725 840 quamvis

2077 840 2257 896 multa
2287 845 2581 903 subtiliter
2631 851 3040 922 magnificeque
3063 859 3117 910 et
3155 855 3309 911 dicta
3339 858 3479 927 sint,
3510 865 3565 914 et
3603 859 3722 915 dici

2079 931 2440 1003 possint,,vix
2463 940 2648 992 tamen
2669 939 2893 1009 aliquid
2918 941 3227 1014 invenitur,
3259 947 3408 1016 quod
3427 949 3725 1016 operosius

2079 1021 2428 1106 numerando
2448 1024 2694 1096 aliquid,
2721 1027 2858 1082 dum
2879 1031 3258 1104 examinatur,
3285 1048 3453 1104 quam
3483 1037 3633 1106 quod
3658 1037 3728 1094 de

2077 1105 2348 1178 bissexto,
2377 1116 2432 1166 et
2462 1115 2802 1182 quadrantis
2825 1118 3043 1175 ratione
3064 1121 3473 1193 distinguitur.
3502 1105 3586 1180 De
3611 1139 3727 1196 quo

2076 1197 2344 1254 videlicet
2368 1199 2621 1258 bissexto
2654 1219 2995 1276 quamquam
3029 1210 3194 1265 multi
3220 1215 3276 1266 et
3301 1213 3490 1283 magni
3523 1215 3723 1285 multa,

2074 1289 2129 1339 et
2151 1300 2349 1358 magna
2378 1289 2664 1347 dixissent
2679 1293 2795 1362 jam
2825 1296 3162 1368 edidissent,
3204 1305 3433 1369 propter
3461 1314 3731 1370 compen-

2074 1373 2236 1431 dium
2288 1381 2472 1433 tamen
2526 1379 2836 1451 legentium
2880 1397 2981 1440 seu
3011 1386 3160 1442 scire
3202 1388 3454 1456 ejusdem
3487 1389 3726 1445 bissexti

2077 1461 2426 1521 incrementa
2447 1467 2780 1540 volentium,
2811 1474 3066 1542 quaedam
3106 1477 3421 1532 secundum
3455 1478 3728 1548 ingenio-

2078 1549 2196 1606 lum
2225 1553 2369 1608 mihi
2400 1554 2470 1610 ab
2501 1559 2879 1628 omnipotenti
2912 1563 3024 1618 Deo
3055 1565 3237 1634 gratis
3261 1565 3458 1621 datum
3481 1565 3730 1622 breviter

2079 1639 2354 1697 adnotare
2381 1645 2599 1713 curavi,
2625 1645 2928 1704 obsecrans
2951 1653 3015 1705 ut
3044 1663 3108 1705 ea
3129 1651 3440 1708 dilectione
3464 1667 3495 1708 a
3528 1653 3730 1724 legen-

1999 1715 2051 1775 B
2083 1728 2240 1784 tibus
2257 1732 2674 1802 suscipiantur,
2695 1750 2864 1806 quam
2888 1744 3094 1796 nostrae
3117 1740 3435 1797 humilitati
3457 1715 3727 1812 praebent.

2078 1817 2146 1872 Et
2184 1818 2233 1872 si
2267 1821 2405 1890 quid
2440 1821 2716 1893 largiente
2753 1826 2982 1884 Christo
3026 1829 3168 1884 utile
3207 1831 3508 1897 invenerit,
3541 1831 3729 1888 datori

2077 1907 2335 1962 omnium
2368 1909 2648 1966 bonorum
2697 1927 2914 1969 mecum
2961 1918 3159 1987 gratia:
3185 1925 3447 1989 agantur.
3496 1921 3554 1975 Si
3587 1920 3729 1990 quid

2076 2008 2208 2050 vero
2280 1996 2560 2068 ineptum,
2613 2003 2918 2074 corrigere,
2968 2005 3053 2060 vel
3120 2008 3421 2063 emendare
3466 2008 3730 2062 caritatis

2078 2083 2272 2141 studio
2299 2098 2410 2141 non
2436 2088 2796 2161 dedignetur,
2831 2097 2886 2147 et
2908 2106 3234 2164 quanquam
3268 2096 3524 2166 quaedam
3555 2110 3589 2151 a
3619 2109 3732 2151 ma-

2073 2172 2302 2241 joribus
2339 2177 2408 2230 ad
2461 2178 2700 2249 minora,
2737 2182 2993 2251 quaedam
3035 2197 3167 2239 vero
3208 2197 3242 2239 a
3282 2185 3606 2240 minoribus
3657 2186 3726 2242 ad

2080 2263 2291 2331 majora
2320 2268 2872 2342 numerarilsoleant,
2894 2271 3046 2328 sicut
3066 2273 3346 2343 exemplis
3376 2274 3732 2344 quampluri-

2080 2349 2190 2404 mis
2230 2353 2454 2408 ostendi
2498 2360 2716 2426 potest;
2750 2370 2853 2413 nos
2881 2364 3066 2414 tamen
3115 2361 3253 2430 quia
3306 2360 3570 2430 praefatos
3599 2362 3766 2418 bis-v

2080 2444 2272 2495 sextos
2298 2454 2410 2496 non
2444 2455 2514 2497 ex
2542 2445 2856 2513 majoribus
2885 2448 2955 2503 ad
2985 2449 3226 2518 minora,
3255 2451 3351 2505 sed
3383 2463 3450 2505 ex
3477 2450 3731 2506 minori-

2077 2526 2186 2583 bus
2213 2528 2282 2583 ad
2330 2531 2543 2600 majora
2589 2537 2893 2591 crescendo
2937 2540 2956 2559 '
2986 2538 3343 2608 perducitur,
3381 2538 3731 2596 incrementa

2078 2615 2242 2672 illius
2269 2618 2582 2692 subtiliter,
2616 2631 2892 2693 quantum
2924 2633 3118 2682 nostra
3154 2627 3450 2696 pusillitas
3487 2629 3732 2684 ratioci-

2079 2706 2265 2760 nando
2305 2710 2780 2778 comprehendere
2831 2713 2998 2784 valet,
3055 2715 3263 2771 rimare
3309 2717 3646 2788 cogitantes,
3697 2731 3730 2772 a

2079 2794 2338 2850 minimis
2361 2797 2714 2871 inchoemus,
2747 2805 2810 2857 ut
2830 2803 2898 2857 ad
2929 2804 3162 2874 majora,
3191 2806 3434 2861 Domino
3462 2805 3727 2876 ducente,

2078 2883 2373 2950 pervenire
2447 2886 2750 2944 valeamus.
2811 2892 3206 2948 Verumtamen
3266 2893 3412 2949 illud
3474 2907 3586 2950 non
3647 2898 3733 2950 est

2079 2975 2557 3046 praetereundum,
2593 2979 2742 3048 quod
2775 2979 2838 3034 in
2859 2981 3205 3051 quibusdam
3239 2982 3385 3039 locis
3411 2998 3510 3054 per
3537 2997 3734 3056 aequas

2478 3078 2578 3120 seu
2646 3067 3034 3139 collectiones,
3089 3071 3175 3126 vel
3235 3084 3268 3126 a
3336 3072 3595 3128 minimis
3659 3073 3730 3130 ad

2080 3149 2312 3217 majora,
2372 3150 2456 3205 vel
2500 3165 2534 3207 a
2579 3154 2895 3223 majoribus
2937 3158 3007 3212 ad
3059 3157 3280 3214 minora
3348 3158 3581 3228 praefata
3631 3173 3734 3216 ra-

2077 3237 2159 3292 tio
2205 3237 2341 3292 duci
2371 3244 2602 3312 gpotest,
2626 3256 2719 3313 geo
2792 3245 2940 3314 quod
2997 3251 3224 3315 pr0pter
3289 3247 3728 3319 indivisibilem,

2076 3339 2178 3380 seu
2232 3326 2628 3386 insensibilem
2694 3334 2869 3387 atomi
2923 3335 3303 3404 quantitatem
3373 3337 3552 3392 sectio
3614 3335 3733 3393 ulla

2080 3418 2275 3478 haberi
2327 3419 2546 3488 nequit.
2591 3421 2695 3476 Sed
2744 3426 2800 3477 et
2845 3423 2914 3478 ad
2958 3422 3102 3478 illud
3150 3425 3730 3498 commemorandum,

2081 3512 2229 3581 quod
2266 3512 2325 3567 in
2358 3510 2704 3581 quibusdam
2727 3512 3129 3581 pradictorum
3164 3527 3530 3570 numerorum
3553 3515 3735 3572 nomi-

2084 3601 2275 3671 nibus,
2327 3615 2427 3657 seu
2477 3601 2734 3656 numeris
2784 3601 3204 3674 auctoritatem,
3274 3604 3334 3658 in
3385 3604 3731 3674 quibusdam

2086 3703 2218 3747 vero
2269 3689 2740 3746 consuetudinem
2793 3691 2852 3744 in
2898 3691 3004 3746 hoc
3035 3691 3160 3760 ipso
3186 3704 3355 3762 Opere
3385 3693 3605 3748 tamdiu
3635 3707 3735 3749 se—

2087 3779 2662 3850 quimur,quousque
2676 3779 2896 3850 aliquis
2927 3779 3095 3836 nobis
3121 3783 3518 3837 auctoritatem
3549 3783 3735 3852 majo—

2086 3881 2202 3922 rem
2243 3869 2482 3938 tribuat,
2502 3877 2602 3924 aut
2627 3869 3098 3924 consuetudinem
3129 3870 3420 3927 meliorem
3447 3871 3728 3928 ostendat.

2083 3957 2153 4012 Ut
2180 3957 2362 4028 igitur
2383 3958 2726 4028 quibusdam
2750 3958 2951 4028 placet,
2976 3960 3150 4014 atomi
3177 3957 3282 4015 376
3312 3959 3533 4017 faciunt
3554 3974 3732 4017 unum

2081 4050 2389 4101 ostentum.
2441 4047 2737 4102 Ostentum
2784 4061 2914 4103 vero
2971 4052 3028 4103 et
3073 4049 3385 4104 dimidium
3433 4053 3734 4119 procreant

2081 4147 2260 4189 unum
2313 4141 2656 4190 momentum
2698 4136 2994 4192 continent
3040 4143 3259 4193 atomos
3295 4135 3421 4193 564.
3453 4141 3734 4194 Momenta

2078 4227 2268 4279 autem
2294 4223 2430 4294 duo,
2464 4223 2666 4278 etdute
2703 4230 2892 4292 partes
2923 4226 3097 4282 unius
3125 4227 3396 4282 momenti
3429 4231 3732 4299 procreant

2081 4318 2294 4382 partem
2355 4325 2524 4368 unam
2570 4311 2866 4368 habentem
2926 4319 3147 4370 ostenta
3195 4313 3247 4386 4,
3298 4321 3518 4372 atomos
3572 4313 3731 4371 4504.

1986 4414 2039 4476 D
2077 4402 2215 4458 Pars
2254 4415 2501 4473 quoque,
2533 4407 2589 4457 et
2633 4401 2876 4458 dimidia
2927 4401 3182 4458 efﬁciunt
3223 4405 3516 4459 minutum
3552 4417 3732 4459 unum

2080 4491 2565 4561 comprehendens
2605 4490 2828 4546 minuta
2863 4489 2916 4562 5,
2960 4497 3183 4570 ostenta
3226 4491 3280 4564 6,
3308 4497 3528 4548 atomos
3567 4489 3729 4547 5256.

2082 4581 2302 4637 Minuta
2330 4581 2503 4636 etiam
2529 4581 2644 4637 duo
2693 4580 2939 4652 gignunt
2966 4589 3241 4651 punctum
3300 4595 3478 4637 unnm
3526 4580 3734 4650 ample-

2079 4675 2322 4726 ctentem
2369 4675 2556 4740 partes
2594 4667 2646 4741 4,
2699 4674 2981 4726 momenta
3027 4670 3082 4743 8,
3109 4675 3357 4742 {ostenta
3389 4668 3475 4743 42,
3509 4675 3734 4728 atomos
3771 4742 3780 4752 .

2079 4755 2258 4829 4542;
2292 4765 2499 4829 puncta
2542 4772 2671 4814 vero
2717 4756 2754 4814 ὃ
2781 4758 3067 4829 complent
3115 4759 3311 4816 horam
3361 4773 3533 4816 unam
3587 4773 3734 4817 con-

2081 4854 2323 4906 stantem
2383 4847 2627 4903 minutis
2684 4845 2770 4917 40,
2828 4847 3090 4917 partibus
3144 4847 3229 4920 45,
3289 4851 3592 4906 momentis
3640 4847 3728 4921 40,

2081 4938 2324 4994 ostentis
2350 4935 2439 5008 60,
2471 4937 2680 4993 atomis
2947 4939 3107 4993 Hora:
3144 4943 3334 4995 autem
3382 4936 3454 4996 24
3485 4941 3734 4997 reddunt

2083 5041 2260 5084 unum
2325 5027 2476 5082 diem
2526 5025 2822 5082 habentem
2891 5033 3100 5096 puncta
3161 5027 3282 5101 420,
3336 5031 3559 5088 minuta
3601 5030 3726 5104 240,

2085 5124 2274 5187 partes
2338 5114 2463 5188 360,
2516 5120 2796 5172 momenta
2869 5113 2973 5171 960
3022 5121 3244 5175 ostenta
3298 5117 3457 5192 4440,
3510 5127 3731 5177 atomos

2081 5203 2338 5276 544,440.
2393 5206 2528 5261 Dies
2584 5210 2776 5261 autem
2854 5203 2923 5260 30
2969 5206 3226 5266 eﬁiciunt
3289 5211 3478 5281 sigum
3549 5222 3728 5266 unum

2081 5297 2382 5353 continens
2427 5291 2553 5364 720,
2598 5299 2807 5365 puncta
2831 5293 2994 5365 3,600
3018 5297 3258 5369 minuta,
3310 5295 3474 5367 7,200
3517 5303 3724 5371 partes,

2085 5384 2281 5453 40,800
2310 5390 2551 5456 ostenta,
2585 5381 2784 5455 43,200
2824 5391 3043 5442 atomos
3081 5385 3329 5442 sedecies
3354 5385 3512 5441 mille
3542 5387 3730 5445 millia

2079 5473 2341 5546 243,200.
2400 5474 2575 5546 Signa
2615 5481 2804 5531 autem
2859 5473 2927 5532 42
2956 5476 3199 5531 reddunt
3249 5471 3375 5528 dies
3412 5471 3518 5531 360
3557 5475 3728 5535 horas

2077 5563 2264 5637 8,640,
2327 5571 2570 5636 punctos
2650 5561 2869 5637 44,200,
2952 5563 3172 5619 minuta
3241 5558 3463 5636 86,400,
3536 5570 3728 5638 partes

2083 5653 2336 5731 429,600,
2367 5658 2590 5714 ostenta
2627 5651 2882 5726 548,400,
2914 5655 3134 5710 atomos
3180 5651 3399 5713 centies
3441 5658 3718 5731 nonagies
