4054 6192
397 272 539 332 4847

1285 279 1570 336 ΑΡΡΕΝΙ).
1613 280 1705 337 ΑΙ)
1742 280 1903 339 SEC.
1945 281 2053 344 IXI
2083 307 2162 326 -
2193 279 2546 339 AUCTORES
2589 280 2925 340 ANONYMI.

3673 281 3808 342 4348

396 400 556 456 mille
583 402 787 473 millia,
818 404 874 459 et
903 405 1107 473 quater
1152 400 1310 456 mille
1355 402 1558 473 millia,
1604 409 1660 458 et
1691 398 1946 473 948,400.
1975 391 2044 456 Et
2071 396 2387 478 Ajpropter
2415 415 2635 472 poenam
2665 403 2900 472 peccati.
2929 401 3031 458 ille
3057 415 3190 460 vero
3216 403 3355 474 quia
3377 407 3677 473 peccatum
3701 417 3807 459 non

394 488 605 546 desunt
636 492 704 547 ad
733 491 1167 562 completionem
1208 490 1344 545 anni
1377 491 1586 547 solaris
1610 492 1735 547 dies
1757 489 1792 546 5
1815 497 1870 546 et
1897 503 2048 561 qua—
2158 487 2361 545 habuit
2392 491 2451 546 in
2481 492 2695 562 anima,
2728 505 2841 547 non
2893 496 2980 547 est
3028 496 3293 548 mortuus
3325 492 3442 547 nisi
3475 497 3703 548 tantum
3753 494 3808 548 in

395 578 591 649 drans,
627 581 726 650 qui
783 581 992 636 habent
1037 581 1205 636 horas
1234 577 1354 649 423,
1401 586 1606 650 puncta
1651 577 1774 648 630,
1824 579 2044 633 minuta

397 664 579 737 4,260,
611 675 799 738 partes
840 668 1020 741 4,890,
1066 676 1344 726 momenta
1383 667 1567 740 5,040,
1606 674 1826 724 ostenta
1857 663 2044 736 7,540,

395 762 615 813 atomos
644 758 735 814 bis
759 759 916 815 mille
943 759 1128 814 millia
1156 755 1410 828 842,540.
1438 758 1547 828 Qui
1572 757 1795 813 numeri
1824 755 2044 826 singuli

395 845 445 901 si
475 845 740 918 diligenti
771 861 909 904 cura
930 848 1391 919 considerantur,
1421 847 1686 915 reddunt,
1722 852 1784 902 ut
1821 845 2042 900 dictum

393 937 648 1007 est,dies
687 936 803 994 ὅθι
835 938 1228 1008 quadrantem,
1274 952 1517 1009 quorum
1565 950 1768 992 rursus
1814 935 2038 990 dierum

392 1031 449 1079 et
497 1026 837 1095 quadrantis
879 1041 1100 1083 summa
1139 1025 1401 1082 collectio
1443 1031 1671 1095 propter
1713 1022 2037 1079 tarditatem

392 1113 534 1170 solis
558 1129 656 1186 per
679 1115 862 1188 signa.

1063 1243 1198 1297 Item
1227 1241 1359 1298 alia.

463 1365 616 1422 Inter
636 1366 884 1436 primum
915 1367 1067 1424 enim
1089 1367 1242 1423 diem
1265 1366 1584 1436 spiritalem
1614 1367 1879 1424 adstrues
1918 1377 2042 1421 esse

389 1461 732 1526 creaturam,
773 1461 830 1512 et
871 1456 1153 1526 quomodo
1205 1457 1407 1514 habuit
1455 1470 1703 1527 vespere,
1749 1460 1804 1512 et
1830 1455 2036 1511 mane?

389 1544 816 1614 Respondetur:
849 1545 1048 1602 Omnis
1075 1559 1320 1617 namque
1347 1551 1623 1602 creaturae
1669 1545 1926 1615 cognitio
1978 1545 2037 1600 in

389 1633 715 1702 semetipsis
750 1647 980 1704 vespere
999 1639 1156 1704 erat;
1209 1635 1268 1690 in
1310 1636 1424 1691 Deo
1453 1640 1643 1690 autem
1672 1646 1853 1704 mane,
1902 1633 2038 1704 quia

2156 590 2346 648 carne,
2374 585 2431 634 et
2465 579 2570 636 hoc
2601 586 2842 650 propter"
2864 580 3312 636 similitudinem
3343 581 3539 636 carnis
3570 583 3804 650 peccati,

2159 680 2326 736 quam
2370 669 2441 723 de
2469 669 2644 724 Adam
2701 674 2973 726 traxerat.
3019 671 3202 742 Igitur
3253 669 3462 740 simpla
3492 672 3620 740 ejus
3660 684 3808 726 mors

2160 754 2378 825 profuit
2404 757 2474 812 de
2503 761 2521 780 '
2547 758 2706 828 plebe
2737 764 2964 830 nostrae,
2993 765 3048 814 et
3065 759 3273 830 simpla
3303 761 3430 828 ejus
3459 761 3806 816 resurrectio

2157 844 2377 914 profuit
2395 847 2569 917 duple
2601 854 2793 905 nostra
2825 862 2978 906 mors
2999 850 3194 906 carnis
3214 851 3358 920 ejus,
3382 855 3440 905 et
3459 851 3805 906 resurrectio

2153 935 2280 1004 ejus
2318 950 2469 992 mors
2510 937 2717 993 animae
2760 943 2988 1010 nostrae,
3021 945 3076 995 et
3123 939 3470 995 resurrwtio
3497 940 3624 1008 ejus
3661 939 3805 996 duas

2152 1029 2360 1080 mortes
2387 1031 2630 1094 nostras,
2653 1031 2711 1082 et
2736 1027 2882 1084 duas
2909 1028 3358 1084 resurrectiones
3385 1033 3637 1099 nostras,
3663 1029 3805 1084 duas

2149 1117 2204 1164 et
2244 1114 2389 1169 duas
2437 1120 2686 1184 quatuor
2730 1122 2906 1185 sunt;
2954 1130 3122 1172 unam
3158 1125 3393 1172 mortem
3443 1117 3701 1186 Domini,
3751 1123 3804 1172 et

2153 1213 2322 1256 unam
2363 1204 2836 1260 resurrectionem
2887 1206 3032 1275 ejus,
3081 1205 3226 1261 adde
3263 1212 3514 1276 quatuor
3559 1211 3798 1275 nostras,

2151 1303 2246 1344 sex
2275 1287 2511 1347 faciunt.
2546 1294 2728 1364 Igitur
2754 1294 3029 1365 simplum
3057 1295 3314 1365 Domini,
3339 1294 3664 1364 etduplum
3697 1309 3804 1350 no-

2152 1384 2334 1436 strum
2390 1385 2505 1438 tres
2559 1390 2716 1454 sunt,
2770 1390 2826 1439 et
2873 1389 2990 1439 tres
3043 1389 3230 1454 partes
3261 1383 3450 1454 habet,
3483 1384 3799 1439 secundum

2153 1469 2300 1539 quod
2333 1485 2507 1541 supra
2535 1472 2814 1544 diximus,
2840 1473 3104 1530 senarius
3147 1487 3440 1529 numerus.
3476 1473 3617 1527 Nam
3643 1480 3699 1528 et
3735 1471 3803 1528 36

2152 1556 2324 1629 horae,
2349 1560 2564 1631 quibus
2581 1560 2695 1618 fuit
2714 1563 2992 1618 Dominus
3014 1563 3073 1617 in
3101 1561 3346 1631 inferno,
3372 1562 3512 1617 huic
3535 1561 3798 1632 simplex,

2148 1651 2203 1702 et
2232 1648 2443 1718 duplex
2475 1656 2801 1722 congruunt
2822 1652 3142 1707 duodecim.
3171 1653 3355 1723 Igitur
3381 1651 3537 1706 hora:
3569 1650 3802 1707 fuerunt

391 1721 521 1792 plus
545 1722 774 1779 videtur
801 1724 924 1794 ipsa
961 1729 1223 1781 creatura
1265 1725 1323 1779 in
1349 1725 1482 1787 Deo,
1517 1736 1686 1794 quam
1715 1723 1774 1777 in
1814 1735 1873 1778 se
1914 1722 2038 1792 ipsa
2069 1724 2123 1786 B
2149 1735 2392 1807 diurnae,
2422 1743 2478 1793 et
2500 1735 2570 1794 24
2588 1721 2899 1794 nocturne.
2920 1740 3046 1793 Ista:
3069 1735 3139 1794 24
3161 1721 3454 1794 nocturna:
3475 1738 3546 1793 ad
3565 1737 3799 1807 duplam

385 1811 646 1882 videtur;
679 1820 941 1870 creatura
968 1814 1193 1870 scilicet
1218 1813 1348 1884 plus
1368 1814 1596 1869 videtur
1628 1812 1687 1867 in
1717 1817 1857 1882 arte,
1898 1813 2036 1883 quia

386 1897 536 1956 facta
567 1906 673 1958 est.
705 1904 1003 1974 Propterea
1028 1905 1181 1960 enim
1211 1904 1296 1959 ait
1332 1902 1693 1975 Evangelista
1711 1902 2029 1958 Iohannes:

386 1989 541 2055 Quod
567 1993 779 2059 factum
824 1999 902 2049 est
931 1996 992 2049 in
1020 1996 1138 2065 ipso
1171 1996 1286 2048 vita
1313 1998 1410 2048 est.
1435 1991 1637 2049 Omnia
1686 1992 1886 2064 igitur,
1911 2005 2038 2063 qua:

388 2076 536 2138 facta
565 2087 721 2156 sunt,
748 2088 806 2140 et
831 2084 1002 2140 vitam
1044 2082 1254 2139 habent
1292 2083 1349 2138 in
1397 2082 1523 2152 ipso
1560 2081 1731 2138 verbo
1760 2081 1882 2152 Dei,
1921 2081 2033 2138 vita

385 2179 540 2247 sunt,
572 2175 632 2230 in
661 2188 721 2230 se
745 2175 868 2244 ipsa
912 2185 1024 2228 non
1049 2179 1185 2228 sunt
1223 2172 1359 2227 vita.
1404 2171 1642 2241 Caelum,
1687 2176 1858 2241 terra,
1887 2169 2036 2241 lapis

387 2265 558 2320 vitam
590 2277 702 2320 non
725 2261 954 2331 habent,
981 2265 1038 2317 et
1067 2266 1254 2317 tamen
1279 2259 1336 2314 in
1358 2260 1472 2316 Deo
1499 2260 1617 2316 vita
1643 2264 1796 2316 sunt.
1832 2259 2038 2316 Vivant

388 2353 570 2424 igitur
613 2353 673 2408 in
711 2353 825 2407 Deo
871 2351 998 2406 sine
1047 2350 1238 2419 initio,
1281 2354 1452 2419 atque
1485 2347 2036 2404 incommutabiliter

384 2455 580 2498 omnes
619 2441 873 2499 rationes
913 2446 1325 2496 creaturarum.
1360 2439 1438 2494 Ac
1479 2451 1577 2508 per
1621 2438 1726 2493 hoc
1775 2437 1905 2507 plus
1954 2437 2036 2492 vi-

381 2529 551 2587 detur
590 2531 649 2586 in
708 2530 930 2602 angelis
977 2529 1194 2585 sanctis
1234 2528 1295 2584 in
1344 2526 1523 2584 Verbo
1572 2526 1694 2596 Dei,
1751 2526 1849 2582 ubi
1895 2530 2032 2581 sunt

381 2619 518 2691 vita,
543 2633 713 2690 quam
744 2621 802 2676 in
829 2633 889 2675 se
916 2620 1058 2689 ipsa.
1085 2621 1232 2690 Ergo
1256 2617 1313 2672 in
1335 2616 1664 2687 cognitione
1685 2615 2028 2672 ﬁrmamenti

381 2709 668 2766 secundus
691 2709 750 2765 in
775 2709 1105 2780 cognitione
1125 2706 1497 2764 discretionis
1527 2712 1711 2775 terrae,
1744 2712 1799 2762 et
1830 2705 2026 2760 maris.

378 2799 608 2854 Tertius
653 2799 712 2852 in
745 2797 1074 2868 cognitione
1112 2796 1275 2865 solis,
1303 2807 1369 2850 ac
1396 2795 1565 2859 lunae,
1615 2799 1672 2849 et
1708 2793 2025 2850 stellarum.

377 2886 632 2953 Quartus
655 2887 713 2940 in
736 2885 1066 2956 cognitione
1099 2883 1413 2954 reptilium.
1447 2883 1698 2953 Quintus
1738 2884 1796 2939 in
1823 2885 2032 2957 cogni—

379 2974 536 3029 tione
554 2974 964 3044 jumentorum,
1009 2979 1066 3029 et
1100 2971 1370 3044 ferarum,
1411 2973 1495 3029 vel
1531 2973 1717 3043 ipsius
1755 2974 2026 3048 hominis,

2149 1833 2384 1882 mortem
2418 1833 2669 1884 nostram
2698 1827 3061 1899 concinnant,
3088 1832 3145 1882 et
3176 1827 3289 1882 illa:
3312 1827 3621 1882 duodecim
3651 1826 3799 1882 hora

2144 1917 2215 1972 ad
2249 1921 2486 1972 mortem
2533 1917 2760 1973 Domini
2815 1917 3100 1988 simplam.
3153 1919 3362 1973 Revera
3391 1918 3548 1971 enim
3594 1924 3797 1973 natura

2144 2005 2270 2074 ejus
2294 2005 2585 2062 senarium
2612 2020 2912 2062 numerum
2954 2006 3123 2061 habet
3147 2003 3215 2061 46
3242 2006 3415 2061 annis
3443 2006 3792 2062 aedificatum

2145 2100 2232 2150 est
2258 2095 2552 2166 templum,
2583 2097 2956 2152 adstruerunt
2987 2095 3045 2150 in
3066 2095 3372 2166 Evangelio
3399 2096 3608 2166 Judaei,
3643 2095 3790 2166 quod

2147 2183 2500 2256 intelligitur
2550 2185 2619 2240 de
2664 2198 2900 2256 corpore
2958 2185 3209 2240 Domini.
3257 2184 3653 2256 Quadraginta
3702 2199 3797 2241 sex

2144 2274 2280 2329 anni
2309 2288 2411 2344 pro
2438 2275 2646 2332 diebus
2676 2275 2851 2346 positi
2877 2278 3014 2330 sunt
3043 2272 3110 2330 46
3129 2273 3336 2330 diebus
3362 2275 3572 2330 dicunt
3598 2273 3796 2330 infan-

2146 2369 2257 2420 tem
2307 2364 2540 2421 formari
2591 2366 2650 2420 in
2699 2371 2884 2435 utero,
2933 2369 2990 2420 et
3019 2363 3264 2421 subinde
3301 2377 3482 2434 usque
3535 2365 3594 2418 in
3645 2364 3792 2419 diem

2145 2455 2552 2526 parturitionis
2592 2455 2971 2527 augmentari.
3013 2454 3364 2525 Quadragies
3418 2454 3638 2524 quippe
3673 2454 3796 2509 seni

2141 2543 2288 2602 ﬁunt
2338 2542 2445 2601 266
2474 2545 2574 2616 qui
2622 2543 2844 2601 faciunt
2883 2558 3103 2601 menses
3146 2558 3362 2614 novem,
3417 2549 3474 2599 et
3521 2544 3647 2598 dies
3673 2557 3791 2598 sex.

2137 2635 2406 2703 Compota
2453 2647 2587 2705 ergo
2617 2633 2687 2688 ab
2733 2631 2770 2688 8
2807 2633 2927 2688 Kal.
2987 2635 3149 2704 Apr.,
3197 2633 3424 2703 quando
3475 2646 3684 2702 passus
3714 2637 3798 2687 est

2138 2723 2436 2794 Dominus,
2469 2729 2525 2778 et
2572 2729 2708 2778 tunc
2755 2724 2926 2778 etiam
2957 2722 3216 2780 creditur
3257 2720 3439 2778 fuisse
3481 2727 3795 2791 conceptus

2141 2824 2322 2882 usque
2349 2811 2418 2866 ad
2444 2811 2598 2867 diem
2627 2810 2664 2867 8
2691 2811 2815 2867 Kal.
2841 2813 3094 2882 Januar.,
3129 2818 3187 2870 et
3221 2812 3471 2881 reperies
3499 2811 3629 2865 dies
3668 2824 3702 2865 a
3727 2806 3794 2866 76

2142 2900 2244 2971 qui
2273 2905 2498 2956 constat
2541 2914 2640 2971 per
2681 2900 2971 2957 senarium
3012 2914 3336 2956 numerum.
3384 2899 3538 2968 Quid
3574 2900 3648 2954 de
3698 2899 3794 2954 illa

2143 2990 2384 3047 muliere
2425 2991 2485 3047 in
2526 2991 2854 3066 Evangelio,
2911 3006 3080 3064 quam
3134 2988 3198 3047 47
3253 2991 3428 3046 annis
3456 2996 3795 3046 curvaverat

279 3080 281 3088 ‘
379 3067 575 3154 3315?“
595 3076 780 3154 ηεαιξβ
798 3063 955 3154 Qui"!
985 3062 1044 3118 hi
1083 3062 1210 3118 dies
1235 3062 1843 3154 solareﬂmemgeﬂdi
1869 3069 2025 3154 εῑζῐην
2061 3055 2109 3119 C
2139 3083 2393 3153 Satanas,
2429 3095 2596 3153 quam
2645 3055 2870 3139 sanavit
2901 3055 3200 3154 Dominus,
3234 3081 3349 3136 nisi
3405 3081 3547 3150 quia
3575 3087 3637 3136 et
3681 3079 3792 3149 ipsi

379 3151 475 3207 sed
501 3151 688 3222 ipsius
711 3152 828 3208 diei
859 3151 1056 3222 unius,
1098 3165 1264 3222 quem
1292 3151 1676 3223 intelligimus
1705 3153 2027 3222 spiritalem

377 3245 722 3311 creaturam,
747 3241 804 3296 id
827 3246 914 3296 est
932 3240 1343 3312 Evangelicam,
1367 3240 1556 3297 sexies
1576 3238 1724 3296 facta
1749 3242 2026 3313 c0gnitio.

375 3329 481 3384 Sex
506 3329 632 3386 dies
658 3329 794 3385 fecit
838 3334 1067 3401 prOpter
1105 3330 1319 3385 senarii
1363 3328 1797 3400 perfectionem.
1849 3331 1908 3386 Si
1940 3331 2030 3388 vis

378 3425 442 3474 ut
468 3419 693 3491 aliquid
721 3420 829 3476 tibi
861 3420 931 3476 de
950 3419 1268 3490 Scripturis
1288 3419 1576 3491 colligam,
1602 3419 1788 3476 libens
1808 3421 2024 3492 adesto,

375 3513 432 3565 et
460 3513 642 3565 totum
688 3514 744 3564 te
788 3509 858 3565 ad
901 3509 1253 3565 audiendum
1304 3522 1576 3579 praepara.
1613 3509 1768 3565 Unus
1813 3510 1871 3565 in
1914 3523 2030 3566 nu—

376 3599 550 3654 meris
578 3598 764 3654 dividi
790 3611 902 3654 non
930 3603 1135 3669 potest,
1167 3597 1238 3654 ab
1270 3597 1395 3668 ipso
1433 3598 1583 3653 enim
1609 3599 1800 3670 surgit
1839 3600 2028 3655 omnis

375 3699 668 3743 numerus.
717 3687 863 3758 Ergo
905 3686 1021 3743 duo
1061 3686 1247 3742 dividi
1317 3691 1576 3756 possunt,
1622 3693 1678 3742 et
1725 3699 1855 3756 pars
1901 3687 2028 3756 ejus

373 3789 527 3832 unus
547 3781 651 3832 est.
692 3777 877 3848 Igitur
915 3775 1128 3832 divisio
1152 3776 1399 3830 duorum
1429 3775 1487 3829 in
1521 3788 1697 3830 unum
1728 3779 1831 3830 est.
1873 3777 2022 3844 Quid

371 3863 598 3934 aliquid
631 3865 726 3920 hic
759 3878 1035 3921 numerus
1063 3863 1308 3935 ostendi,
1358 3863 1473 3918 nisi
1509 3863 1866 3935 Trinitatem,
1899 3880 2025 3936 qua

372 3954 520 4009 Deus
562 3952 700 4008 est?
740 3954 874 4022 Quae
906 3951 1166 4024 quamvis
1191 3957 1306 4007 tres
1338 3965 1590 4022 personae
1634 3952 1771 4023 sint,
1805 3953 1862 4008 in
1910 3968 2022 4010 una

371 4044 684 4099 creduntur
751 4042 971 4098 unitate
1020 4046 1264 4096 naturai.
1329 4041 1744 4110 Quaternarius
1795 4043 2021 4100 scilicet

369 4130 515 4187 duas
542 4137 730 4202 partes
752 4130 950 4187 habet:
977 4144 1106 4186 nam
1138 4135 1341 4202 quarta
1369 4132 1494 4202 ejus
1515 4145 1667 4188 unus
1696 4136 1802 4204 est,
1835 4133 2022 4189 media

371 4221 496 4290 ejus
539 4225 679 4278 duo.
729 4223 914 4278 Unum
946 4220 1232 4292 videlicet,
1264 4225 1320 4278 et
1361 4221 1476 4279 duo
1526 4223 1639 4278 tria
1669 4229 1821 4280 sunt.
1884 4225 2026 4279 Ecce

374 4316 562 4383 partes
603 4323 740 4367 suas
774 4310 880 4367 deo
925 4309 1077 4368 ultra
1106 4316 1452 4383 excrescent,
1501 4325 1602 4368 nec
1631 4311 1936 4383 complent,
1969 4317 2026 4368 et

2140 3171 2275 3226 anni
2299 3170 2590 3228 senarium
2617 3185 2917 3228 numerum
2963 3170 3219 3227 habent?
3238 3172 3343 3225 Ter
3370 3170 3556 3241 igitur
3579 3182 3683 3224 sex
3703 3169 3796 3224 de-

2137 3272 2278 3330 cem,
2311 3265 2368 3316 et
2395 3264 2522 3317 octo
2563 3258 2804 3317 faciunt.
2839 3261 2941 3317 Illa
2969 3261 3162 3332 itaque
3197 3260 3408 3316 mulier
3434 3259 3793 3330 intelligitur

2139 3361 2320 3420 genus
2341 3350 2676 3421 humanum,
2718 3352 2869 3422 quod
2896 3355 3056 3406 sexta
3079 3355 3243 3406 aetate
3279 3349 3508 3405 scilicet
3541 3362 3574 3404 a
3597 3347 3793 3418 capti-

2137 3437 2314 3494 vitate
2336 3439 2553 3495 diaboli
2580 3440 2862 3497 Dominus
2893 3440 3178 3496 liberavit.
3217 3439 3408 3494 Prima
3432 3445 3572 3494 tetas
3603 3443 3695 3494 est
3721 3438 3792 3493 ab

2135 3527 2314 3584 Adam
2347 3543 2528 3601 usque
2559 3531 2628 3586 ad
2661 3532 2793 3586 Noe.
2823 3531 3079 3586 Secunda
3109 3534 3246 3585 aetas
3272 3536 3360 3584 est
3381 3542 3415 3584 a
3458 3529 3579 3585 Noe
3607 3540 3790 3598 usque

2136 3619 2206 3674 ad
2239 3618 2546 3675 Abraham.
2577 3619 2767 3674 Tertia
2814 3625 2950 3675 artas
2974 3626 3060 3674 est
3087 3618 3157 3674 ab
3187 3618 3471 3673 Abraham
3506 3631 3692 3688 usque
3719 3617 3787 3672 ad

2135 3709 2333 3764 David.
2375 3709 2588 3777 Quarta
2623 3714 2760 3765 aetas
2783 3713 2869 3765 est
2909 3708 3139 3764 aDavid
3167 3722 3350 3777 usque
3387 3708 3459 3762 ad
3508 3707 3789 3762 transmi-

2136 3797 2452 3868 grationem
2488 3798 2874 3870 Babyloniam.
2907 3798 3118 3867 Quinta
3162 3803 3298 3853 aetas
3319 3803 3407 3852 est
3441 3811 3474 3852 a
3507 3797 3788 3853 transmi-

2133 3889 2393 3964 gratione
2425 3902 2606 3959 usque
2635 3887 2706 3943 ad
2737 3887 3043 3943 adventum
3071 3889 3135 3942 D.
3176 3889 3240 3942 N.
3263 3888 3310 3940 J.
3343 3887 3404 3940 C.
3427 3887 3598 3941 Sexta
3628 3892 3785 3954 tetas,

2132 3994 2258 4052 quae
2280 3991 2431 4034 nunc
2451 3977 2665 4049 agitur,
2684 3979 2864 4034 donec
2880 3977 3152 4032 Excelsus
3167 3975 3358 4032 veniat
3379 3975 3448 4030 ad
3465 3975 3787 4044 judicium.

2129 4073 2298 4128 Sexta
2316 4069 2498 4140 igitur
2513 4072 2677 4122 astate
2697 4067 2876 4123 seculi
2903 4065 3247 4122 reformatur
3268 4079 3448 4137 genus
3467 4065 3784 4119 humanum

2131 4159 2202 4216 ad
2233 4158 2537 4230 imaginem
2562 4156 2681 4212 Dei.
2720 4155 2976 4212 Profecto
3004 4157 3159 4211 enim
3191 4156 3328 4211 anni
3359 4155 3554 4210 decem
3581 4159 3638 4208 et
3661 4159 3785 4209 octo

2134 4262 2246 4306 non
2278 4247 2464 4304 solum
2485 4259 2583 4303 sex
2611 4251 2826 4316 aetates,
2858 4245 2954 4301 sed
2999 4245 3172 4300 etiam
3203 4244 3316 4300 tria
3346 4249 3603 4312 tempora
3660 4242 3787 4298 evi-

2135 4338 2334 4394 denter
2353 4337 2780 4406 demonstrant;
2811 4348 2988 4391 unum
3015 4333 3242 4390 scilicet
3265 4338 3396 4389 ante
3420 4332 3626 4405 legem,
3651 4331 3790 4387 alte-

372 4399 913 4501 ld?°-i“¥l’?"fe°‘“s
935 4405 1020 4457 θεῖ
1060 4401 1699 4501 ηξλῐηθῗυδχρῖιίηίξνίυδ
1733 4415 2017 4501 “roum”
2047 4439 2100 4501 Β
2135 4440 2261 4484 rum
2319 4425 2426 4482 sub
2470 4425 2610 4497 lege,
2661 4399 2897 4481 tertium
2927 4422 3034 4480 sub
3082 4422 3287 4495 gratia.
3321 4399 3506 4492 Igitur
3552 4399 3623 4476 etv
3664 4421 3786 4490 ipse

371 4491 540 4548 habet
565 4490 680 4582 “is?
719 4503 938 4582 gummi
971 4489 1122 4561 quoa
1169 4490 1490 4582 es‘ﬂ‘lmm
1519 4491 1645 4560 ejus
1677 4503 1826 4582 Ρπδ·
1862 4491 2020 4582 Ψηιδ
2047 4489 2096 4501 ν
2131 4529 2317 4574 annus
2356 4489 2851 4574 senario'numero
2875 4489 3206 4570 continetur
3233 4530 3248 4582 ;
3276 4489 3444 4566 habet
3477 4511 3636 4566 enim
3658 4489 3787 4565 dies

371 4582 636 4638 senarius
654 4580 836 4652 igitur
858 4593 1132 4635 numerus
1157 4577 1442 4649 perfectus
1466 4584 1572 4650 est,
1600 4579 1736 4650 quia
1759 4580 2022 4650 partibus

369 4671 499 4726 suis
539 4670 890 4741 completur;
924 4669 1094 4724 habet
1123 4668 1276 4724 enim
1324 4681 1524 4741 unum,
1559 4669 1709 4740 quod
1747 4677 1834 4726 est
1863 4676 2019 4728 sexta

367 4761 513 4830 ejus,
545 4761 680 4831 duo,
728 4760 878 4832 quod
928 4765 1014 4816 est
1044 4759 1236 4831 tertia,
1279 4760 1412 4827 tria,
1449 4761 1600 4831 quod
1632 4765 1719 4817 est
1746 4761 2015 4818 dimidia.

368 4847 551 4903 Unum
582 4861 735 4922 ergo,
767 4851 903 4920 duo,
931 4853 988 4904 et
1016 4848 1129 4905 tria
1160 4861 1257 4905 sex
1291 4847 1530 4906 faciunt.
1567 4851 1812 4922 Ideoque
1844 4851 2019 4921 hujus

370 4937 593 4992 numeri
639 4937 1041 5007 perfectionem
1070 4951 1169 4994 sex
1194 4937 1400 4995 diebus
1443 4944 1716 5010 Operatus
1756 4945 1842 4996 est
1865 4942 2016 4997 Deus

367 5039 591 5084 omnem
631 5034 969 5083 creaturam.
1017 5029 1153 5084 Tres
1196 5029 1280 5084 ha:
1305 5033 1494 5099 partes
1527 5030 1742 5086 senarii
1789 5035 2015 5090 numeri

367 5117 764 5174 demonstrant
808 5117 976 5173 nobis
1024 5119 1364 5176 Trinitatem
1413 5120 1659 5191 numeri,
1712 5134 2012 5197 mensuras,

366 5211 422 5264 et
433 5206 710 5278 ponderis
734 5204 939 5262 fecisse
959 5220 1179 5264 omnem
1197 5215 1537 5266 creaturam.
1557 5210 1807 5267 Primum
1826 5212 2014 5270 valere

367 5297 580 5354 senarii
631 5295 854 5355 numeri
913 5294 1314 5366 perfectionem
1353 5301 1417 5355 in
1441 5300 1759 5370 Scripturis
1789 5302 2014 5360 Sanctis

367 5387 694 5459 frequenter
739 5386 1079 5460 reperimus,
1116 5390 1432 5458 praesertim
1461 5391 1520 5446 in
1568 5397 1749 5448 morte
1777 5393 2008 5449 Domini

365 5477 590 5549 simpla.
629 5481 784 5536 Mors
815 5477 1009 5550 itaque
1037 5477 1101 5534 D.
1141 5478 1207 5534 N.
1238 5477 1285 5532 .l.
1315 5478 1375 5533 C.
1408 5493 1521 5536 non
1553 5479 1669 5538 fuit
1703 5483 1762 5538 in
1793 5484 2006 5557 anima,

362 5567 460 5625 sed
490 5567 554 5624 in
597 5581 768 5626 carne
795 5568 956 5636 sola;
987 5581 1143 5628 mors
1168 5581 1300 5626 vero
1321 5574 1540 5642 ,nostra
1567 5585 1683 5628 non
1708 5572 1894 5630 solum
1948 5574 2011 5631 in

363 5669 552 5731 carne,
583 5658 681 5716 sed
699 5659 872 5718 etiam
886 5659 948 5718 in
967 5661 1161 5720 anima
1180 5664 1415 5734 propter
1425 5665 1619 5733 peccat
1627 5675 1740 5734 um,
1763 5663 1822 5720 in
1843 5678 2021 5731 carne

2127 4603 2256 4679 355,
2289 4605 2476 4662 sexies
2501 4603 2713 4675 quippe
2739 4603 3002 4674 sexageni
3043 4600 3170 4672 360,
3199 4606 3490 4656 remanent
3525 4598 3786 4669 profecto

2125 4693 2161 4752 5
2183 4699 2240 4751 et
2277 4693 2566 4766 quadrans
2596 4690 2632 4749 5
2655 4692 2780 4750 dies
2813 4697 2973 4748 sexta
3001 4697 3138 4748 sunt
3187 4690 3400 4746 mensis
3424 4695 3616 4744 tamen
3649 4689 3704 4743 si
3730 4692 3786 4743 et

2131 4783 2276 4840 illud
2309 4796 2412 4854 pro
2447 4783 2544 4839 die
2574 4795 2751 4853 ponas
2789 4787 2980 4852 aperte
3011 4785 3193 4836 totum
3237 4793 3334 4835 sex
3359 4777 3602 4834 faciunt.
3643 4779 3785 4833 Ecce

2131 4879 2408 4944 quantum
2453 4886 2541 4928 me
2563 4873 2713 4929 Deus
2735 4871 2984 4942 adjuvet,
3011 4869 3082 4925 de
3120 4869 3333 4925 senarii
3376 4868 3608 4924 numeri
3645 4881 3783 4938 per-

2129 4962 2392 5033 fectione,
2423 4961 2533 5018 etsi
2574 4974 2688 5018 non
2725 4967 3004 5032 quantum
3053 4958 3234 5030 volui,
3261 4963 3450 5014 tamen
3491 4963 3778 5030 quantum

2128 5053 2309 5126 potui,
2343 5051 2568 5110 reddidi
2616 5051 2915 5108 rationem.

2621 5181 2698 5234 De
2734 5178 2866 5233 luna
2885 5191 2989 5248 per
3025 5173 3093 5232 42
3117 5178 3301 5246 signa.

2193 5305 2488 5362 CXXXVI.
2520 5306 2676 5361 Luna
2691 5303 2918 5360 duobus
2935 5301 3164 5373 diebus,
3191 5305 3248 5358 et
3266 5300 3300 5357 6
3331 5300 3514 5372 horis,
3534 5305 3591 5358 et
3616 5300 3776 5356 besse

2124 5396 2301 5452 unius
2317 5396 2468 5451 hora:
2478 5393 2709 5466 singula
2719 5395 2884 5466 signa
2898 5392 3151 5463 pervolat
3163 5391 3443 5448 velociore
3455 5405 3565 5447 suo
3576 5405 3772 5446 cursu.

2119 5485 2358 5558 Singula
2399 5498 2532 5541 vero
2574 5484 2737 5556 signa
2783 5481 2853 5540 30
2897 5482 3108 5538 habent
3147 5486 3354 5552 partes.
3389 5482 3450 5536 Si
3492 5481 3582 5536 vis
3619 5481 3770 5536 scire

2122 5580 2366 5648 quantas
2397 5575 2568 5633 horas
2605 5573 2744 5632 luna
2775 5576 3006 5646 peragat
3045 5571 3297 5628 medium
3327 5570 3584 5642 signum,
3627 5569 3779 5626 idest

2123 5664 2190 5724 45
2236 5669 2426 5738 partes
2465 5663 2780 5736 cujuslibet
2797 5661 2977 5734 signi,
3002 5660 3198 5718 divide
3225 5658 3298 5718 54
3343 5661 3468 5718 hor.
3517 5659 3582 5716 in
3617 5659 3778 5716 duas
