4054 6192
281 169 306 227 4
313 167 422 228 349

1632 181 1834 239 LIBER
1870 183 1962 240 DE
1999 181 2343 243 COMPUTO.

3549 194 3687 258 4350

280 296 636 388 medietates,
676 302 731 354 et
761 296 977 356 bessem
1031 300 1210 357 unius
1234 301 1406 373 horae,
1443 319 1568 376 quae
1610 311 1746 364 sunt
1776 307 1930 364 hora:
1955 309 2011 368 A
2038 313 2249 380 artum,
2271 311 2662 385 ungulamque
2683 311 2902 371 indicis
2919 315 3063 372 trie‘
3084 316 3341 388 undique
3362 319 3549 377 medio
3568 327 3685 378 tere

281 385 745 456 uniuscujusque
765 388 940 460 signi,
968 391 1023 444 et
1042 389 1280 447 habebis
1300 388 1369 448 27
1393 393 1586 456 horas.
1601 401 1657 451 et
1678 396 1928 452 medium

275 472 508 543 signum
559 480 750 545 partes
803 473 870 531 45
923 480 1291 550 peragendas,
1343 488 1398 537 et
1441 483 1728 555 trientem,
1782 485 1930 541 idest

277 561 506 617 tertiam
562 567 780 632 partem
857 564 1035 621 unius
1118 566 1290 623 horae.
1355 571 1418 624 In
1485 571 1700 641 quibus
1771 572 1930 628 horis

280 643 344 703 45
375 654 564 718 partes
598 652 891 721 praepositi
925 653 1033 709 tibi
1085 655 1312 728 signum
1347 657 1484 714 luna
1516 660 1818 728 percurrit.

343 737 404 793 Si
437 738 526 793 vis
557 740 728 810 scire,
764 755 875 811 quo
905 743 1097 812 spatio
1123 758 1290 800 unam
1319 752 1529 815 partem
1561 749 1712 819 signi
1745 762 1931 818 pervo-

274 826 376 895 lat,
410 827 546 882 tolle
576 829 784 885 exinde
811 827 884 886 22
912 829 1108 888 horas.
1148 831 1214 890 45
1240 834 1411 891 horas
1430 836 1502 891 da
1532 837 1786 908 singulis
1811 851 1932 908 par-

276 915 434 971 tibus
477 916 738 988 singulas
789 917 980 991 horas,
1035 929 1330 978 remanent
1382 921 1450 978 42
1494 924 1666 981 horae.
1713 928 1822 982 Has
1864 923 1931 981 42

271 1003 470 1060 divide
485 1019 585 1075 per
602 1011 846 1076 punctos
865 1009 1130 1081 singulos
1150 1024 1215 1066 ea
1239 1011 1377 1083 lege,
1401 1013 1538 1083 quia
1558 1014 1697 1070 hora
1712 1029 1745 1071 a
1763 1015 1929 1071 luna‘

269 1090 306 1148 5
351 1099 596 1162 punctos
641 1094 810 1152 habet
853 1109 987 1170 ergo
1044 1095 1112 1154 42
1159 1099 1208 1154 si
1256 1101 1570 1172 quinquies
1620 1103 1928 1176 ducantur,

272 1179 497 1236 faciunt
515 1180 584 1238 60
606 1189 816 1252 puncta
841 1203 856 1256 ;
890 1186 1105 1255 partire
1133 1201 1231 1256 per
1254 1185 1339 1260 45,
1366 1195 1566 1260 quater
1595 1189 1663 1248 4
1680 1190 1748 1248 60
1769 1199 1924 1248 sunt.

266 1269 351 1324 Da
381 1266 415 1324 4
463 1276 727 1341 punctos,
778 1274 1030 1346 singulis
1071 1275 1352 1346 partibus,
1393 1283 1449 1333 et
1487 1280 1731 1345 videbis,
1771 1281 1925 1351 quod

268 1371 444 1415 unam
481 1365 697 1430 partem
729 1362 882 1435 signi
920 1363 1057 1419 luna
1090 1366 1379 1434 percurrit
1412 1368 1470 1422 in
1518 1370 1706 1438 spatio
1752 1370 1930 1426 unius

267 1447 428 1503 horae
457 1461 527 1505 ex
565 1447 598 1505 4
637 1451 890 1520 punctis,
923 1460 977 1507 et
1010 1459 1266 1509 remanet
1315 1454 1518 1527 triens,
1556 1457 1704 1513 idest
1756 1457 1927 1513 tertia

267 1549 406 1605 pars
447 1537 622 1594 unius
655 1538 846 1611 horae;
876 1544 1016 1611 quot
1047 1546 1184 1597 sunt
1209 1546 1432 1599 ostenta
1461 1542 1552 1616 20,
1591 1545 1727 1616 quia
1759 1546 1926 1616 plena

2041 396 2257 454 indicis
2284 406 2506 472 artum;
2553 402 2736 458 medio
2765 402 2995 472 pollicis
3015 403 3216 462 fronte.
3248 407 3399 463 inter
3421 414 3609 466 artum
3629 416 3687 467 et

2041 487 2313 557 ungulam
2346 489 2478 558 sito,
2511 491 2883 560 circumpone
2910 488 3001 562 70,
3039 494 3268 562 pollicis
3287 504 3418 552 artu
3447 504 3683 556 curvato

2041 577 2200 630 trans
2225 578 2474 633 medium
2494 579 2709 634 indicis
2727 587 2916 636 artum
2937 581 3180 636 radicem
3211 584 3438 652 pollicis
3457 599 3488 640 a
3511 586 3686 644 latere

2039 662 2314 719 circuivit
2342 668 2361 688 "
2411 665 2720 722 indicisSO
2768 667 3031 737 pollicem
3066 668 3124 724 in
3170 669 3400 742 longum
3447 676 3685 732 tendens

2043 749 2231 807 indice
2264 753 2428 810 illius
2459 757 2866 828 summitatem,
2901 757 3292 830 ungulamque
3319 762 3685 832 circumpone

2039 835 2108 895 90
2152 840 2387 906 indicis,
2429 845 2819 916 ungulamque
2869 845 2927 900 in
2975 846 3205 915 pollicis
3249 848 3441 904 radice
3477 852 3682 922 eriges.

2042 925 2142 984 400
2183 929 2241 984 in
2262 930 2492 987 dextera
2519 933 2801 1002 quomodo
2830 931 2895 989 40
2927 934 2987 989 in
3016 933 3172 990 laeva.
3203 934 3310 992 200
3338 938 3396 992 in
3428 938 3680 1012 dextera,

2041 1020 2325 1086 quomodo
2367 1017 2436 1076 20
2465 1020 2524 1075 in
2573 1020 2728 1076 laeva.
2760 1019 2866 1077 300
2896 1022 2954 1077 in
2999 1023 3251 1093 dextera,
3286 1026 3571 1095 quomodo
3616 1026 3686 1083 30

2042 1105 2102 1160 in
2129 1105 2284 1162 laeva.
2319 1105 2423 1164 400
2448 1109 2505 1164 in
2531 1111 2781 1180 dextera,
2819 1112 3100 1181 quomodo
3129 1108 3198 1167 40
3225 1113 3284 1167 in
3308 1113 3464 1169 laeva.
3496 1113 3602 1172 500
3625 1116 3683 1170 in

2038 1195 2288 1266 dextera,
2314 1199 2598 1267 quomodo
2627 1197 2697 1255 50
2729 1200 2788 1254 in
2821 1199 2974 1255 laeva.
3011 1199 3115 1256 600
3147 1200 3206 1255 in
3249 1202 3499 1272 dextera,
3534 1217 3687 1273 quo-

2039 1284 2205 1340 modo
2252 1283 2321 1340 60
2353 1287 2412 1341 in
2457 1286 2614 1343 lzcva.
2653 1285 2760 1344 700
2805 1289 2864 1344 in
2895 1288 3148 1354 dextera,
3199 1291 3482 1361 quomodo
3522 1287 3593 1347 70
3623 1292 3684 1347 in

2038 1373 2196 1428 laeva.
2242 1370 2348 1429 800
2387 1374 2447 1430 in
2471 1375 2722 1447 dextera,
2759 1377 3042 1447 quomodo
3069 1375 3140 1433 80
3189 1378 3250 1432 in
3280 1378 3438 1434 laeva.
3482 1376 3586 1434 900
3623 1379 3682 1435 in

2036 1462 2288 1534 dextera,
2339 1465 2623 1534 quomodo
2659 1464 2729 1521 90
2775 1466 2834 1520 in
2876 1466 3032 1522 laeva.
3073 1467 3166 1522 Sic
3197 1481 3424 1538 quoque
3462 1481 3495 1523 a
3527 1468 3685 1525 mille

2036 1551 2223 1606 currit
2254 1551 2313 1606 in
2357 1553 2588 1608 dextera
2616 1560 2917 1624 compotus
2947 1569 3132 1626 usque
3180 1552 3366 1628 7,000,
3403 1557 3685 1627 quomodo

269 1626 413 1682 hora
442 1625 512 1682 60
568 1627 736 1684 habet
776 1632 1016 1686 ostenta.
1044 1630 1124 1684 Da
1164 1630 1416 1703 singulis
1455 1633 1720 1703 partibus
1750 1648 1925 1692 unum
1958 1638 2011 1699 B
2037 1645 2282 1695 currunt
2320 1641 2589 1697 monades
2627 1642 2684 1697 in
2721 1642 2859 1699 lava
2907 1641 2929 1698 4
2978 1625 3162 1715 usque
3185 1645 3254 1700 ad
3289 1625 3581 1714 9,240,000
3625 1645 3684 1700 in

264 1717 579 1787 ostentum,
604 1723 659 1772 et
697 1717 943 1787 videbis,
977 1717 1131 1788 quod
1155 1717 1292 1774 luna
1315 1721 1503 1790 spatio
1537 1723 1713 1779 unius
1747 1724 1922 1794 horae,

264 1806 327 1857 et
358 1798 392 1857 4
423 1808 786 1877 punctorum,
830 1811 886 1861 et
925 1807 1105 1862 unius
1132 1809 1364 1880 ostenti,
1427 1811 1576 1880 quod
1617 1816 1704 1867 est
1725 1811 1924 1875 triens,

266 1897 490 1960 partem
524 1906 694 1949 unam
744 1894 920 1967 signi,
955 1895 1107 1966 quod
1147 1901 1234 1952 est
1258 1897 1552 1955 tricesima
1583 1912 1716 1970 pars
1751 1900 1926 1957 unius

266 1979 452 2053 signi,
481 1983 724 2054 peragit.

265 2107 349 2158 De
381 2105 530 2160 saltu
559 2105 699 2162 lunas
720 2122 822 2178 per
851 2103 919 2162 49
960 2119 1156 2170 annos,
1190 2108 1455 2175 quomodo
1494 2110 1754 2168 decrescit
1793 2127 1922 2169 ηοω.

339 2230 661 2287 CXXXVII.
707 2232 767 2288 Si
811 2233 900 2290 vis
938 2249 1134 2307 sapere
1198 2240 1256 2296 in
1307 2236 1373 2293 49
1435 2237 1606 2294 annis
1643 2238 1927 2310 quomodo

267 2319 425 2392 dies,
469 2325 526 2375 et
555 2334 665 2376 nox
715 2322 1024 2396 minuitur,
1067 2329 1295 2398 quando
1335 2327 1472 2383 luna
1511 2326 1650 2384 facit
1692 2326 1924 2399 saltum,

269 2409 528 2480 singulis
557 2410 728 2466 annis
761 2417 816 2466 et
843 2414 1139 2472 mensibus
1161 2431 1259 2488 per
1288 2421 1591 2488 momenta,
1617 2427 1672 2473 et
1708 2421 1928 2474 atomos

272 2511 624 2568 unoquoque
685 2512 835 2556 anno
888 2511 1169 2560 momenta
1236 2505 1306 2562 50
1354 2512 1410 2562 et
1465 2505 1718 2560 manium
1773 2505 1813 2577 (³
1872 2512 1929 2562 et

269 2599 422 2642 nona
451 2586 675 2642 decima
713 2602 845 2656 pars
883 2591 952 2645 de
999 2593 1248 2650 dimidio
1289 2592 1582 2666 momenti)
1627 2593 1767 2650 facit
1805 2595 1928 2665 ipse

272 2675 502 2731 medius
550 2681 871 2732 momentus
901 2680 1112 2736 atomis
1142 2679 1248 2737 282
1275 2683 1334 2737 in
1363 2695 1708 2753 unoquoque
1739 2696 1928 2739 mense

269 2768 556 2818 momenta
582 2760 634 2818 4.
677 2765 744 2819 Et
777 2770 992 2820 sextam
1027 2773 1243 2838 partem
1281 2770 1550 2825 momenti
1589 2772 1799 2827 atomis
1834 2768 1924 2828 24.

266 2852 530 2907 Secundo
561 2866 749 2908 mense
789 2862 1069 2911 momenta
1112 2854 1145 2911 4
1181 2863 1237 2912 et
1283 2863 1501 2914 sextam
1540 2863 1755 2928 partem
1801 2873 1929 2916 mo-

273 2939 474 3010 menti,
503 2941 716 2997 atomis
730 2939 819 2997 24.
845 2944 1037 3000 Tertio
1065 2959 1256 3002 mense
1280 2951 1562 3003 momenta
1580 2945 1682 3003 4et
1708 2953 1926 3003 sextam
1955 2941 2004 3004 C

275 3034 491 3097 partem
519 3030 812 3103 momenti,
831 3033 1039 3088 atomis
1067 3031 1160 3089 24.
1183 3035 1252 3090 Et
1280 3035 1365 3090 sic
1393 3036 1452 3091 in
1475 3035 1732 3107 singulis
1761 3049 1929 3092 men—

272 3116 458 3172 sibus.
525 3119 764 3189 Hmcque
833 3117 901 3176 42
969 3135 1189 3178 menses
1243 3123 1311 3178 ad
1372 3124 1582 3180 saltum
1639 3124 1811 3196 lunae,
1863 3124 1928 3181 fit

271 3219 495 3261 summa
536 3207 595 3261 in
620 3221 734 3264 uno
779 3221 929 3265 anno
963 3217 1244 3268 momenta
1273 3210 1345 3268 50
1370 3217 1425 3268 et
1463 3212 1799 3270 dimidium.
1847 3215 1928 3270 De

274 3295 388 3350 isto
409 3301 691 3351 momento
723 3295 968 3355 facimus
991 3305 1210 3356 atomos
1235 3299 1360 3357 282.
1391 3304 1516 3371 Ipsa
1541 3300 1612 3358 50
1643 3307 1928 3359 momenta

273 3382 498 3439 faciunt
541 3398 713 3441 unam
756 3387 977 3458 horam,
1020 3393 1076 3444 et
1107 3394 1370 3460 quartam
1413 3395 1628 3461 partem
1667 3391 1736 3446 de
1764 3391 1925 3464 hora,

271 3475 329 3526 et
349 3471 660 3530 dimidium
681 3481 1050 3548 momentum,
1082 3478 1265 3534 simili
1293 3493 1528 3536 numero
1552 3480 1612 3535 in
1641 3477 1706 3535 49
1731 3482 1922 3536 annis.

272 3560 356 3615 Ad
389 3561 600 3617 saltum
635 3563 785 3620 lunai
813 3572 1094 3622 momenta
1122 3567 1180 3622 in
1215 3565 1281 3622 49
1306 3569 1475 3624 annis
1500 3566 1623 3624 960.
1654 3571 1781 3640 Ipsa
1800 3584 1930 3626 mo-

273 3653 463 3704 menta
493 3647 715 3708 faciunt
740 3653 912 3709 horas
939 3651 1028 3726 24,
1068 3668 1192 3726 quae
1225 3655 1438 3714 minuit
1462 3657 1588 3712 dies
1617 3661 1674 3713 et
1722 3671 1834 3715 nox
1867 3659 1926 3714 in

273 3736 342 3794 49
379 3739 569 3811 annis,
603 3755 727 3813 quae
771 3742 907 3799 luna
959 3741 1098 3800 facit
1123 3744 1356 3802 saltum.

734 3851 812 3905 De
854 3851 1018 3918 ﬂemib
1026 3866 1087 3906 us
1143 3852 1462 3921 digitorum.

343 3957 689 4013 CXXXVIII.
750 3958 833 4012 Ita
874 3957 1193 4029 digitorum
1243 3959 1424 4015 ﬂexus
1467 3963 1769 4016 servantur
1831 3975 1931 4032 per

275 4046 526 4117 primum
569 4045 888 4117 digitorum
927 4047 1105 4103 trium
1139 4047 1199 4103 in
1245 4048 1383 4104 laeva
1407 4047 1478 4104 ab
1525 4055 1796 4118 extremo,
1847 4051 1932 4106 in-

274 4135 576 4191 ﬂexionem
597 4134 799 4206 palmae
820 4135 880 4190 in
896 4135 1147 4192 medium
1159 4141 1348 4193 artum
1361 4135 1927 4209 dicitur4,2,3,cum

272 4224 427 4280 dicis
447 4220 480 4279 4
510 4231 824 4282 extremum
854 4224 1107 4296 digitum
1128 4225 1297 4282 leves.
1325 4225 1464 4283 Cum
1493 4226 1645 4282 dicis
1669 4226 1705 4284 5
1733 4241 1931 4285 secun—

2037 1727 2278 1783 sinistra
2333 1729 2518 1798 palma
2579 1744 2754 1800 supra
2807 1732 3075 1787 verticem
3141 1732 3476 1802 supinatum
3535 1737 3686 1790 retro

2039 1829 2233 1885 ponas.
2264 1814 2467 1887 20,000
2492 1818 2687 1873 eodem
2719 1819 2839 1874 situ
2867 1833 3044 1888 prona
3062 1835 3236 1890 super
3265 1834 3493 1876 manum
3524 1820 3682 1877 colli.

2034 1901 2234 1974 30,000
2262 1904 2458 1960 eodem
2502 1905 2621 1961 situ
2652 1919 2830 1975 prona
2856 1907 2917 1961 in
2970 1907 3156 1964 medio
3188 1909 3453 1977 pectoris.
3486 1905 3686 1978 40,000

2035 1993 2230 2050 eodem
2255 1993 2376 2049 situ
2421 2007 2598 2064 prona
2626 1995 2686 2050 in
2712 1994 2889 2050 latere
2916 1996 3136 2052 dextro.
3171 1995 3373 2066 50,000
3402 1995 3591 2067 pollex
3624 1997 3683 2053 in

2037 2081 2361 2138 umbiculo.
2425 2081 2624 2153 60,000
2687 2083 2928 2140 sinistra
2990 2083 3176 2153 palma
3225 2084 3334 2141 sub
3410 2085 3686 2142 umbicu-

2037 2170 2093 2226 lo
2143 2171 2372 2241 supina.
2443 2169 2644 2238 70,000
2699 2173 2896 2228 eodem
2953 2174 3076 2229 situ
3133 2174 3192 2229 in
3251 2174 3490 2246 inguine
3546 2186 3686 2245 pro-

2037 2272 2128 2315 na.
2169 2258 2370 2332 80,000
2406 2262 2600 2317 eodem
2654 2262 2777 2318 situ
2822 2262 2883 2317 in
2921 2261 3132 2320 femore
3173 2263 3434 2320 sinistro.
3484 2261 3685 2335 90,000

2037 2349 2233 2404 eodem
2264 2349 2384 2405 situ
2430 2363 2626 2422 prona,
2656 2351 2752 2406 sed
2786 2349 2949 2407 foris.
2997 2354 3080 2407 Ita
3109 2351 3322 2409 facitur
3353 2353 3412 2408 in
3453 2353 3686 2409 dextera

2040 2450 2231 2511 manu,
2259 2453 2386 2495 cum
2416 2437 2516 2496 400
2540 2440 2692 2496 dicis
2713 2440 2917 2496 millia.
2945 2441 3086 2497 Cum
3115 2447 3305 2498 autem
3327 2442 3478 2498 dicis
3497 2442 3688 2498 decies

2037 2532 2273 2584 centena
2321 2528 2527 2599 millia,
2579 2530 2708 2586 dum
2753 2530 2952 2600 palma:
2998 2535 3208 2601 apertae
3253 2545 3387 2603 erga
3426 2530 3628 2588 faciem
3656 2545 3689 2589 e

2039 2617 2270 2689 regione
2302 2619 2676 2691 interpositae,
2709 2620 2806 2676 sed
2833 2626 2964 2676 ante
2989 2633 3159 2677 aures
3184 2626 3335 2677 retro
3367 2622 3690 2692 respicien-

2040 2711 2124 2764 tes
2162 2712 2278 2764 tres
2305 2708 2480 2779 digiti
2519 2709 2579 2764 in
2623 2709 2864 2765 sinistra
2894 2723 3087 2780 manu,
3135 2710 3286 2766 idest
3311 2711 3683 2782 auricularis,

2039 2799 2317 2869 medicus,
2349 2803 2406 2854 et
2456 2798 2786 2869 impudicus
2832 2812 3015 2869 usque
3055 2799 3124 2854 ad
3151 2797 3186 2854 9
3214 2800 3513 2856 continent
3548 2799 3598 2870 4,
3629 2798 3684 2873 2,

2036 2882 2092 2956 3,
2140 2891 2246 2941 etc.
2280 2889 2404 2942 Duo
2432 2886 2606 2958 digiti
2642 2887 2702 2941 in
2741 2886 2984 2942 sinistra
3011 2900 3206 2958 manu,
3241 2887 3390 2944 idest
3415 2889 3606 2957 index,
3635 2897 3691 2946 et

2038 2975 2226 3047 pollex
2261 2988 2443 3046 usque
2485 2975 2553 3030 ad
2589 2973 2658 3030 90
2688 2975 3004 3030 continent.
3069 2973 3153 3045 40,
3181 2975 3272 3046 20,
3307 2976 3397 3048 30,
3431 2984 3537 3034 etc.
3564 2980 3689 3035 Duo

2039 3066 2099 3121 in
2136 3065 2369 3122 dextera
2409 3077 2580 3120 manu
2615 3063 2788 3134 digiti
2821 3077 3044 3134 semper
3072 3066 3372 3121 continent
3401 3080 3584 3136 usque
3616 3067 3685 3124 ad

2035 3152 2142 3210 900
2184 3152 2392 3225 pollex,
2434 3157 2491 3208 et
2531 3152 2720 3208 index.
2771 3149 2893 3225 400,
2943 3150 3067 3226 200,
3107 3149 3235 3225 300,
3289 3159 3394 3209 etc.
3443 3155 3579 3209 Tres
3627 3155 3687 3209 in

2035 3244 2266 3300 dextera
2293 3255 2465 3298 manu
2489 3242 2664 3313 digiti
2690 3242 2991 3298 continent
3015 3256 3197 3313 usque
3225 3243 3295 3298 ad
3325 3240 3508 3314 9,000,
3536 3243 3690 3299 auri-

2036 3331 2273 3402 cularis,
2343 3332 2697 3402 impudicus,
2768 3336 2824 3388 et
2889 3332 3167 3397 medicus,
3247 3329 3427 3403 4,000,
3498 3330 3684 3406 2,000,

2035 3417 2199 3490 3,000
2223 3425 2330 3476 etc.
2353 3419 2622 3476 Continet
2647 3420 2889 3476 sinistra
2912 3434 3114 3477 manus
3137 3420 3450 3491 particulas
3467 3434 3690 3491 semper

2038 3523 2221 3581 usque
2270 3510 2340 3566 ad
2380 3508 2563 3581 9,000,
2609 3508 2825 3581 40,000,
2864 3508 3064 3582 20,000
3111 3508 3329 3583 30,000,
3369 3516 3474 3567 etc.
3534 3511 3691 3567 Con-

2039 3601 2184 3656 tinet
2210 3599 2410 3656 dextra
2441 3613 2614 3656 manu
2655 3613 2754 3670 per
2791 3601 3099 3670 juncturas
3141 3614 3362 3672 semper
3405 3613 3588 3673 usque
3616 3599 3686 3657 ad

2035 3685 2255 3760 90,000,
2286 3687 2538 3760 400,000,
2569 3686 2828 3760 200,000,
2854 3687 3113 3760 300,000,
3148 3695 3257 3745 etc.

2036 3816 2102 3869 In
2136 3817 2236 3885 Dei
2262 3817 2476 3870 nomine
2530 3817 2727 3884 incipit
2772 3816 2914 3869 ratio
2953 3815 3253 3885 Paschalis,
3299 3819 3350 3871 et
3394 3819 3690 3871 ceterorum

2107 3884 2214 3941 348
2237 3891 2626 3957 episcoporum,
2652 3889 2750 3955 qui
2768 3887 3198 3941 consideratione
3222 3884 3354 3955 festi
3380 3888 3683 3951 Paschalis,

2109 3963 2160 4011 et
2218 3963 2515 4012 ceterorum
2581 3961 2912 4028 sapientium
2974 3960 3234 4022 virorum,
3294 3961 3390 4028 qui
3432 3959 3691 4014 dixerunt

2109 4031 2503 4084 auctoritatem.

2110 4137 2418 4192 CXXXIX.
2439 4136 2579 4191 Cum
2606 4148 2803 4192 omnes
2830 4135 3092 4206 Apostoli
3116 4135 3188 4192 de
3211 4135 3316 4192 hoc
3347 4136 3561 4193 mundo
3593 4149 3692 4207 per

2040 4226 2370 4283 universum
2384 4224 2576 4281 orbem
2596 4237 2694 4295 per
2705 4223 2968 4296 singulas
2982 4225 3589 4294 provinciasEcclesiae
3608 4225 3692 4279 di-

274 4313 416 4369 dum
440 4313 512 4369 ab
527 4318 780 4370 extremo
809 4313 1086 4370 similiter
1115 4315 1324 4387 erigas.
1347 4315 1488 4372 Cum
1514 4316 1668 4373 dicis
1688 4315 1722 4374 6
1751 4316 1929 4373 modi-
1950 4300 2007 4364 D
2038 4329 2198 4373 versa
2210 4313 2954 4384 tenebanturjejunia.Nam
2969 4319 3231 4368 etomnes
3250 4313 3401 4369 Galli
3418 4325 3690 4383 quacum-

273 4415 407 4458 cum
452 4401 513 4457 in
561 4402 812 4459 medium
862 4402 1060 4473 palmae
1101 4409 1374 4474 extremo,
1409 4409 1466 4461 et
1508 4404 1695 4462 medio
1725 4405 1927 4462 levatis

274 4491 482 4562 eriges.
527 4492 765 4561 Quando
817 4491 890 4547 ab
936 4489 970 4547 7
1010 4493 1358 4563 perveneris,
1411 4494 1690 4551 minorem
1740 4495 1928 4553 solum

274 4580 499 4636 caeteris
535 4581 740 4637 levatis
786 4594 959 4652 super
989 4581 1189 4652 palmae
1239 4583 1488 4640 radicem
1533 4598 1729 4657 pones,
1761 4585 1928 4655 juxta

274 4683 444 4740 quem
469 4669 530 4725 in
558 4667 594 4726 8
617 4669 888 4726 medium.
914 4673 978 4726 In
1002 4669 1037 4727 9
1078 4677 1269 4728 autem
1298 4673 1660 4744 impudicum
1687 4688 1718 4730 e
1745 4675 1930 4746 regio-

276 4772 346 4814 ne
369 4773 673 4830 compones
705 4755 789 4830 40,
825 4773 1047 4832 ungues
1078 4761 1293 4818 indicis
1320 4763 1380 4818 in
1406 4763 1592 4820 medio
1623 4763 1773 4821 ﬁxus
1795 4769 1929 4820 artu

275 4848 510 4918 pollicis
527 4847 616 4920 20,
649 4850 953 4906 summitas
975 4851 1208 4921 pollicis
1239 4853 1426 4909 medio
1445 4857 1579 4909 artu
1607 4853 1757 4910 inter
1782 4854 1931 4912 indi.

273 4950 419 5008 cem,
448 4937 923 5011 impudicumque
953 4938 1022 4997 30
1056 4943 1075 4963 ·
1120 4941 1182 4996 in
1215 4941 1475 4998 inmollis
1501 4942 1563 4997 in
1594 4943 1926 4999 summitate

277 5025 512 5096 pollicis
538 5027 865 5100 indicisque
889 5029 1222 5099 complexus
1251 5027 1338 5100 40,
1377 5031 1610 5102 pollicis
1624 5033 1929 5090 summitas

274 5115 756 5190 adjiacensartui,
783 5118 843 5174 in
867 5119 1052 5176 medio
1071 5119 1246 5176 latere
1263 5134 1406 5190 pone
1431 5126 1451 5145 "
1466 5137 1498 5178 a
1513 5125 1692 5180 dorsu
1713 5123 1928 5181 indicis

271 5202 364 5274 50,
419 5212 648 5264 curvate
697 5208 884 5278 pollex
923 5209 984 5266 in
1031 5209 1274 5280 palmam
1317 5213 1541 5269 caeteris
1587 5213 1794 5269 erectis
1835 5212 1923 5285 60,

276 5295 542 5366 pollicem
585 5311 818 5357 curvam
866 5300 928 5356 in
971 5301 1255 5357 exteriore
1290 5305 1424 5358 artu
1477 5302 1626 5360 inter
1665 5303 1928 5360 eumdem

342 5433 365 5461 ι
391 5423 524 5481 Alia
556 5439 730 5483 manu
761 5426 880 5484 haec
907 5427 1106 5485 addita
1130 5431 1286 5485 sunt.

346 5493 374 5537 δ
397 5495 608 5554 Confer
636 5498 749 5555 ista
777 5513 907 5557 cum
939 5500 1036 5572 iis,
1070 5515 1195 5573 quae
1227 5499 1436 5558 habent
1452 5500 1525 5559 de
1547 5501 1659 5560 isto
1683 5500 1926 5560 conchio

2037 4420 2147 4478 que
2166 4404 2438 4473 die8Kal,
2462 4404 2598 4474 Apr.
2616 4402 2842 4474 fuisset,
2858 4415 3080 4474 semper
3091 4401 3304 4458 Pascha
3324 4400 3690 4458 celebrabant

2035 4496 2292 4553 dicentes
2320 4514 2332 4551 :
2367 4495 2514 4565 Quid
2544 4493 2711 4552 nobis
2735 4498 2822 4550 est
2866 4507 2899 4550 a
2951 4489 3017 4548 44
3046 4491 3182 4549 luna
3210 4495 3536 4562 compotum
3556 4504 3686 4547 cum

2034 4586 2247 4643 ludatis
2276 4583 2461 4641 facere
2482 4583 2750 4641 Paschae‘?
2778 4583 2876 4640 Sid
2908 4583 3063 4639 sicut
3091 4587 3177 4638 est
3200 4581 3430 4638 Domini
3473 4580 3686 4638 natalis

2039 4687 2400 4747 quocumque
2427 4674 2522 4730 die
2563 4673 2816 4730 evenerit
2857 4671 2893 4728 8
2919 4673 3042 4728 Kal.
3073 4673 3263 4742 Janu.,
3298 4673 3380 4726 ita
3417 4671 3470 4726 ei
3496 4670 3533 4726 8
3561 4671 3686 4726 Kal.

2036 4765 2197 4837 Apr.,
2230 4764 2458 4835 quando
2479 4763 2732 4820 traditur
2749 4763 2968 4819 Christi
3000 4761 3385 4830 Resurrectio,
3417 4761 3690 4817 debemus

2038 4854 2251 4910 Pascha
2297 4859 2506 4910 tenere.
2533 4850 2560 4894 ι)
2585 4851 2908 4908 Orientales
2936 4863 3085 4922 vero,
3119 4850 3280 4907 sicut
3301 4849 3534 4907 Eusebii
3564 4850 3692 4906 Cm-

2037 4945 2317 5002 sariensis
2347 4947 2584 4998 narrant
2611 4941 2871 5011 eloquia,
2899 4952 3263 5011 quocumque
3291 4941 3386 4997 die
3408 4940 3468 4996 in
3500 4951 3690 4995 mense

2040 5034 2244 5090 Martio
2291 5029 2356 5088 44
2411 5030 2802 5088 luna—fuisset
2855 5029 3104 5101 inventa,
3161 5030 3376 5087 Pascha
3430 5028 3689 5086 celebra—

2038 5124 2196 5181 bant.
2227 5126 2288 5180 In
2321 5122 2485 5180 Italia
2509 5126 2700 5178 autem
2726 5119 2831 5176 alii
2856 5119 3064 5176 diebus
3093 5116 3164 5177 40
3186 5120 3546 5192 jejunabant,
3578 5115 3686 5171 alii

2035 5213 2126 5286 20,
2150 5210 2306 5271 alii?
2335 5212 2561 5283 diebus,
2592 5212 2651 5266 in
2674 5209 2890 5282 quibus
2916 5209 3166 5267 mundus
3196 5209 3383 5267 omnis
3398 5205 3688 5262 concludi-

2039 5311 2154 5377 tur,
2172 5305 2259 5360 sic
2283 5301 2495 5360 sufﬁcit
2509 5301 2787 5372 jejunare.
2809 5299 2926 5356 Alii
2941 5301 3079 5372 quia
3100 5299 3377 5355 Dominus
3397 5292 3464 5351 40
3480 5293 3687 5350 diebus

2037 5429 2514 5560 Beda,5gcaronius
2534 5428 2604 5487 ad
2635 5441 2728 5486 an.
2757 5425 2880 5498 498,
2903 5432 2960 5484 et
2984 5421 3191 5493 Labbe,
3229 5424 3363 5479 tom.
3393 5421 3416 5477 Ι
3439 5418 3683 5492 Concil.,

2039 5518 2167 5560 nas.
2305 5542 2318 5557 .

2039 5518 2167 5576 pag.
2196 5518 2318 5560 ovo.
