4076 6174
424 239 554 299 4351

1297 230 1584 290 ΑΡΡΕΝῙ).
1627 230 1721 287 AD
1758 226 1919 285 SEC.
1963 225 2064 284 IX.
2106 251 2180 272 —
2211 223 2565 283 AUCTORES
2599 223 2934 284 ANONYMI.

3685 229 3820 290 4352

401 362 736 432 jejunasset,
789 357 894 414 alii
939 354 1007 413 40
1055 356 1245 413 horas.
1289 358 1429 414 Cum
1479 356 1599 413 haec
1633 354 1769 410 talis
1791 354 1811 376 '
1856 350 2060 408 obser—
2081 345 2142 408 A
2169 365 2302 406 nare
2323 354 2506 408 minus
2530 354 2690 408 initio
2715 355 2905 409 noctis.
2937 351 3062 410 Non
3091 355 3332 423 poterat,
3364 355 3384 376 ⁶
3415 352 3535 410 nisi
3570 352 3814 424 plenum.

413 449 665 506 vationis
715 461 813 518 per
855 445 1118 518 singulas
1167 447 1512 517 provincias,
1561 445 1711 501 unde
1739 455 1899 498 error
1936 440 2058 494 erat

409 537 825 606 sacerdotibus,
850 550 916 591 eo
939 536 1090 606 quod
1122 548 1154 590 a
1181 535 1394 606 quibus
1427 533 1706 590 una-fides
1732 535 1883 586 recta
1910 533 2058 584 tene-

408 626 597 696 batur,
627 641 825 683 eorum
847 625 1227 682 dissentirent
1250 625 1492 695 jejunia.
1518 624 1676 678 Tunc
1695 634 1837 692 papa
1861 618 2058 674 Victor

408 718 672 773 Romanae
723 716 895 771 Urbis
940 715 1246 785 episcOpus
1279 715 1385 770 hoc
1424 712 1617 784 elegit,
1663 717 1725 766 ut
1780 709 2058 779 dirigeret

407 806 828 876 auctoritatem,
877 805 1018 875 quia
1044 810 1181 860 tunc
1214 817 1325 860 non
1348 801 1759 871 Hierosolyma,
1806 798 1900 854 sed
1930 796 2058 852 Ca:-

407 909 564 952 serea
587 893 919 965 metropolis
934 893 1253 963 dicebatur,
1280 891 1430 949 unde
1448 889 1745 946 Paschalis
1765 885 2057 944 ordinatio

412 984 758 1055 proveniret,
804 997 915 1053 quo
948 983 1115 1038 modo
1161 981 1375 1038 Pascha
1411 984 1564 1036 recto
1590 980 1720 1050 jure
1751 991 1783 1032 a
1830 974 2059 1032 cunctis

409 1071 714 1128 catholicis
755 1070 1140 1127 celebraretur
1189 1069 1473 1138 ecclesiis,
1524 1067 1621 1124 ubi
1671 1064 1972 1134 Dominus,
2005 1064 2063 1117 et

409 1159 665 1216 Salvator
695 1160 896 1216 mundi
936 1160 996 1215 in
1045 1173 1216 1215 carne
1252 1157 1440 1214 fuerat
1464 1160 1849 1213 conversatus.
1884 1154 2064 1207 Acce-

413 1255 508 1321 pta
538 1250 732 1321 itaque
760 1249 1105 1305 auctoritate
1129 1247 1484 1318 Theophilus
1513 1259 1626 1302 non
1653 1244 1838 1301 solum
1864 1243 1934 1298 de
1959 1253 2062 1296 sua

412 1338 730 1409 provincia,
777 1338 872 1393 sed
911 1336 1084 1393 etiam
1124 1336 1194 1391 de
1232 1336 1482 1392 diversis
1509 1332 1844 1405 regionibus
1871 1342 2068 1386 omnes

411 1427 730 1498 episcopos,
760 1433 816 1482 et
836 1427 1126 1496 sapientes
1147 1425 1304 1481 viros
1344 1425 1412 1480 ad
1446 1423 1760 1479 concilium
1787 1418 2062 1476 evocavit.

412 1515 664 1572 Ubicum
687 1515 788 1570 illa
811 1516 1172 1570 sacerdotum
1196 1514 1281 1570 vel
1295 1511 1909 1583 sapientiumvirorum
1925 1506 2068 1562 mulo

414 1605 606 1662 titudo
626 1605 685 1659 in
708 1603 978 1659 omnibus
991 1603 1310 1672 Scripturis
1330 1602 1559 1658 erudita
1580 1601 1640 1655 in
1665 1613 1840 1655 unum
1861 1596 2066 1652 fuisset

2241 441 2404 497 Nunc
2435 455 2567 514 ergo
2601 443 3096 514 investigavimus,
3122 443 3406 513 quomodo
3439 444 3501 499 in
3535 444 3822 514 principio

2169 526 2355 585 factus
2399 529 2575 586 fuerit
2614 532 2895 588 mundus:
2947 531 3096 587 idest
3142 531 3238 587 die
3289 532 3618 601 Dominico,
3656 545 3822 588 verno

2169 621 2440 689 tempore,
2477 620 2538 675 in
2569 621 2898 692 aequinoxio
2927 619 2964 676 8
2993 621 3116 676 Kal.
3150 620 3287 691 Apr.
3316 621 3452 677 luna
3502 621 3690 692 plena.
3727 623 3824 676 Per

2168 706 2356 776 ipsum
2383 710 2774 766 tantummodo
2805 715 3030 780 tempus
3053 710 3197 776 dies,
3228 714 3285 766 et
3309 710 3589 766 elementa
3626 725 3824 767 nesur—

2168 800 2328 867 gunt.
2388 797 2743 867 Theophilus
2804 799 3111 869 episcopus
3167 799 3353 855 dixit:
3414 801 3570 856 Nunc
3640 800 3824 870 igitur

2169 885 2448 956 agendum
2466 886 2536 942 de
2553 879 2939 958 ordinatione,
2974 889 3258 959 quomodo
3276 887 3582 944 debeamus
3606 889 3824 944 Pascha

2170 977 2376 1030 tenere.
2404 976 2992 1046 Episcopidixerunt:
3019 978 3312 1048 Numquid
3336 978 3463 1033 dies
3489 978 3827 1033 Dominicus

2171 1064 2463 1134 praeterire
2504 1069 2706 1136 potest,
2751 1071 2808 1122 et
2841 1067 2899 1122 in
2930 1080 2996 1123 eo
3027 1067 3238 1123 Pascha
3276 1067 3686 1130 celebraretur,
3722 1068 3818 1137 qui

2173 1157 2258 1208 tot
2273 1158 2328 1209 et
2350 1153 2566 1210 talibus
2583 1154 3082 1211 benedictionibus
3095 1155 3488 1211 sanctiﬁcatus
3510 1161 3600 1211 est
3614 1156 3644 1209 ?
3661 1155 3827 1211 Theo-

2175 1241 2371 1312 philus
2387 1243 2689 1313 episcopus
2710 1244 2892 1300 dixit:
2922 1243 3192 1314 Apertius
3211 1258 3345 1316 ergo
3363 1245 3567 1312 dicite,
3591 1244 3818 1314 quibus,

2173 1335 2228 1385 et
2243 1331 2513 1401 qualibus
2533 1331 3035 1388 benedictionibus
3047 1347 3173 1388 eum
3197 1331 3377 1388 fuisse
3403 1332 3822 1388 sanctiﬁcatum

2175 1419 2457 1491 asseritis,
2491 1425 2555 1475 ut
2590 1421 2840 1476 scribere
2871 1421 3175 1490 possimus.
3205 1422 3474 1491 Episcopi
3513 1421 3825 1491 responde—

2177 1515 2342 1565 runt:
2364 1510 2555 1564 Prima
2573 1509 2662 1564 illi
2686 1509 3009 1566 benedictio
3035 1515 3146 1582 est,
3173 1509 3320 1581 quod
3348 1511 3408 1565 in
3439 1511 3567 1580 ipso
3589 1509 3824 1565 tenebra

2176 1605 2403 1654 remota:
2434 1603 2588 1668 sunt,
2619 1603 2675 1654 et
2718 1598 2817 1654 lux
2845 1599 3133 1668 apparuit.
3166 1599 3427 1655 Secunda
3474 1598 3566 1653 illi
3595 1597 3822 1652 benedi-

413 1691 691 1761 collecta;
721 1697 858 1746 tunc
882 1692 1192 1760 praedictus
1217 1692 1523 1761 episcopus
1547 1688 1788 1759 protulit
1818 1685 2066 1742 auctori—
2097 1682 2148 1743 B
2175 1688 2291 1744 ctio
2320 1694 2424 1758 est,
2460 1687 2608 1759 quod
2633 1688 2704 1743 de
2735 1692 2886 1743 terra
2908 1688 3132 1759 Egypti
3163 1689 3409 1758 populus
3446 1688 3820 1757 Israeliticus,

412 1784 584 1836 tatem
599 1780 666 1835 ad
681 1793 740 1835 se
756 1780 987 1835 missam
1012 1793 1044 1836 a
1072 1793 1214 1851 papa
1225 1781 1472 1850 Victore,
1497 1784 1552 1834 et
1573 1778 1712 1849 quid
1735 1776 1848 1832 sibi
1875 1774 2066 1846 Operis

414 1867 623 1924 fuisset
641 1869 965 1937 injunctum
988 1869 1259 1924 ostendit.
1278 1869 1436 1925 Tunc
1461 1867 1674 1938 pariter
1690 1879 1886 1923 omnes
1906 1863 2070 1934 epis—

413 1957 542 2028 c0pi
564 1957 858 2013 dixerunt.
885 1958 1138 2014 Primum
1164 1958 1331 2014 nobis
1354 1957 1765 2028 inquirendum
1782 1960 1888 2025 est,
1918 1968 2070 2025 quo—

417 2046 585 2102 modo
606 2045 666 2100 in
701 2045 992 2116 principio
1020 2046 1270 2102 mundus
1303 2045 1481 2101 fuerit
1499 2045 1704 2115 factus,
1735 2048 1790 2100 et
1819 2057 1948 2099 cum
1964 2043 2070 2100 hoc

413 2132 591 2191 fuerit
626 2135 971 2206 diligentius
1007 2135 1434 2206 investigatum,
1485 2139 1622 2190 tunc
1651 2133 1863 2205 poterit
1916 2146 1984 2188 ex
2005 2145 2068 2188 eo

417 2223 710 2280 Paschalis
731 2224 1020 2280 ordinatio
1033 2223 1346 2280 salubriter
1363 2224 1677 2294 pervenire.
1695 2224 1976 2278 Dixerunt
1990 2235 2073 2276 er-

417 2312 783 2384 goepiscopi:
812 2313 934 2382 Quo
951 2313 1046 2369 die
1071 2313 1362 2369 credimus
1391 2313 1636 2384 primum
1654 2311 1836 2367 fuisse
1859 2309 2068 2366 factum

417 2402 733 2472 mumdum,
763 2402 878 2458 nisi
915 2402 1215 2459 Dominico
1236 2402 1264 2456 ‘I
1293 2401 1409 2458 Alii
1442 2403 1740 2458 dixerunt:
1777 2400 2070 2470 Quomodo

415 2503 552 2562 ergo
583 2496 768 2560 potest
795 2489 1052 2560 probare,
1089 2490 1226 2561 quia
1254 2491 1474 2560 primus
1499 2491 1644 2560 dies,
1667 2490 1794 2546 dies
1817 2488 2067 2544 Domini-

416 2593 521 2635 cus
561 2577 781 2634 fuerit?
820 2578 1174 2649 Theophilus
1220 2580 1526 2650 episcopus
1571 2581 1759 2636 dixit:
1811 2578 2065 2647 Probate,

417 2668 568 2739 quod
627 2668 848 2724 dicitis.
906 2669 1174 2738 Episcopi
1250 2670 1695 2740 responderunt:
1746 2668 2066 2723 Secundum

414 2757 724 2826 Scriptura:
759 2758 1164 2814 auctoritatem
1195 2758 1406 2813 divinae
1451 2756 1662 2813 factum
1701 2761 1787 2811 est
1815 2768 2064 2825 vespere,

415 2848 473 2900 et
493 2844 704 2902 factum
725 2850 810 2900 est
833 2858 994 2901 mane
1009 2847 1134 2901 dies
1155 2859 1327 2916 unus,
1350 2850 1406 2900 et
1427 2845 1734 2914 secundus,
1763 2848 1819 2900 et
1837 2843 2065 2915 tertius,

416 2938 473 2988 et
498 2937 759 3003 quartus,
791 2937 846 2990 et
887 2935 1128 3006 quintus
1157 2940 1214 2991 et
1241 2934 1541 3004 septimus.
1590 2937 1652 2990 In
1681 2947 1792 3004 quo
1825 2933 2068 3004 septimo

2175 1776 2332 1833 velut
2366 1777 2436 1832 de
2485 1776 2754 1848 tenebris,
2805 1777 2970 1848 quasi
3015 1790 3113 1846 per
3146 1775 3355 1833 fontem
3400 1776 3702 1846 baptismi,
3739 1790 3828 1845 per

2179 1878 2333 1922 mare
2356 1865 2612 1922 Rubrum
2642 1865 2712 1922 de
2743 1865 2891 1921 duro
2912 1865 3149 1922 servitio
3169 1866 3348 1921 fuerit
3371 1865 3677 1922 liberatus.
3710 1866 3826 1919 Ter-

2178 1955 2260 2010 tia
2301 1954 2389 2010 illi
2427 1954 2751 2011 benedictio
2794 1960 2900 2026 est,
2934 1955 3072 2026 quia
3117 1956 3179 2010 in
3217 1956 3410 2011 eodem
3446 1955 3546 2010 die
3579 1953 3826 2010 cmlestis

2179 2042 2346 2098 cibus
2373 2057 2576 2099 manna
2606 2043 2940 2100 hominibus
2968 2044 3164 2100 datum
3193 2048 3314 2100 est:
3361 2043 3576 2112 Quarta
3607 2043 3699 2098 illi
3732 2042 3829 2097 be-

2183 2132 2433 2190 nedictio
2463 2137 2568 2204 est,
2593 2134 2729 2204 quia
2753 2135 2971 2203 Moyses
2993 2133 3367 2189 mandavitad
3398 2133 3678 2202 p0pulum
3705 2151 3718 2186 :
3753 2131 3827 2185 Sit

2181 2223 2328 2276 vobis
2366 2223 2679 2277 observatus
2727 2223 2842 2277 dies
2874 2225 3113 2293 primus,
3146 2227 3197 2276 et
3238 2224 3588 2277 novissimus.
3621 2221 3828 2290 Quinta

2182 2311 2273 2367 illi
2299 2311 2622 2367 benedictio
2647 2317 2752 2382 est,
2781 2317 2846 2367 ut
2882 2324 3031 2368 cxvn
3067 2311 3318 2382 psalmus
3341 2311 3508 2379 dicit,
3543 2310 3645 2382 qui
3681 2316 3828 2365 totus

2179 2400 2250 2456 de
2280 2401 2567 2470 Passione,
2597 2407 2652 2456 et
2677 2401 3114 2456 Resurrectione
3142 2406 3424 2456 cantatur.
3453 2400 3532 2454 De
3566 2400 3828 2454 Passione

2179 2490 2298 2546 ait:
2335 2489 2743 2545 Circumdantes
2783 2490 3251 2545 circumdederunt
3285 2505 3387 2552 me,
3429 2494 3482 2544 et
3515 2490 3578 2543 in
3620 2490 3829 2542 nomine

2177 2581 2394 2634 Domini
2439 2579 2718 2633 vindicavi
2777 2581 2837 2633 in
2891 2582 2988 2634 eis.
3031 2579 3516 2634 Circumdederunt
3557 2594 3638 2631 me
3697 2581 3828 2631 sicut

2177 2671 2318 2738 apis,
2349 2673 2397 2722 et
2413 2672 2732 2723 exarserunt
2756 2670 2896 2723 sicut
2913 2670 3058 2736 ignis
3094 2670 3153 2722 in
3173 2670 3368 2737 spinis.
3399 2668 3468 2722 Et
3515 2666 3829 2735 interjectis

2180 2756 2469 2812 versibus:
2521 2757 2804 2827 Lapidem,
2840 2773 2997 2827 quem
3052 2757 3500 2828 reprobaverunt,
3543 2759 3728 2824 factus
3758 2759 3828 2808 est

2179 2849 2239 2902 in
2268 2851 2432 2918 caput
2451 2848 2661 2915 anguli.
2701 2848 2780 2903 De
2805 2847 3242 2903 Resurrectione
3270 2851 3460 2902 autem
3490 2845 3672 2901 dicit:
3710 2846 3826 2898 Hac

2179 2939 2315 3007 dies,
2372 2953 2482 3006 qua
2523 2938 2655 3005 fecit
2708 2939 2990 3008 Dominus,
3041 2937 3363 3006 emultcmus,
3397 2939 3448 2989 et
3496 2935 3738 2988 laetemur
3773 2937 3823 2986 in

418 3021 794 3092 requievitab
830 3024 1101 3081 omnibus
1141 3023 1414 3094 operibus
1442 3023 1588 3093 suis,
1621 3037 1788 3094 quem
1809 3022 1960 3078 diem
1987 3036 2071 3078 se-
2099 3015 2147 3074 C
2181 3041 2264 3081 ea.
2315 3026 2386 3081 Et
2434 3027 2569 3083 item
2623 3025 2942 3096 interjectis
2983 3025 3284 3082 versibus:
3338 3024 3638 3079 Constituit
3690 3024 3818 3077 diem

419 3111 662 3181 ptimum
687 3111 994 3168 Sabbatum
1029 3111 1358 3182 appellavit.
1391 3111 1532 3168 Cum
1556 3125 1691 3183 ergo
1720 3111 2070 3167 novissimus

414 3200 541 3256 dies
569 3200 648 3257 sit
671 3201 1002 3269 Sabbatum,
1029 3201 1162 3271 quis
1189 3205 1373 3270 potest
1398 3214 1520 3257 esse
1553 3200 1796 3272 primus,
1822 3200 1935 3256 nisi
1968 3201 2070 3256 Do-

418 3290 686 3346 minicus.
731 3288 1084 3360 TheOphilus
1122 3289 1428 3361 episcopus
1465 3290 1646 3346 dicit:
1685 3292 1826 3346 Ecce
1867 3290 1938 3345 de
1976 3290 2072 3346 die

416 3378 716 3435 Dominico
755 3379 890 3449 quia
933 3379 1155 3448 primus
1198 3379 1295 3450 sit,
1351 3379 1671 3449 probatum.
1710 3381 1789 3436 De
1820 3385 2071 3449 tempore

418 3469 557 3538 quid
583 3467 747 3524 vobis
765 3467 1036 3522 videtur?
1063 3463 1096 3523 4
1121 3472 1310 3524 autem
1337 3473 1591 3539 tempora
1615 3469 1813 3525 mundi
1839 3469 1898 3524 in
1921 3481 2070 3526 anno

417 3558 718 3614 accidunt:
779 3557 904 3627 Ver,
931 3557 1136 3628 IEstas,
1161 3559 1509 3630 Autumnus,
1559 3564 1615 3614 et
1643 3560 1862 3629 Hyems.
1906 3557 2067 3625 Quod

417 3660 551 3718 ergo
583 3653 802 3718 tempos
831 3647 1053 3718 primus
1075 3646 1286 3704 factum
1310 3662 1433 3704 esse
1457 3648 1698 3704 creditis
1721 3648 1780 3701 in
1814 3645 2070 3702 mundo?

415 3735 684 3807 Episcopi
716 3737 1029 3793 dixerunt:
1083 3738 1349 3793 Vernum.
1383 3735 1738 3805 Theophilus
1763 3734 2069 3806 episcopus

417 3823 612 3879 dixit:
670 3825 910 3881 Probate
954 3825 1104 3895 quod
1133 3825 1356 3879 dicitis.
1399 3825 1467 3878 Et
1494 3823 1582 3877 illi
1610 3823 2064 3892 responderunt:

417 3912 706 3981 Scriptum
737 3921 849 3966 est:
885 3913 1155 3966 Germinet
1202 3917 1349 3966 terra
1378 3912 1598 3966 herbam
1625 3914 1744 3979 feni
1775 3914 2070 3969 secundum

417 4015 587 4068 genus
625 4015 805 4063 suum,
833 4003 882 4054 ei
908 4001 1118 4067 lignum
1146 4001 1478 4068 pomiferum
1514 4003 1776 4068 ferentem
1803 4004 2067 4070 fructum.

419 4089 544 4143 Haec
569 4088 722 4142 enim
751 4088 903 4143 veris
929 4087 1283 4158 temporibus
1312 4088 1573 4146 videmus
1599 4090 1742 4146 fieri.
1777 4091 2072 4162 Theophi-

421 4176 514 4231 lus
535 4175 840 4246 episcopus
855 4176 1044 4232 dixit:
1078 4177 1200 4246 Quo
1226 4178 1350 4234 loco
1375 4183 1547 4249 caput
1574 4181 1773 4237 mundi
1804 4194 1926 4237 esse
1957 4195 2073 4237 cre-

418 4264 565 4321 ditis
583 4264 611 4319 ‘I
632 4266 691 4320 in
720 4266 1011 4336 principio
1037 4269 1333 4340 temporis,
1367 4282 1440 4325 an
1463 4270 1650 4326 medio
1672 4272 1968 4341 temporis,
1997 4285 2070 4327 an

2179 3119 2379 3185 festum
2394 3116 2451 3170 in
2468 3115 3106 3185 confrequentationibus
3138 3130 3307 3185 usque
3323 3114 3400 3168 ad
3418 3129 3591 3168 cornu
3615 3114 3817 3167 altaris.

2180 3205 2347 3261 Sexta
2378 3205 2466 3262 illi
2490 3204 2814 3261 benedictio
2847 3209 2952 3276 est,
2981 3205 3131 3276 quod
3167 3205 3225 3259 in
3271 3205 3392 3274 ipsa
3425 3204 3708 3259 Dominus
3738 3216 3822 3256 na-

2181 3295 2453 3350 surrexit.
2487 3294 2760 3350 Videmus
2791 3308 2944 3366 ergo,
2979 3295 3118 3366 quia
3140 3294 3292 3349 diem
3321 3292 3690 3348 Dominicum
3716 3292 3819 3346 sin-

2181 3383 2462 3456 gulariter
2524 3383 2584 3439 in
2629 3384 2843 3439 Pascha
2897 3390 3087 3440 tenere
3132 3382 3420 3453 praecepit.
3477 3381 3824 3451 TheOphilus

2178 3473 2484 3543 episcopus
2507 3473 2686 3529 dixit:
2713 3475 2790 3528 De
2822 3477 3072 3543 tempore
3101 3477 3290 3528 autem
3321 3471 3390 3526 ad
3423 3473 3655 3540 Moysen
3686 3483 3829 3524 man-

2178 3562 2375 3618 datum
2400 3568 2486 3619 est
2510 3577 2542 3619 a
2571 3565 2713 3619 Deo:
2753 3564 2854 3617 Hic
2890 3562 3040 3617 vobis
3065 3564 3168 3616 erit
3204 3563 3403 3615 mensis
3430 3562 3654 3614 initium
3677 3574 3827 3612 men-

2178 3653 2354 3719 sium;
2394 3653 2602 3707 Pascha
2639 3654 2808 3721 facile
2833 3653 2890 3705 in
2931 3665 3006 3706 eo.
3054 3653 3174 3706 Non
3215 3650 3367 3704 dixit
3406 3650 3465 3704 in
3511 3649 3694 3718 prima
3737 3647 3826 3702 die

2180 3742 2485 3810 mensium,
2537 3745 2639 3796 aut
2685 3741 2744 3796 in
2784 3740 3025 3810 decima,
3077 3745 3178 3796 aut
3226 3739 3341 3794 alia
3406 3737 3684 3808 qualibet,
3733 3735 3821 3791 sed

2180 3834 2330 3886 totos
2354 3828 2423 3884 30
2451 3829 2578 3884 dies
2614 3829 2673 3885 in
2705 3829 2918 3885 Pascha
2967 3827 3367 3884 sanctificavit.
3419 3825 3687 3896 Episcopi
3736 3838 3827 3879 re-

2181 3919 2568 3989 sponderunt:
2625 3918 2734 3987 Qui
2776 3923 2912 3974 sunt
2954 3916 3044 3972 illi
3083 3915 3153 3972 30
3199 3916 3346 3971 dies.
3391 3915 3674 3984 Superius
3699 3926 3826 3983 ergo

2176 4009 2291 4078 jam
2316 4021 2650 4077 responsum
2671 4007 2954 4077 dedimus,
2995 4006 3347 4075 principium
3395 4005 3597 4059 mundi
3625 4016 3744 4058 esse
3771 4002 3824 4056 in

2181 4097 2509 4167 aequiuoxio
2537 4094 2573 4151 8
2603 4097 2725 4152 Kal.
2759 4097 2930 4166 Apr.,
2959 4098 3015 4151 et
3045 4094 3115 4150 ab
3144 4093 3180 4149 8
3214 4093 3334 4148 Kal.
3376 4093 3514 4162 Apr.
3561 4105 3742 4162 usque
3773 4091 3824 4144 in

2178 4184 2214 4241 8
2239 4186 2360 4241 Kal.
2385 4187 2530 4241 Mai:
2575 4185 2820 4256 legimus
2858 4185 3292 4241 consecrandos.
3323 4181 3682 4251 Theophilus
3705 4179 3828 4249 epi-

2182 4289 2388 4345 scopus
2416 4274 2605 4331 dixit:
2661 4277 2729 4331 Et
2771 4275 3012 4344 impium
3043 4287 3156 4330 non
3199 4276 3306 4344 est,
3341 4277 3402 4328 ut
3443 4271 3534 4326 illi
3564 4277 3684 4325 tres
3711 4270 3830 4324 dies

423 4355 483 4410 in
511 4353 666 4410 ﬁne?
694 4355 961 4426 EpiscOpi
1003 4357 1320 4414 dixerunt:
1367 4360 1428 4413 ln
1456 4359 1823 4431 quuinoxio,
1864 4360 2012 4416 idest
2035 4358 2072 4416 8
2104 4377 2152 4438 D
2183 4365 2471 4436 passionis
2508 4364 2797 4420 Dominici
2847 4369 3070 4420 tantum
3120 4361 3464 4419 sacramenti
3493 4359 3826 4429 mysterium

421 4443 541 4499 Kal.
570 4443 705 4515 Apr.
730 4445 1087 4516 Theophilus
1103 4446 1410 4517 episcopus
1433 4447 1618 4503 dixit:
1654 4449 1888 4506 Probate
1919 4451 2069 4521 quod

417 4533 639 4589 dicitis.
678 4534 746 4590 Et
787 4533 878 4589 illi
915 4535 1361 4605 responderunt:
1413 4536 1709 4606 Scriptura
1740 4538 1904 4611 dicit,
1935 4539 2073 4609 quia

417 4623 549 4688 fecit
573 4625 717 4678 Deus
748 4624 935 4695 lucem,
964 4629 1015 4680 ct
1041 4627 1252 4680 vocavit
1293 4627 1435 4680 Deus
1473 4626 1643 4682 lucem
1669 4627 1832 4692 diem,
1859 4634 1909 4684 et
1941 4630 2074 4697 fecit

426 4712 561 4764 Deus
601 4712 870 4777 tenebras,
916 4716 967 4768 et
997 4714 1245 4768 tenebras
1286 4717 1496 4770 vocavit
1541 4721 1767 4780 noctem,
1809 4721 1858 4772 et
1883 4717 2073 4773 divisit

418 4801 561 4853 inter
614 4801 784 4855 lucem
831 4807 881 4857 et
931 4803 1182 4858 tenebras
1235 4818 1418 4874 aequas
1449 4810 1664 4876 partes.
1718 4806 2073 4877 Theophilus

421 4887 725 4959 episcOpus
742 4891 927 4947 dixit:
960 4893 1100 4948 Ecce
1123 4893 1193 4949 de
1220 4894 1334 4964 die,
1365 4894 1450 4950 vel
1484 4900 1736 4966 tempore
1761 4897 2068 4966 probastis.

422 4979 500 5032 De
529 4976 666 5032 luna
687 4979 826 5048 quid
857 4981 1020 5038 vobis
1059 4981 1328 5038 videtur?
1364 4989 1554 5039 utrum
1598 4988 1964 5058 crescentem,
1997 5001 2070 5044 an

425 5067 668 5138 plenam,
699 5080 772 5122 an
816 5069 1180 5127 imminutam
1211 5085 1245 5127 a
1274 5073 1516 5129 Domino
1556 5071 1740 5131 fuisse
1777 5075 2072 5132 creatam?

421 5156 688 5227 Episcopi
721 5158 1168 5227 responderunt:
1202 5159 1448 5217 Plenam.
1497 5165 1563 5219 Et
1590 5163 1689 5219 ille
1712 5165 1894 5220 dixit:
1926 5168 2066 5222 Pro-

422 5245 550 5302 bate
579 5245 730 5318 quod
755 5246 982 5303 dicitis:
1018 5249 1289 5320 Episcopi
1319 5253 1772 5322 responderunt:
1809 5255 2072 5312 Dicitdi-

421 5336 554 5393 vina
603 5337 938 5408 Scriptura:
990 5341 1135 5394 Fecit
1173 5341 1316 5396 Deus
1358 5341 1465 5396 duo
1510 5343 1810 5399 luminaria
1845 5362 2065 5415 magna,

419 5429 472 5481 et
512 5428 696 5496 posuit
743 5443 806 5483 ea
846 5430 908 5483 in
947 5431 1282 5499 ﬁrmamento
1325 5432 1461 5503 coeli,
1509 5437 1572 5487 ut
1612 5434 1851 5492 lucerent
1905 5453 2069 5509 super

420 5518 642 5581 terram,
692 5517 964 5574 luminare
1006 5521 1210 5591 majus,
1258 5525 1318 5576 ut
1339 5527 1596 5592 praessct
1644 5524 1775 5598 diei,
1807 5531 1857 5582 et
1903 5529 2076 5585 lumi—

2181 4453 2336 4512 foras
2365 4454 2608 4510 limitem
2639 4451 3071 4510 excludantur?
3119 4454 3327 4507 Passus
3359 4463 3604 4519 namque
3631 4447 3831 4503 Domi-

2182 4558 2292 4600 nus
2320 4542 2390 4600 ab
2423 4540 2479 4598 Μ
2506 4541 2624 4598 Kal.
2661 4542 2795 4612 Apr.
2824 4542 2860 4598 5
2883 4544 3004 4598 Fer.
3033 4553 3202 4612 quam
3226 4539 3393 4596 Coena
3418 4537 3652 4594 Domini
3676 4549 3832 4592 voca-

2183 4647 2328 4700 mus,
2369 4632 2507 4703 quia
2532 4637 2694 4687 nocte
2717 4644 2751 4686 a
2791 4631 3006 4687 Iudaeis
3045 4629 3316 4698 traditus,
3352 4626 3583 4698 quando
3607 4631 3667 4680 et
3707 4638 3827 4681 cum

2180 4720 2494 4791 discipulis
2511 4719 2831 4792 discubuit,
2858 4719 3085 4790 quando
3106 4717 3332 4774 etJudaa
3356 4715 3648 4787 prmdixit,
3682 4712 3824 4785 quod

2180 4810 2251 4866 ab
2281 4811 2404 4881 ipso
2433 4814 2582 4865 esset
2611 4809 2950 4866 traditurus.
2981 4809 3138 4878 Quod
3181 4812 3237 4863 et
3275 4807 3356 4862 ita
3385 4810 3613 4862 constat
3655 4803 3829 4859 fuisse

2181 4900 2532 4971 suppletum,
2555 4904 2612 4956 et
2638 4899 2674 4954 8
2695 4899 2796 4954 Kal
2826 4899 2960 4969 Apr.
2996 4898 3332 4954 resurrexit.
3373 4895 3674 4965 Quomodo
3704 4905 3826 4964 ergo

2183 4990 2242 5045 hi
2277 4995 2391 5046 tres
2410 4990 2537 5046 dies
2563 4989 2716 5045 foras
2747 4990 3058 5045 terminum
3097 4985 3510 5043 excludenturl
3564 4981 3822 5054 Episcopi

2180 5080 2488 5135 dixerunt:
2523 5079 2693 5135 Nulla
2715 5080 2935 5134 ratione
2967 5077 3088 5134 fieri
3111 5077 3299 5146 debet,
3319 5080 3380 5130 ut
3405 5080 3632 5130 tantum
3655 5084 3826 5128 sacra-

2181 5174 2432 5226 mentum
2455 5168 2607 5226 foras
2625 5169 2868 5226 limitem
2884 5168 3243 5234 excludatur,
3265 5166 3362 5221 sed
3387 5164 3823 5220 introducantur

2182 5260 2241 5315 in
2268 5260 2470 5316 ordine
2491 5260 2748 5316 Paschali
2764 5260 2822 5315 hi
2851 5263 2968 5314 tres
2989 5259 3133 5316 dies.
3161 5256 3557 5314 Constitutum
3579 5261 3667 5310 est
3697 5265 3823 5323 ergo

2181 5349 2241 5404 in
2275 5349 2376 5405 illa
2405 5351 2619 5420 synodo
2651 5355 2715 5407 ut
2745 5363 2847 5406 nec
2866 5347 2937 5404 ab
2967 5353 3098 5403 ante
3132 5343 3190 5402 Η
3230 5345 3352 5402 Kal.
3381 5345 3545 5415 Apr.,
3581 5357 3684 5400 nec
3708 5345 3826 5412 post

2174 5435 2210 5494 7
2237 5438 2362 5495 Kal.
2394 5439 2528 5512 Mai,
2565 5441 2777 5497 Pascha
2831 5453 2943 5496 non
2985 5440 3226 5497 debeant
3263 5437 3584 5505 observare,
3633 5440 3688 5489 et
3732 5442 3826 5486 nec

2175 5537 2360 5602 antea,
2395 5544 2496 5588 nec
2543 5537 2737 5602 postea
2765 5530 3113 5602 cuicumque
3154 5528 3533 5586 constitutum
3585 5524 3826 5581 limitem
