4054 6192
227 321 355 379 4353

1574 325 1770 379 LIBER
1808 325 1899 380 DE
1934 322 2273 379 COMPUTO.

3476 335 3499 392 4
3508 334 3615 393 354

225 447 674 517 transgrediendi
719 455 867 503 esset
904 446 1160 503 libertas.
1201 448 1487 504 Similiter
1523 455 1578 503 et
1617 449 1686 503 de
1726 448 1862 503 luna
1890 448 1941 506 Α
1974 445 2087 501 tias
2120 462 2300 518 usque
2332 448 2390 504 in
2423 463 2486 505 III
2518 452 2660 508 Non.
2694 453 2829 523 Apr.
2867 455 3035 523 primi
3069 457 3282 513 mensis
3306 456 3499 514 lunam
3532 460 3619 516 in-

228 544 559 605 przeceptum
600 537 861 591 divinum
908 545 1184 597 servetur.
1233 539 1381 607 quod
1420 538 1747 593 mandatum
1778 542 1865 591 est

228 638 318 694 per
338 626 584 694 Moysen,
613 624 691 678 sit
717 624 879 679 vobis
904 625 1264 681 observatum
1288 642 1314 680 a
1348 624 1411 681 44
1435 626 1568 681 luna
1598 639 1779 695 usque
1804 625 1861 678 in

222 710 305 767 24.
338 715 447 768 Has
476 728 608 784 ergo
636 710 671 767 7
694 713 861 768 lunas
890 721 1114 769 constat
1144 713 1325 770 fuisse
1352 723 1731 782 consecratas,
1767 712 1860 768 sed

225 803 355 872 quia
374 802 553 857 Judaei
578 816 606 855 a
634 799 699 856 44
722 802 856 857 luna
884 808 1076 857 tenent
1102 804 1331 867 Pascha,
1359 817 1461 857 nos
1482 816 1707 857 necesse
1728 808 1812 857 est
1834 814 1866 855 a

228 888 291 946 45
329 904 509 961 usque
550 890 607 944 in
647 888 708 943 24
751 890 1037 945 celebrare
1076 892 1303 946 Pascha.
1347 891 1583 959 Quando
1619 903 1752 960 ergo
1786 889 1866 943 sit

225 980 371 1034 intra
414 978 576 1033 illum
628 978 869 1033 limitem
917 978 1295 1034 constitutum
1342 978 1413 1033 ab
1463 993 1518 1033 xi
1564 979 1682 1033 Kal.
1728 980 1861 1047 Apr.

227 1082 401 1138 usque
421 1068 479 1121 in
502 1082 580 1122 vu
606 1068 728 1122 Kal.
754 1068 894 1122 Mai:
916 1068 1042 1124 dies
1062 1070 1417 1132 Dominicus,
1440 1074 1496 1123 et
1520 1067 1651 1122 luna
1668 1066 1865 1136 aliqua

222 1170 288 1212 ex
312 1155 431 1210 illis
448 1152 483 1209 7
504 1155 854 1210 sanctificata
878 1154 1190 1230 obveniret,
1214 1157 1424 1212 Pascha
1447 1155 1615 1211 nobis
1638 1155 1865 1224 jussum

222 1249 306 1299 est
333 1243 635 1299 celebrare.

256 1334 451 1402 Incipit
478 1333 705 1401 epistola
736 1333 930 1399 Cyl-illi
956 1333 1354 1387 Alexandrinae
1387 1333 1546 1387 Urbis
1573 1332 1825 1400 qn'scoPi.

290 1419 451 1475 CXL.
494 1420 835 1489 Antiquitus
877 1420 1125 1476 Ecclesia
1165 1420 1377 1476 Pascha
1418 1418 1497 1475 44.
1548 1422 1701 1475 Luna
1736 1433 1865 1474 cum

218 1507 429 1565 Iudaeis
471 1507 811 1571 celebrabat,
852 1522 1212 1579 quocumque
1244 1508 1340 1563 die
1378 1515 1720 1564 occurreret.
1760 1505 1863 1561 Sed

223 1598 375 1652 hunc
406 1597 583 1652 ritum
609 1597 793 1652 sancti
836 1598 1028 1653 Patres
1060 1598 1115 1651 in
1148 1598 1374 1653 Nictena
1406 1597 1629 1667 Synodo
1662 1594 1867 1665 prohi-

222 1687 490 1755 buerunt,
517 1686 935 1741 constituentes
956 1700 1066 1741 non
1090 1686 1276 1742 solum
1297 1686 1619 1741 Paschalem
1643 1690 1698 1739 et
1721 1696 1868 1738 men-

1976 535 2235 604 quirunt,
2270 542 2326 591 et
2354 538 2403 592 si
2441 535 2506 594 45
2536 539 2673 595 luna
2708 542 2803 596 die
2835 544 3135 600 Dominico
3175 547 3520 618 provenerit,
3553 546 3614 602 in

1973 622 2146 677 aliam
2172 623 2323 678 diem
2352 626 2561 681 Pascha
2595 629 2955 697 protrahunt.
2988 630 3170 687 Graeci
3203 633 3375 702 primi
3407 635 3619 690 mensis

1976 708 2168 765 lunam
2198 711 2268 766 ab
2290 726 2391 767 VIII
2416 714 2492 768 Id.
2525 717 2689 770 Mart.
2720 731 2902 786 usque
2932 717 2989 771 in
3009 718 3160 774 diem
3183 722 3322 776 Non.
3347 722 3483 791 Apr.
3507 721 3620 778 ob—

1975 807 2220 870 servant,
2268 807 2324 855 et
2366 802 2415 856 si
2456 799 2521 858 45
2566 804 2700 859 luna
2746 806 2842 860 die
2889 807 3187 862 Dominico
3237 811 3615 878 concurrerit,

1974 895 2235 943 sanctum
2260 891 2472 946 Pascha
2487 892 2790 948 celebrant.
2819 895 3157 963 Hujusmodi
3180 910 3313 968 ergo
3332 898 3619 955 dissensio

1979 975 2128 1030 inter
2150 983 2422 1047 utrosque
2442 979 2761 1037 Paschalem
2783 981 3034 1052 regulam
3053 983 3265 1039 turbat.
3290 984 3625 1042 Communis

1975 1069 2161 1119 autem
2178 1067 2619 1127 annusdicitur.
2639 1069 2737 1138 qui
2760 1075 2977 1125 tantum
3002 1068 3266 1142 42lunas,
3284 1074 3625 1131 hoccstdies

1975 1149 2080 1207 iiii
2105 1152 2268 1208 habet
2289 1172 2303 1219 ς
2323 1154 2517 1211 dictus
2536 1163 2724 1211 autem
2746 1159 3069 1213 communis
3090 1160 3226 1229 quia
3245 1176 3391 1230 saepe
3407 1164 3523 1219 duo
3546 1165 3626 1219 ita

1976 1242 2268 1309 conjuncti
2291 1243 2560 1299 incedunt
2581 1244 2840 1313 invicem,
2862 1252 2917 1301 et
2933 1261 2992 1301 se
3011 1248 3068 1301 in
3086 1248 3344 1305 Paschali
3363 1251 3630 1308 solemni-

1977 1337 2442 1401 tatesequuntur.
2462 1335 2595 1387 Nam
2612 1333 3222 1393 embolismalisannus
3234 1342 3626 1408 sempersolus

1975 1426 2081 1489 est,
2100 1419 2515 1475 embolismalis
2532 1434 2719 1477 annus
2733 1428 2838 1488 est,
2860 1424 2960 1493 qui
2978 1420 3044 1479 43
3063 1438 3282 1481 menses
3300 1426 3549 1497 lunares,
3568 1431 3624 1486 id

1975 1514 2061 1563 est
2081 1504 2185 1562 384
2204 1508 2330 1563 dies
2354 1508 2557 1563 habere
2581 1516 2947 1565 monstratur.
2976 1513 3098 1580 Ipse
3117 1518 3204 1567 est
3222 1526 3409 1570 annus
3430 1523 3626 1574 sancto

1975 1596 2151 1665 Moysi
2170 1596 2461 1651 divinitus
2480 1597 2679 1652 revelat
2694 1613 2780 1668 us,
2806 1599 2862 1653 in
2882 1600 3285 1669 quojubentur
3299 1602 3380 1672 hi,
3398 1605 3498 1673 qui
3515 1605 3608 1661 lon

1976 1684 2108 1754 gius
2131 1683 2484 1747 habitabant,
2513 1684 2571 1738 in
2594 1686 2844 1741 secundo
2868 1700 3056 1742 mense
3078 1688 3289 1743 Pascha
3314 1690 3622 1749 celebrare.

222 1788 338 1829 sem
372 1773 684 1844 inquirere,
730 1774 826 1829 sed
862 1776 1033 1829 etiam
1064 1776 1215 1830 diem
1256 1773 1717 1829 Resurrectionis
1748 1774 1867 1827 Do-
1898 1760 1948 1819 Β
1975 1772 2361 1827 Embolismus
2390 1778 2578 1827 autem
2613 1786 2814 1829 nomen
2840 1775 3099 1831 Graecum
3126 1781 3231 1846 est,
3261 1779 3410 1847 quod
3440 1779 3630 1836 inter-

224 1864 450 1919 minicaa
508 1863 825 1933 observare,
880 1869 934 1918 et
988 1863 1060 1919 ob
1120 1864 1222 1918 hoc
1277 1864 1488 1919 Pascha
1536 1876 1568 1917 a
1618 1856 1683 1916 45
1732 1861 1867 1915 luna

224 1966 406 2022 usque
472 1952 528 2007 in
608 1952 936 2007 vicesimam
1016 1952 1254 2017 primam
1330 1952 1726 2016 extenderunt,
1804 1954 1868 2005 ut

221 2042 347 2097 dies
375 2041 712 2097 Dominicus
736 2055 843 2097 non
876 2041 1295 2097 obmitteretur.
1323 2040 1533 2095 Pascha
1555 2047 1742 2095 autem
1764 2052 1866 2094 vo—

221 2128 488 2184 cabulum
537 2142 647 2183 non
685 2132 965 2197 Graecum,
1008 2129 1103 2184 sed
1151 2128 1509 2183 Hebraeorum
1553 2136 1658 2186 est.
1704 2141 1805 2181 nec
1838 2138 1870 2179 a

224 2218 509 2283 Passione,
550 2231 715 2287 quam
762 2218 968 2273 Phasin
1012 2220 1203 2273 Griece
1240 2218 1494 2273 dicimus
1530 2216 1667 2286 pati,
1710 2215 1805 2270 sed
1840 2228 1873 2270 a

224 2305 476 2362 transitu
495 2306 725 2361 IIebrzeo
750 2306 921 2361 verbo
951 2307 1162 2361 Pascha
1192 2306 1473 2375 appellata
1495 2314 1599 2371 est,
1629 2319 1693 2359 eo
1723 2304 1871 2374 quod

225 2398 361 2449 tunc
413 2393 660 2462 populus
706 2394 806 2447 Dei
854 2407 922 2447 ex
970 2394 1207 2463 Egypt!)
1254 2394 1565 2448 transierit.
1617 2392 1770 2446 Unde
1815 2392 1875 2445 in

223 2480 550 2550 Evangelio,
573 2496 691 2533 cum
712 2480 955 2542 vidisset,
977 2481 1189 2551 inquit,
1214 2484 1388 2543 Jesus,
1412 2484 1541 2549 quia
1559 2482 1704 2533 venit
1720 2480 1872 2540 hora,

230 2574 288 2623 ut
327 2571 591 2623 transiret
632 2569 698 2622 de
740 2570 941 2622 mundo
984 2570 1059 2622 ad
1097 2572 1329 2623 Patrem.
1376 2570 1552 2637 Cujus
1598 2582 1705 2623 nox
1750 2568 1876 2622 ideo

235 2669 330 2725 per
353 2654 613 2725 vigiliam
635 2654 875 2710 ducitur
898 2663 1127 2725 propter
1151 2656 1453 2711 adventum
1482 2657 1666 2725 Regis.
1690 2669 1754 2709 ac
1776 2654 1874 2708 Dei

234 2744 438 2813 nostri,
468 2750 531 2798 ut
557 2749 781 2812 tempus
822 2745 1282 2800 Resurrectionis
1312 2746 1436 2814 ejus
1466 2759 1566 2799 nos
1597 2757 1706 2798 non
1734 2744 1879 2798 dor—

228 2833 486 2900 mientes,
512 2832 607 2886 sed
630 2818 936 2902 vigilantes
961 2833 1232 2888 inveniat.
1258 2833 1435 2901 Cujus
1456 2832 1642 2887 noctis
1665 2830 1878 2899 duplex

231 2921 376 2977 ratio
418 2926 523 2988 est,
557 2921 676 2975 sive
707 2920 856 2989 quod
902 2920 960 2975 in
1000 2922 1192 2975 eadem
1240 2922 1411 2975 vitam
1461 2925 1599 2975 tunc
1643 2919 1877 2987 recepit,

228 3024 356 3065 cum
399 3022 599 3079 passus
628 3014 733 3078 est,
767 3008 886 3064 sive
925 3010 1073 3080 quod
1112 3016 1300 3078 postea
1335 3009 1493 3074 hora,
1528 3021 1639 3078 qua
1672 3021 1875 3063 resur-

1979 1865 2237 1929 pretatur
2280 1860 2477 1913 Latine
2516 1868 3080 1932 superaugmentum,
3121 1878 3187 1919 eo
3222 1867 3373 1934 quod
3406 1868 3631 1937 expleat

1979 1961 2277 2003 numerum
2307 1962 2584 2003 annorum
2613 1951 3025 2021 communium,
3057 1951 3273 2020 quibus
3302 1950 3360 2007 44
3394 1954 3629 2012 lunares

1977 2036 2104 2091 dies
2141 2037 2335 2091 deesse
2373 2041 2708 2091 cernuntur.
2751 2037 3104 2093 Embolimtei
3143 2046 3332 2095 autem
3372 2043 3531 2113 anni,
3572 2052 3629 2101 et

1979 2139 2309 2181 communes
2366 2125 2450 2179 sic
2514 2124 2909 2181 inveniuntur.
2963 2127 3021 2181 Si
3080 2127 3233 2182 enim
3276 2142 3317 2183 .a
3368 2126 3434 2186 45
3506 2132 3641 2188 luna

1986 2214 2211 2269 Pascha:
2239 2214 2610 2283 pratcedentis
2638 2227 2819 2283 usque
2843 2215 2912 2269 ad
2940 2221 3199 2285 quartam
3232 2217 3509 2275 decimam
3537 2235 3635 2276 se-

1984 2304 2217 2372 quentis
2240 2300 2345 2357 384
2368 2302 2494 2357 dies
2524 2300 2759 2371 fuerint,
2791 2304 3214 2360 Embolismalis
3238 2318 3425 2363 annus
3444 2315 3546 2364 est.
3572 2311 3631 2365 Si

1985 2388 2110 2461 354,
2160 2391 2503 2446 communis.
2556 2391 2851 2446 Bissextus
2902 2398 2989 2447 est
3040 2406 3138 2461 per
3182 2408 3362 2449 annos
3410 2392 3443 2450 4
3482 2412 3633 2453 unus

1985 2480 2132 2548 dies,
2185 2479 2463 2547 adjectus.
2511 2480 2730 2535 Crescit
2784 2480 2936 2535 enim
3000 2494 3099 2549 per
3148 2481 3412 2553 singulos
3453 2498 3634 2542 annos

1987 2574 2189 2637 quarta
2233 2581 2362 2636 pars
2391 2568 2558 2635 assis,
2592 2581 2657 2622 ac
2688 2567 2786 2622 ubi
2828 2574 3032 2637 quarto
3070 2582 3219 2624 anno
3247 2584 3428 2626 assem
3470 2587 3633 2629 com-

1990 2657 2246 2726 pleverit,
2275 2656 2625 2710 bissextilem
2649 2669 2861 2712 annum
2886 2655 3045 2710 facit.
3073 2658 3273 2713 Dictus
3293 2666 3481 2716 autem
3504 2662 3636 2719 bis-

1988 2752 2202 2813 sextus,
2230 2745 2365 2814 quia
2399 2744 2489 2799 bis
2517 2744 2703 2799 sexies
2730 2745 2939 2799 ductus
2967 2758 3149 2801 assem
3175 2745 3333 2817 facit,
3368 2751 3515 2819 quod
3550 2759 3636 2808 est

1992 2849 2142 2891 unus
2205 2834 2350 2901 dies,
2407 2834 2560 2888 sicut
2611 2839 2668 2887 et
2716 2833 3087 2903 quadrantem
3146 2841 3375 2905 propter
3435 2846 3637 2909 quater

1987 2923 2248 2991 ductum,
2298 2922 2446 2990 quod
2495 2926 2581 2975 est
2621 2920 2959 2992 bissextum,
3007 2923 3157 2992 quod
3200 2938 3372 2993 super
3409 2928 3634 2985 dierum

1989 3022 2222 3064 cursum
2262 3009 2319 3062 in
2359 3022 2508 3062 anno
2551 3008 2636 3062 sol
2678 3006 2835 3062 facit.
2879 3009 2923 3062 A
2957 3022 3035 3063 vn
3072 3017 3259 3065 autem
3294 3015 3435 3069 Non.
3470 3019 3635 3076 Mart.

226 3076 493 3166 rexit,-ad
522 3076 897 3166 judicandum
929 3076 1207 3153 venturus
1235 3102 1337 3151 est.
1375 3099 1448 3151 Eo
1478 3076 1666 3151 autem
1700 3094 1868 3148 modo
1915 3076 1965 3138 C
1996 3110 2176 3165 usque
2210 3096 2264 3149 in
2302 3096 2452 3150 diem
2497 3095 2643 3163 prid.
2690 3094 2811 3149 Kal.
2848 3097 3013 3150 Janu.
3060 3095 3118 3150 in
3154 3097 3307 3153 lunae
3337 3116 3512 3159 cursu
3545 3106 3636 3163 bis

225 3186 449 3257 agimus
473 3186 707 3253 Pascha,
735 3192 930 3241 utnon
954 3186 1139 3241 solum
1172 3192 1403 3241 mortem
1428 3192 1485 3240 et
1512 3182 1855 3239 resurrectio

229 3288 354 3330 nem
395 3274 609 3329 Christi
661 3276 718 3329 in
772 3275 1100 3330 memoriam
1152 3288 1494 3342 revocemus,
1545 3273 1639 3328 sed
1689 3273 1862 3327 etiam

224 3368 447 3433 cietera,
489 3377 615 3433 qua:
650 3364 804 3418 circa
836 3377 964 3418 eum
1003 3363 1378 3429 adtestantur,
1420 3363 1488 3417 ad
1528 3363 1865 3417 Sacramen-

228 3457 414 3507 torum
446 3450 927 3521 significationem
963 3451 1306 3521 inspicimus
1334 3468 1349 3519 ;
1380 3457 1611 3520 propter
1644 3449 1880 3504 initium

227 3539 377 3594 enim
414 3553 568 3593 novae
599 3539 749 3608 vitae,
781 3545 836 3593 et
867 3546 1097 3609 propter
1126 3554 1332 3595 novum
1369 3540 1677 3607 hominem,
1711 3551 1877 3608 quem

222 3627 496 3697 jubemur
544 3627 800 3698 induere,
851 3634 908 3683 et
948 3642 1154 3683 exuere
1201 3634 1464 3691 veterem,
1512 3631 1880 3696 empurguntes

220 3721 377 3770 vrtus
416 3718 762 3782 fermentum,
796 3721 858 3770 ut
889 3718 1057 3770 simus
1090 3732 1225 3770 nova
1262 3718 1586 3785 conspersio,
1620 3717 1878 3784 quoniam

224 3805 441 3859 Pascha
507 3810 749 3858 nostrum
810 3806 1117 3859 immolatus
1177 3811 1254 3859 est
1314 3805 1577 3859 Christus.
1644 3806 1879 3874 Propter

227 3894 377 3948 hanc
408 3906 543 3963 ergo
588 3893 718 3947 vita:
750 3893 1057 3949 novitatem
1102 3894 1324 3963 primus
1357 3894 1568 3948 mensis
1603 3908 1875 3949 novorum

228 3984 288 4036 in
320 3980 457 4036 anni
494 3981 787 4036 mensibus
816 3982 882 4036 ad
915 3981 1351 4037 celebrationem
1386 3982 1610 4035 Pascha:
1644 3982 1879 4051 mystice

224 4071 561 4125 adtributus
590 4075 694 4124 est.
724 4068 880 4137 Quod
916 4070 1086 4125 tertia
1117 4070 1469 4126 Ilebdomada
1500 4071 1627 4125 dies
1652 4070 1878 4125 Paschae

224 4157 565 4228 celebretur,
602 4159 657 4214 id
690 4166 774 4214 est
804 4158 903 4229 qui
935 4158 1061 4214 dies
1093 4158 1411 4214 occurrerit
1434 4171 1465 4213 a
1495 4155 1560 4212 45
1589 4158 1645 4211 in
1676 4156 1739 4212 24
1774 4158 1879 4213 hoc

226 4246 540 4317 significat,
575 4247 711 4316 quia
743 4251 861 4302 toto
901 4252 1151 4317 tempore
1180 4247 1382 4316 seculi,
1422 4246 1520 4317 qui
1556 4246 1878 4315 septenario

229 4346 469 4389 numero
498 4335 711 4405 agitur,
747 4349 898 4390 nunc
933 4336 1167 4391 tertium
1196 4341 1420 4405 tempus
1453 4338 1559 4405 est,
1593 4334 1741 4405 quod
1775 4333 1879 4390 hoc

1992 3185 2322 3255 adponitur,
2365 3191 2536 3252 atque
2568 3183 2700 3238 inde
2737 3182 3081 3238 detrahitur.
3129 3186 3494 3246 lntercalares
3523 3206 3637 3249 au-

1995 3282 2105 3330 tem
2135 3274 2260 3328 dies
2297 3272 2512 3327 idcirco
2549 3278 2843 3340 vocantur,
2886 3271 3023 3341 quia
3068 3272 3534 3349 interponuntur,
3570 3288 3635 3338 ut

1995 3364 2143 3420 ratio
2175 3363 2323 3417 lunae
2358 3361 2614 3431 solisque
2652 3361 2969 3415 conveniat.
3016 3361 3213 3417 Calare
3237 3364 3389 3420 enim
3428 3382 3635 3436 ponere

1992 3453 2233 3509 dicitur.
2266 3450 2604 3505 lntercalare
2635 3449 3016 3518 interponere.
3050 3451 3288 3520 Epactas
3315 3454 3497 3512 Graeci
3528 3475 3636 3516 vo-

1992 3546 2142 3601 cant,
2179 3538 2363 3594 Latini
2392 3537 2742 3606 adjectiones
2765 3550 2987 3592 annuas
3016 3537 3267 3612 lunares,
3297 3557 3423 3612 quae
3446 3548 3637 3604 unde-

1992 3630 2217 3684 narium
2246 3640 2542 3681 numerum
2578 3638 2757 3695 usque
2786 3626 2853 3680 ad
2881 3626 3255 3683 tricenarium
3279 3629 3339 3685 in
3362 3645 3421 3687 se
3442 3634 3635 3691 revol-

1989 3724 2221 3779 vuntur,
2278 3729 2421 3785 quas
2465 3713 2592 3769 ideo
2639 3713 2889 3784 Egyptii
2943 3714 3250 3784 adjiciunt,
3307 3724 3370 3774 ut
3407 3719 3633 3779 lunaris

1991 3804 2203 3861 mensis
2252 3803 2462 3859 rationi
2518 3801 2661 3858 solis
2707 3809 2986 3872 aequetur.
3038 3804 3191 3860 Luna
3237 3812 3425 3863 autem
3468 3810 3637 3879 juxta

1986 3907 2221 3949 cursum
2253 3905 2421 3947 suum
2454 3889 2544 3959 '29,
2585 3898 2643 3945 et
2670 3890 2844 3945 semis
2872 3890 2998 3945 dies
3030 3890 3218 3947 lucere
3246 3893 3633 3966 dignoscitur,

1986 3989 2044 4036 et
2070 3987 2201 4035 sunt
2234 3981 2291 4035 in
2319 3993 2468 4034 anno
2498 3979 2728 4033 lunares
2756 3979 2881 4033 dies
2910 3977 3035 4049 3'ii,
3072 3990 3361 4038 remanent.
3393 3985 3461 4040 ad
3494 4001 3637 4042 cur—

1990 4082 2117 4125 sum
2155 4068 2292 4122 anni
2336 4067 2544 4121 solaris
2573 4067 2700 4121 dies
2739 4081 2819 4136 xI,
2855 4082 3000 4137 quos
3037 4068 3285 4139 :Egyptii
3324 4073 3631 4144 adjiciunt,

1992 4158 2140 4214 unde
2166 4163 2223 4211 et
2250 4155 2600 4224 adjectiones
2625 4162 2918 4210 vocantur.
2946 4155 3175 4227 Absque
3208 4158 3299 4215 his
3327 4173 3439 4216 non
3472 4162 3638 4219 inve-

1990 4245 2114 4300 nies
2140 4244 2354 4312 lunam,
2390 4248 2563 4312 quota
2594 4241 2672 4295 sit
2696 4241 2753 4295 in
2786 4242 3045 4311 quolibet
3073 4257 3242 4317 anno,
3271 4253 3326 4303 et
3349 4262 3557 4321 mense,
3582 4258 3638 4307 et

1987 4334 2100 4389 die.
2132 4337 2253 4388 Istae
2279 4332 2500 4400 Εμιιεῐ;ε
2526 4342 2746 4399 semper
2774 4330 2831 4383 in
2867 4343 2922 4384 x1
2952 4331 3073 4385 Kal.
3102 4333 3241 4401 Apr.
3267 4337 3638 4403 reperiuntur

224 4425 656 4477 Sacramentum
701 4423 989 4492 apparuit.
1041 4424 1294 4480 Primum
1336 4422 1486 4479 enim
1530 4427 1755 4491 tempus
1794 4428 1880 4477 est
1912 4438 1962 4497 Ι)
1994 4422 2053 4477 ἱη
2078 4423 2270 4476 eadem
2311 4420 2467 4485 luna,
2500 4433 2625 4489 qum
2656 4416 2835 4473 fuerit
2862 4431 2928 4473 eo
2958 4419 3072 4473 die.
3113 4421 3496 4479 Continentur
3520 4439 3636 4480 au—

228 4515 362 4565 ante
388 4510 586 4580 legem,
621 4510 932 4566 secundum
961 4510 1070 4567 sub
1097 4511 1236 4583 lege,
1273 4511 1504 4566 tertium
1531 4509 1638 4565 sub
1670 4511 1874 4581 gratia.

229 4599 338 4653 Ubi
360 4601 474 4669 jam
511 4598 875 4655 manifestum
908 4606 992 4655 est
1021 4601 1444 4655 Sacramentum
1482 4600 1642 4669 prius
1679 4600 1880 4654 occul—

228 4696 353 4742 tum
405 4689 720 4757 Prophetize
767 4689 1177 4760 Enigmaticm.
1229 4690 1353 4743 Ideo
1396 4695 1450 4742 et
1496 4696 1724 4758 propter
1763 4690 1878 4743 inec

229 4778 346 4830 tria
394 4782 647 4846 tempora
691 4776 886 4833 saeculi
936 4778 1297 4832 Resurrectio
1343 4778 1568 4833 Domini
1611 4778 1877 4833 triduana

226 4870 339 4919 est.
358 4865 517 4933 Quod
540 4880 672 4921 vero
696 4880 727 4921 a
754 4863 818 4921 45
840 4866 974 4921 luna
994 4879 1175 4937 usque
1192 4866 1260 4921 ad
1286 4866 1609 4921 vicesimam
1638 4868 1877 4935 primam

229 4967 335 5023 per
351 4953 479 5009 dies
498 4960 712 5024 septem
742 4955 1031 5011 Paschalis
1050 4955 1177 5011 dies
1202 4955 1503 5026 quaeritur,
1534 4962 1762 5025 propter
1786 4956 1882 5026 ipe-

227 5055 363 5095 sum
397 5056 693 5098 numerum
726 5044 1109 5113 septenarium
1144 5044 1203 5099 in
1229 5044 1622 5100 universitate.
1651 5044 1805 5099 Unde
1826 5050 1882 5099 et

224 5130 518 5185 Johannes
542 5132 849 5201 Apostolus
882 5132 940 5187 in
965 5132 1303 5203 Apocalypsi
1336 5134 1403 5187 ad
1433 5138 1642 5202 septem
1679 5135 1883 5188 scribit

222 5217 535 5274 Ecclesias.
580 5222 832 5277 Ecclesia
871 5235 1002 5277 vero
1045 5222 1233 5278 adhuc
1274 5222 1332 5277 in
1382 5222 1489 5277 ista
1538 5223 1883 5277 mortalitate

221 5307 432 5363 carnis
461 5310 772 5366 constituta
801 5316 1031 5381 propter
1059 5312 1235 5382 ipsam
1267 5310 1707 5367 mutabilitatem
1734 5312 1882 5367 lnnaa

223 5397 467 5453 nomine
499 5398 558 5454 in
588 5401 907 5471 Scripturis
936 5401 1319 5472 significatur.
1358 5400 1521 5454 Varia
1552 5405 1738 5456 autem
1773 5402 1886 5457 ob-

225 5488 521 5542 servantia
552 5488 890 5559 opinionum
922 5488 1213 5545 Paschalis
1236 5486 1568 5543 festivitatis
1596 5488 1776 5544 interd
1790 5505 1878 5545 um

224 5586 487 5630 errorem
517 5575 725 5648 gignit.
761 5577 950 5634 Latini
990 5589 1234 5647 namque
1263 5589 1294 5629 a
1317 5575 1495 5635 tertio
1527 5578 1714 5633 Nonas
1744 5579 1884 5633 Mar-

625 5710 854 5766 PATROL.
905 5706 1155 5770 CXXIX.

1990 4517 2101 4565 tem
2136 4508 2356 4563 circulo
2385 4505 2907 4575 deceninuvennali,
2940 4507 3037 4560 sed
3069 4521 3196 4560 cum
3236 4508 3304 4562 ad
3338 4506 3404 4562 49
3434 4524 3638 4578 perve-

1991 4597 2201 4655 nerint.
2247 4597 2344 4665 qui
2385 4602 2470 4648 est
2513 4593 2771 4648 circulus
2808 4594 3357 4661 decemnovennalis,
3391 4597 3504 4664 jam
3539 4613 3637 4653 se-

1990 4686 2187 4757 quenti
2217 4699 2366 4738 anno
2396 4698 2501 4739 non
2530 4683 2703 4736 addes
2724 4697 2895 4750 super
2914 4680 2983 4735 '2‘.)
3008 4680 3089 4749 44,
3121 4689 3182 4737 ut
3209 4681 3273 4738 40
3296 4685 3633 4758 adnuncies,

1988 4773 2301 4831 destructis
2338 4774 2427 4841 30,
2462 4773 2555 4827 sed
2594 4772 2725 4827 inde
2766 4779 3043 4827 revertere
3078 4777 3140 4826 ut
3171 4769 3228 4826 44
3268 4778 3632 4844 pronuncies.

2378 4863 2619 4930 Earplicit
2661 4861 2885 4928 epistola
3027 4860 3237 4928 Cyrilli.

2058 4955 2242 5009 CXLI.
2288 4950 2538 5021 Epistula
2581 4948 2909 5003 Paschasini
2951 4950 3205 5019 episcopi
3247 4952 3315 5007 ad
3358 4951 3636 5012 beatissi-

1992 5058 2143 5098 mum
2174 5044 2373 5110 Papam
2407 5042 2635 5093 Leonem
2665 5038 2735 5091 de
2761 5036 3077 5107 indaganda
3106 5039 3326 5097 ratione
3353 5043 3632 5099 Paschali.

1992 5132 2177 5200 (Edita
2211 5135 2286 5182 est
2325 5145 2355 5177 η
2394 5127 2647 5179 ῙξιιιιΙιρνίίι
2678 5130 2725 5176 rt
2761 5125 2935 5189 aliis.)

1992 5242 2065 5292 De
2121 5236 2428 5290 nominibus
2476 5231 2777 5292 stellarum,
2828 5233 3026 5299 quibus
3069 5251 3137 5287 ea:
3186 5238 3363 5289 causis
3411 5238 3628 5290 nomina

2640 5308 2980 5372 acceperunt.

2062 5399 2266 5454 CXLII.
2319 5395 2409 5450 Sol
2466 5393 2807 5463 appellatus,
2857 5407 2923 5450 eo
2968 5392 3116 5463 quod
3163 5392 3322 5448 solus
3361 5402 3633 5463 appareat

1992 5487 2315 5544 obscuratis
2338 5484 2560 5556 fulgore
2588 5497 2693 5539 suo
2714 5483 2939 5538 cunctis
2962 5479 3269 5536 sideribus.
3296 5482 3448 5538 Luna
3474 5485 3630 5541 dicta

1987 5577 2153 5649 quasi
2195 5575 2428 5646 Lucina,
2469 5572 2655 5628 ablata
2688 5570 2872 5627 media
2910 5566 3148 5638 syllaba,
3179 5568 3250 5623 de
3288 5583 3399 5639 qua
3432 5572 3629 5645 Virgi-

3276 5698 3345 5760 43
