4076 6174
371 260 512 346 ‘355

1237 257 1525 311 APPEND.
1569 256 1661 310 AD
1700 253 1861 309 SZEC.
1908 253 2006 307 IX.
2042 280 2112 290 —
2157 249 2516 306 AUCTORES
2557 249 2896 306 ANONYMI.

3649 245 3778 304 4336

363 386 486 444 lius
515 404 528 440 :
563 383 726 442 Casta
753 386 878 452 fave
905 384 1135 438 Lucina.
1175 383 1432 453 Sumpsit
1460 387 1648 438 autem
1679 393 1883 436 nomen
1918 391 2014 448 per
2039 395 2100 454 Α
2120 375 2417 446 dicuntur,
2445 376 2672 448 quando
2692 384 2750 432 et
2770 375 3019 432 molestae
3038 381 3176 431 sunt
3193 375 3591 446 purgationes.
3613 369 3784 427 Canis

363 473 776 531 derivationem
807 485 838 527 a
865 470 1008 528 solis
1037 471 1182 542 luce,
1215 485 1282 528 eo
1313 472 1462 542 quod
1492 471 1564 525 ab
1593 483 1658 526 eo
1690 469 1881 525 lumen
1911 481 2016 522 ac—

367 561 572 633 cipiat,
629 565 922 630 acceptum
983 560 1196 616 reddat.
1252 559 1441 615 Stellae
1487 559 1657 615 dictae
1703 571 1736 612 a
1788 557 2012 625 stando,

369 649 508 720 quia
537 649 651 705 ﬁxa
690 653 846 704 stant
882 661 1103 718 semper
1143 647 1202 702 in
1243 647 1386 703 coelo
1419 665 1434 715 ;
1465 660 1563 702 nec
1604 645 1818 701 eadunt
1843 661 1858 713 ς
1888 657 2015 699 nam

369 737 522 808 quod
561 737 823 794 videmus
851 750 882 792 e
909 737 1052 792 coelo
1091 735 1287 792 stellas
1326 735 1462 804 labi,
1499 749 1610 791 non
1642 737 1778 790 sunt
1816 732 2015 800 stellae,

369 827 468 882 sed
491 824 736 896 igniculi
758 838 886 880 aere
911 824 1080 894 lapsi,
1105 823 1203 895 qui
1230 823 1395 893 ﬁunt,
1421 823 1559 878 dum
1585 827 1788 877 ventus
1811 820 2020 876 altiora

370 919 570 985 petens
591 913 900 970 aathereum
922 913 1110 984 ignem
1133 925 1324 968 secum
1349 912 1550 981 trahit,
1581 911 1679 982 qui
1704 915 1890 966 tractu
1915 922 2020 965 suo

372 1001 638 1058 imitatur
680 1001 878 1057 stellas
918 1001 1202 1057 cadentes.
1254 1001 1392 1055 Nam
1443 999 1624 1055 stellae
1663 999 1864 1054 cadere
1908 1011 2020 1054 non

371 1093 635 1162 possunt,
671 1089 1106 1160 immobilesque
1138 1093 1202 1144 ut
1231 1089 1590 1158 praedictum,
1624 1091 1778 1158 sunt,
1811 1092 2018 1142 etcum

374 1177 519 1235 caelo
565 1177 692 1232 ﬁxae
739 1175 1022 1232 feruntur.
1066 1175 1267 1232 Sidera
1311 1175 1486 1244 dicta,
1540 1176 1690 1246 quod
1739 1188 1804 1230 ea
1851 1173 2022 1229 navi—

375 1269 576 1338 gantes
636 1263 1052 1320 considerando
1121 1263 1388 1334 dirigunt
1447 1263 1516 1319 ad
1583 1275 1817 1318 cursum
1877 1273 2024 1316 con-

374 1351 600 1424 silium,
649 1365 720 1408 ne
767 1349 1072 1407 fallacibus
1122 1351 1319 1422 undis,
1373 1357 1474 1406 aut
1521 1351 1708 1406 ventis
1753 1349 1868 1405 alio
1915 1349 2024 1404 de-

373 1441 682 1498 ducantur.
743 1439 1012 1509 Quzedam
1072 1443 1258 1494 autem
1333 1438 1510 1494 stellae
1573 1439 1791 1494 idcirco
1859 1436 2024 1508 signa

375 1529 676 1597 dicuntur,
743 1527 883 1598 quia
943 1539 1009 1582 ea
1077 1532 1265 1582 nautae
1330 1526 1632 1582 observant
1690 1526 1749 1580 in
1811 1524 2026 1597 guber—

373 1617 588 1672 nandis
625 1613 905 1685 remigiis,
937 1613 1386 1684 contemplantes
1413 1614 1594 1669 aciem
1633 1612 2026 1685 fulgoremque

2123 471 2313 521 autem
2370 469 2627 533 vocatur,
2697 469 2991 534 prOpterea
3062 464 3212 533 quod
3271 475 3512 534 corpora
3582 459 3776 515 morbo

2123 551 2353 623 alliciat,
2383 553 2504 609 sive
2534 558 2766 623 propter
2789 553 3027 608 ﬂamma:
3056 552 3383 623 candorem,
3416 564 3546 621 quas
3573 550 3787 618 hujus-

2129 641 2282 697 modi
2304 641 2402 712 sit,
2433 646 2496 698 ut
2523 655 2636 712 pra:
2660 643 2885 698 caeteris
2913 641 3100 698 lucere
3129 641 3412 697 videatur.
3446 642 3650 710 Itaque
3675 651 3786 709 quo

2129 730 2316 802 magis
2364 743 2486 786 eam
2538 735 2966 802 cognoscerent,
3023 729 3190 800 Syrio
3235 727 3624 799 appellarunt.
3675 727 3790 782 Co—

2132 824 2310 874 metes
2335 818 2502 874 stella
2530 824 2618 874 est
2643 819 2820 889 dicta,
2853 832 2918 874 eo
2949 817 3099 888 quod
3131 831 3323 874 comas
3351 816 3601 872 luminis
3629 829 3700 870 ex
3729 829 3788 869 se

2131 904 2356 978 fundat,
2389 908 2540 978 quod
2573 921 2755 979 genus
2793 907 3006 963 sideris
3038 907 3268 977 quando
3295 905 3656 976 apparuerit,
3687 909 3790 958 aut

2133 995 2538 1066 pestilentiam,
2567 1001 2669 1052 aut
2693 995 2862 1064 bella,
2889 1001 2989 1052 aut
3015 994 3216 1050 famem
3244 993 3559 1066 signiﬁcat.
3583 992 3790 1048 Come-

2130 1093 2216 1143 tes
2234 1089 2423 1140 autem
2447 1085 2644 1140 Latine
2667 1085 2920 1140 crinitus
2939 1083 3284 1154 appellatur,
3306 1083 3446 1153 quia
3469 1082 3532 1137 in
3558 1081 3784 1136 modum

2131 1172 2381 1228 crinium
2415 1172 2670 1228 ﬂammas
2700 1173 2941 1244 spargit,
2971 1161 3181 1243 easque
3211 1171 3388 1227 Stoici
3428 1171 3643 1226 dicunt
3669 1182 3791 1224 esse

2134 1259 2286 1316 ultra
2320 1260 2584 1332 triginta,
2632 1275 2876 1330 quorum
2922 1261 3153 1316 nomina
3185 1265 3241 1316 et
3274 1259 3512 1315 effectus
3551 1257 3787 1328 quidam

2132 1349 2422 1422 Astrologi
2450 1351 2828 1420 scripserunt.
2857 1349 3084 1407 Lucifer
3111 1350 3326 1418 dictus,
3351 1362 3418 1404 eo
3449 1348 3605 1418 quod
3641 1348 3789 1402 inter

2134 1438 2327 1494 omnia
2363 1439 2554 1494 sidera
2594 1439 2726 1509 plus
2767 1439 2919 1495 lucis
2957 1437 3120 1495 ferat.
3165 1440 3262 1493 Est
3295 1444 3487 1493 autem
3529 1450 3686 1492 unus
3722 1449 3788 1491 ex

2135 1527 2403 1608 Plangis.
2435 1528 2537 1583 llic
2565 1529 2793 1598 proprie
2817 1534 2874 1583 et
2891 1527 3065 1597 jubar
3087 1527 3330 1596 dicitur,
3352 1539 3420 1582 eo
3441 1525 3596 1596 quod
3620 1524 3788 1593 jubas

2137 1614 2288 1670 lucis
2329 1616 2609 1672 ostendat.
2649 1616 2755 1672 Sed
2799 1621 2856 1671 et
2893 1615 3164 1686 splendor
3201 1614 3372 1683 Solis,
3411 1620 3469 1669 et
3503 1615 3699 1682 Lunae,
3733 1617 3788 1666 et

353 1695 596 1774 eorum,
621 1701 836 1773 quibus
859 1700 1030 1756 rebus
1051 1705 1236 1758 status
1259 1701 1389 1758 coeli
1417 1701 1652 1758 futurus
1675 1701 2018 1758 ostenditur.
2055 1723 2108 1784 Β
2138 1703 2434 1760 stellarum
2459 1705 2633 1774 jubar
2659 1705 2898 1774 dicitur,
2929 1705 3079 1776 quod
3110 1705 3170 1760 in
3198 1704 3427 1760 modum
3453 1702 3611 1772 jubae
3637 1700 3786 1757 radii

375 1790 482 1847 Sed
507 1795 564 1846 et
587 1803 784 1846 omnes
813 1789 1075 1846 homines
1103 1802 1168 1845 ea
1195 1791 1504 1847 intendunt
1531 1791 1600 1847 ad
1635 1790 2026 1865 pravidendas

377 1879 534 1957 aeris
578 1878 886 1949 qualitates
931 1891 1030 1948 per
1070 1882 1346 1950 aestatem,
1395 1885 1453 1934 et
1495 1880 1771 1952 hyemem,
1819 1893 2028 1936 verna—

377 1966 604 2038 lemque
632 1967 984 2036 temperiem.
1014 1966 1158 2023 Ortu
1187 1967 1340 2022 enim
1372 1967 1456 2023 vel
1485 1982 1689 2024 occasu
1719 1981 1824 2024 suo
1853 1969 2028 2025 certis

375 2055 731 2112 stationibus
745 2059 1064 2126 temporum
1095 2055 1404 2128 qualitates
1433 2057 1786 2129 signiﬁcant.
1815 2057 2029 2129 Signo-

376 2157 504 2201 rum
534 2143 758 2214 primus
787 2143 1020 2212 Arcton,
1055 2145 1156 2215 qui
1189 2144 1249 2200 in
1275 2158 1378 2201 axe
1408 2145 1557 2202 ﬁxus
1583 2145 2025 2215 Septentrionali

379 2233 442 2289 in
477 2246 537 2289 se
577 2233 874 2289 revolutus
907 2237 1150 2289 rotatur.
1193 2234 1408 2289 Nomen
1447 2238 1534 2290 est
1559 2233 1840 2304 Graecum,
1875 2234 2026 2304 quod

378 2321 579 2378 Latine
609 2322 831 2379 dicitur
867 2321 1030 2394 Ursa,
1069 2335 1196 2394 quae
1235 2323 1372 2394 quia
1411 2323 1471 2379 in
1504 2325 1735 2380 modum
1781 2323 2024 2393 plaustri

377 2410 646 2482 vertitur,
678 2411 860 2467 nostri
885 2423 1008 2466 eam
1039 2410 1508 2480 Septemtrionem
1534 2411 1828 2468 dixerunt.
1856 2412 2030 2468 Trio-

379 2511 482 2556 nes
503 2499 658 2556 enim
689 2499 919 2570 proprie
948 2503 1084 2555 sunt
1108 2498 1277 2554 boves
1305 2500 1545 2556 aratorii
1579 2500 1746 2572 dicti,
1778 2513 1844 2556 eo
1875 2500 2024 2572 quod

377 2591 590 2644 terram
626 2592 831 2658 terant,
875 2589 1040 2658 quasi
1086 2588 1352 2644 teriones.
1394 2590 1840 2660 Septemtriones
1873 2589 2026 2646 enim

380 2689 498 2732 non
531 2676 795 2734 occidere
829 2675 957 2732 axis
993 2675 1266 2732 vicinitas
1305 2675 1465 2740 facit.
1503 2678 1644 2748 quia
1678 2679 1738 2734 in
1773 2691 1840 2734 eo
1868 2685 2024 2734 sunt.

376 2764 754 2836 Arctophilax
807 2765 1022 2835 dictus,
1091 2765 1457 2822 Arctonidem
1513 2767 1741 2822 scilicet
1792 2781 2026 2823 cursum

381 2853 650 2922 sequitur
702 2852 983 2921 eumdem,
1035 2857 1092 2908 et
1141 2853 1369 2910 Bootcm
1421 2854 1718 2925 dixerunt,
1767 2869 1834 2911 eo
1877 2857 2026 2927 quod

381 2939 642 3011 plaustro
697 2939 889 3010 haret,
941 2941 1130 2994 multis
1181 2943 1400 3010 signum
1454 2944 1784 3014 empectabile
1834 2945 2026 2999 stellis.

2140 1793 2395 1862 ipsorum
2437 1795 2835 1850 extendantur.
2873 1796 3152 1864 Vesperus
3180 1791 3348 1849 stella
3375 1790 3784 1857 Occidentalis,

2138 1895 2308 1952 quam
2355 1882 2815 1954 cognominatam
2861 1877 3162 1952 perhibent
3203 1895 3236 1937 a
3279 1882 3528 1950 Vespero
3565 1879 3786 1949 Spanie

2136 1971 2302 2042 Rege.
2337 1971 2440 2026 Est
2467 1975 2746 2026 auteuLet
2776 1971 2900 2040 ipsa
2931 1983 2998 2026 ex
3029 1969 3290 2040 quinque
3317 1967 3507 2024 stellis
3539 1967 3788 2038 planetis

2138 2063 2357 2113 noctem
2401 2059 2638 2127 ducens,
2689 2063 2745 2114 et
2783 2058 2968 2114 Solem
3017 2069 3281 2128 sequens.
3321 2057 3530 2112 Fertur
3573 2059 3783 2124 autem,

2139 2147 2287 2216 quod
2321 2147 2439 2202 haec
2463 2147 2630 2202 stella
2655 2147 2862 2203 Oriens
2892 2144 3239 2215 Luciferum,
3269 2144 3554 2200 Occidens
3576 2145 3790 2212 Vespe-

2139 2248 2264 2288 rum
2308 2232 2464 2290 facit.
2512 2237 2589 2290 De
2630 2249 2743 2306 qua
2787 2235 3008 2290 Statius
3043 2253 3056 2288 :
3095 2236 3165 2290 Et
3209 2235 3420 2288 alterno
3463 2231 3790 2302 dependitur

2136 2338 2280 2377 unus
2318 2327 2378 2378 in
2415 2329 2556 2379 ortu.
2601 2325 2844 2380 Planetaa
2873 2323 3052 2380 stellae
3082 2328 3222 2379 sunt
3253 2322 3378 2378 ﬁxa:
3422 2323 3483 2378 in
3525 2321 3695 2392 caelo,
3726 2327 3788 2376 ut
3859 2373 3869 2382 .

2139 2409 2396 2483 reliquae,
2426 2414 2521 2469 sed
2557 2413 2616 2468 in
2641 2425 2770 2468 aere
2801 2409 3086 2468 feruntur.
3119 2411 3296 2466 Dicta:
3326 2415 3518 2466 autem
3551 2409 3788 2480 planetae

2136 2509 2244 2568 apo
2275 2505 2334 2556 to
2371 2501 2590 2571 planos,
2635 2501 2692 2556 id
2723 2505 2810 2556 est
2845 2499 2918 2556 ab
2953 2513 3147 2556 errore
3178 2517 3194 2568 ;
3227 2513 3354 2554 nam
3401 2498 3693 2554 interdum
3728 2496 3784 2551 in

2145 2591 2432 2660 Austrum,
2478 2588 2769 2644 interdum
2815 2589 2875 2644 in
2915 2587 3408 2658 Septemtrionem,
3453 2587 3787 2657 plerumque

2137 2684 2337 2734 contra
2374 2678 2672 2749 Mundam,
2705 2690 2817 2734 non
2850 2690 3142 2747 nunquam
3182 2689 3311 2732 cum
3342 2675 3560 2731 Mundo
3589 2673 3787 2730 ferun-

2139 2772 2252 2822 tur.
2295 2766 2546 2835 Quarum
2590 2766 2823 2822 nomina
2860 2767 3051 2822 Graeca
3095 2769 3248 2822 sunt.
3290 2763 3565 2834 Phaeton,
3612 2762 3788 2816 Phae-

2140 2861 2318 2924 tonta,
2378 2855 2665 2925 Phyriona
2725 2868 3012 2924 asperum,
3066 2853 3335 2924 Stellaom.
3387 2855 3500 2908 Has
3551 2851 3784 2906 Romani

2142 2943 2476 3000 nominibus
2517 2945 2754 3000 deorum
2795 2957 3054 3014 suorum,
3097 2943 3154 2998 id
3195 2948 3284 2998 est
3317 2941 3495 3009 Jovis,
3536 2939 3786 3006 Saturni,

380 3029 537 3084 Inter
574 3041 718 3098 quas
762 3028 1046 3084 Arcturus
1087 3033 1192 3085 est.
1238 3029 1521 3087 Arcturus
1568 3031 1732 3088 sidus
1769 3037 1855 3088 est
1903 3038 2032 3102 post
2067 3054 2114 3114 ρ
2142 3033 2360 3102 Martis,
2405 3031 2660 3102 Veneris,
2707 3036 2883 3102 atque
2923 3030 3197 3087 Mercurii
3239 3034 3614 3086 sacraverant
3644 3046 3660 3096 ;
3689 3028 3790 3084 de—

380 3117 619 3174 caudam
647 3117 882 3186 majoris
909 3119 1064 3174 Ursae.
1087 3119 1339 3188 positum
1363 3119 1423 3174 in
1451 3120 1617 3192 signo
1643 3121 1854 3189 Bootis,
1883 3121 2032 3177 unde

377 3207 661 3263 Arcturus
691 3205 932 3276 dicitur,
977 3207 1156 3277 ᾅρκτου
1184 3204 1326 3278 οὐρὰ,
1369 3209 1506 3278 quia
1549 3209 1742 3264 Bootis
1779 3223 2034 3279 praecor—

379 3295 500 3352 diis
515 3295 846 3352 conlocatus
861 3300 964 3352 est.
985 3295 1386 3352 Oriturautem
1401 3296 1739 3352 Autumnali
1759 3303 1867 3354 tem
1877 3313 2027 3368 pore.

379 3385 562 3442 Orion
588 3385 862 3442 Austrum
891 3389 1022 3440 ante
1046 3385 1220 3441 Tauri
1253 3385 1495 3457 vestigia
1529 3384 1728 3458 fulget,
1757 3393 1814 3443 et
1839 3388 2034 3446 dictus

379 3473 560 3530 Urion
582 3473 654 3529 ab
677 3473 865 3543 urina,
891 3473 947 3530 id
969 3477 1056 3529 est
1075 3473 1146 3528 ab
1169 3473 1546 3530 inundatione
1566 3487 1843 3546 aquarum
1866 3494 1880 3546 ;
1902 3481 2037 3532 tem-

383 3575 521 3634 pore
559 3561 711 3618 enim
759 3561 978 3632 hyemis
1013 3567 1179 3618 ortus
1219 3575 1392 3633 mare,
1432 3568 1488 3618 et
1515 3567 1699 3620 terras
1737 3565 1926 3634 aquis,
1971 3579 2037 3621 ac

383 3648 824 3720 tempestatibus
854 3649 1068 3706 turbat.
1110 3651 1270 3705 Hunc
1299 3650 1486 3706 Latini
1518 3651 1782 3722 Jugulam
1812 3659 2034 3723 vocant,

389 3739 540 3809 quod
567 3737 648 3795 sit
674 3743 949 3807 armatus,
980 3742 1044 3792 ut
1069 3737 1320 3809 gladius,
1351 3743 1409 3794 et
1433 3738 1729 3794 stellarum
1763 3738 1889 3796 luce
1917 3745 2039 3796 ter—

388 3825 589 3880 ribilis
615 3829 790 3894 atque
818 3825 1202 3880 clarissimus.
1235 3825 1356 3892 Quo
1387 3823 1641 3896 fulgente
1669 3827 1858 3882 omnis
1883 3841 2043 3884 sere-

386 3914 544 3970 nitas
573 3910 822 3982 tollitur,
850 3924 916 3966 ac
945 3911 1306 3982 obscuratur,
1337 3916 1394 3968 et
1420 3913 1719 3969 imminere
1742 3920 2044 3986 tempestas

393 4001 675 4058 cernitur.
722 3999 940 4068 Hyades
967 3997 1138 4054 dicta:
1175 3997 1246 4054 ab
1283 3999 1462 4070 Hyan,
1502 3999 1560 4056 id
1591 4007 1678 4058 est
1705 4016 1737 4058 a
1763 4018 1952 4074 succo,
1985 4010 2044 4061 et

391 4088 632 4158 pluviis,
677 4100 806 4142 nam
845 4086 1055 4156 pluviae
1086 4087 1282 4158 hyetos
1319 4087 1614 4146 dicuntur.
1659 4091 1800 4148 Ortu
1832 4095 2045 4165 quippe

393 4189 502 4234 suo
538 4174 796 4231 eﬁiciunt
841 4175 1085 4248 pluvias,
1126 4177 1276 4234 unde
1305 4183 1362 4233 et
1403 4191 1499 4235 eas
1542 4180 1729 4235 Latini
1779 4183 2046 4240 succulas

396 4263 847 4336 appellaverunt,
891 4265 1028 4336 quia
1063 4267 1294 4336 quando
1338 4273 1673 4339 nascuntur,
1719 4269 2046 4339 pluviarum

397 4354 566 4426 signa
607 4360 942 4409 nascuntur.
986 4356 1064 4410 De
1107 4354 1324 4426 quibus
1362 4356 1688 4428 Virgilius:
1721 4358 2043 4423 Arcturum,

392 4444 726 4514 pluviasque
771 4443 1020 4510 Hyadas.
1065 4444 1210 4500 Sunt
1251 4449 1442 4501 autem
1492 4453 1702 4514 septem
1753 4448 1812 4502 in
1862 4447 2048 4505 fronte

400 4532 596 4603 Tauri,
629 4537 688 4586 et
713 4531 988 4588 oriuntur
1017 4537 1269 4602 tempore
1294 4533 1535 4589 vernali.
1570 4535 1825 4592 Pleiades
1853 4551 1886 4592 a
1912 4539 2050 4608 plu-

401 4619 630 4676 ralitate
649 4619 839 4689 dictar,
863 4620 1000 4690 quia
1023 4620 1410 4690 pluralitatem
1431 4621 1612 4678 Graeci
1635 4637 1667 4678 a
1690 4630 1746 4681 to
1770 4631 1786 4646 ‘
1812 4626 2050 4696 tylicton

405 4707 714 4776 appellant.
757 4709 904 4764 Sunt
949 4713 1138 4764 autem
1177 4709 1357 4764 stella:
1399 4717 1610 4780 septem
1651 4719 1782 4770 ante
1815 4715 2046 4784 januam

405 4795 602 4862 Tauri,
638 4809 707 4849 ex
746 4796 960 4866 quibus
993 4811 1089 4852 sex
1117 4797 1402 4857 videntur.
1439 4814 1564 4856 nam
1601 4801 1740 4857 latet
1768 4819 1900 4860 una.
1944 4806 2054 4861 llas

408 4883 620 4950 Latini,
647 4883 1039 4956 Virgiliusque
1058 4886 1263 4942 dicunt
1281 4903 1314 4941 a
1340 4890 1580 4958 tempori
1607 4890 2050 4966 significatione,

411 4971 563 5043 quod
575 4979 786 5042 estver,
807 4974 1034 5042 quando
1049 4975 1415 5031 exoriuntur.
1435 4978 1574 5032 Nam
1591 4992 1794 5036 occasu
1810 4995 1916 5037 suo
1933 4982 2057 5053 hye-

411 5075 579 5133 mem,
616 5065 749 5118 ortu
783 5068 1031 5119 aestatem
1070 5065 1288 5135 primae,
1327 5066 1640 5138 primaeque
1671 5070 2056 5143 navigationis

407 5160 634 5223 tempus
677 5150 1008 5206 ostendunt.
1037 5151 1312 5210 Canicula
1353 5155 1588 5212 aastuale
1626 5157 1812 5230 sidus,
1847 5175 1972 5230 quae
2001 5167 2057 5217 et

405 5240 609 5311 Syrius
622 5237 863 5296 dicitur.
880 5239 1117 5296 Estivis
1133 5241 1425 5300 mensibus
1442 5243 1501 5299 in
1522 5245 1706 5301 medio
1723 5248 1903 5303 centri
1923 5250 2052 5307 coeli

405 5335 514 5402 est,
527 5328 728 5386 etdum
746 5324 840 5386 Sol
853 5327 920 5386 ad
940 5342 1058 5385 eam
1079 5331 1419 5404 ascenderit,
1439 5333 1741 5405 conjuncta
1759 5351 1886 5393 cum
1903 5339 2050 5412 Sole,

407 5415 740 5488 duplicatur
767 5415 925 5474 calor
956 5416 1164 5489 ipsius,
1197 5423 1254 5474 et
1279 5419 1680 5479 dissolvuntur
1706 5437 1966 5499 corpora,
1997 5432 2056 5485 et

404 5506 771 5593 vapor-antur.
819 5502 994 5580 Unde,
1041 5508 1098 5562 et
1142 5503 1252 5578 ipsi
1302 5503 1480 5564 stellae
1521 5509 1648 5567 dies
1687 5512 2054 5572 Caniculares

2141 3121 2292 3190 cepti
2333 3119 2508 3189 enim,
2554 3125 2610 3175 et
2647 3121 2911 3190 decipere
2948 3120 3202 3176 volentes
3248 3119 3308 3174 in
3349 3131 3548 3174 eorum
3587 3115 3792 3172 adula—

2143 3209 2319 3275 tione,
2348 3209 2448 3278 qui
2477 3208 2592 3264 sibi
2616 3208 2840 3280 aliquid
2868 3209 3182 3264 secundum
3205 3221 3456 3264 amorem
3484 3205 3793 3276 praestitis-

2143 3303 2288 3368 sent,
2335 3297 2525 3352 sidera
2569 3296 2949 3352 adtendebant
2992 3297 3052 3352 in
3097 3297 3240 3352 cmlo
3277 3297 3540 3352 dicentes
3579 3312 3595 3348 :
3635 3291 3786 3362 Quod

2141 3385 2296 3442 Jovis
2319 3389 2467 3441 esset
2494 3385 2639 3441 illud
2667 3385 2851 3457 sidus,
2880 3391 2936 3441 et
2962 3385 3109 3441 illud.
3130 3383 3425 3452 Mercurii,
3451 3389 3511 3438 et
3529 3388 3792 3451 concepta

2144 3480 2230 3530 est
2258 3475 2457 3545 cpinio
2481 3473 2778 3529 vanitatis.
2802 3475 2954 3530 Hanc
2982 3475 3310 3543 Opinionem
3337 3471 3560 3528 erroris
3582 3469 3794 3525 Diabo-

2147 3563 2240 3620 lus
2268 3563 2648 3633 conﬁrmavit,
2679 3563 2947 3620 Christus
2969 3563 3190 3620 evertit.
3223 3563 3344 3617 Jam
3363 3574 3499 3616 vero
3526 3560 3649 3630 illa,
3669 3571 3793 3628 qua

2147 3651 2219 3708 ab
2246 3652 2392 3723 ipsis
2414 3651 2747 3708 Gentilibus
2771 3653 2934 3724 signa
2959 3653 3257 3723 dicuntur,
3283 3651 3344 3706 in
3369 3649 3589 3721 quibus
3607 3655 3662 3704 et
3679 3647 3794 3703 ani-

2152 3741 2430 3798 mantium
2463 3741 2650 3812 imago
2687 3740 2758 3796 de
2801 3741 2989 3798 stellis
3027 3739 3330 3809 formatur,
3371 3746 3437 3795 ut
3468 3737 3702 3805 Arcton,
3733 3739 3796 3791 ut

2150 3830 2334 3898 Aries,
2383 3831 2628 3900 Taurus,
2685 3829 2875 3901 Libra,
2919 3835 2975 3886 et
3026 3829 3357 3900 hujusmodi
3405 3827 3545 3895 alia,
3593 3827 3652 3880 bi
3695 3823 3792 3895 qui

2153 3918 2342 3974 sidera
2385 3917 2774 3988 perviderunt,
2817 3919 2876 3974 in
2921 3931 3221 3974 numerum
3267 3916 3568 3973 stellarum
3615 3914 3798 3984 specie

2152 4007 2413 4077 corporis
2453 4006 2858 4076 superstitiosa
2902 4007 3154 4063 vanitate
3201 4006 3441 4076 permoti
3492 4003 3799 4070 tinxerunt,

2153 4100 2210 4152 et
2231 4108 2300 4150 ex
2325 4098 2519 4152 causis
2547 4097 2892 4168 quibusdam
2921 4097 3158 4152 deorum
3190 4107 3426 4151 suorum
3448 4098 3508 4148 et
3535 4091 3804 4164 imaginis

2157 4197 2357 4240 nomen
2379 4185 2810 4242 conﬁrmarunt.
2834 4187 2972 4241 Nam
2994 4185 3244 4241 Arietem
3267 4184 3520 4253 primum
3549 4183 3801 4252 signum,

2155 4273 2276 4340 cui,
2310 4278 2374 4328 ut
2415 4273 2616 4342 Librat,
2651 4273 2849 4330 mundi
2896 4273 3105 4330 lineam
3136 4273 3374 4328 tradunt
3405 4277 3639 4341 propter
3666 4271 3806 4324 Am-

2159 4375 2378 4416 monem
2407 4363 2596 4418 Jovem
2630 4363 2758 4420 ideo
2790 4368 3156 4420 vocaverunt.
3191 4365 3253 4418 In
3281 4360 3452 4430 cujus
3480 4359 3674 4428 capite
3705 4357 3805 4428 qui

2158 4450 2468 4506 simulacra
2533 4451 2756 4508 faciunt
2807 4453 3010 4509 arietis
3067 4464 3283 4508 cornua
3345 4449 3592 4520 ﬁguunt,
3655 4446 3805 4517 quod

2161 4539 2388 4610 signum
2441 4541 2698 4597 Gentiles
2757 4541 2885 4598 ideo
2935 4541 3086 4596 inter
3124 4540 3303 4622 signa
3355 4537 3804 4604 constituerunt,

2163 4630 2298 4700 quia
2324 4631 2380 4684 in
2404 4631 2608 4686 Martio
2630 4645 2836 4701 mense,
2861 4630 2961 4701 qui
2982 4635 3069 4686 est
3087 4629 3226 4684 anni
3251 4627 3607 4698 principium
3625 4625 3806 4681 Solem

2164 4721 2223 4775 in
2263 4733 2330 4774 eo
2367 4734 2599 4776 cursum
2647 4733 2816 4776 suum
2855 4733 3021 4792 agere
3057 4718 3282 4774 dicunt.
3321 4716 3425 4772 Sed
3465 4721 3524 4771 et
3559 4716 3806 4769 Taurum

2167 4808 2316 4864 inter
2343 4809 2531 4865 sidera
2569 4809 2870 4866 conlocant
2896 4815 2954 4864 et
2992 4809 3180 4879 ipsum
3221 4807 3282 4862 in
3321 4807 3597 4862 honorem
3635 4803 3804 4865 Jovis,

2165 4913 2230 4952 eo
2269 4900 2418 4968 quod
2469 4899 2526 4953 in
2569 4898 2760 4955 bovem
2802 4899 2881 4954 sit
2919 4898 3176 4955 fabulose
3211 4910 3542 4963 conversus,
3585 4891 3806 4964 quando

2166 4989 2448 5057 Europam
2483 4988 2814 5044 transvexit.
2855 4988 3142 5045 Castorem
3179 4999 3405 5058 quoque
3434 4993 3490 5040 et
3525 4983 3802 5040 Pollucem

2169 5082 2296 5147 post
2336 5081 2568 5133 mortem
2613 5075 2762 5132 inter
2799 5076 3110 5133 novissima
3155 5077 3321 5148 signa
3357 5075 3800 5131 constituerunt.

2167 5165 2317 5237 quod
2369 5165 2596 5236 signum
2652 5165 2924 5222 Geminos
2967 5165 3192 5222 dicunt.
3247 5165 3528 5221 Cancrum
3586 5170 3802 5232 quoque

2167 5250 2299 5310 inde
2327 5253 2618 5316 dixerunt,
2644 5267 2712 5310 eo
2741 5255 2890 5326 quod
2921 5269 3053 5312 cum
3083 5254 3153 5310 ad
3186 5252 3330 5309 illud
3362 5251 3596 5323 signum
3628 5257 3805 5304 mense

2163 5341 2334 5398 Junio
2363 5341 2454 5397 Sol
2486 5343 2724 5412 venerit,
2757 5349 2910 5400 retro
2939 5343 3206 5415 graditur
3232 5341 3292 5398 in
3323 5341 3554 5396 modum
3585 5333 3804 5400 Cancri,

2165 5429 2565 5502 brevioresque
2592 5431 2719 5489 dies
2749 5428 2888 5490 facit
2919 5448 2935 5502 ς
2970 5431 3076 5489 hoc
3102 5431 3256 5488 enim
3287 5427 3502 5486 animal
3535 5427 3806 5484 incertam

2167 5515 2333 5575 habet
2369 5518 2607 5588 primam
2650 5521 2888 5593 partem,
2931 5517 3180 5592 dentque
3215 5515 3285 5576 ad
3323 5520 3629 5587 utramque
3670 5521 3806 5583 paro
