4076 6174
402 297 540 359 4359

1276 297 1566 354 ΑΡΡΕΝΙ).
1607 297 1699 354 AD
1737 298 1898 354 SEO.
1941 298 2038 354 IX.
2080 327 2154 338 —
2187 295 2544 353 AUCTORES
2579 295 2921 354 ANONYMI.

3679 292 3806 352 4360

397 427 2048 499 ratissimoPatriPatronioEpiscopoDionysiusExiguus,
2082 426 2142 483 A
2169 431 2580 482 monstrantur.
2612 427 2703 482 Illi
2739 434 2928 482 autem
2975 424 3228 495 Egyptii
3279 423 3602 494 supradicti
3635 430 3813 480 totum

395 526 506 578 etc.
545 517 730 590 (Edita
768 534 803 571 a
849 518 1124 586 Eucherio,
1151 533 1282 587 pag.
1308 515 1431 572 485.
1487 519 1589 571 Hic
1635 532 1758 570 1:01‘0
1805 518 1914 569 ista
1970 515 2054 568 le-

395 607 646 680 guntur.)
672 607 819 677 Quia
870 619 1000 662 vero
1023 607 1082 660 Τ.
1129 605 1382 676 Cyrillus
1425 607 1671 675 primum
1721 604 1948 675 Cyclum
1981 603 2052 658 ab

399 709 549 753 anno
569 695 910 751 Diocletiani
943 694 1254 750 centesimo
1289 694 1770 764 quinquagesimo
1801 691 2052 748 secundo

399 785 592 854 coepit,
623 789 680 840 et
709 783 978 840 ultimum
1011 783 1065 837 in
1098 795 1248 838 anno
1278 782 1346 836 46
1369 783 1718 850 terminavit,
1753 795 1856 836 nos
1880 795 1910 835 a
1937 781 2054 836 du—

399 873 709 930 centesimo
739 870 1176 942 quadragesimo
1201 875 1396 924 octavo
1441 883 1590 923 anno
1633 869 1908 938 ejusdem,
1939 875 2044 924 etc.

399 984 466 1038 In
504 981 719 1036 nomine
766 980 866 1034 Dei
892 979 1092 1044 Patris,
1135 981 1184 1030 et
1223 977 1370 1042 Filii,
1411 981 1461 1029 et
1501 976 1740 1046 Spiritus
1783 977 1959 1030 sancti
1985 975 2049 1028 de

970 1048 1167 1102 Mundi
1186 1049 1480 1116 principio.

477 1140 735 1198 CXLVIII
787 1137 1079 1207 Quomodo
1102 1134 1287 1190 factus
1302 1143 1388 1190 est
1411 1135 1658 1191 mundus
1690 1135 1862 1190 initio
1881 1147 2050 1190 crea-

403 1239 661 1287 turarum
694 1227 791 1282 Dei
813 1225 841 1278 ‘2
872 1226 928 1281 in
957 1239 1072 1296 quo
1099 1223 1238 1280 die?
1271 1225 1327 1278 in
1367 1224 1572 1279 diebus
1607 1223 1818 1278 mensis
1844 1223 1872 1276 εἰ
1900 1229 1956 1278 et
1987 1223 2046 1276 in

402 1316 611 1374 diebus
635 1312 1006 1384 septimanae?
1029 1317 1084 1368 et
1117 1313 1174 1366 in
1204 1327 1316 1384 quo
1349 1311 1540 1366 anno?
1564 1317 1620 1366 et
1654 1311 1711 1366 in
1744 1325 1855 1381 quo
1899 1317 2052 1366 tem-

405 1404 588 1475 pore?
634 1404 754 1458 sive
787 1402 846 1458 in
891 1401 1028 1456 die?
1072 1415 1143 1456 an
1183 1401 1240 1456 in
1285 1403 1493 1456 nocte?
1529 1407 1585 1454 et
1620 1400 1678 1454 in
1717 1413 1828 1470 qua
1872 1399 2052 1454 hora?

406 1494 845 1563 interrogamus.
882 1492 942 1545 In
984 1489 1350 1559 quuinoctio
1385 1494 1594 1557 autem,
1635 1493 1690 1542 et
1718 1487 1774 1542 in
1805 1487 1901 1542 die
1934 1489 2054 1541 Do—

404 1581 640 1650 minico,
672 1585 729 1635 et
761 1580 818 1634 in
868 1577 1156 1634 communi
1187 1591 1356 1646 anno,
1397 1584 1452 1631 et
1487 1577 1545 1630 in
1590 1577 1872 1646 Ogdoade,
1905 1582 1959 1630 et
1993 1574 2049 1628 in

406 1669 591 1740 prima
631 1667 768 1722 hora
795 1671 1019 1720 creatus
1051 1669 1154 1734 est,
1189 1669 1244 1719 et
1276 1665 1333 1718 in
1368 1671 1650 1720 momento
1678 1663 1831 1719 oculi
1859 1662 2050 1717 omnia

2161 525 2373 569 annum
2433 515 2740 584 complent,
2783 513 3128 583 incipientes
3171 525 3202 566 a
3245 525 3297 567 IV
3356 512 3479 566 Kal.
3530 512 3813 581 Septemb.

2165 616 2346 672 usque
2369 603 2426 657 in
2455 617 2510 657 ιν
2552 603 2674 658 Kal.
2706 601 2987 672 Septemb.
3021 601 3322 657 Sciendum
3354 609 3440 656 est
3469 601 3640 656 nobis
3682 609 3818 671 quot

2163 695 2298 744 sunt
2327 697 2513 759 partes
2544 691 2778 759 mensis,
2817 697 2872 746 et
2900 697 3038 760 quot
3073 689 3396 745 habuerunt
3424 690 3574 756 apud
3607 690 3817 744 Roma—

2164 791 2283 832 nos.
2320 779 2572 834 Primum
2607 779 2749 834 illud
2793 784 2982 834 autem
3018 778 3122 833 hoc
3163 779 3328 834 modo
3357 775 3623 832 solvitur.
3658 779 3818 847 Qua-

2161 871 2294 921 tuor
2346 867 2607 935 partibus
2661 872 3056 922 monstrantur
3109 865 3400 925 habuisse,
3453 871 3514 919 ut
3565 874 3655 920 est
3704 874 3818 922 tres

2161 967 2398 1023 menses,
2435 961 2492 1010 et
2519 953 2605 1021 H,
2651 963 2705 1012 et
2744 955 3023 1011 decimus.
3057 955 3161 1011 Sed
3221 960 3406 1009 tamen
3461 956 3811 1026 principium

2160 1041 2506 1111 incipientes
2535 1056 2566 1098 a
2614 1057 2804 1098 mense
2831 1043 3058 1110 Martio,
3089 1050 3148 1098 et
3186 1045 3372 1112 Aprili
3402 1052 3458 1101 et
3507 1047 3680 1110 Maio,
3707 1058 3816 1098 an-

2157 1142 2291 1184 num
2325 1135 2502 1185 totum
2532 1144 2699 1186 suum
2725 1131 3149 1200 compleverunt
3182 1131 3240 1184 in
3273 1132 3464 1188 tribus
3490 1131 3810 1187 mensibus.

2156 1217 2558 1288 Etaliquando
2613 1219 2670 1273 in
2705 1215 2738 1273 4
2793 1218 3104 1278 mensibus.
3150 1221 3375 1288 quando
3404 1221 3620 1276 Junius
3675 1235 3818 1276 con—

2153 1305 2423 1375 jungitur
2456 1306 2599 1376 ipsis
2631 1306 2924 1362 mensibus
2947 1308 3299 1375 supradictis
3359 1310 3654 1376 tribus,et
3685 1317 3817 1364 tunc

2165 1393 2220 1446 in
2267 1393 2455 1448 decem
2508 1395 2802 1450 mensibus
2843 1395 3085 1463 adjectis
3125 1396 3380 1466 quinque
3417 1398 3582 1466 ipsis,
3635 1405 3697 1452 ut
3732 1407 3816 1452 est

2160 1481 2296 1543 Jul.,
2327 1482 2498 1550 Aug.,
2537 1483 2842 1552 Septeml).,
2885 1483 3034 1547 Oct.,
3065 1484 3328 1538 Novemb.
3361 1493 3417 1540 et
3457 1487 3816 1552 l)ecemb.,et

2161 1575 2300 1624 tunc
2329 1571 2384 1624 in
2433 1569 2496 1625 t2
2545 1571 2838 1626 mensibus
2881 1579 3068 1640 postea
3111 1572 3152 1625 ii
3195 1579 3330 1627 sunt
3361 1575 3568 1642 adjecti
3600 1576 3722 1629 Jan.
3761 1582 3814 1628 et

2161 1657 2319 1712 Febr.
2355 1659 2642 1728 omnibus,
2673 1674 2816 1730 quos
2843 1659 3099 1715 diximus
3140 1674 3339 1731 nuper,
3364 1669 3420 1716 et
3445 1675 3815 1718 consumma-

404 1751 1748 1821 simulfactasuntaDeo,secundnmApostolum
1767 1750 2046 1806 dicentem
2085 1747 2134 1807 Β
2163 1752 2258 1802 tur
2286 1761 2471 1803 annus
2512 1749 2662 1804 Solis
2715 1762 2812 1817 per
2859 1748 2960 1803 bos
2993 1748 3292 1804 duodecim
3327 1764 3566 1806 menses.
3611 1753 3716 1806 Sed
3747 1752 3812 1806 de

406 1845 559 1900 hunc
589 1854 934 1898 sermonem:
966 1845 1025 1894 ut
1049 1841 1212 1910 dixit,
1244 1841 1425 1894 omnia
1455 1839 1621 1894 simul
1651 1841 1802 1906 facta
1833 1843 1979 1899 sunt,
1998 1843 2054 1892 et

403 1931 682 1989 similiter
709 1945 738 1986 a
769 1931 883 1985 Deo
902 1929 1030 1985 vivo
1066 1929 1123 1984 in
1149 1928 1245 1983 die
1267 1927 1482 1984 Judicii
1516 1929 1709 1984 omnia
1739 1928 1914 1984 simul
1945 1927 2054 1982 de-

403 2025 722 2090 struentur,
773 2025 829 2075 et
873 2019 932 2074 in
983 2017 1273 2072 meliorem
1339 2023 1548 2073 statum
1607 2017 2048 2072 renovabuntur.

403 2111 576 2165 Recto
605 2121 740 2180 ergo
789 2106 1306 2174 tramitedierum,
1358 2119 1503 2176 quos
1536 2105 1906 2174 praediximus
1945 2120 2054 2160 su—

402 2197 599 2268 perius
624 2209 826 2266 nuper.
877 2193 1251 2264 principium.
1287 2199 1342 2248 et
1381 2193 1512 2262 quis
1561 2193 1790 2248 illorum
1844 2207 2051 2249 nume-

401 2290 584 2356 ratur,
614 2284 764 2355 quod
789 2283 1038 2353 primum
1065 2295 1144 2336 xu
1181 2281 1303 2336 Kal.
1346 2282 1478 2350 Apr.
1527 2282 1583 2336 in
1618 2281 1905 2351 principio
1928 2281 2046 2336 diei

396 2373 710 2429 Dominicie
742 2371 970 2442 incipit,
1005 2370 1168 2442 quasi
1205 2368 1411 2425 fuisset
1433 2376 1564 2425 ante
1595 2370 1651 2424 in
1685 2370 1918 2427 sabbato
1947 2371 2049 2426 di-

398 2462 643 2518 midium
677 2461 865 2532 ipsius
883 2460 1024 2523 diei,
1052 2466 1108 2514 et
1149 2459 1207 2514 in
1234 2465 1390 2520 sexta
1418 2459 1556 2514 hora
1589 2459 1876 2514 Dominici
1927 2460 2044 2515 diei

397 2551 619 2614 finitur,
658 2550 752 2605 sed
795 2549 966 2620 paulo
1014 2553 1138 2618 post
1165 2562 1202 2602 x
1235 2548 1358 2602 Kal.
1390 2549 1526 2616 Apr.
1559 2555 1902 2604 consecutus
1937 2555 2043 2604 est.

394 2639 466 2693 Et
488 2638 762 2694 similiter
806 2638 864 2692 in
909 2643 1065 2692 sexta
1111 2636 1246 2690 liora
1303 2633 1355 2690 2.
1411 2636 1572 2690 Feria
1619 2643 2047 2692 consummatus

390 2732 495 2792 est,
519 2731 577 2782 et
606 2741 641 2782 χ
667 2726 788 2780 Kal.
819 2726 954 2794 Apr.
982 2737 1164 2792 usque
1207 2723 1277 2776 ad
1317 2723 1625 2778 dimidium
1658 2722 1709 2778 3.
1746 2724 1919 2778 Feria:
1949 2725 2047 2779 in—

388 2813 614 2880 cipiens
643 2826 674 2866 a
701 2817 858 2867 sexta
907 2811 1046 2866 bora
1095 2813 1340 2866 secunda
1391 2810 1548 2864 Feria
1583 2810 1866 2879 migravit.
1899 2819 1956 2866 et
1987 2827 2043 2868 ix

388 2899 514 2952 Kal.
539 2897 676 2968 Apr.
711 2899 976 2967 usquead
1007 2897 1318 2954 dimidium
1348 2895 1379 2952 4
1409 2897 1582 2953 Feriae
1625 2902 1912 2969 apparuit,
1946 2901 2044 2956 in—

387 2987 612 3056 cipiens
648 2993 778 3041 ante
816 2993 1030 3042 sextam
1073 2987 1268 3042 horam
1314 2987 1350 3044 5
1394 2986 1588 3058 Feriae,
1621 2995 1676 3042 et
1721 2988 1776 3043 in
1813 2989 1918 3045 hoc
1947 2991 2043 3046 die

2162 1837 2342 1891 cauda
2391 1837 2528 1892 anni
2577 1837 2912 1892 Januarium
2961 1844 3016 1891 et
3053 1836 3426 1894 Februarium
3465 1840 3814 1895 addiderunt

2163 1925 2446 1993 sapientes
2479 1926 2796 1982 Gentilium
2837 1927 3113 1980 virorum.
3163 1927 3337 1982 Nobis
3384 1942 3519 2000 ergo
3561 1930 3813 1984 interro-

2161 2013 2452 2083 gantibus,
2498 2015 2598 2086 qui
2645 2021 2779 2069 sunt
2833 2013 2952 2083 isti,
3009 2014 3108 2083 qui
3155 2015 3542 2071 constiterunt
3597 2031 3814 2072 menses

2164 2102 2434 2171 primitus
2481 2117 2512 2158 a
2560 2103 2846 2171 Romanis,
2918 2102 3067 2158 scire
3134 2104 3418 2167 convenit,
3485 2105 3593 2160 hoc
3651 2106 3812 2160 modo

2160 2191 2424 2261 solvitur,
2481 2193 2628 2262 quod
2679 2195 2860 2247 Numa
2910 2191 3246 2260 Pompilius,
3287 2200 3344 2248 et
3370 2195 3595 2264 Zyngus
3639 2194 3812 2250 duces

2160 2280 2457 2336 mirabiles
2509 2286 2954 2351 composuerunt
3005 2294 3222 2335 menses
3283 2282 3432 2351 apud
3507 2283 3809 2356 Romanos,

2157 2376 2213 2424 et
2257 2369 2544 2426 invenitur
2596 2369 2890 2439 proprium
2939 2369 3194 2424 numeris
3243 2369 3497 2438 ipsorum
3544 2371 3618 2425 ab
3671 2372 3812 2441 ipsis

2160 2459 2470 2526 mensibus,
2519 2472 2585 2514 eo
2635 2459 2785 2528 quod
2850 2459 3030 2512 Numa
3081 2457 3397 2527 Pompilius
3431 2463 3448 2480 '
3501 2459 3720 2516 Julium
3758 2468 3811 2514 et

2154 2548 2476 2619 Augustum
2506 2553 2727 2602 tantum
2769 2546 3014 2615 addidit,
3051 2551 3106 2600 et
3152 2548 3375 2617 Zyngus
3415 2547 3566 2604 alios
3614 2562 3809 2604 omnes

2155 2636 2478 2704 composuit
2545 2649 2764 2691 menses
2813 2635 2872 2690 in
2929 2635 3466 2690 commemoratione
3525 2636 3802 2692 [dolorum

2155 2737 2390 2780 suorum
2437 2723 2619 2779 facere
2665 2725 2973 2779 utilitatem
3028 2737 3124 2792 per
3175 2723 3278 2778 hos
3332 2737 3552 2780 menses
3599 2739 3804 2794 supra-

2153 2812 2359 2868 dictos.
2415 2813 2542 2868 Ideo
2586 2812 2721 2868 facti
2755 2820 2890 2868 sunt
2937 2825 3134 2866 omnes
3167 2825 3265 2880 per
3314 2819 3644 2880 potestatem
3693 2815 3806 2868 Do-

2155 2901 2318 2956 mini.
2361 2901 2584 2970 Quibus
2635 2902 2821 2957 modis
2877 2900 3105 2956 nomina
3159 2901 3350 2955 sortiti
3401 2908 3538 2956 sunt
3591 2916 3804 2958 menses

2151 2990 2302 3058 apud
2352 2991 2676 3046 Romanos"?
2718 2993 2974 3059 Quatuor
3009 2988 3192 3043 modis
3239 2989 3546 3044 dicuntur:
3614 2991 3800 3052 Idoiis,

383 3074 477 3130 Sol
501 3073 676 3130 luxit.
709 3074 882 3130 Initio
909 3075 1115 3144 ipsius,
1147 3083 1204 3132 et
1234 3076 1293 3131 in
1323 3090 1422 3132 VIII
1450 3076 1726 3146 Kal.Apr.
1765 3079 2037 3148 usquead
2075 3064 2123 3125 C
2155 3078 2423 3148 Regibus,
2486 3085 2542 3134 et
2613 3079 2890 3149 numeris,
2947 3083 3010 3132 ut
3069 3083 3194 3132 est:
3227 3078 3540 3135 Januarius
3595 3092 3625 3133 a
3670 3081 3803 3135 Jano

382 3161 693 3219 dimidium
719 3161 755 3219 5
783 3163 957 3218 Ferim
985 3163 1330 3236 morabatur,
1361 3165 1646 3235 incipiens
1671 3179 1702 3220 a
1725 3173 1881 3222 sexta
1902 3167 2039 3223 hora

383 3247 420 3306 4
446 3251 622 3307 Feria:
669 3256 820 3322 ante,
847 3257 904 3306 et
933 3252 991 3307 in
1028 3266 1130 3308 vm
1165 3253 1286 3308 Kal.
1338 3252 1476 3323 Apr.
1531 3258 1755 3310 ostensa
1785 3259 1870 3310 est
1901 3255 2039 3311 luna

346 3328 355 3333 ”
383 3339 442 3395 in
469 3339 612 3397 caelo
639 3339 696 3395 in
731 3341 841 3396 fine
868 3341 1034 3397 illius
1057 3341 1176 3398 diei
1213 3341 1271 3396 in
1305 3338 1372 3396 44
1425 3344 1598 3398 Luna:
1619 3349 1800 3399 aetate.
1853 3344 2041 3400 Scien-

381 3428 519 3484 dum
551 3435 638 3485 est
666 3435 878 3495 autem,
913 3443 1018 3486 cur
1055 3430 1236 3500 major
1257 3429 1403 3486 facta
1432 3435 1518 3486 est
1559 3431 1778 3487 Aurora
1805 3431 1953 3488 Solis
1977 3433 2036 3488 in

381 3517 673 3587 principio
713 3517 936 3586 mundi,
976 3532 1144 3589 quam
1194 3524 1414 3574 maneat
1445 3519 1503 3574 in
1533 3519 1626 3575 his
1655 3521 2032 3591 temporibus,

378 3619 446 3662 eo
477 3606 626 3677 quod
672 3607 1033 3676 splendidior
1083 3614 1207 3663 erat
1247 3607 1338 3664 Sol
1383 3613 1514 3664 ante
1564 3617 1854 3678 peceatum
1903 3611 2036 3665 Adze

381 3699 596 3764 septem
625 3693 900 3758 lucernis.
927 3709 1070 3766 quas
1100 3695 1364 3766 habebat,
1396 3702 1451 3751 et
1493 3710 1602 3752 non
1639 3703 1825 3751 manet
1859 3697 1916 3752 in
1947 3712 2034 3770 eo,

381 3782 496 3838 nisi
520 3795 633 3838 una
665 3795 796 3852 pars
818 3787 1038 3839 tantum
1065 3785 1135 3839 de
1164 3789 1373 3852 septem
1409 3783 1662 3839 lucernis
1699 3798 1870 3840 causa
1903 3799 2026 3854 pec-

381 3871 492 3926 cati
525 3869 692 3925 illius
726 3871 880 3926 Adae.
914 3871 1020 3927 Sed
1056 3885 1218 3926 nemo
1269 3871 1549 3940 potuisset
1574 3872 1860 3929 sustinere
1907 3888 2035 3930 eum

382 3963 616 4029 propter
657 3959 920 4014 ardorem
972 3959 1118 4028 ejus,
1172 3959 1287 4014 nisi
1332 3957 1681 4016 defendisset
1735 3977 1837 4018 nos
1886 3964 2039 4020 Deus

382 4045 572 4102 tribus
623 4047 785 4103 caelis
817 4062 918 4116 pro
956 4061 1042 4102 eo.

455 4135 570 4188 Nos
607 4134 758 4190 scire
794 4134 1143 4204 volentibus,
1175 4137 1458 4206 quomodo
1487 4138 1691 4194 dicunt
1719 4141 1932 4196 llebrmi
1974 4139 2038 4196 42

383 4233 606 4276 menses
651 4221 810 4286 anni,
865 4222 966 4277 hor
1024 4225 1188 4280 modo
1242 4226 1682 4295 respondemus:
1735 4231 1884 4298 quod
1921 4245 2031 4286 non

382 4308 960 4366 adnumerantJudaai
995 4314 1304 4370 secundum
1339 4313 1544 4384 Solem,
1583 4315 1677 4370 sed
1721 4318 2033 4373 secundum

2150 3163 2305 3221 ldolo
2335 3167 2574 3237 accepit,
2605 3168 2741 3238 quia
2783 3167 2842 3222 in
2885 3166 3078 3222 eodem
3135 3179 3324 3221 mense
3361 3167 3563 3222 docuit
3597 3169 3802 3222 Roma-

2150 3269 2272 3325 nos,
2305 3260 2368 3310 ut
2411 3256 2716 3326 implerent
2747 3256 2834 3312 illi
2891 3269 2995 3311 sua
3043 3252 3212 3310 verba
3249 3259 3365 3309 tota
3405 3257 3642 3312 dicens:
3708 3257 3805 3312 Li-

2148 3357 2320 3414 gnum
2395 3343 2768 3416 fumigantem
2838 3344 3142 3416 oleumque
3207 3347 3386 3402 tincta
3448 3345 3521 3400 ad
3599 3357 3801 3414 corpus

2149 3446 2332 3486 meum
2363 3432 2770 3502 devorandum,
2813 3438 2867 3488 et
2892 3441 3043 3490 totos
3075 3435 3344 3491 inimicos
3381 3439 3604 3488 vestros
3652 3439 3798 3488 retro

2142 3521 2420 3589 jacentem
2462 3535 2564 3591 pro
2592 3535 2658 3577 eo
2706 3521 2854 3592 quod
2903 3536 2988 3578 me
3025 3523 3181 3580 videt
3219 3523 3582 3590 morientem,
3613 3535 3800 3576 omnes

2147 3622 2248 3664 vos
2287 3609 2460 3664 amici
2517 3609 2625 3665 mei
2668 3609 2981 3680 accendite,
3015 3617 3071 3667 et
3129 3617 3429 3682 postquam
3486 3611 3799 3666 moriturus

2149 3711 2296 3768 sum,
2331 3697 2603 3768 templum
2650 3699 2927 3754 aedificata
2973 3700 3029 3754 in
3081 3701 3310 3757 nomine
3353 3714 3474 3755 meo
3513 3701 3582 3754 ad
3630 3713 3799 3754 oran-

2149 3787 2285 3842 dum
2329 3787 2388 3840 in
2444 3799 2530 3857 eo,
2577 3793 2632 3842 et
2675 3787 2979 3858 imaginem
3013 3803 3190 3844 meam
3223 3788 3393 3844 facite
3421 3803 3553 3843 cum
3579 3789 3798 3844 duabus

2150 3875 2450 3944 speciebus
2497 3874 2674 3932 facies
2722 3876 2830 3932 viri
2883 3881 2938 3932 et
2992 3877 3276 3948 mulieris,
3333 3882 3398 3933 ut
3438 3877 3682 3933 adorent
3721 3890 3797 3930 me

2151 3963 2280 4033 viri,
2332 3971 2389 4019 et
2429 3964 2699 4020 mulieres
2729 3965 2783 4020 in
2828 3965 2932 4020 hoc
2977 3967 3206 4036 templo,
3239 3973 3295 4022 et
3334 3965 3512 4021 multa
3543 3967 3693 4020 ostia
3743 3966 3795 4019 in

2150 4067 2214 4108 eo
2259 4053 2468 4123 templo
2515 4058 2724 4124 aptate,
2759 4060 2823 4110 ut
2851 4055 3187 4124 aperiantur
3227 4056 3501 4110 adversus
3536 4069 3656 4124 eos,
3702 4056 3794 4124 qui

2148 4157 2246 4197 vos
2294 4149 2720 4212 persequentur,
2773 4149 2829 4198 et
2893 4158 3002 4199 non
3071 4145 3292 4213 possint
3341 4143 3556 4200 bellum
3622 4143 3799 4198 facere

2145 4231 2419 4286 adversus
2449 4245 2549 4286 vos
2569 4244 2740 4286 causa
2775 4231 2950 4301 hujus
2975 4232 3078 4287 rei.
3115 4233 3181 4286 Et
3216 4231 3308 4286 hic
3343 4233 3521 4287 Janus
3557 4230 3795 4299 bifrons,

2145 4319 2216 4374 de
2243 4333 2355 4390 quo
2395 4319 2616 4388 accepit
2655 4320 2967 4376 Januarius
3014 4334 3247 4386 nomen;
3275 4319 3446 4375 aliter
3489 4319 3802 4375 Januarius

381 4410 616 4486 cursum
647 4399 838 4454 Lunai.
865 4400 1106 4463 Tantum
1132 4401 1449 4458 adnunciat
1477 4403 1576 4473 qui
1604 4403 1723 4459 lun.
1755 4402 1827 4459 29
1851 4412 1908 4460 et
1937 4419 2036 4461 se—
2065 4426 2120 4486 D
2146 4408 2216 4463 de
2252 4409 2428 4477 janua
2483 4419 2681 4462 nomen
2727 4408 2966 4478 accepit,
2996 4407 3131 4478 quia
3161 4408 3256 4464 hic
3301 4413 3386 4464 est
3420 4409 3598 4477 janua
3638 4407 3796 4462 anni.

328 4518 334 4524 ο
384 4485 558 4542 misse
585 4490 830 4543 utuntur
857 4488 1011 4561 aetati
1041 4503 1170 4544 cum
1207 4489 1666 4560 uniuscujusque
1699 4491 2034 4562 incipientis

381 4569 508 4629 alii
539 4573 674 4630 luna
707 4575 880 4645 primi
913 4577 1124 4634 mensis
1151 4592 1332 4648 usque
1351 4579 1421 4634 ad
1462 4575 1527 4633 44
1553 4578 1746 4634 lunam
1785 4581 2032 4664 Paschte,

381 4667 615 4730 excepto
657 4663 925 4720 videlicet
957 4665 1141 4734 primo
1179 4679 1350 4735 anno,
1396 4680 1561 4736 quem
1618 4681 1887 4724 curamus
1919 4663 2038 4726 nu?-

384 4750 590 4803 merari
631 4763 662 4804 a
699 4748 766 4806 45
797 4751 929 4808 luna
959 4766 1140 4822 usque
1169 4753 1236 4806 ad
1270 4750 1334 4807 M
1365 4753 1556 4809 lunam
1594 4756 1762 4824 primi
1799 4757 2032 4813 mensis.

455 4837 624 4892 Initia
653 4841 930 4896 mensium
973 4842 1122 4911 apud
1152 4842 1442 4914 .Egyptios
1478 4845 1594 4898 lure
1627 4851 1794 4899 sunt:
1823 4861 1878 4900 IV
1907 4847 2027 4901 Kal.

380 4924 686 4998 Septemb.,
735 4941 786 4982 iv
832 4928 953 4984 Kal.
1007 4929 1228 5000 Octob.,
1285 4945 1315 4984 v
1347 4931 1466 4986 Kal.
1503 4932 1794 5005 Novemb.,
1841 4949 1870 4989 v
1904 4935 2028 4990 Kal.

379 5013 666 5094 Decemb.,
691 5031 721 5069 v
753 5015 877 5072 Kal.
905 5019 1051 5088 Jan,
1107 5033 1181 5073 vn
1217 5019 1340 5074 Kal.
1375 5019 1560 5089 Febr.,
1607 5038 1635 5078 ν
1663 5022 1784 5078 Kal.
1839 5027 2026 5094 Mart.,

378 5116 431 5157 νι
451 5101 574 5156 Kal.
596 5102 828 5172 Apr.,vt
858 5105 1179 5176 Kal.Maii.,
1200 5120 1274 5160 vn
1304 5107 1605 5176 Kal.Jun.,
1637 5123 1712 5164 vn
1737 5111 1860 5165 Kal.
1887 5111 2026 5182 Jul.,

379 5191 618 5246 vaal.
634 5193 774 5263 Aug.
794 5193 1370 5250 Iisuntintercalares
1387 5195 1530 5264 dies,
1555 5205 1616 5252 ut
1634 5212 1688 5252 ix
1709 5198 1832 5253 Kal.
1850 5201 2028 5271 Sept.,

379 5293 477 5334 νιιι
493 5279 613 5335 Kal.
635 5281 811 5353 Sept.,
832 5295 906 5336 vn
931 5281 1052 5336 Kal.
1075 5283 1250 5354 Sept.,
1266 5298 1317 5338 νι
1339 5285 1462 5340 Kal.
1481 5288 1656 5356 Sept.,
1677 5301 1706 5342 ν
1727 5287 1849 5342 Kal.
1871 5289 2026 5360 Sept.

379 5369 446 5423 Et
469 5382 890 5442 congregantur
928 5371 986 5426 in
1034 5385 1210 5428 unum
1253 5374 1402 5444 apud
1447 5374 1743 5445 Egyptios
1773 5377 2032 5434 interca-

379 5456 528 5513 lares
545 5457 691 5522 dies.
734 5459 872 5530 quia
891 5455 996 5516 300
1021 5463 1038 5482 '
1071 5460 1246 5518 unius
1293 5461 1507 5517 mensis
1541 5477 1652 5519 non
1687 5463 1894 5522 habent
1933 5480 2030 5523 se-

374 5545 627 5602 cundum
677 5547 882 5618 Solem,
917 5549 1011 5606 sed
1042 5549 1399 5606 trecentesim
1445 5547 1510 5604 42
1564 5566 1782 5608 menses
1826 5554 2030 5612 habere

2147 4497 2357 4553 Mensis
2398 4496 2744 4552 Februarius
2784 4497 2978 4553 dictus
3023 4503 3108 4552 est
3152 4498 3224 4553 de
3289 4497 3611 4564 Lavatione,
3663 4496 3797 4564 quia

2145 4585 2409 4641 Febrium
2438 4585 2851 4654 interpretatur
2890 4586 3198 4656 lavacrum,
3225 4599 3291 4641 eo
3321 4586 3467 4656 quod
3497 4584 3796 4650 Lare-unis,

2145 4673 2229 4728 vel
2283 4673 2518 4742 Luperci
2579 4687 2816 4743 corpora
2863 4687 2967 4728 sua
3023 4674 3092 4728 de
3136 4673 3504 4729 immunditia
3578 4672 3796 4742 byemis

2148 4761 2494 4830 levaverunt,
2539 4761 2623 4817 vel
2695 4777 2760 4816 eo
2809 4762 2957 4832 quod
3013 4762 3090 4816 sit
3153 4761 3349 4817 febris.
3418 4760 3632 4816 Deinde
3695 4761 3797 4814 Fe-

2146 4850 2418 4905 bruarius
2457 4851 2786 4906 nominatur
2829 4858 3058 4921 propter
3093 4851 3468 4921 frigiditatem
3521 4849 3797 4918 temporis

2148 4938 2338 4994 istius.
2382 4939 2624 4994 Martius
2647 4939 2716 4993 de
2745 4941 2920 4994 Marte
2961 4939 3115 4995 idolo
3143 4939 3362 5009 accepit
3397 4952 3624 5006 nomen,
3661 4937 3794 5008 quia

2147 5031 2405 5082 mortuus
2441 5031 2564 5081 erat
2597 5027 2654 5082 in
2686 5026 2786 5082 illo
2838 5027 3046 5098 Iliense,
3097 5033 3152 5082 et
3203 5031 3432 5096 pr0pter
3482 5025 3592 5080 hoc
3639 5025 3794 5080 cole-

2141 5113 2310 5169 batur
2346 5114 2494 5184 apud
2536 5114 2792 5170 Gentiles
2841 5115 2934 5169 hic
2988 5115 3218 5170 mensis.
3275 5115 3496 5184 Aprilis
3533 5112 3606 5167 ab
3658 5126 3793 5181 ape-

2143 5204 2342 5258 riendo
2366 5203 2604 5270 dicitur,
2624 5217 2690 5260 eo
2711 5204 2862 5274 quod
2897 5203 3080 5272 aperit
3123 5204 3372 5258 mundus
3401 5203 3570 5257 ﬂores
3617 5202 3675 5256 in
3709 5215 3788 5261 eo,

2141 5293 2223 5347 vel
2256 5306 2322 5347 eo
2366 5292 2516 5362 quod
2547 5291 2806 5361 aperitur
2844 5292 3050 5347 aulum
3103 5290 3312 5361 oculis,
3340 5291 3488 5361 quod
3532 5297 3789 5360 Opertum

2141 5379 2396 5436 nubibus
2433 5385 2555 5436 erat
2591 5385 2742 5435 ante.
2793 5381 2980 5436 Maius
3016 5381 3212 5436 dictus
3244 5385 3331 5434 est
3369 5379 3440 5434 de
3481 5377 3794 5449 majoribus

2142 5469 2522 5524 Romanorum
2565 5468 2623 5524 in
2664 5469 2966 5539 sapientia,
3011 5468 3096 5524 vel
3125 5468 3196 5523 de
3231 5468 3377 5537 Maja
3416 5473 3597 5523 matre
3643 5467 3796 5520 Mer-

2133 5577 2164 5616 c
2191 5557 2306 5613 irii.
2346 5555 2530 5613 Aliter
2555 5556 2628 5612 de
2657 5558 2802 5628 Majo
2836 5558 2950 5614 Deo
2978 5557 3153 5628 idolo,
3189 5552 3530 5627 qui’Opiter
3567 5553 3796 5626 magni-
