4054 6192
262 297 397 355 4364

1623 307 1817 362 LIBER
1855 307 1946 360 DE
1981 306 2319 365 COMPUTO.

3531 314 3674 375 4362

260 438 463 493 tudine
493 442 763 508 potentiae
792 442 1030 499 dicitur.
1059 445 1267 501 Junius
1292 459 1324 501 a
1346 446 1688 504 Junioribus
1713 449 1895 503 Roma.

2022 433 2314 489 custodire
2334 435 2680 506 praecipitur.
2700 440 2887 495 Mense
2903 440 3086 509 primo
3102 440 3325 497 decimo
3341 440 3436 497 die
3453 440 3668 497 mensis

260 538 466 581 norum
513 527 711 584 dictus
758 537 863 598 est,
903 532 959 585 in
1011 532 1313 601 sapientia.
1364 534 1549 590 Aliter
1585 536 1655 590 de
1690 536 1909 591 Junone

256 613 454 670 dictus
506 624 611 678 est,
669 633 795 687 quae
852 634 1015 675 soror
1063 622 1237 691 Jovis,
1300 623 1417 678 ﬁlia
1477 624 1711 679 Saturni
1773 623 1905 679 fuit.

253 702 452 758 Julius
480 718 512 759 a
541 705 696 761 Julio
730 720 856 778 rege
886 710 1268 765 Romanorum
1290 712 1512 768 dicitur
1543 719 1771 783 propter
1798 713 1908 769 ho-

258 804 455 846 norem
492 794 664 865 regis.
694 794 904 851 Nomen
933 796 1097 853 illius
1124 799 1373 867 positum
1390 806 1476 865 est
1497 801 1552 856 in
1574 801 1675 857 illo
1694 815 1903 869 mense,

257 880 399 948 quia
450 882 673 950 primus
702 883 863 939 dedit
903 898 1138 955 regnum
1173 888 1464 944 Romanis.
1507 891 1686 944 Numa
1736 891 1907 945 Pom-

258 967 440 1036 pilius
463 970 567 1025 hos
587 971 734 1026 duos
756 985 977 1029 menses
995 974 1222 1030 addidit
1240 976 1455 1032 Julium
1480 984 1534 1032 et
1558 976 1901 1048 Augustum.

249 1057 446 1136 Julius
469 1058 655 1114 Caesar
685 1060 917 1116 cedente
948 1062 1177 1132 populo,
1209 1066 1343 1135 quia
1369 1079 1466 1134 per
1486 1065 1597 1120 vim
1621 1065 1906 1121 abstrahit

257 1159 515 1215 regnum.
548 1150 846 1219 Augustus
887 1149 959 1204 ab
988 1151 1247 1221 Augusto
1291 1153 1598 1209 Octaviano
1630 1169 1758 1226 rege
1803 1155 1905 1210 di-

252 1238 384 1289 ctus
437 1241 540 1290 est.
592 1238 890 1308 Augustus
941 1243 1152 1302 autem,
1211 1242 1309 1311 qui
1359 1242 1693 1298 solemniter
1744 1249 1903 1298 stans

254 1321 687 1394 interpretatur,
722 1327 856 1395 quia
897 1340 994 1396 per
1028 1342 1216 1397 pacem
1257 1330 1476 1387 invenit
1508 1345 1762 1403 regnum.
1796 1332 1903 1386 Sen

254 1412 510 1479 ptember
558 1427 624 1469 eo
678 1415 827 1484 quod
884 1417 965 1470 sit
1013 1419 1294 1486 septimus
1352 1419 1534 1475 imber
1588 1434 1620 1476 a
1674 1422 1895 1489 Martio,

252 1501 355 1570 qui
409 1509 495 1556 est
547 1503 898 1572 principium
955 1508 1124 1561 veris.
1180 1508 1369 1563 Simili
1421 1523 1650 1579 quoque
1696 1510 1899 1565 ordine

249 1588 512 1659 October,
564 1592 981 1653 Novemberet
1033 1595 1333 1651 December
1380 1611 1446 1652 ex
1499 1610 1733 1653 numero
1785 1598 1900 1651 im—

250 1674 467 1745 brium,
500 1683 671 1748 atque
697 1680 846 1735 veris
871 1690 1211 1750 acceperunt
1240 1684 1599 1740 vocabulum.
1634 1676 1897 1740 Kalendae

2019 532 2203 590 agnus
2231 522 2543 580 anniculus
2574 525 2979 582 immaculatus
3025 528 3310 600 segregari
3342 532 3399 584 et
3451 528 3657 585 seriari

2022 623 2202 678 usque
2217 610 2285 665 ad
2305 607 2369 665 49
2386 618 2441 667 et
2460 612 2516 667 in
2544 627 2691 669 nono
2707 614 2928 670 decimo
2948 615 3045 671 die
3058 617 3299 673 Domino
3319 630 3418 686 per
3435 619 3662 688 Moysen

2019 696 2572 768 occidipraécipitur
2596 700 2666 755 ab
2694 702 2962 758 universo
2994 702 3243 759 ﬁliorum
3271 705 3484 760 Israhel
3515 711 3660 760 caetu

2016 785 2084 839 ad
2132 799 2449 856 vesperum,
2491 802 2603 858 qua
2653 788 2962 846 fractiones
3006 791 3128 860 ipse
3170 792 3448 848 Dominus
3491 807 3660 848 verus

2015 886 2216 944 agnus,
2251 890 2379 931 cum
2411 877 2479 931 ad
2521 891 2715 934 verum
2757 879 2969 935 Pascha
3003 880 3386 952 progreditur,
3430 882 3655 953 aliquid

2018 975 2346 1030 permanere
2370 965 2582 1032 volens,
2613 967 2867 1022 custodit
2891 968 3139 1038 aliquas,
3170 983 3281 1025 non
3313 970 3516 1024 serviri
3548 984 3659 1025 cu-

2017 1049 2197 1116 piens,
2222 1054 2613 1121 commutavit,
2640 1055 2775 1123 quia
2800 1069 2929 1109 cum
2956 1056 3012 1110 in
3040 1056 3224 1125 primo
3250 1070 3436 1111 mense
3461 1071 3658 1113 secun-

2011 1137 2146 1193 dum
2184 1147 2525 1209 praeceptum
2559 1142 2702 1213 legis
2746 1143 3030 1199 immolari
3063 1144 3337 1215 dignatus
3365 1152 3471 1216 est,
3501 1151 3558 1201 et
3588 1142 3655 1200 44

2013 1227 2173 1283 nullo
2199 1230 2361 1284 modo
2388 1232 2680 1299 pervenire
2701 1246 2818 1287 suae
2844 1232 3136 1289 Passionis
3157 1242 3408 1302 tempore
3436 1236 3655 1304 permi-

2011 1316 2172 1371 serit.
2212 1316 2423 1387 Aliqua
2471 1325 2656 1374 tamen
2701 1326 2895 1375 contra
2941 1321 3178 1391 ﬁguram
3226 1319 3429 1377 fecisse
3459 1331 3653 1380 narrat

2009 1406 2397 1476 Evangelium,
2449 1408 2585 1476 quia
2629 1422 2758 1464 cum
2802 1422 2834 1464 a
2875 1410 3017 1465 Juda
3060 1411 3381 1465 traderetur
3415 1410 3646 1477 Judaeis,

2010 1505 2121 1547 non
2163 1493 2383 1549 decima
2414 1495 2508 1550 die
2554 1497 2766 1552 mensis
2807 1498 3238 1566 praemittendus
3267 1504 3371 1568 est,
3418 1503 3477 1554 et
3516 1512 3646 1554 cum

2009 1580 2100 1634 sui
2154 1583 2414 1650 corporis
2446 1589 2500 1637 et
2531 1585 2834 1656 sanguinis
2880 1592 3228 1641 sacramenta
3258 1586 3394 1642 dare
3436 1586 3495 1642 in
3542 1599 3648 1641 sua

2007 1669 2123 1723 vita
2153 1669 2464 1739 discipulis
2490 1671 2615 1727 suis
2634 1672 2907 1741 dignatus
2937 1672 3131 1741 fuerit,
3158 1674 3262 1729 hoc
3286 1680 3483 1729 contra
3510 1675 3649 1746 ﬁgu-

248 1763 421 1819 dicta:
458 1744 609 1821 Sunt
666 1781 767 1836 pro
826 1744 1098 1839 Kalendo,
1155 1772 1237 1826 vel
1307 1773 1564 1839 colendo,
1620 1786 1685 1828 eo
1744 1774 1892 1843 quod

2008 1770 2124 1811 ram
2181 1756 2383 1814 fecisse
2432 1765 2800 1815 monstratur.
2858 1761 2962 1816 Cui
2999 1761 3097 1816 ille
3126 1775 3309 1833 agnus
3361 1762 3459 1832 qui
3515 1744 3647 1833 typo

252 1851 428 1907 initia
464 1854 742 1909 mensium
775 1858 921 1925 apud
957 1859 1215 1927 gentiles.
1250 1860 1547 1931 Aliterque
1589 1862 1642 1916 id
1676 1867 1762 1916 est
1791 1875 1897 1917 vo-

248 1940 520 2011 cationis,
556 1958 681 2013 quae
714 1944 834 1999 ﬁta
866 1947 1036 2001 verbo
1064 1950 1258 2003 Graeco
1298 1948 1457 2015 Kalo,
1503 1956 1558 2003 et
1609 1951 1896 2019 interpre-

250 2034 411 2084 tatur
443 2044 596 2085 voco.
629 2032 758 2087 Ideo
790 2032 1055 2088 Kalendae
1085 2035 1364 2091 dicuntur
1392 2049 1424 2091 a
1453 2038 1722 2098 vocando,
1758 2037 1893 2107 quia

247 2117 600 2174 vocabantur
657 2134 853 2176 omnes
909 2124 1059 2191 apud
1110 2124 1355 2193 gentiles
1406 2125 1465 2178 in
1519 2125 1616 2179 die
1672 2125 1777 2180 hoc
1822 2126 1890 2180 ad

246 2205 687 2263 sacriﬁcandum
725 2209 794 2263 ad
829 2211 1102 2279 oppidum
1155 2225 1442 2279 magnum,
1493 2218 1551 2267 et
1594 2212 1895 2267 dicebatur

247 2293 353 2362 eis,
388 2293 488 2362 qui
522 2294 859 2351 debuissent
888 2298 1107 2353 oﬁ'erre.
1144 2298 1409 2354 Kalendae
1440 2299 1589 2355 luna:
1617 2299 1897 2355 diceban-

249 2388 346 2435 tur
400 2382 690 2452 primitus,
754 2385 980 2439 invento
1050 2386 1155 2442 hoc
1218 2387 1446 2442 nomine
1518 2388 1688 2453 lunm,
1751 2389 1898 2443 idest

252 2469 437 2538 prima
475 2469 625 2524 lunte
658 2473 825 2540 primi
876 2475 1089 2528 mensis
1130 2476 1410 2530 dicuntur
1440 2476 1703 2531 Kalendae
1735 2490 1901 2531 men-

249 2558 398 2613 sium
428 2558 655 2613 diebus.
685 2562 855 2615 Nona:
876 2575 907 2615 a
936 2563 1216 2618 nundinis
1239 2563 1536 2634 dicuntur,
1562 2579 1627 2620 eo
1655 2566 1803 2635 quod
1839 2565 1898 2619 in

255 2646 360 2700 hoc
383 2646 480 2701 die
504 2647 914 2704 exercebantur
946 2651 1236 2705 nundinae.
1284 2652 1469 2707 Aliter
1499 2668 1563 2708 eo
1593 2654 1741 2723 quod
1785 2666 1896 2708 no-

254 2747 364 2788 nus
393 2733 520 2788 dies
549 2734 629 2788 sit
656 2741 786 2790 ante
836 2736 987 2791 idus.
1033 2738 1168 2793 ldus
1196 2752 1227 2793 a
1256 2740 1353 2794 die
1395 2741 1563 2795 dicta:
1602 2747 1737 2795 sunt
1769 2741 1896 2810 pri-

248 2822 429 2877 mitus
460 2822 520 2876 in
563 2822 747 2879 medio
779 2824 1010 2890 mensis,
1047 2832 1108 2881 ut
1137 2828 1264 2896 ejus
1300 2835 1739 2898 c0gnosceretur
1773 2843 1897 2883 me—

246 2909 453 2965 dictas.
500 2911 559 2965 Id
609 2911 679 2966 de
723 2912 819 2966 die
855 2913 1076 2969 dicitur
1119 2920 1495 2971 transmutata
1547 2930 1657 2971 una
1704 2916 1890 2978 litera,

247 3002 305 3052 et
334 2998 673 3053 immittatur
704 3014 740 3054 u
774 3013 872 3067 pro
899 3013 949 3070 e,
982 2998 1309 3072 factumque
1339 3008 1425 3057 est
1456 3017 1678 3058 nomen.
1713 3003 1896 3057 Aliter

248 3088 508 3141 Graecum
539 3092 643 3155 est,
676 3093 731 3141 et
772 3088 1184 3156 interpretatur
1213 3104 1312 3145 cor
1345 3092 1647 3154 mensium,
1691 3098 1747 3147 et
1790 3105 1895 3145 no—

252 3173 429 3228 minis
452 3175 577 3242 ejus
603 3175 892 3245 genitivus
918 3176 1229 3247 invenitur,
1259 3184 1321 3232 ut
1344 3184 1430 3232 est
1454 3179 1603 3247 idus,
1636 3179 1892 3249 iduvum,

253 3261 466 3317 idibus.
490 3264 985 3333 Interrogandum,
1012 3278 1187 3335 quare
1207 3266 1437 3321 dicatur
1457 3267 1668 3321 mensis
1691 3282 1744 3337 qv
1771 3273 1897 3323 arto

249 3352 439 3405 Nonas
481 3351 707 3417 habere,
737 3360 792 3406 et
821 3361 980 3408 sexto
1024 3355 1232 3423 Nonas,
1261 3361 1317 3409 et
1359 3369 1533 3424 quare
1565 3370 1673 3410 non
1705 3357 1896 3410 decem

251 3444 380 3510 post
403 3438 556 3507 ldus,
585 3446 641 3495 et
666 3441 1091 3510 septemdecim,
1119 3448 1175 3497 et
1204 3444 1538 3513 octodecim,
1567 3451 1667 3498 aut
1694 3444 1899 3499 sexde-

246 3529 361 3581 cim
388 3528 415 3580 ‘2
438 3527 521 3581 Ab
554 3529 1005 3598 imperatoribus
1034 3532 1417 3587 Romanorum
1452 3530 1662 3587 factum
1691 3538 1795 3592 est.
1828 3547 1898 3588 ne

243 3616 351 3670 alii
385 3616 754 3672 insidiatores
796 3618 991 3674 dolum
1051 3617 1319 3675 fecissent
1360 3633 1474 3675 uno
1521 3621 1615 3675 die
1652 3626 1671 3642 '
1724 3620 1898 3678 facito

244 3704 674 3767 conductionis,
710 3712 774 3761 ut
793 3706 1084 3762 dubitatio
1110 3712 1256 3763 esset
1286 3708 1341 3763 in
1373 3708 1468 3763 die
1492 3709 1898 3767 conductionis

243 3793 464 3862 absque
492 3793 670 3849 dubio
703 3796 953 3865 quando'
987 3810 1155 3866 quam
1186 3796 1424 3853 dabitur
1456 3798 1513 3853 in
1550 3812 1794 3854 mensem
1825 3798 1896 3855 30

246 3880 421 3936 tertio
444 3880 661 3936 dicitur
718 3883 1147 3939 malioniensem
1180 3898 1396 3939 aurem.
1453 3888 1513 3939 In
1548 3900 1735 3942 mense
1780 3889 1896 3943 tri—

242 3969 477 4025 cenario
512 3984 688 4025 unum
716 3977 919 4041 quarto
948 3972 1170 4027 dicitur
1197 3972 1407 4028 malum
1442 3974 1497 4027 id
1523 3975 1894 4044 trigentarios

245 4064 406 4113 trans
430 4059 584 4113 diem
626 4059 759 4114 silet
799 4061 1171 4131 trigentarios
1197 4075 1343 4116 unos
1382 4068 1540 4116 trans
1576 4064 1722 4118 duos
1764 4065 1891 4120 dies

242 4146 357 4214 die,
385 4160 497 4215 quo
528 4147 737 4215 incipit
762 4148 907 4216 prid.
938 4149 1060 4203 Kal.
1082 4150 1204 4203 Jan.
1234 4149 1449 4218 absque
1474 4149 1654 4205 dubio
1684 4150 1891 4220 incipit

243 4237 377 4304 Apr.
407 4236 622 4306 absque
652 4236 940 4292 bissexto:
981 4238 1171 4293 eodem
1216 4245 1402 4293 autem
1448 4239 1542 4295 die
1575 4239 1885 4309 incipiunt,
1924 4274 1927 4277 ‹

242 4324 290 4377 si
318 4323 609 4379 bissextus
631 4323 826 4380 fuerit.
851 4326 1065 4394 Quarto
1087 4331 1273 4381 autem
1295 4326 1389 4381 die
1412 4328 1702 4396 incipiunt
1728 4328 1887 4384 Febr.

2003 1845 2221 1900 Christi
2258 1847 2315 1901 in
2363 1846 2573 1902 Pascha
2606 1849 2942 1917 praecipitur
2988 1850 3196 1918 occidi,
3236 1856 3462 1906 assatus
3516 1851 3646 1922 igne

2004 1946 2131 1988 cum
2157 1935 2364 2002 capite.
2394 1940 2449 1988 et
2482 1935 2742 2003 pedibus,
2774 1943 2829 1990 et
2856 1937 3136 1991 intraneis
3164 1945 3288 2006 post
3313 1952 3474 1993 suam
3501 1939 3647 1994 occi-

2005 2026 2221 2079 sionem
2245 2023 2504 2077 consumi
2529 2036 2557 2076 a
2586 2023 2792 2092 populo
2822 2025 3279 2080 manducaretur.
3302 2027 3413 2081 Hoc
3431 2031 3641 2094 autem,

2007 2119 2071 2167 ut
2105 2111 2246 2166 mihi
2291 2111 2538 2181 videtur,
2573 2118 2803 2181 propter
2843 2113 2988 2168 duas
3030 2113 3403 2169 rationabiles
3443 2128 3646 2170 causas

2005 2201 2283 2256 Dominus
2315 2198 2516 2255 fecisse
2536 2202 2921 2271 cognoscitur.
2953 2203 3089 2255 Nam
3117 2216 3245 2257 cum
3278 2203 3483 2258 Pascha
3514 2217 3644 2259 cum

2005 2290 2316 2360 discipulis
2347 2289 2734 2358 manducaret,
2765 2290 2877 2345 nisi
2913 2295 3103 2360 postea
3131 2292 3477 2348 sacriﬁcium
3500 2306 3650 2348 com-

2010 2384 2284 2433 mutasset
2324 2378 2563 2433 dicens:
2613 2380 2722 2433 Hoc
2765 2383 2843 2433 est
2885 2393 3077 2449 corpus
3108 2396 3301 2442 meum,
3342 2380 3427 2437 sic
3473 2381 3647 2438 etiam

2010 2471 2202 2536 postea
2242 2466 2529 2522 observari
2562 2466 2765 2522 debere
2803 2468 3145 2523 crederetur.
3181 2470 3307 2524 llazc
3336 2474 3524 2525 autem
3555 2472 3652 2527 al—

2013 2563 2150 2622 tera,
2187 2561 2251 2610 ut
2281 2556 2506 2624 opinor,
2540 2567 2732 2621 causa,
2769 2562 2830 2611 ut
2855 2569 2981 2611 cum
3011 2556 3229 2627 Corpus
3254 2559 3482 2614 Domini
3511 2560 3652 2616 inte-

2010 2658 2197 2715 grcm,
2221 2648 2275 2698 et
2301 2658 2468 2699 suum
2501 2644 2835 2714 sanguinem
2866 2644 2925 2699 in
2953 2658 3013 2700 se
3039 2646 3341 2703 continens
3364 2653 3494 2704 ante
3525 2649 3653 2704 Pas-

2008 2732 2225 2787 sionem
2275 2738 2590 2801 cernerent,
2651 2733 2755 2787 hoc
2807 2747 3044 2803 corpore
3095 2734 3441 2804 spiritaliter
3492 2737 3650 2793 reﬁci

2006 2822 2322 2887 crederent,
2350 2828 2405 2875 et
2430 2822 2515 2876 sic
2540 2823 2710 2877 etiam
2742 2836 2893 2878 nunc
2917 2838 2948 2878 a
2977 2823 3143 2879 nobis
3167 2825 3512 2881 crederetur.
3539 2829 3654 2884 Hoc

2005 2910 2175 2964 etiam
2214 2909 2425 2964 intueri
2469 2909 2759 2978 debemus,
2803 2912 2950 2981 quod
2989 2925 3099 2968 non
3135 2909 3202 2967 44
3230 2913 3299 2968 ad
3333 2928 3649 2986 vesperum,

2009 3003 2074 3051 ut
2100 2997 2189 3051 lex
2220 2997 2500 3065 praecipit,
2536 2997 2635 3051 ille
2659 3012 2843 3068 agnus
2869 3000 2967 3069 qui
2994 3001 3148 3055 tollit
3172 3008 3460 3070 peccatum
3497 3017 3657 3059 mun-

1923 3060 1971 3120 Ο
2008 3087 2091 3147 di,
2124 3092 2180 3140 et
2211 3085 2422 3139 Pascha
2454 3092 2710 3141 nostrum
2746 3086 3078 3143 immolatus
3118 3094 3204 3143 est
3232 3090 3518 3160 Christus,
3555 3094 3650 3149 sed

2008 3174 2213 3244 quinto
2242 3173 2465 3229 decimo
2494 3172 2607 3242 die,
2639 3173 2696 3227 in
2729 3187 2842 3243 quo
2874 3173 3238 3230 manifestum
3265 3182 3351 3231 est
3379 3177 3531 3233 diem
3558 3181 3657 3235 Fe—

2008 3270 2156 3319 stum
2202 3263 2525 3318 Judzrorum
2567 3276 2696 3317 cum
2727 3276 2832 3319 suo
2863 3263 3147 3319 sacriﬁcio
3177 3278 3207 3319 a
3246 3265 3488 3321 Domino
3528 3280 3653 3323 esse

2008 3352 2284 3408 solutum.
2316 3352 2418 3406 Sed
2444 3351 2583 3422 quid
2612 3351 2669 3406 in
2698 3351 2804 3407 hoc
2831 3351 3153 3422 intelligere
3176 3353 3465 3424 debemus,
3496 3356 3649 3425 quod

2011 3441 2175 3510 prius
2225 3440 2485 3509 ﬁguralis
2522 3440 2667 3511 Agni
2707 3449 2933 3495 carnem
2981 3441 3315 3511 romederet,
3357 3449 3412 3498 et
3457 3449 3652 3512 postea

2009 3530 2100 3584 sui
2132 3529 2392 3598 corporis
2429 3529 2560 3583 cibo
2602 3543 2741 3584 suos
2785 3529 3075 3598 apostolos
3123 3530 3396 3600 reﬁceret,
3427 3538 3485 3586 et
3524 3540 3653 3602 post

2006 3618 2330 3673 Judzeorum
2364 3618 2614 3687 typicum
2660 3624 2918 3673 nostrum
2950 3618 3161 3673 Pascha
3205 3618 3535 3676 immolatus
3561 3626 3652 3677 est

2006 3706 2293 3773 Christus,
2323 3705 2427 3760 hoc
2461 3711 2523 3760 ut
2552 3706 2761 3775 Opinor
2794 3710 2854 3761 ut
2883 3720 2991 3761 non
3019 3707 3230 3762 veritas
3262 3708 3522 3778 ﬁguram,
3548 3710 3645 3764 sed

2009 3794 2189 3865 ﬁgura
2228 3794 2520 3849 veritatem
2569 3795 2930 3864 prtecederet,
2964 3794 3099 3864 quia
3133 3808 3243 3850 non
3291 3796 3453 3865 prius
3493 3798 3646 3867 quod

2006 3883 2268 3953 spiritale
2299 3888 2405 3953 est,
2436 3883 2531 3938 sed
2561 3884 2711 3953 quod
2743 3883 3012 3947 animale,
3042 3884 3249 3939 deinde
3280 3885 3427 3955 quod
3460 3886 3650 3955 spiri-

2006 3972 2134 4028 tale.
2172 3972 2328 4027 Unde
2373 3971 2660 4042 eleganter
2706 3971 2889 4027 amica
2928 3972 3141 4041 Sponsa
3183 3972 3401 4029 Christi
3446 3975 3644 4043 sponsi

2007 4060 2353 4115 universalis
2384 4060 2634 4115 Ecclesia
2658 4061 3102 4116 anathematizat
3127 4075 3242 4130 eos,
3272 4062 3371 4132 qui
3393 4076 3521 4117 cum
3537 4063 3647 4118 Ju-

1999 4149 2141 4203 dasis
2167 4148 2547 4203 Festivitatem
2583 4148 2901 4204 Paschalem
2938 4146 3003 4203 44
3033 4149 3163 4205 luna
3190 4150 3465 4206 celebrari
3495 4151 3645 4207 deﬁ—

2002 4238 2189 4303 niunt,
2224 4242 2281 4292 et
2308 4243 2510 4292 cetera.
2546 4238 2615 4290 Et
2656 4237 2984 4304 hujusmodi
3023 4238 3303 4294 umbralis
3330 4239 3646 4296 observan-

2000 4328 2118 4396 tiaa,
2149 4335 2204 4382 et
2250 4326 2354 4382 hoc
2382 4329 2599 4380 tantum
2647 4323 2947 4379 observare
2974 4326 3249 4396 dignatus
3275 4334 3382 4397 est,
3411 4328 3559 4397 quod
3589 4334 3647 4384 et

239 4420 297 4467 et
328 4415 486 4467 Mart.
527 4428 560 4467 a
599 4414 694 4468 die
739 4427 850 4484 quo
895 4415 1168 4469 initiatur
1209 4416 1329 4469 Jan.
1366 4416 1467 4469 Die
1504 4430 1636 4470 vero
1678 4429 1745 4471 ex
1776 4433 1889 4486 quo
1918 4424 1970 4483 D
2002 4415 2280 4472 Dominus
2329 4415 2385 4469 in
2430 4413 2612 4483 primo
2657 4426 2846 4467 mense
2891 4419 3017 4481 post
3060 4420 3316 4483 quartam
3361 4415 3641 4470 decimam

242 4501 537 4571 incipiunt
560 4501 682 4556 Kal.
706 4503 826 4557 Jan.
858 4504 1173 4558 secundum
1198 4503 1470 4557 initiatur
1492 4505 1692 4572 Majas,
1718 4506 1888 4560 tertio

244 4590 451 4660 incipit
474 4591 789 4662 Augustus,
814 4597 1019 4662 quarto
1049 4592 1257 4661 incipit
1282 4592 1607 4648 November.
1635 4594 1726 4648 lla:
1753 4603 1888 4650 sunt

239 4677 666 4735 observationes
697 4679 1077 4736 Kalendarum
1116 4682 1419 4736 mensium.

240 4787 439 4854 Incipit
487 4786 714 4854 epistola
766 4803 922 4856 papa:
966 4773 1157 4841 Leonis
1200 4788 1275 4841 ad
1319 4789 1662 4843 Marcianum
1708 4793 1887 4859 impe—

704 4865 935 4912 ratorem
956 4874 1057 4927 per
1095 4861 1417 4912 Darianum.

308 4944 549 5000 CXLIX.
580 4947 711 5001 Tam
754 4947 952 5001 multis
984 4961 1082 5016 per
1122 4961 1319 5003 omnes
1353 4948 1568 5003 Christi
1613 4948 1885 5005 ecclesias

240 5032 378 5087 ﬁdes
422 5040 620 5089 vestra:
649 5035 880 5104 pietatis
910 5035 1184 5106 innotuit,
1230 5042 1335 5091 etc.
1379 5036 1569 5106 (Edim
1599 5041 1677 5091 est
1703 5054 1737 5090 a
1766 5039 1886 5091 Bu-

235 5121 437 5186 chrrio,
465 5139 591 5190 pag.
625 5120 742 5191 78.)

768 5215 844 5266 De
887 5214 1097 5267 Pascha
1147 5219 1346 5268 autem.

305 5297 408 5353 CL.
463 5299 752 5369 Tanquam
822 5302 891 5356 de
949 5302 1197 5357 maximo
1255 5309 1607 5358 sacramento
1673 5303 1879 5359 salutis

236 5392 444 5442 nostrae
470 5388 637 5456 paulo
663 5389 839 5444 latius
860 5390 1083 5460 aliquid
1105 5390 1388 5445 dicturus.
1416 5391 1642 5446 etiamsi
1664 5406 1772 5447 non
1793 5400 1880 5450 est

232 5476 410 5545 hujus
442 5477 797 5546 temporibus
820 5484 1025 5534 cuncta
1055 5479 1355 5547 disserere,
1391 5478 1554 5546 prius
1582 5481 1879 5536 ostendere

232 5565 380 5635 volo,
433 5565 649 5635 quibus
688 5565 772 5621 vel
818 5566 1053 5636 quantis
1092 5565 1416 5621 rationibus
1448 5566 1620 5635 phase
1649 5568 1873 5623 Domini

2002 4505 2153 4561 diem
2185 4503 2505 4559 Paschalem
2534 4501 2901 4557 festivitatem
2932 4502 3267 4570 procedente
3300 4514 3413 4557 una
3435 4501 3643 4557 Sabba-

2000 4599 2186 4649 torum
2236 4591 2514 4648 celebrari
2569 4590 2693 4646 sine
2738 4590 2853 4645 ulla
2902 4589 3280 4661 ambiguitate
3326 4591 3637 4650 censuerit.

1997 4682 2134 4740 licet
2166 4682 2223 4737 in
2255 4681 2359 4736 hoc
2379 4680 2624 4735 varietas
2658 4678 2920 4734 Ecclesiae
2945 4684 3067 4733 orta
3092 4684 3196 4743 est,
3220 4678 3359 4733 aliis
3382 4677 3639 4736 sufficere

1996 4770 2382 4836 credentibu:,
2417 4775 2480 4823 ut
2506 4782 2617 4823 non
2641 4781 2768 4823 cum
2798 4767 3010 4822 Judzeis
3044 4764 3108 4821 M
3135 4766 3269 4822 luna
3296 4768 3506 4825 Pascha
3535 4783 3639 4826 ce—

1998 4858 2301 4914 lebrarent.
2333 4857 2450 4912 Alii
2495 4861 2685 4911 autem
2715 4856 2819 4912 hoc
2850 4853 3096 4918 fortiter,
3126 4860 3407 4926 cauteque
3434 4864 3638 4915 custo—

1994 4947 2186 5017 diunt,
2235 4952 2301 5002 ut
2340 4945 2786 5001 immolationem
2833 4944 2951 4999 veri
2992 4943 3139 5014 Agni
3183 4944 3304 5015 Dei,
3339 4946 3439 5017 qui
3479 4948 3638 5005 tollit

1997 5041 2222 5105 peccata
2252 5034 2449 5090 mundi
2471 5039 2602 5088 ante
2630 5031 2694 5088 44
2717 5033 2907 5088 lunam
2926 5032 3213 5089 celebrare
3235 5048 3343 5090 non
3361 5035 3627 5092 audeant.

1993 5124 2316 5180 Secundum
2346 5122 2479 5178 illos
2507 5122 2683 5192 legale
2707 5127 3070 5191 praeceptum,
3100 5122 3251 5193 quod
3278 5129 3334 5180 et
3358 5125 3637 5180 Dominus

1991 5214 2061 5269 ad
2094 5213 2418 5268 Passionem
2447 5210 2680 5265 veniens
2703 5210 2942 5266 minime
2965 5213 3329 5282 contempsit,
3361 5211 3636 5267 observa-

1992 5301 2134 5357 bitis
2153 5304 2171 5323 ·
2194 5314 2321 5357 eum
2346 5313 2527 5368 usque
2548 5299 2615 5353 ad
2643 5295 2727 5367 44,
2759 5299 2907 5368 quod
2938 5313 3090 5356 nunc
3113 5300 3354 5355 maxime
3376 5297 3633 5355 Ecclesia

1989 5392 2390 5447 auctoritatem
2444 5389 2608 5443 Sedis
2658 5387 3002 5457 Apostolicte
3054 5400 3297 5457 sequens
3347 5384 3627 5443 observat.

1992 5480 2096 5535 Sed
2127 5485 2182 5534 et
2215 5479 2333 5533 haec
2361 5479 2705 5544 deserentes,
2735 5478 2870 5548 quia
2899 5491 3008 5532 non
3040 5483 3125 5530 est
3157 5475 3329 5540 hujus
3354 5476 3630 5543 temporis

1994 5582 2091 5642 per
2117 5567 2346 5638 singula
2366 5566 2714 5635 discurrere,
2744 5566 2812 5621 ad
2839 5562 3158 5634 spiritalem
3185 5561 3624 5631 intelligentiam
