4054 6192
391 272 531 336 1363

1277 277 1566 332 ΔΡΡΕΝΙ).
1611 275 1702 330 AD
1742 273 1902 329 8113C.
1949 273 2043 327 IX.
2066 304 2140 313 —
2178 270 2529 328 AUCTORES
2565 267 2899 323 ANONYMI.

3663 255 3798 314 1364

389 403 606 456 mentes
629 401 802 456 etiam
824 407 1143 457 convertam
1157 417 1242 470 us,
1269 403 1484 473 quibus
1507 400 1840 472 praecipitur
1863 395 2032 466 spiri-
2062 397 2120 456 A
2217 399 2501 473 utriusque
2533 393 2958 473 linguae_Grzccze
2983 389 3234 473 videlicet
3255 389 3310 473 et
3331 386 3548 439 Latinae
3567 382 3801 473 elegeri-

394 487 588 544 taliter
615 503 805 544 mense
829 503 1101 546 novorum
1139 487 1202 545 11
1226 491 1321 545 die
1355 492 1566 546 mensis
1590 489 1758 559 primi
1787 487 2037 542 Pascha—

393 575 503 633 lem
523 589 747 632 carnem
775 577 1086 646 comedere,
1131 585 1190 633 ut
1219 579 1276 632 in
1313 577 1476 633 vobis
1513 575 1882 632 nascentibus
1934 573 2043 627 bo-

396 677 598 720 norum
627 677 861 734 operum
890 663 1200 730 fructibus,
1228 679 1358 720 cum
1380 665 1644 734 Decalogi
1667 677 1698 718 a
1728 663 1892 718 nobis
1914 659 2046 716 fuc-

398 751 519 808 rint
548 752 715 808 verba
745 754 1023 824 completa
1054 755 1110 808 in
1146 753 1436 824 Evangelii
1470 752 1816 822 perfectione
1845 755 2046 819 quater

397 854 636 898 numero
674 843 1053 898 consistentes
1086 847 1104 865 '
1135 843 1318 898 ternis
1340 842 1519 896 nostri
1543 841 1676 912 agni
1720 840 1776 894 in
1819 851 2046 906 vespere

401 929 622 985 mundi.
648 929 707 984 in
735 943 850 998 quo
870 929 1192 985 seculorum
1219 929 1354 984 ﬂuis
1379 927 1732 997 pervenerit;
1761 939 1868 980 non
1891 924 2041 978 enim

399 1022 487 1073 est
523 1021 544 1040 '
584 1017 952 1072 tenebricatis
994 1017 1268 1073 cordibus
1311 1018 1530 1087 Spiritu
1582 1023 1776 1070 sancto
1827 1019 2045 1068 noctem

405 1111 654 1161 nostram
683 1105 1068 1161 inluminante
1091 1106 1475 1161 comedamus.
1515 1105 1685 1159 Finit.

863 1214 939 1266 De
967 1212 1275 1266 nominibus
1300 1213 1582 1266 Mensiu-m.

473 1299 602 1355 CLI.
622 1300 952 1369 Januarius,
981 1300 1290 1371 Aquarius,
1319 1299 1650 1370 hydrodios.
1681 1295 2046 1363 Februarius,

406 1389 613 1457 Piscis,
646 1389 865 1444 Acthis.
895 1389 1156 1458 Martius,
1190 1389 1375 1458 Aries,
1407 1389 1592 1458 Crios,
1625 1386 1863 1457 Aprilis,
1895 1386 2051 1439 Tau-

314 1512 323 1519 -
409 1494 530 1550 rus,
561 1479 806 1534 Tauros.
849 1479 1054 1548 Majas,
1105 1478 1404 1545 Geminus,
1437 1477 1770 1532 Dasdamus.
1820 1473 2047 1543 Junius,

407 1568 638 1637 Cancer,
689 1567 987 1623 Carcenos.
1046 1567 1258 1636 Julius,
1312 1569 1438 1633 Leo,
1506 1568 1670 1620 Leon.
1734 1565 2050 1631 Augustus,

408 1657 602 1728 Virgo,
649 1655 981 1711 Parthenos.
1023 1655 1366 1725 September,
1402 1654 1590 1724 Libra,
1632 1655 1832 1724 Tygos.
1877 1651 2056 1706 Octo—

408 1745 528 1812 ber,
587 1743 880 1814 Scorpius,
942 1744 1228 1814 Scorpios.
1269 1743 1626 1820 November,
1682 1739 2051 1813 Sagittarius,

408 1833 660 1890 Toxotis.
691 1831 1010 1902 December,
1039 1833 1442 1902 Capricornus,
1473 1832 1766 1886 Evoceros.

851 1942 926 1993 De
957 1940 1227 1993 Mensibus
1253 1940 1621 1993 I-Irbra'rorum.

481 2028 680 2098 Nisan,
708 2026 950 2098 Aprilis.
975 2029 1088 2084 Jar.
1117 2029 1322 2098 Majus.
1345 2027 1540 2096 Siban,
1562 2025 1788 2080 Junius.
1815 2023 2054 2092 Tahani,

410 2117 614 2174 Jalius.
631 2116 1060 2188 Ab,Augustus.
1081 2115 1238 2185 Elur,
1254 2114 1594 2184 September.
1615 2113 1868 2179 Theseri,
1883 2111 2060 2166 Octo-

413 2207 531 2262 ber.
567 2208 854 2270 Marsuan,
881 2205 1210 2260 November.
1235 2204 1456 2273 Casleu,
1486 2202 1805 2258 December.
1834 2200 2056 2269 Tereth,

413 2294 744 2350 Januarius.
777 2292 1010 2360 Sabath,
1043 2293 1392 2349 Februarius
1454 2291 1655 2354 Adare,
1691 2289 1950 2344 Martius.

839 2402 915 2454 De
943 2400 1219 2454 Mensibus
1259 2399 1632 2452 Macedonum.

485 2488 798 2556 November
817 2488 1051 2559 Apolus.
1073 2487 1379 2542 December
1401 2486 1735 2542 Audinzeus.
1755 2483 2064 2538 Januarius

418 2577 670 2633 Peritus.
728 2577 1075 2633 Februarius
1132 2576 1392 2631 Disthor.
1450 2574 1693 2630 Martius
1739 2571 2060 2627 Psanticus.

419 2667 645 2738 Aprilis
673 2667 1040 2722 Artemisius.
1072 2667 1254 2734 Majus
1283 2664 1498 2719 Desios.
1530 2662 1738 2717 Junius
1767 2662 2058 2714 Panemos.

415 2756 608 2812 Julius
642 2756 803 2810 Loos.
841 2754 1138 2826 Augustus
1163 2753 1444 2822 Sarpieos.
1491 2748 1815 2819 September
1843 2749 2067 2817 Hyper—

419 2843 742 2900 beretheus.
775 2841 1018 2896 October
1045 2841 1207 2894 Dius.

835 2934 910 2986 De
940 2931 1218 2983 Mensibus
1245 2930 1644 2996 Egyptiorum.
1727 2971 1734 2978 .

489 3021 636 3077 Thot
690 3018 972 3089 Septemb.
1031 3017 1248 3087 Paophi
1313 3015 1509 3072 Octob.
1571 3015 1740 3070 Athir
1797 3013 2063 3070 Novemb.

420 3111 595 3166 Chiae
624 3108 882 3164 Decemb.
919 3107 1065 3163 Tubi
1096 3108 1264 3162 Janu.
1306 3105 1522 3160 Mechir
1553 3104 1713 3159 Febr.
1762 3102 2068 3158 Famenoth

424 3199 688 3255 Martius.
714 3197 1008 3253 Farmuthi
1052 3195 1293 3266 Aprilis.
1345 3193 1598 3249 Paschon
1644 3193 1848 3260 Majas.
1898 3189 2068 3245 Pacni

425 3288 654 3344 Junius.
684 3286 846 3358 Epifa
872 3286 1082 3342 Julius.
1114 3283 1367 3342 Mensuri
1395 3283 1716 3351 Augustus.

567 3397 643 3448 De
670 3395 916 3462 regulari
943 3394 1106 3447 Anno
1135 3391 1372 3451 Domini,
1405 3394 1455 3442 et
1492 3389 1558 3443 de
1585 3388 1926 3443 India-tione.

498 3484 654 3540 CLII.
681 3483 762 3539 Ad
797 3496 977 3538 annos
997 3481 1224 3537 Domini
1253 3479 1324 3535 ab
1359 3477 1756 3534 Incaruatione
1778 3477 1904 3532 ideo
1933 3475 2075 3530 mit-

432 3575 610 3630 timus
643 3571 708 3628 12
738 3571 1047 3642 regulares,
1079 3569 1218 3640 quia
1249 3573 1382 3624 nato
1408 3567 1472 3621 D.
1507 3568 1572 3620 N.
1603 3567 1651 3619 J.
1683 3566 1742 3620 C.
1779 3565 1877 3619 illa
1912 3564 2074 3618 ludi-

432 3664 642 3730 ctione,
675 3675 801 3733 quae
827 3667 965 3716 tunc
993 3665 1114 3714 erat
1138 3657 1274 3712 anni
1301 3653 1354 3726 3,
1389 3661 1552 3711 erant
1579 3653 1851 3723 praeteriti
1887 3659 1942 3706 et
1979 3665 2074 3706 re-

435 3756 768 3808 manserunt
813 3747 896 3803 12.
941 3749 1238 3816 Propterea
1285 3750 1550 3799 auctores
1580 3742 1648 3795 ad
1691 3739 2070 3808 supplendum

437 3852 733 3894 numerum
761 3838 831 3892 de
859 3836 1005 3904 ipsis
1033 3832 1098 3888 12
1129 3832 1418 3902 regulares
1443 3829 1893 3884 constituerunt.

510 3926 588 3982 Ad
637 3924 1010 3981 indictionem
1055 3935 1184 3976 vero
1218 3921 1344 3974 ideo
1379 3918 1664 3973 mittimus
1692 3915 1727 3972 3
1767 3917 2074 3988 regulares,

437 4016 574 4086 quia
605 4015 692 4070 illi
723 4012 758 4068 3
779 4011 937 4078 anni,
961 4011 1060 4080 qui
1090 4009 1161 4064 de
1187 4008 1289 4063 illa
1319 4007 1636 4064 lndictione
1664 4006 2074 4076 prmtericrant,

440 4103 574 4158 inde
602 4101 637 4158 3
670 4099 958 4172 regulares
986 4097 1436 4154 constituerunt.
1538 4137 1543 4142 .

509 4190 592 4247 Ad
627 4190 939 4245 bissextum
974 4201 1151 4243 unum
1199 4187 1448 4257 require,
1489 4185 1628 4256 quia
1662 4190 1794 4240 nato
1835 4183 2078 4240 Domino

441 4281 664 4352 primus
693 4293 880 4334 annus
907 4282 1031 4334 erat
1057 4282 1184 4346 post
1209 4275 1547 4331 bissextum.

505 4368 590 4426 Ad
637 4368 868 4440 Cyclum
917 4364 1488 4422 decemnovennalem
1540 4376 1714 4418 unum
1761 4361 2076 4432 regularem

497 4466 743 4525 mimus,
773 4456 911 4526 quia
933 4462 1066 4510 nuto
1092 4453 1333 4510 Domino
1369 4465 1518 4506 unus
1546 4464 1735 4506 annus
1761 4451 2079 4505 Decemuo—

433 4547 694 4605 vennalis
724 4544 879 4616 Cycli
919 4541 1223 4614 praecessit.

503 4636 586 4692 Ad
609 4635 894 4691 circulum
922 4633 1072 4688 lunas
1093 4631 1162 4686 de
1183 4629 1354 4684 annis
1375 4627 1604 4684 Domini
1626 4628 1773 4683 duos
1791 4626 2080 4682 subtrahi-

437 4737 584 4793 mus,
627 4723 766 4793 quia
797 4729 928 4778 nato
966 4719 1208 4775 Domino
1239 4718 1308 4774 de
1359 4717 1461 4773 illo
1495 4717 1662 4788 Cyclo
1709 4717 1922 4771 Lunari
1963 4717 2078 4771 duo

434 4812 572 4866 anni
604 4816 1022 4866 remanserunt.

504 4899 585 4952 Ad
618 4903 1022 4954 concurrentes
1054 4893 1086 4950 1
1127 4895 1416 4966 regulares
1457 4893 1762 4949 mittimus.
1800 4892 1935 4962 quia
1981 4907 2078 4963 per

435 4990 744 5057 quaternos
783 4981 817 5040 7
871 4985 1076 5056 Cyclus
1120 4983 1340 5039 Solaris
1393 4982 1694 5050 discurrit,
1755 4981 1808 5036 id
1867 4987 1953 5036 est
2009 4981 2078 5035 :28

433 5087 642 5131 annos.

461 5164 470 5168 ’
503 5163 585 5220 Ad
613 5163 880 5232 Epactam
911 5174 1009 5230 per
1034 5159 1100 5216 10
1127 5159 1607 5230 multiplicamus.
1643 5157 1780 5228 quia
1819 5158 1890 5213 de
1928 5171 2076 5214 anno

429 5252 614 5310 Solari
651 5247 708 5306 11
744 5256 1161 5309 remanserunt.
1194 5255 1248 5303 et
1281 5262 1376 5318 per
1410 5249 1566 5318 ipsos
1589 5244 1647 5302 11
1685 5254 1899 5302 ceteras
1927 5249 2076 5318 lipa-

430 5350 551 5398 ctas
579 5338 1058 5409 multiplicamus.

427 5431 709 5499 Incipiunt
733 5430 790 5482 in
831 5426 1034 5481 Christi
1075 5426 1288 5499 nomine
1319 5428 1640 5499 argumenta
1670 5423 1974 5477 Graecorum
2007 5425 2074 5478 de

499 5496 665 5570 egelis
718 5499 1076 5568 paschalibus
1124 5496 1519 5570 Egyptiomm,
1579 5511 1700 5570 qua:
1745 5497 2070 5562 ilwnstignm

500 5569 723 5624 solertia
773 5571 1062 5635 Dionysius
1105 5569 1254 5618 urbis:
1301 5569 1472 5619 Romw
1501 5569 1872 5618 sum-tissimus
1903 5569 2070 5617 abba..-

2085 1699 2134 1758 Β

2221 470 2264 520 ti
2308 452 2535 521 scientia
2576 452 2844 536 lii-miluus
2879 462 3312 536 composuit.__et
3362 455 3704 536 conscripsit.
3737 452 3803 506 de

2219 554 2442 592 numero
2469 528 2738 590 annorum
2767 535 2835 588 ab
2865 528 3023 586 initio
3051 530 3264 595 mundi,
3296 529 3383 580 vel
3411 528 3803 580 Incarnatione

2220 611 2286 662 1).
2329 611 2397 664 Ν.
2433 611 2482 662 J.
2517 609 2580 662 C.
2635 605 2900 675 quomodo
2936 603 3180 656 invenire
3222 599 3442 658 debeas,
3477 613 3576 649 nec
3615 611 3724 649 non
3753 600 3802 647 et

2224 681 2460 748 γριὶιμια,
2493 694 2614 748 qua:
2642 677 2890 730 subnexa
2919 678 3065 728 sunt.

2223 768 2395 822 CLIII.
2417 767 2473 822 Si
2489 765 2928 821 visscireannos
2945 761 3016 816 ab
3031 759 3204 816 initio
3223 756 3447 824 mundi,
3471 755 3805 824 multiplica

2157 852 2241 922 15,
2296 852 2416 918 400,
2453 855 2598 911 ﬁunt
2639 851 2692 909 6.
2744 854 2953 907 Iterum
3002 847 3326 916 multiplica
3374 843 3460 912 15,
3511 842 3602 912 21,
3657 843 3806 898 ﬁunt

2154 941 2278 998 315.
2323 944 2477 1000 Adde
2508 942 2882 998 Indictionem
2908 938 3160 1008 ejusdem
3186 935 3344 1003 anni,
3383 935 3441 988 in
3485 946 3603 1004 quo
3641 945 3809 987 com-

2158 1039 2344 1102 putas,
2387 1038 2452 1087 ut
2478 1037 2612 1100 puta
2643 1030 2780 1085 anni
2819 1026 3136 1098 praesentis,
3173 1038 3302 1095 quae
3329 1029 3416 1078 est
3445 1020 3500 1089 3,
3537 1021 3686 1076 ﬁunt
3713 1021 3804 1075 si—

2157 1120 2274 1175 mul
2305 1117 2488 1176 6.318.
2523 1119 2621 1174 Isti
2653 1119 2788 1173 anni
2821 1121 2957 1172 sunt
2993 1115 3065 1170 ab
3102 1121 3233 1169 ortu
3265 1111 3490 1167 mundi.
3527 1111 3645 1164 Hoc
3674 1115 3809 1163 tan-

2157 1209 2452 1264 tummodo
2483 1220 2696 1262 memor
2724 1212 2844 1262 esto
2877 1205 3053 1260 lector
3083 1201 3370 1265 solicitus,
3403 1205 3468 1255 ut
3489 1199 3811 1254 succeden-

2161 1299 2320 1354 tibus
2344 1299 2514 1360 annis
2543 1310 2783 1366 semper,
2815 1294 3043 1366 quando
3067 1293 3136 1348 ad
3168 1289 3235 1346 15
3258 1289 3644 1346 Indictionem
3679 1300 3810 1356 per—

2159 1388 2404 1456 veneris,
2436 1385 2497 1446 21
2527 1401 2625 1456 per
2654 1383 2720 1441 15
2741 1384 3116 1453 multiplices,
3142 1382 3469 1450 iterumque
3498 1392 3598 1447 per
3621 1374 3691 1430 22
3713 1391 3810 1445 per

2166 1474 2232 1532 15
2277 1475 2623 1545 multiplica,
2674 1480 2730 1528 et
2761 1478 2885 1542 post
2917 1469 2984 1527 15
3013 1469 3390 1526 Indictionem
3446 1464 3808 1536 completa,

2162 1570 2218 1621 et
2248 1578 2425 1620 unum
2454 1576 2675 1632 semper
2699 1563 2904 1628 adjice.

2768 1655 2843 1705 De
2883 1650 3200 1704 indictione.

2233 1743 2293 1798 Si
2324 1741 2413 1796 vis
2438 1741 2587 1796 scire
2617 1739 2688 1794 de
2715 1738 2886 1793 annis
2911 1737 2982 1792 ab
3005 1735 3178 1791 initio
3201 1734 3403 1789 mundi
3433 1731 3811 1786 indictionem

2167 1829 2369 1898 facere,
2406 1843 2570 1884 sume
2594 1841 2775 1882 annos
2805 1826 2876 1880 ab
2907 1823 3080 1880 initio
3112 1822 3333 1890 mundi,
3371 1826 3434 1876 ut
3463 1827 3604 1890 puta
3628 1815 3808 1889 6,348-

2165 1921 2277 1975 Ilos
2316 1919 2511 1974 divide
2555 1931 2653 1986 per
2686 1913 2751 1970 15
2783 1920 2992 1984 partes,
3027 1912 3164 1982 quia
3199 1910 3445 1965 indictio
3479 1921 3579 1978 per
3611 1905 3681 1962 15
3706 1919 3812 1960 an—

2169 2023 2272 2064 nos
2317 2006 2618 2075 discurrit,
2670 2005 2776 2060 hoc
2832 2003 3033 2058 modo:
3067 2001 3236 2056 Prius
3283 1998 3564 2054 subtrahe
3597 1993 3808 2057 45.400,

2171 2097 2234 2152 Iit
2274 2095 2456 2164 6,000.
2503 2097 2814 2150 Remanent
2854 2089 2978 2147 318.
3026 2093 3236 2145 Iterum
3279 2085 3372 2156 20,
3422 2085 3509 2142 15.
3561 2086 3651 2140 Fit
3687 2082 3807 2138 300.

2169 2188 2306 2240 ltem
2342 2181 2426 2251 15,
2459 2183 2632 2239 semel
2665 2183 2728 2236 ﬁt
2771 2177 2858 2250 15,
2897 2185 3189 2235 remanent
3216 2176 3251 2232 3
3279 2183 3400 2232 tota
3433 2173 3681 2230 indictio
3707 2179 3808 2227 est.

2169 2274 2252 2328 Sil
2285 2273 2434 2329 nihil
2468 2276 2824 2340 remanserit,
2857 2269 3078 2325 decima
3117 2267 3321 2336 quinta
3357 2265 3490 2319 erit.

2418 2365 2494 2415 De
2518 2362 2681 2415 annis
2710 2359 2780 2412 ab
2807 2359 3192 2412 Incarnatione
3215 2358 3286 2410 D.
3324 2355 3394 2410 N.
3422 2355 3471 2407 Ι.
3509 2352 3564 2407 C.

2242 2453 2301 2508 Si
2349 2451 2437 2506 vis
2468 2463 2632 2505 nosse
2681 2455 2894 2518 quotus
2931 2459 3118 2500 annus
3163 2449 3248 2500 est
3295 2443 3368 2498 ab
3413 2440 3809 2497 Incarnatione

2172 2543 2238 2596 D.
2297 2543 2360 2596 Ν.
2417 2541 2463 2594 J.
2519 2539 2575 2593 C.
2624 2541 2883 2606 compota
2935 2532 3028 2602 15,
3075 2531 3498 2604 quinquaginta
3549 2535 3810 2600 quatuor.

2175 2631 2321 2685 ﬁunt
2349 2627 2474 2684 810.
2517 2628 2618 2681 Ilis
2647 2637 2870 2693 semper
2905 2624 3049 2679 adde
3075 2620 3142 2677 12
3173 2621 3484 2692 regulares.
3521 2621 3814 2687 Propterea

2175 2725 2362 2773 autem
2407 2723 2672 2772 auctores
2705 2711 2770 2768 12
2801 2713 3090 2784 regulares
3119 2711 3188 2766 ad
3233 2723 3414 2764 annos
3461 2707 3689 2762 Domini
3728 2707 3815 2760 ad-

2179 2810 2512 2876 posuerunt,
2547 2805 2686 2874 quia
2713 2803 2942 2874 quando
2969 2799 3293 2856 lncarnatio
3324 2795 3473 2852 facta
3501 2803 3607 2862 est,
3641 2792 3710 2848 12
3731 2806 3818 2848 an-

2179 2895 2237 2949 ni
2271 2895 2340 2949 de
2369 2894 2467 2949 illa
2500 2893 2820 2948 indictione
2846 2891 3259 2946 remanserunt.
3291 2888 3421 2942 Ideo
3445 2893 3638 2940 autem
3671 2897 3820 2952 regu-

2181 2983 2326 3038 lares
2373 2983 2668 3051 dicuntur,
2725 2981 2865 3051 quia
2914 2991 3212 3034 numerum
3260 2988 3545 3031 annorum
3591 2971 3816 3028 Domini

2095 3064 2142 3122 C
2181 3071 2438 3142 regulare
2481 3071 2766 3126 videntur.
2817 3066 2883 3124 i2
2928 3083 3062 3140 ergo
3099 3065 3316 3122 additis
3360 3063 3431 3118 ad
3484 3061 3818 3132 praedictum

2179 3174 2502 3230 numerum,
2538 3159 2680 3215 ﬁunt
2709 3155 2831 3214 521.
2853 3159 3010 3213 Adde
3043 3154 3417 3211 indictionem
3447 3151 3708 3220 ejusdem
3733 3162 3823 3202 an-

2183 3249 2262 3310 ni,
2297 3251 2465 3317 cujus
2495 3248 2764 3315 volueris,
2801 3252 2865 3302 ut
2905 3253 3036 3316 puta
3068 3243 3122 3312 6,
3157 3243 3302 3298 fiunt
3332 3240 3510 3296 simul
3547 3235 3676 3294 827.
3725 3239 3818 3293 Isti

2182 3346 2317 3395 sunt
2346 3338 2483 3392 anni
2521 3337 2750 3392 Domini
2779 3338 2842 3390 N.
2866 3337 2911 3389 J.
2937 3334 2996 3389 ἁ.
3039 3333 3150 3388 lloc
3185 3330 3583 3387 tantummodo
3616 3341 3826 3382 memor

2183 3434 2303 3482 esto
2335 3427 2511 3482 lector
2543 3425 2828 3493 solicitus,
2860 3419 3387 3479 utsuccedentibus
3411 3418 3586 3472 annis
3611 3429 3826 3485 semper

2184 3517 2411 3586 quando
2439 3516 2508 3571 ad
2543 3515 2801 3584 quintam
2835 3513 3114 3568 decimam
3145 3508 3520 3564 indictionem
3555 3517 3826 3574 pervene-

2186 3605 2287 3672 ris,
2321 3605 2370 3659 si
2412 3600 2482 3659 54
2515 3617 2612 3672 per
2656 3599 2722 3658 15
2767 3598 3207 3670 multiplicabis,
3258 3597 3464 3652 iterum
3507 3592 3580 3650 55
3623 3607 3724 3663 per
3767 3589 3827 3646 15

2186 3691 2624 3762 multiplicabis,
2677 3697 2732 3746 et
2781 3696 2908 3760 post
2956 3685 3038 3744 15.
3089 3685 3408 3742 Indictione
3455 3683 3740 3752 completa
3777 3689 3829 3736 et

2187 3795 2362 3836 unum
2397 3793 2619 3850 semper
2647 3779 2850 3848 adjire,
2881 3777 3095 3848 quibus
3125 3773 3342 3830 additis
3372 3786 3602 3840 semper
3637 3769 3704 3826 I2
3729 3786 3829 3827 su—

2188 3870 2530 3940 prascriptis
2579 3867 2962 3939 regularibus,
3000 3863 3266 3934 implebis
3311 3875 3617 3918 numerum
3651 3874 3833 3915 anno-

2188 3973 2312 4014 rum
2347 3958 2596 4023 Domini,
2631 3965 2683 4012 et
2719 3955 2864 4010 nihil
2912 3960 3182 4020 remanet,
3217 3951 3365 4020 quod
3401 3964 3500 4019 per
3535 3947 3600 4003 1'2
3631 3950 3832 4004 addere

2191 4048 2396 4116 possis,
2439 4047 2592 4102 sicut
2623 4047 2680 4100 in
2711 4045 2848 4100 aliis
2885 4041 3307 4098 indictionibus
3347 4045 3628 4101 remanet,
3673 4045 3735 4092 ut
3777 4037 3830 4091 in

2195 4137 2374 4206 prima
2426 4135 2745 4190 indictione
2789 4131 2838 4195 1,
2887 4133 2945 4186 in
2991 4130 3239 4186 secunda
3280 4126 3334 4198 2,
3369 4127 3428 4182 in
3463 4127 3641 4182 tertia
3670 4124 3724 4191 3,
3753 4124 3835 4180 vel

2192 4239 2372 4296 usque
2400 4225 2468 4279 ad
2504 4221 2588 4292 14,
2621 4228 2707 4278 tot
2739 4226 3028 4277 remanent
3051 4220 3120 4274 de
3150 4222 3409 4287 compoto
3441 4215 3838 4283 suprascripto

2193 4321 2366 4384 quota
2409 4312 2586 4368 fuerit
2637 4311 2898 4367 indictio.
2949 4311 3008 4364 In
3043 4306 3108 4364 15
3153 4320 3286 4362 vero
3330 4304 3658 4359 indictione
3689 4305 3740 4358 si
3770 4302 3836 4356 ad

2107 4409 2160 4467 1)
2189 4416 2467 4458 summam
2491 4401 2866 4470 superiorem,
2903 4398 2958 4454 id
2991 4393 3183 4463 estiii,
3214 4394 3300 4450 vel
3327 4391 3398 4449 55
3422 4406 3521 4462 per
3652 4391 3840 4446 multi-

2191 4491 2454 4561 plicabis,
2487 4504 2708 4560 semper
2742 4487 2762 4544 1
2799 4489 2994 4544 addas.
3037 4487 3148 4542 Hoc
3185 4489 3524 4556 argumento
3553 4481 3626 4537 ad
3659 4494 3841 4536 annos

2188 4580 2416 4636 Domini
2443 4579 2816 4634 invenienst
2847 4575 3161 4646 pervenies.

2603 4669 2736 4722 Item
2763 4667 2876 4719 alia
2905 4666 2968 4720 de
2993 4665 3155 4718 annis
3181 4663 3416 4717 Domini.

2257 4759 2316 4812 Si
2370 4759 2456 4812 vis
2509 4757 2762 4812 invenire
2809 4768 2988 4809 annos
3038 4753 3110 4808 ab
3161 4749 3560 4807 lnearnatione
3606 4747 3839 4802 Domini

2185 4849 2254 4902 N.
2285 4848 2330 4900 J.
2365 4847 2448 4914 C.,
2484 4844 2807 4914 multiplica
2839 4839 2906 4897 15
2938 4841 3302 4912 quadragies,
3351 4837 3499 4893 ﬁunt
3539 4835 3651 4892 600
3692 4844 3749 4891 et
3785 4833 3842 4889 15

2189 4936 2482 5003 terdecies,
2517 4935 2662 4989 ﬁunt
2691 4931 2814 4986 795.
2862 4931 3017 4987 Adde
3062 4943 3284 4998 semper
3331 4925 3632 4997 regulares
3681 4923 3747 4979 42
3771 4926 3836 4979 ad

2192 5026 2525 5095 praedictum
2559 5035 2881 5090 numerum,
2914 5025 2970 5075 et
3001 5018 3375 5074 indictionem
3407 5013 3675 5083 ejusdem
3708 5014 3836 5068 anni

2185 5113 2220 5170 3
2251 5115 2397 5169 fiunt
2443 5111 2618 5167 simul
2669 5107 2792 5164 810.
2851 5109 2947 5163 Isti
2993 5111 3128 5162 sunt
3156 5105 3292 5160 anni
3325 5105 3388 5157 D.
3432 5105 3500 5158 N.
3535 5104 3584 5156 J.
3636 5103 3697 5158 C.
3733 5103 3838 5156 Iloc

2188 5200 2580 5258 tantummodo
2615 5212 2828 5254 memor
2855 5202 2976 5252 esto
3003 5195 3272 5250 solicitus
3303 5192 3504 5259 lector,
3542 5197 3602 5246 ut
3637 5203 3838 5246 succe-

2184 5290 2456 5346 dentibus
2485 5289 2654 5343 annis
2686 5301 2908 5356 semper
2937 5284 3165 5354 quando
3207 5282 3277 5336 ad
3323 5277 3408 5335 15.
3459 5280 3834 5334 Indictionem

2187 5378 2528 5450 perveneris,
2579 5375 2627 5431 si
2678 5372 2744 5430 13
2792 5389 2890 5444 per
2923 5371 2988 5427 15
3019 5367 3461 5440 multiplicabis,
3515 5369 3726 5423 iterum
3773 5363 3837 5420 14

2186 5482 2282 5538 per
2321 5465 2389 5522 ‘25
2435 5465 2779 5522 multiplica.
2824 5468 2879 5518 et
2921 5467 3047 5531 post
3097 5457 3178 5514 15.
3231 5458 3611 5512 Indictionem
3667 5469 3833 5510 unam

2183 5569 2402 5624 semper
2431 5556 2632 5622 adjice.
