4054 6192
249 256 396 315 4365

866 386 944 438 De
981 384 1293 439 indictione.

319 488 379 543 Si
430 487 518 543 vis
561 489 712 545 scire
755 494 929 560 quota
986 490 1064 545 sit
1104 490 1348 547 indietio
1402 492 1539 546 anni
1583 489 1898 560 praesentis,

249 590 413 632 sume
432 590 613 632 annos
650 577 904 648 Domini,
947 584 1088 649 quot
1108 577 1346 649 fuerint,
1370 585 1436 635 ut
1470 584 1604 649 puta
1634 576 1758 633 810.
1803 577 1903 631 llis

249 678 474 734 semper
497 664 682 735 adjice
725 663 760 721 3
799 666 1109 738 regulares.
1144 669 1441 737 Pr0pterea
1474 680 1605 724 vero
1643 670 1904 723 auctores

251 760 570 824 posuerunt
607 752 641 810 3
681 755 991 827 Regulares
1020 756 1087 811 ad
1131 756 1526 824 indietionem,
1558 757 1694 826 quia
1734 754 1903 811 tertia

250 842 496 908 indictio
546 847 687 913 erat,
722 844 952 913 quando
998 845 1320 900 Incarnatio
1360 844 1492 900 fuit.
1533 844 1743 900 Tribus
1771 856 1905 914 ergo

248 930 469 985 additis
496 931 564 986 ad
602 932 936 1001 praedictum
979 947 1300 994 numerum.
1324 934 1460 989 anni
1492 933 1719 989 Domini
1759 932 1906 987 ﬁunt

247 1014 373 1074 843.
404 1008 516 1075 llos
563 1021 778 1089 partire
810 1034 908 1091 per
945 1019 1011 1077 45
1050 1026 1285 1091 partem,
1329 1023 1466 1093 quia
1509 1023 1700 1093 cyclus
1741 1021 1905 1077 indi—

247 1108 506 1163 ctionum
538 1122 637 1178 per
656 1106 722 1165 45
738 1122 917 1165 annos
941 1110 1243 1165 discurrit.
1271 1111 1395 1165 Ideo
1419 1109 1812 1182 quinquageni
1840 1105 1902 1163 45

250 1196 396 1251 ﬁant
430 1192 555 1251 750.
590 1198 727 1252 Item
770 1199 1032 1267 quaterni
1061 1199 1397 1269 quindecies
1424 1199 1569 1254 ﬁunt
1593 1197 1679 1267 60,
1711 1211 1905 1253 rema—

248 1288 388 1339 nent
424 1282 473 1339 3.
504 1285 693 1340 Tertia
745 1285 989 1341 indictio
1031 1291 1118 1342 est
1149 1288 1284 1342 anni
1314 1288 1633 1357 praesentis,
1665 1287 1715 1343 si
1751 1286 1901 1341 nihil

249 1367 613 1445 remanserit,
648 1369 714 1429 435
738 1374 851 1428 erit
889 1374 1153 1431 indictio.

640 1481 717 1534 De
765 1481 966 1534 circulo
1023 1481 1510 1536 decemnovennali.

316 1584 491 1641 CLIV.
525 1585 583 1640 Si
615 1586 704 1641 vis
734 1599 949 1656 sapere,
992 1594 1203 1657 quotus
1231 1601 1418 1644 annus
1457 1589 1534 1644 sit
1567 1587 1776 1644 circuli
1815 1587 1909 1643 de-

246 1674 709 1729 cemnovennalis
724 1687 1025 1745 annorum,
1041 1676 1654 1738 sumeannosDomini,
1675 1675 1775 1746 qui
1792 1673 1909 1729 fue-
1932 1700 1983 1759 Β

250 1761 393 1832 rint,
419 1766 483 1817 ut
509 1766 641 1832 puta
658 1759 785 1825 840,
813 1768 869 1817 et
885 1777 1108 1833 semper
1135 1761 1157 1817 4
1188 1764 1503 1835 regularem
1535 1764 1739 1833 adjice,
1764 1762 1902 1834 quia

247 1850 480 1920 quando
506 1850 826 1906 Incarnatio
851 1849 998 1906 facta
1025 1850 1157 1915 fuit,
1202 1866 1353 1907 unus
1382 1864 1568 1907 annus
1595 1852 1905 1907 decemnc-

248 1937 513 1993 vennalis
550 1938 692 2008 cyeli
728 1939 1038 2007 praecessit,
1080 1953 1195 1995 uno
1223 1954 1357 2010 ergo
1377 1940 1573 1995 addito
1613 1940 1681 1994 ad
1722 1952 1903 1994 annos

246 2025 502 2096 Domini,
534 2026 680 2081 ﬁunt
715 2024 838 2081 844.
865 2028 976 2083 llos
1006 2027 1221 2096 partire
1253 2042 1352 2096 per
1382 2025 1448 2082 49
1479 2033 1718 2097 partem,
1767 2027 1904 2098 quia

248 2114 449 2184 cyclus
472 2115 1003 2171 decemnovennalis
1035 2130 1132 2185 per
1172 2113 1238 2170 49
1284 2130 1464 2172 annos
1492 2116 1793 2184 discurrit,
1840 2114 1905 2170 49

248 2202 627 2274 quadrageni,
672 2203 818 2258 ﬁunt
843 2201 968 2259 760.
1012 2207 1148 2259 Item
1178 2203 1268 2259 bis
1293 2204 1684 2260 decemnovies
1723 2205 1786 2260 ﬁt
1812 2202 1901 2275 38,

248 2295 547 2345 remanent
570 2288 654 2345 43.
686 2292 913 2346 Tertius
959 2292 1218 2347 decimus
1260 2292 1517 2348 circulus
1564 2297 1650 2347 est
1676 2293 1909 2348 decem-

247 2379 739 2435 novennalisanni
766 2380 1082 2449 praesentis.
1114 2381 1273 2449 Quod
1302 2382 1352 2436 si
1376 2381 1524 2436 nihil
1544 2381 1899 2450 remanserit,

248 2481 440 2523 nonus
464 2469 723 2524 decimus
760 2481 949 2550 annus
975 2474 1062 2524 est
1100 2470 1632 2527 decemnovennalis
1664 2470 1828 2541 cycli.

812 2577 887 2630 De
928 2578 1130 2645 epactis'
1179 2577 1340 2631 lunae.

319 2682 468 2736 CLV.
500 2680 559 2736 Si
588 2681 679 2736 vis
729 2694 1088 2752 cognoscere,
1123 2688 1264 2753 quot
1287 2686 1424 2738 sunt
1451 2688 1681 2752 epacur,
1732 2683 1791 2739 id
1818 2689 1907 2740 est

250 2771 321 2826 ad
326 2770 606 2839 jectiones
626 2768 758 2823 luna
769 2783 876 2839 res,
900 2782 1059 2825 sume
1075 2783 1255 2825 annos
1269 2770 1524 2837 Domini,
1546 2772 1644 2841 qui
1665 2769 1900 2843 fuerint,

247 2866 318 2915 ut
344 2866 478 2929 puta
510 2855 634 2927 840,
666 2858 771 2914 hos
791 2858 1006 2928 partire
1039 2856 1234 2928 per-49
1264 2864 1499 2930 partem,
1545 2861 1678 2930 quia
1709 2861 1904 2931 cyclus

247 2946 477 3002 lunaris
499 2960 598 3017 per
626 2944 691 3001 49
707 2960 888 3001 annos
912 2946 1210 3002 discurrit.
1233 2947 1637 3002 Decemnovies
1667 2948 1906 3018 quadra-

1606 261 1804 316 LIBER
1841 260 1932 313 DE
1973 259 2113 315 COM
2122 260 2316 316 PUTO.

1922 380 1979 439 A
2012 384 2096 436 tes
2120 383 2451 453 septimanae
2466 386 2611 449 dies,
2631 403 2791 445 sume
2809 401 2990 444 annos
3002 384 3255 456 Domini,
3284 383 3387 455 qui
3416 382 3658 452 fuerint,

3519 252 3660 314 4366

2014 468 2082 525 ut'
2095 477 2228 539 puta
2252 469 2357 527 840
2374 480 2721 532 etannorum
2748 477 2977 532 Domini
2997 478 3256 547 quartam
3285 478 3500 543 partem
3518 485 3662 528 sem-

2014 574 2110 628 per
2130 562 2315 631 adjice
2356 578 2529 633 supra
2557 579 2738 622 annos
2760 565 3009 633 Domini,
3038 569 3175 620 sunt
3200 560 3326 634 202,
3362 563 3461 633 qui
3509 562 3660 618 ﬁunt

2012 648 2187 704 simul
2222 649 2374 707 4042.
2410 654 2513 708 llis
2542 668 2762 724 semper
2780 654 2924 709 adde
2959 651 2991 707 4
3016 652 3322 723 regulares.
3366 653 3427 707 In
3459 650 3571 706 ﬁne
3593 650 3661 706 ﬁt

2013 738 2201 792 omnis
2234 753 2454 796 summa
2506 738 2662 811 4046,
2692 742 2796 798 hos
2834 741 3047 811 partire
3075 753 3172 810 per
3190 735 3247 807 7,
3282 739 3420 809 quia
3454 737 3662 808 Cyclus

2012 825 2164 881 Solis
2209 842 2307 896 per
2332 826 2404 884 28
2432 843 2612 887 annos
2659 831 2957 887 discurrit.
3001 828 3220 899 Septies
3248 832 3474 884 centum
3515 826 3664 882 ﬁunt

2013 914 2138 971 700.
2187 920 2322 972 Item
2378 920 2589 989 septies
2615 916 2682 977 40
2728 920 2873 975 ﬁunt
2913 917 3039 974 280.
3093 921 3343 987 Itemque
3373 915 3583 985 septies
3626 911 3667 969 5

2014 1006 2159 1061 ﬁunt
2184 1003 2272 1075 35,
2320 1013 2571 1063 remanet
2620 1006 2669 1063 4.
2718 1009 2820 1064 'I‘ot
2867 1010 3271 1064 concurrentes
3304 1011 3440 1060 sunt
3475 1001 3666 1074 septi-

2013 1107 2191 1149 manae
2219 1095 2363 1165 dies,
2389 1096 2488 1167 qui
2510 1097 2581 1152 de
2607 1097 2758 1153 Solis
2778 1111 2951 1153 cursu
2981 1093 3336 1165 perveniunt.

2648 1205 2725 1258 De
2769 1204 3019 1257 bissearto.

2081 1292 2141 1347 Si
2171 1293 2261 1348 vis
2302 1293 2470 1363 scire,
2513 1296 2704 1349 utrum
2744 1291 3034 1347 bissextus
3062 1289 3141 1345 sit
3187 1300 3394 1358 annus,
3425 1300 3497 1343 an
3530 1299 3666 1343 vero

2012 1395 2198 1437 annus
2231 1381 2668 1452 prmparationis
2704 1380 2980 1437 bissexti:
3005 1392 3167 1435 sume
3195 1390 3385 1444 annos,
3407 1375 3662 1445 Domini,

2015 1471 2115 1540 qui
2162 1468 2399 1539 fuerint,
2443 1475 2506 1526 ut
2550 1476 2684 1539 puta
2722 1466 2847 1524 840.
2876 1471 2988 1524 Hos
3014 1467 3229 1538 partire
3277 1479 3378 1535 per
3401 1468 3666 1535 quartam

2016 1563 2250 1627 partem.
2285 1558 2342 1613 Si
2387 1555 2420 1611 4
2455 1563 2675 1613 tantum
2724 1560 3033 1624 remanent,
3078 1554 3371 1610 bissextus
3393 1555 3498 1620 est,
3528 1551 3669 1621 quia

2017 1651 2145 1715 post
2170 1644 2202 1700 4
2248 1659 2428 1702 annos
2462 1649 2716 1715 peractos
2759 1642 3083 1699 intervenit.
3125 1642 3362 1697 Centum
3400 1638 3668 1710 quaterni

2015 1735 2161 1790 ﬁunt
2200 1731 2320 1791 400.
2357 1736 2493 1789 Item
2535 1734 2819 1805 nonageni
2866 1729 3129 1803 quaterni
3181 1730 3329 1785 ﬁunt
3350 1725 3480 1784 360.
3527 1728 3668 1781 Item

2011 1823 2143 1877 deni
2177 1823 2437 1892 quaterni
2469 1822 2616 1878 ﬁunt
2637 1819 2728 1877 40.
2761 1824 2898 1877 Item
2920 1820 3012 1875 bis
3038 1817 3302 1888 quaterni
3330 1815 3477 1872 ﬁunt
3498 1811 3555 1885 8,
3588 1827 3679 1869 re-

2016 1916 2244 1965 manent
2307 1911 2442 1966 duo.
2489 1911 2785 1965 Secundus
2853 1921 3040 1962 annus
3091 1911 3178 1961 est
3232 1902 3670 1974 pra-.parationis

2013 1998 2275 2054 bissexti.
2320 1999 2378 2053 Si
2424 2000 2454 2052 3
2483 1997 2880 2065 remanserint,
2925 1994 3137 2049 tertius
3160 2005 3347 2049 annus
3376 1990 3489 2046 erit
3519 2003 3672 2060 prai-

2016 2088 2334 2158 parationis
2364 2086 2627 2142 bissexti.
2661 2085 2719 2140 Si
2754 2084 2902 2140 nihil
2934 2081 3288 2151 remanserit,
3331 2079 3439 2135 hoc
3474 2083 3580 2148 est,
3613 2078 3666 2133 si

2013 2181 2170 2232 totus
2200 2190 2473 2232 numerus
2509 2189 2605 2245 per
2634 2179 2940 2245 quaternos
2969 2169 3211 2242 aequalis
3230 2167 3427 2237 fuerit,
3454 2166 3672 2222 bissex-

2016 2272 2111 2321 tus
2138 2278 2325 2321 annus
2348 2265 2479 2320 erit.
2512 2266 2591 2319 Ne
2615 2264 2725 2320 tibi
2754 2262 2994 2319 forsitan
3014 2260 3212 2330 aliqua
3233 2258 3420 2329 caligo
3448 2254 3668 2312 erroris

2017 2363 2282 2410 occurrat
2315 2369 2411 2423 per
2439 2367 2660 2410 omnem
2696 2355 3041 2423 compotum,
3075 2362 3241 2420 quem
3273 2348 3470 2415 duces,
3501 2344 3552 2401 si
3583 2344 3671 2401 ni-

2015 2443 2101 2499 hil
2145 2458 2318 2512 supra
2350 2443 2545 2514 fuerit,
2574 2443 2722 2499 scies
2748 2441 3007 2498 eumdem
3032 2441 3355 2509 compotum
3380 2448 3524 2504 esse,
3557 2446 3658 2505 per

2016 2546 2181 2603 quem
2213 2532 2407 2601 duces,
2445 2537 2505 2588 ut
2537 2535 2672 2601 puta
2698 2532 2747 2587 si
2780 2542 2879 2600 per
2905 2525 2972 2584 49
2995 2528 3190 2596 duces,
3218 2529 3274 2581 et
3299 2522 3449 2580 nihil
3472 2534 3674 2592 super-

2013 2619 2211 2689 fuerit,
2244 2620 2393 2677 scies
2431 2617 2498 2675 49
2532 2633 2691 2690 esse;
2733 2619 2785 2674 si
2817 2631 2916 2689 per
2949 2614 3016 2673 45
3034 2616 3228 2686 duces,
3259 2610 3360 2683 45;
3408 2610 3460 2669 si
3501 2622 3602 2681 per
3626 2603 3665 2665 7

2012 2710 2205 2782 duces,
2231 2705 2300 2779 7;
2325 2711 2373 2765 si
2402 2722 2501 2781 per
2534 2706 2586 2779 4,
2611 2712 2878 2779 quatuor.

2578 2817 2711 2871 Item
2739 2815 2805 2869 de
2839 2814 3090 2869 bissemto.

2083 2924 2143 2979 Si
2168 2924 2257 2979 vis
2282 2923 2430 2978 scire
2458 2923 2527 2978 de
2564 2921 2841 2991 bissexto,
2868 2924 2995 2975 tene
3023 2929 3205 2974 annos
3235 2913 3454 2972 Solaris
3478 2912 3657 2985 Cycli,

249 2999 381 3106 έῖεῆί
398 2999 559 3090 ita;
574 2999 882 3091 desita
899 2999 998 3090 ne;
1016 2999 1598 3091 sanatam
1611 2999 1907 3103 £18.35-
1936 3043 1982 3102 ο
2015 3009 2689 3106 εξυίξιμιξιᾳυειῖιιθτί-ηιξξι
2714 3008 2979 3106 presenti
3002 3019 3172 3106 anno,
3204 2999 3458 3106 man
3471 3015 3663 3106 ann‘u‘s

250 3130 390 3178 nent
429 3121 514 3178 42.
544 3125 654 3178 Hos
702 3136 802 3193 per
854 3119 912 3177 44
961 3127 1173 3192 partem
1216 3123 1559 3192 multiplica,
1594 3123 1738 3180 ﬁunt
1778 3122 1896 3180 432.

247 3211 364 3265 Hos
388 3210 599 3280 partire
638 3211 847 3267 iterum
880 3224 978 3280 per
1006 3208 1074 3266 30
1114 3216 1346 3280 partem.
1381 3210 1651 3279 Quaterni
1695 3211 1899 3267 triceni

252 3297 399 3353 ﬁunt
424 3295 544 3369 420,
596 3304 888 3354 remanent
934 3295 1019 3353 42.
1069 3299 1414 3363 Duodecima
1445 3304 1640 3368 epacta
1669 3305 1754 3354 est
1793 3300 1900 3355 ad—

242 3386 519 3455 jectionis
540 3386 779 3442 lunaris.

830 3478 906 3529 De
937 3475 1093 3543 Cyclo
1117 3475 1303 3530 Luna.

320 3582 378 3637 Si
432 3596 736 3654 agnoscere
774 3582 1049 3653 volueris,
1101 3588 1315 3653 quotus
1359 3582 1567 3653 Cyclus
1604 3584 1774 3638 Lunai
1821 3589 1908 3640 est

248 3670 351 3742 qui
391 3670 887 3727 deeemnovennali
934 3671 1101 3741 Cyclo
1154 3671 1504 3742 continetur,
1548 3676 1675 3726 tene
1716 3684 1897 3728 annos

246 3759 477 3814 Domini
538 3760 595 3814 in
649 3773 819 3814 manu
869 3765 987 3829 tua,
1031 3760 1132 3830 qui
1184 3759 1421 3831 fuerint,
1458 3765 1522 3816 ut
1554 3765 1709 3830 puta,
1765 3758 1891 3817 840.

246 3849 328 3903 De
356 3847 448 3901 his
488 3860 706 3917 semper
750 3847 1023 3903 subtrahe
1064 3849 1228 3917 duos,
1264 3849 1401 3918 quia
1445 3848 1673 3918 quando
1697 3851 1899 3904 [near-—

247 3935 408 3991 natio
440 3933 585 3990 facta
620 3942 724 4005 est,
772 3937 887 3991 duo
915 3936 1050 3990 anni
1091 3936 1160 3991 de
1208 3936 1312 3991 illo
1361 3936 1527 4005 Cyclo
1558 3936 1767 3992 Lunari
1802 3951 1899 3993 re—

249 4019 599 4080 manserunt.
654 4024 975 4080 Subtraetis
1010 4038 1144 4096 ergo
1169 4024 1416 4091 duobus,
1451 4031 1742 4080 remanent
1767 4025 1894 4082 808a

250 4113 354 4169 hos
380 4113 593 4182 partire
619 4126 717 4183 per
748 4111 814 4167 49
840 4118 1073 4183 partem,
1104 4112 1239 4183 quia
1275 4111 1479 4183 Cyclus
1503 4113 1746 4169 Lunaris
1773 4120 1898 4184 post

251 4200 319 4256 49
347 4214 526 4258 annos
552 4202 610 4256 in
652 4216 711 4257 se
750 4201 1074 4257 revertitur.
1117 4201 1514 4257 Decemnovies
1546 4202 1893 4272 quadrageni

252 4289 548 4347 ﬁunt760.
586 4293 717 4346 Item
746 4291 836 4345 bis
859 4292 1050 4345 decem
1086 4290 1282 4346 novies
1313 4290 1459 4345 ﬁunt
1482 4288 1570 4360 38,
1606 4297 1897 4347 remanent

201 4437 205 4440 ,
254 4378 338 4447 40,
369 4392 557 4435 nonus
586 4382 755 4434 Luna:
779 4384 865 4434 est
901 4379 1433 4434 decemnovennalis
1458 4378 1693 4435 Circuli.
1738 4380 1896 4448 Quo—
1929 4385 1982 4445 D

254 4469 404 4523 tiens
431 4473 620 4524 autem
662 4467 811 4522 nihil
843 4472 1094 4523 remanet
1114 4480 1300 4523 nonus
1323 4467 1579 4524 decimus
1609 4473 1714 4523 est.

785 4576 860 4628 De
890 4574 1359 4628 Concurrentibus.

322 4681 381 4737 Si
412 4681 501 4737 vis
532 4694 697 4736 nosse
738 4679 1086 4749 adjectiones
1126 4680 1295 4750 Solis,
1342 4680 1398 4735 id
1429 4685 1513 4736 est
1537 4680 1901 4737 Concurren—

2011 3100 2166 3171 Cycli
2201 3100 2420 3156 Solaris
2461 3103 2566 3154 est.
2610 3097 2849 3153 Dimitte
2896 3108 3119 3165 semper
3149 3094 3201 3162 4,
3240 3097 3534 3149 remanent
3567 3087 3655 3146 43.

2011 3190 2230 3246 Partire
2252 3203 2351 3260 per
2383 3185 2416 3244 4
2442 3192 2650 3258 partes.
2686 3185 2927 3242 Dimitte
2953 3181 3040 3251 42,
3089 3182 3228 3254 quia
3252 3177 3286 3236 4
3314 3179 3464 3236 terni
3496 3182 3655 3249 sunt,

2010 3284 2261 3335 remanet
2284 3277 2333 3334 4.
2364 3278 2591 3333 Primus
2610 3288 2796 3331 annus
2815 3276 2903 3330 est
2927 3268 3363 3343 przeparationis
3386 3265 3649 3324 bissexti.

2004 3367 2064 3422 Si
2094 3367 2244 3423 nihil
2279 3364 2635 3435 remanserit,
2668 3362 2957 3418 bissextus
2985 3359 3117 3416 erit.

2006 3456 2324 3525 Sequuntur
2349 3454 2489 3525 cyqli
2508 3450 3025 3525 idecemnovennales
3064 3446 3276 3525 Cnyhijlli,
3317 3448 3369 3525 et
3403 3443 3655 3525 Dionysii

2148 3527 2216 3581 ab
2241 3514 2402 3580 anno'
2424 3520 2532 3581 798
2556 3525 2893 3593 incipientes,
2927 3526 2977 3575 et
2998 3522 3060 3574 in
3081 3514 3186 3574 987
3215 3514 3499 3573 desinunt.

2536 3633 2612 3686 De
2649 3629 2805 3698 Cyclo
2832 3625 3086 3683 Paschali
3097 3666 3108 3679 .

2074 3739 2251 3795 CLVI.
2301 3737 2627 3795 Paschalem
2671 3734 2902 3806 Cyclum
2946 3730 3289 3803 Hippolytus
3345 3728 3651 3800 episcopus

2006 3827 2362 3899 temporibus
2388 3825 2694 3883 Alexandri
2728 3821 3112 3894 imperatoris,
3153 3823 3258 3875 etc.
3308 3816 3497 3887 (Edita
3521 3819 3651 3871 sunt

2006 3919 2075 3971 ab
2103 3917 2315 3972 Isidoro
2344 3915 2655 3986 Htspalensi
2684 3913 2783 3967 lib.
2832 3926 2908 3975 v1,
2949 3926 3066 3982 cap.
3098 3905 3184 3971 47,
3217 3906 3456 3978 Origin.)

2004 4024 2206 4092 Incipit
2253 4023 2540 4075 Tractatus
2581 4020 2757 4073 sancti
2782 4017 3083 4074 Athanasii
3137 4012 3370 4085 episcopi
3394 4010 3654 4066 Aleman—

2455 4127 2606 4180 drini
2633 4125 2698 4179 de
2724 4126 2938 4179 ratione
2961 4121 3195 4178 Pascha.

2076 4235 2290 4291 Mensis
2331 4233 2427 4288 hic
2468 4230 2632 4287 vobis
2671 4230 2908 4285 initium
2958 4229 3241 4284 mensium
3274 4226 3499 4298 primus
3537 4223 3653 4280 erit

2003 4323 2167 4380 vobis
2189 4324 2250 4378 in
2288 4319 2581 4376 mensibus
2609 4318 2766 4387 anni,
2817 4321 2925 4372 etc.
2970 4315 3319 4387 (Opusculum
3345 4313 3499 4368 istud
3526 4311 3655 4365 olim

2004 4414 2129 4467 misi
2162 4412 2236 4465 ad
2265 4411 2342 4466 Cl.
2372 4411 2434 4465 V.
2470 4411 2533 4463 D.
2586 4406 2928 4462 Bernurdum
2955 4404 3022 4457 de
3058 4405 3406 4470 Montfaucon
3453 4401 3655 4454 Mona-

2008 4503 2165 4556 chum
2206 4500 2616 4556 Benedictinum
2658 4496 2852 4563 Congr.
2904 4493 2962 4549 S.
3012 4492 3217 4553 Mauri,
3267 4490 3363 4558 qui
3413 4493 3464 4542 et
3506 4485 3653 4540 illud

2002 4590 2215 4660 publici
2231 4589 2383 4657 juris
2412 4588 2539 4654 fecit
2560 4592 2685 4640 tom.
2709 4587 2784 4647 II,
2807 4599 2940 4653 pag.
2971 4578 3098 4650 744,
3128 4578 3357 4650 Operam
3382 4576 3438 4631 S.
3467 4575 3655 4630 Atha—

2008 4680 2155 4734 nasii
2174 4694 2207 4731 a
2229 4692 2284 4731 se
2302 4676 2567 4730 edito-rum
2589 4693 2605 4737 ;
2637 4688 2807 4743 quare
2829 4669 3181 4726 omittendum
3213 4667 3299 4720 hic
3320 4663 3549 4733 censui.)

252 4806 453 4874 Incipit
519 4804 701 4872 cyclus
774 4818 1045 4856 annorum
1109 4805 1398 4874 octoginta,
1455 4809 1505 4857 ct
1550 4809 1806 4872 quatuor,
1864 4804 1961 4872 qui
2017 4805 2363 4874 computatur
2408 4799 2496 4852 die
2529 4796 2911 4874 Kalendarum
2944 4793 3353 4874 Δ,Ιαηιιανίζιέέὶιῃνι
3412 4789 3563 4874 Ιῖεετο
3599 4790 3658 4874 et

325 4857 481 4930 Gallo
547 4857 876 4928 "consulibus
944 4874 1042 4943 (est
1100 4857 1248 4927 ann"
1302 4857 1447 4945 298),
1506 4857 1575 4928 εί
1617 4857 1890 4942 ἱγηριθέαν⁸
1936 4857 2167 4945 _Siagrio
2224 4878 2273 4925 et
2327 4870 2607 4945 Antonino
2650 4882 2789 4945 coss.
2855 4864 2959 4945 (est
3000 4878 3133 4917 ann.
3167 4859 3334 4945 ﬂii-2),
3397 4864 3447 4914 et
3485 4857 3662 4945 'red’it

324 4948 399 5000 ad
447 4950 609 5014 caput
658 4930 969 5015 Merobajdo
1009 4949 1059 4998 et
1115 4930 1591 4999 Saturnino'rcoss.
1620 4930 1723 5010 (est
1750 4961 1883 4998 ann.
1917 4930 2075 5015 383):
2121 4948 2170 4997 et
2214 4944 2370 4995 tertio
2412 4941 2556 4994 redit
2589 4939 2664 4992 ad
2708 4930 2871 5007 caput
2918 4937 3096 4989 Posavo
3135 4937 3186 4987 et
3233 4930 3439 4989 Joanne
3485 4931 3553 4993 V,
3597 4930 3657 4986 Ο.

327 5033 461 5071 coss.
490 5013 587 5087 (est
616 5032 746 5070 ann.
786 5013 909 5081 467)
938 5028 977 5069 ι.

253 5105 407 5160 Anni
811 5105 945 5161 Dies
972 5104 1114 5161 solis
1400 5106 1559 5161 Luna
1587 5104 1683 5159 xxi

256 5176 301 5231 ii
812 5176 907 5231 die
946 5176 991 5231 ii
1406 5176 1545 5231 luna
1575 5175 1722 5230 xxiii

258 5246 330 5302 iii
815 5248 912 5303 die
945 5248 1011 5302 iii
1414 5247 1548 5301 luna
1582 5248 1636 5300 iv

254 5320 315 5373 iv
811 5319 907 5373 die
932 5334 963 5372 v
1414 5317 1549 5372 luna
1569 5332 1639 5371 xv

254 5465 289 5504 v
831 5449 927 5505 die
959 5449 1013 5503 vi
1404 5447 1540 5502 luna
1571 5449 1702 5502 xxvi

326 5604 349 5631 ι
371 5591 650 5648 Consulat
677 5591 855 5647 lector
882 5588 1167 5661 egregiam
1189 5587 1259 5644 de
1297 5587 1557 5661 Paschali
1588 5589 1917 5661 Latinorum

2042 5102 2239 5175 Pasch.
2264 5115 2294 5175 γ
2325 5100 2409 5175 Id.
2440 5101 2580 5175 _Apr.
3122 5095 3279 5175 Luna
3298 5092 3398 5175 xx_i_

2050 5174 2244 5245 Pasch.
2272 5171 2328 5245 ix
2354 5170 2472 5245 Kal.
2499 5165 2634 5240 Apr.
3124 5165 3263 5245 luna
3282 5165 3402 5245 xvii

2042 5244 2239 5299 Pasch.
2279 5239 2511 5311 ld.Apr.
2551 5236 2567 5240 ”
3124 5236 3261 5311 luna
3285 5236 3405 5289 xvii

2034 5315 2230 5370 Pasch.
2260 5315 2402 5368 Non.
2428 5307 2564 5382 Apr.
3122 5307 3259 5362 luna
3282 5317 3357 5358 xx

2050 5450 2079 5477 ι,
2249 5411 2334 5465 xii
2365 5410 2486 5464 Kal.
2514 5411 2646 5478 Apr.
3124 5403 3258 5457 luna
3297 5403 3391 5453 xvi

2025 5446 2353 5536 1“SCh'sive
2379 5481 2474 5535 xiv
2508 5480 2631 5535 Kal.
2658 5479 2792 5535 Maii
3140 5472 3281 5526 luna
3321 5482 3393 5523 xv

2013 5588 2225 5645 .moria:
2266 5587 2389 5643 viro
2414 5587 2658 5642 Henrico
2693 5583 2922 5641 Norisio
2953 5581 3007 5635 S.
3052 5579 3117 5632 R.
3144 5577 3206 5632 E.
3238 5570 3549 5644 cardinali,
3583 5583 3657 5642 qu

256 5663 425 5732 Cyclo
464 5657 958 5730 Dissertationern,
1011 5657 1220 5718 editam
1273 5659 1345 5714 ab
1386 5660 1731 5715 immortalis
1802 5675 1925 5716 me—
2034 5661 2153 5717 haec
2182 5658 2450 5729 pluribus
2481 5657 2816 5715 illustravit.
