4054 6192
265 296 406 354 4369

263 420 443 504 lxxxi.
827 425 922 504 die
949 426 1018 504 i_ii
1400 426 1540 504 luna
1568 426 1751 504 xxviii

263 491 469 576 lxxxii.
827 496 921 576 die
954 497 1008 576 iv
1398 498 1536 576 luna
1566 498 1625 552 ix

260 562 472 618 lxxxiii
824 568 920 621 die
948 567 1001 621 vi
1398 568 1533 623 luna
1568 582 1675 623 xx.

258 633 358 689 lxx
821 637 916 693 die
944 638 1024 693 vii
1394 638 1528 694 luna
1561 640 1577 693 i

666 770 868 823 Iterum
898 770 973 823 ad
1001 775 1165 841 caput
1194 772 1501 826 revertitur.

957 878 1217 946 Explicit.

333 979 568 1035 Nullum
602 993 737 1036 sane
770 996 865 1051 pes
905 987 1141 1048 moveat,
1174 996 1239 1038 eo
1269 984 1419 1053 quod
1453 983 1696 1053 quintus
1725 995 1911 1041 anuus

254 1067 414 1139 Cycli
473 1068 833 1138 designatum
894 1071 1046 1126 diem
1102 1072 1329 1126 Pascha:
1393 1071 1615 1141 habeat,
1668 1071 1773 1126 hoc
1825 1076 1913 1126 est

258 1170 343 1211 xu
387 1156 508 1212 Kal.
550 1157 682 1228 Apr.
726 1159 829 1214 Die
866 1160 1163 1215 Dominica
1210 1160 1344 1216 luna
1387 1158 1452 1214 46
1493 1159 1598 1215 hoc
1638 1160 1807 1215 semel
1848 1160 1909 1215 in

254 1245 431 1300 annis
453 1243 525 1300 84
548 1246 870 1303 faciendum
902 1254 987 1303 est
1016 1248 1118 1303 hac
1141 1249 1381 1317 ratione,
1409 1262 1475 1304 eo
1502 1248 1650 1318 quod
1683 1248 1913 1303 violen—

258 1334 340 1388 tia
387 1334 560 1405 lume,
605 1337 689 1391 vel
733 1337 821 1391 lex
865 1338 1091 1392 Pascha?
1134 1336 1420 1406 prohibet,
1464 1350 1532 1391 ne
1571 1337 1666 1391 die
1708 1350 1742 1389 v
1783 1336 1905 1391 Kal.

253 1422 394 1491 Apr.
418 1424 638 1494 aliquis
658 1426 1060 1495 pnesumptive
1080 1426 1321 1480 :estimet
1341 1439 1400 1480 se
1421 1425 1681 1495 pascham
1707 1423 1907 1494 facere,

256 1524 372 1581 qua
401 1512 497 1567 die
526 1514 637 1569 erit
670 1513 804 1569 luna
834 1512 906 1569 23
934 1520 991 1569 et
1020 1528 1193 1583 super
1222 1516 1477 1570 semisse.
1514 1514 1756 1568 Maxime
1780 1527 1908 1567 cum

253 1600 383 1671 lege
408 1601 486 1657 sit
510 1607 763 1672 cautum,
794 1617 861 1657 ne
890 1604 1113 1659 modum
1146 1604 1291 1659 luna:
1317 1608 1526 1659 statum
1558 1603 1779 1672 aliquis
1807 1615 1911 1657 εχσ-

254 1690 442 1758 cedat,
467 1696 521 1744 et
549 1691 605 1745 in
634 1705 855 1761 gravem
879 1691 1245 1747 otiensionem
1278 1692 1553 1747 incurrat.
1585 1691 1686 1745 Sed
1718 1692 1911 1760 potius

253 1783 345 1833 est
372 1753 553 1833 utdie
580 1753 658 1833 xxi
694 1778 817 1833 Kal.
845 1779 977 1849 Apr.
1015 1779 1333 1834 celebretur
1364 1779 1596 1847 Pascha,
1631 1753 1732 1833 ubi
1768 1779 1910 1834 levis
1938 1753 1990 1812 Β

255 1866 630 1935 reprehensio
668 1880 773 1937 eSt,
818 1882 988 1938 quam
1031 1868 1301 1922 criminis
1335 1873 1485 1937 nota,
1530 1868 1691 1922 sicut
1749 1874 1804 1921 et
1849 1867 1905 1920 in

252 1955 435 2009 veteri
470 1954 745 2011 laterculo
774 1958 1121 2011 continetur.
1154 1957 1220 2011 Et
1252 1956 1356 2011 hoc
1389 1955 1707 2010 necessario
1733 1968 1910 2022 Opor—

253 2042 377 2096 tuit
395 2042 721 2112 intermitti,
744 2058 867 2099 esse
890 2045 1162 2115 quosdam
1184 2058 1384 2113 annos,
1410 2045 1466 2098 in
1492 2043 1704 2113 quibus
1723 2042 1911 2110 dupli-

254 2128 347 2183 cis
374 2130 620 2199 Paschae,
651 2132 770 2185 sive
799 2132 926 2186 duae
954 2132 1012 2186 in
1043 2145 1220 2186 unum
1255 2130 1513 2197 veniunt,
1546 2135 1601 2183 et
1629 2128 1765 2198 quia
1794 2141 1908 2183 una

255 2215 611 2271 observanda
655 2222 760 2283 est,
801 2219 914 2272 erit
952 2218 1009 2272 in
1048 2218 1294 2272 arbitrio
1333 2217 1543 2271 summi
1584 2214 1908 2271 Sacerdotis

256 2303 520 2360 conferre
565 2320 693 2361 cum
748 2307 1116 2377 Presbyteris,
1166 2306 1266 2377 qui
1314 2306 1440 2361 dies
1493 2305 1632 2376 eligi
1688 2303 1908 2372 debeat,

257 2392 572 2449 dummodo
613 2408 810 2450 omnes
849 2394 1149 2450 unanimes
1190 2394 1377 2463 ipsum
1408 2394 1561 2449 diem
1598 2391 1820 2446 l’aschze
1852 2391 1911 2445 in

259 2492 439 2535 unum
472 2482 870 2537 convenientes
899 2481 1267 2537 celebremus.

261 2605 505 2674 Εῖψιίοἰι
568 2608 853 2660 Tractutus
910 2607 977 2660 de
1025 2609 1237 2660 ratione
1289 2606 1526 2667 Pascltaz,
1586 2605 1684 2658 hoc
1729 2608 1806 2657 est
1848 2602 1913 2656 de

895 2676 963 2732 42
992 2679 1115 2732 Kal.
1150 2678 1287 2747 Apr.

337 2803 396 2857 ln
414 2803 843 2858 commentariis
864 2803 1145 2859 Victorini
1168 2803 1317 2857 inter
1336 2802 1583 2872 plurima
1606 2801 1723 2855 hinc
1740 2801 1911 2855 etiam

262 2890 479 2960 scripta
506 2892 841 2961 reperimus.
870 2892 1196 2947 Invenimus
1224 2892 1282 2946 in
1313 2889 1656 2945 membranis
1678 2890 1915 2944 Alexan-

261 2979 355 3035 dri
385 2979 668 3050 Episcopi,
698 2980 796 3050 qui
826 2979 1018 3035 fuitin
1041 2980 1417 3047 Hierusalem,
1449 2979 1596 3048 quod
1628 2978 1915 3032 transcri—

264 3068 383 3138 psit
408 3081 599 3157 imanu
642 3081 742 3123 sua
789 3069 857 3123 de
896 3067 1319 3138 exemplaribus
1365 3066 1787 3136 Apostolorum,
1831 3065 1909 3120 ita
1943 3093 1992 3157 Ο

264 3170 369 3211 vm
405 3156 525 3211 Kal.
571 3158 733 3212 Janu.
766 3164 935 3212 natus
962 3162 1049 3211 est
1084 3157 1361 3210 Dominus
1400 3156 1464 3209 N.
1491 3156 1537 3207 J.
1567 3155 1625 3208 C.
1662 3154 1913 3222 Sulpitio

264 3251 324 3300 et
349 3244 647 3300 Camerino
682 3246 839 3300 Coss.
874 3247 941 3299 Et
978 3244 1302 3313 baptizatus
1344 3247 1430 3297 est
1469 3255 1593 3296 vm.
1630 3243 1709 3297 Id.
1743 3242 1909 3296 Janu.

266 3333 568 3388 Valeriano
598 3338 653 3388 et
684 3334 936 3389 Asiatico
974 3334 1128 3387 Coss.
1179 3334 1387 3387 Passus
1415 3336 1501 3387 est
1540 3344 1576 3385 x
1618 3330 1738 3384 Kal.
1774 3329 1909 3399 Apr.

267 3421 489 3475 Nerone
549 3422 617 3476 ill
661 3427 717 3475 et
773 3420 994 3475 Valerio
1060 3420 1295 3474 Messala
1360 3419 1513 3474 Coss.
1584 3416 1917 3472 Resurrexit

268 3521 374 3563 vm
408 3508 528 3563 Kal.
557 3509 691 3578 Apr.
719 3509 873 3564 Coss.
899 3508 1331 3577 suprascriptis.
1356 3506 1631 3562 Ascendit
1658 3505 1713 3560 in
1743 3504 1917 3560 cmlos

267 3611 301 3650 v
324 3597 466 3652 Non.
500 3598 631 3652 Mai.
666 3604 789 3666 post
815 3598 940 3652 dies
963 3594 1028 3651 40
1052 3597 1204 3651 Coss.
1240 3595 1671 3665 suprascriptis.
1699 3595 1919 3647 Johan-

270 3698 373 3742 nes
394 3686 645 3756 Baptista
679 3686 937 3741 nascitur
965 3699 1068 3740 Vill
1101 3685 1221 3739 Kal.
1255 3684 1365 3739 Jul.
1392 3690 1446 3739 et
1472 3682 1919 3738 circumciditur

271 3775 398 3830 Kal.
449 3776 558 3831 Jul.
624 3775 705 3830 Ad
760 3776 993 3831 Mariam
1059 3788 1190 3829 vero
1254 3774 1481 3829 locutus
1528 3777 1615 3827 est
1669 3769 1920 3841 Angelus

271 3877 378 3918 vm
419 3863 541 3918 Kal.
585 3864 719 3933 Apr.
760 3865 926 3919 Sexto
966 3865 1081 3932 jam
1124 3861 1529 3931 Conceptionis
1570 3872 1758 3914 mense
1794 3857 1920 3912 Eli-

272 3952 471 4008 sabeth
498 3956 516 3975 '
550 3952 753 4008 habere
798 3953 1018 4011 dicens.
1061 3954 1141 4006 Ex
1181 3966 1294 4021 quo
1337 3954 1686 4020 supputatur
1724 3947 1920 4002 eodem

270 4041 368 4096 die
406 4041 709 4096 Dominum
753 4040 932 4097 fuisse
966 4046 1301 4109 conceptum
1340 4052 1452 4108 quo
1486 4042 1542 4092 et
1582 4034 1917 4091 resurrexit.

270 4129 465 4185 Amen.

578 4236 806 4289 Domino
835 4239 886 4289 et
912 4235 1023 4304 ﬁlio
1053 4234 1300 4287 Siscbuto
1331 4230 1617 4285 Esidorus.

344 4344 489 4396 Dum
539 4347 594 4397 te
644 4345 1001 4411 praestantem
1053 4339 1306 4410 ingenio,
1360 4335 1762 4404 facundiaque,
1812 4337 1917 4388 etc.

276 4431 525 4499 (Editum
570 4436 648 4485 est
686 4431 1004 4499 apusculum
1050 4431 1193 4482 inter
1234 4428 1288 4482 S.
1337 4426 1540 4481 Isidori
1582 4425 1925 4493 Hispalensis
1962 4417 2017 4477 D

276 4520 451 4590 Opera
479 4520 575 4574 hoc
605 4517 762 4573 titulo
794 4537 807 4573 :
844 4520 919 4573 De
952 4530 1150 4573 rurum
1184 4514 1431 4586 natura.)

867 4642 1071 4710 Incipit
1104 4640 1324 4695 Versus.

418 4770 619 4825 Annus
646 4766 797 4823 Solis
826 4765 1156 4822 continetur

490 4859 747 4928 Quatuor
784 4853 1158 4924 temporibus,

490 4948 567 5003 Ac
595 4945 802 5002 deinde
830 4943 1181 5012 adimpletur

487 5034 779 5091 Duodenis
810 5031 1119 5087 mensibus.

489 5123 942 5194 Quinquaginta,
975 5126 1028 5175 et
1058 5118 1286 5175 duabus

490 5212 683 5267 Currit
712 5207 1170 5265 Hebdomadibus

490 5300 609 5355 Una
638 5300 734 5355 die
763 5298 1130 5367 superducta.

491 5390 559 5444 Et
596 5402 693 5444 sex
732 5388 892 5443 horis
933 5386 1187 5456 paribus.

490 5476 847 5534 Tricentenis
876 5474 1192 5544 sexaginta,

494 5568 677 5637 Atque
707 5566 964 5636 quinque
990 5560 1218 5619 diebus.

1616 301 1816 357 LIBER
1854 302 1945 358 DE
1982 300 2323 360 COMPUTO.

1925 428 1983 488 A
2024 429 2220 503 Pasch.
2254 447 2289 486 x
2326 431 2448 487 Kal.
2479 432 2614 503 Apr.

2023 500 2218 573 Pasch.
2252 502 2294 558 ii
2322 504 2400 558 Id.
2437 500 2571 573 Apr.

2023 570 2220 627 Pasch.
2252 574 2351 628 Kal
2386 570 2520 629 Maii

2022 641 2221 700 Pasch.
2256 660 2327 700 xv
2358 644 2479 701 Kal.
2514 645 2651 700 Maii

2235 777 2328 832 Sic
2368 777 2645 834 ambitum
2685 778 2911 834 Zodiaci

2235 867 2542 923 Sollustrat
2585 867 2971 937 discursibus,

2234 956 2337 1011 Sed
2379 962 2609 1027 excepta
2648 963 2805 1026 parte
2843 961 3043 1027 quarta

2234 1046 2431 1100 Noctis
2469 1051 2638 1115 atque
2675 1045 2814 1113 diei,

2232 1131 2366 1200 Quae
2394 1133 2617 1188 dierum
2651 1146 2946 1203 superesse

2232 1221 2500 1276 Cernitur
2536 1222 2731 1277 seriei.

2162 1337 2241 1392 De
2270 1338 2586 1407 quadrante
2617 1341 2743 1406 post
2770 1349 3051 1392 annorum

2236 1425 2331 1480 Bis
2376 1425 2640 1480 binorum
2681 1426 2992 1480 terminum

2233 1513 2592 1569 Calculantes
2630 1515 3013 1585 colligendum

2234 1604 2613 1658 Decreverunt
2643 1603 2976 1659 bissextum.

2234 1692 2451 1746 Tantus
2480 1692 2529 1745 ei
2566 1691 2747 1746 honor
2774 1692 2943 1745 datus

2232 1779 2278 1834 A
2311 1780 2486 1850 regali
2517 1780 2789 1839 culmine.

2232 1868 2388 1937 Quod
2432 1869 2517 1923 sic
2550 1867 2664 1923 fuit
2696 1868 3028 1923 nominatus

2230 1956 2278 2011 A
2305 1957 2720 2011 JulioCaasare.

2234 2047 2409 2113 Quem
2454 2045 2774 2113 ponendum
2806 2043 2942 2097 anni
2978 2043 3087 2096 line

2236 2135 2573 2188 Decreventc
2599 2136 2616 2155 ”
2637 2133 2713 2186 Ga
2718 2133 2814 2201 jus

2236 2222 2369 2276 Dies
2401 2222 2656 2291 quinque
2689 2221 2929 2273 iterante

2234 2312 2414 2379 Quam
2446 2308 2634 2363 brevis
2666 2307 3011 2362 Februarius

2165 2427 2309 2481 Hinc
2338 2438 2616 2481 annorum
2648 2424 3014 2478 diversantur

2238 2519 2392 2571 Luna
2426 2514 2831 2585 longitudinis,

2235 2606 2489 2673 Quorum
2521 2604 2750 2673 quidem
2783 2600 3118 2656 Embolismi

2236 2694 2475 2763 Quidcm
2520 2693 2665 2747 liunt
2693 2703 3061 2755 communes;

2237 2783 2430 2837 Brevis
2460 2764 2671 2852 quippe
2701 2780 2800 2850 qui
2833 2784 3068 2834 vocatur

2242 2870 2575 2927 Communis
2610 2868 2951 2924 Lunaribus.

2238 2960 2333 3014 Sic
2367 2972 2589 3027 semper
2624 2956 2925 3013 duodecim

2237 3047 2602 3101 Terminatur
2632 3044 2926 3099 mensibus

2236 3133 2594 3189 Tricentenis
2624 3132 2991 3201 quinquagen

2238 3222 2446 3291 Bisque
2477 3220 2632 3274 binis
2664 3218 2890 3273 diebus.

2237 3312 2339 3366 Hic
2373 3309 2617 3365 undenis
2645 3321 2831 3363 annus
2860 3306 2979 3362 Soli

2239 3399 2531 3455 Percurrit
2570 3396 2937 3453 discursibus
2964 3414 2980 3465 ;

2244 3491 2468 3559 Longus
2497 3501 2684 3542 annus
2718 3484 3049 3539 Embolismi

2241 3578 2685 3647 Supercrescens
2721 3574 2996 3639 ducitur;

2241 3668 2411 3721 Lunae
2450 3663 2659 3733 tribus,
2700 3668 2872 3731 atque
2906 3660 3096 3716 decem

2243 3754 2535 3812 Mensihus
2571 3752 2889 3823 colligitur.

2245 3847 2469 3915 Longus
2512 3843 2619 3898 iste
2654 3854 2841 3897 annus
2879 3839 3027 3895 luna:

2244 3936 2304 3989 In
2336 3934 2559 3988 dierum
2594 3930 2840 3986 termino

2242 4022 2586 4078 Continetur
2624 4020 2944 4075 tricenteno

2244 4110 2529 4182 Octogeno
2563 4115 2842 4179 quaterno

2172 4227 2379 4281 Novem
2420 4225 2565 4279 idem
2596 4222 2986 4290 Embolismis,

2246 4315 2428 4384 Atque
2456 4313 2646 4367 decem
2676 4310 2883 4366 diebus

2245 4401 2581 4457 Pervidetur
2608 4411 2820 4453 annum
2852 4396 3003 4451 Solis

2248 4492 2561 4562 Superatur
2590 4492 2678 4543 est
2703 4491 2720 4509 '
2749 4484 3039 4541 cursibus.

2249 4578 2535 4635 Brevioris
2557 4584 2576 4599 '
2601 4576 2798 4631 Annus
2837 4579 2993 4629 totus

2246 4669 2611 4724 Terminatur
2647 4663 2898 4719 circulos

2250 4759 2309 4813 In
2347 4755 2616 4811 trecentis
2655 4750 3075 4824 quinquaginta

2248 4846 2434 4915 Atque
2464 4847 2713 4912 quatuor
2738 4840 2962 4895 diebus.

2249 4935 2371 4988 Uno
2409 4942 2605 4998 nempe
2637 4934 2808 4998 atque
2840 4925 3031 4981 decem

2246 5020 2461 5076 Diebus
2493 5018 2550 5072 in
2582 5017 2785 5072 ordine

2252 5107 2441 5164 Brevis
2468 5119 2655 5160 annus
2679 5116 2829 5159 anno
2857 5100 3008 5157 Solis

2246 5199 2559 5266 Superatur
2586 5191 2832 5264 agmine.

2246 5282 2597 5342 Embolismo
2636 5281 2984 5335 incremento

2248 5375 2448 5443 Magna
2476 5370 2633 5441 larga
2664 5369 2828 5438 copia

2248 5461 2398 5519 Anni
2432 5459 2582 5515 luna:
2616 5457 2772 5514 brevi
2805 5457 3009 5513 ordine

2240 5548 2553 5620 Suppletur
2584 5548 2799 5618 inopia.

3154 431 3291 488 luna
3319 431 3417 487 xxi

3152 502 3289 558 luna
3318 502 3441 558 xxii

3157 574 3294 631 luna
3320 573 3463 628 xviii

3162 645 3297 700 luna
3331 644 3473 700 xviii

3530 300 3668 361 4370
