4076 6174
436 235 460 292 4
480 239 578 297 374
1319 241 1607 296 APPEND.
1649 240 1744 295 AD
1779 238 1939 296 SEC.
1982 238 2080 294 IX.
2120 267 2194 278 —
2242 235 2598 294 AUCTORES
2652 235 2986 292 ANONYMI.

580 363 799 419 Dehinc
828 365 1020 420 decem
1049 369 1220 436 atque
1253 378 1448 422 novem

653 453 941 508 Annorum
981 453 1363 510 constituitur

650 543 896 610 Tempus
921 547 1160 613 certum,
1191 556 1304 612 quo
1330 541 1556 598 lunaris

651 630 956 686 Terminus
997 631 1339 701 porrigitur,

653 719 713 772 In
745 732 860 788 quo
887 717 1024 774 luna
1052 718 1410 788 replicantur

652 806 839 862 Cursu
867 807 1112 877 quodam
1144 805 1352 862 subtili

653 896 850 951 Decies
879 896 1046 966 quini
1075 897 1390 967 quinquies
1425 895 1562 951 noni

655 983 838 1040 Simul
879 985 1079 1054 quinis
1109 985 1339 1040 circuli.

586 1073 732 1129 Huic
760 1073 956 1143 cyclus
987 1078 1052 1128 ut
1079 1073 1262 1144 exigit

653 1163 1066 1217 Perscrutando
1101 1163 1246 1217 ratio

653 1250 882 1320 Semper
909 1257 1096 1319 partes
1123 1250 1249 1306 dies
1274 1251 1458 1306 saltus

659 1339 953 1394 lnterserit
982 1339 1170 1407 spatio

654 1429 712 1482 In
745 1427 1022 1483 duodenm
1055 1427 1206 1483 horai
1239 1427 1349 1483 ﬂne

653 1516 942 1571 Percurrit
975 1517 1250 1572 incensio.

653 1603 746 1658 Sic
781 1610 1062 1660 momento
1097 1611 1297 1675 quater
1325 1607 1500 1662 ducto

650 1693 835 1748 Cursu
863 1697 882 1715 '
906 1707 1128 1764 semper
1158 1703 1499 1751 menstruas.

657 1783 722 1836 Et
753 1781 1022 1837 momenti
1053 1783 1329 1839 duodenze

657 1869 868 1925 Addita
905 1871 1187 1939 particula

655 1957 759 2012 Per
789 1971 1087 2014 mensuum
1126 1959 1523 2018 duodenarum

654 2046 894 2118 Singula
923 2049 1218 2104 curricula

659 2135 844 2190 Λιοῐηί
877 2138 1269 2205 superadditis

654 2223 981 2279 Ducenteno
1013 2238 1250 2281 numera
1297 2277 1304 2280 _

655 2311 942 2382 Trigesies
971 2319 1026 2367 et
1053 2314 1368 2384 quinquies

655 2399 836 2456 Ducto
866 2402 1192 2457 earumdem
1232 2405 1484 2462 cumulo.

583 2489 777 2546 Saltus
807 2490 956 2546 lunae
986 2495 1369 2562 supercrescit

655 2577 839 2634 Cursu
869 2580 1259 2638 subtilissima

655 2666 981 2722 Ducenteno
1016 2683 1203 2725 mense
1232 2671 1411 2740 quino

657 2755 884 2809 Necnon
914 2761 971 2810 et
1003 2757 1318 2826 trigesimo.

655 2841 764 2909 Qui
797 2841 882 2895 sic
910 2843 1046 2897 nant
1071 2849 1273 2912 quater
1299 2845 1461 2900 ducti

657 2926 926 2983 Eﬂlciunt
950 2930 1246 2986 cumulum

658 3015 1066 3074 Momentorum
1098 3026 1512 3089 nongentarum

657 3103 1048 3177 Quadraginta
1076 3110 1146 3165 ad
1179 3110 1496 3166 cumulum.

586 3191 810 3261 Quibus
837 3197 1034 3263 puncti
1063 3196 1208 3253 ﬁunt
1231 3199 1424 3255 cuncti

659 3282 766 3338 Sex
795 3288 852 3338 et
877 3297 1072 3341 novem
1103 3287 1293 3342 decies

660 3372 1068 3429 Momentorum
1113 3383 1526 3447 nongentarum

657 3460 842 3529 Atque
865 3461 1053 3516 decem
1088 3464 1296 3534 sexies,

660 3549 836 3603 Denis
873 3550 1040 3605 nonis
1064 3552 1236 3608 annis
1262 3554 1456 3610 ductis

662 3635 880 3691 Habent
914 3652 1083 3693 suum
1120 3641 1368 3710 spatium

659 3723 793 3778 Dies
823 3725 965 3780 solis
993 3731 1165 3798 atque
1197 3728 1347 3784 lunae

659 3811 903 3882 Equum
933 3817 1156 3883 pondus
1187 3818 1457 3885 partium.

589 3899 903 3968 Dionysius
930 3907 1184 3958 attentus

2117 369 2177 430 A

2407 361 2638 433 Cyclum
2675 361 2844 418 nobis
2879 360 3143 430 tradidit,

2409 451 2742 507 Communis
2771 456 2828 506 et
2857 450 3282 506 imbolissimus

2409 541 2512 596 Jus
2534 539 2804 595 Paschale
2840 539 3112 594 reddidit.

2413 629 2827 685 Sanctissimus
2859 629 2980 698 ipse
3008 627 3184 683 abbas

2414 717 2572 772 Diem
2602 717 2787 773 saltus
2819 721 3110 780 memorat,

2414 805 2624 875 Quinis
2652 805 2819 862 denis
2849 805 3234 860 Kalendarum

2414 895 2586 966 Magii
2622 896 3124 960 demonstraverat,

2412 983 2731 1040 Calculavit
2760 996 2938 1040 unum
2968 982 3120 1038 diem

2415 1073 2512 1128 Bis
2533 1077 2553 1095 '
2578 1072 2848 1128 obtimini
2881 1071 3138 1138 termini,

2414 1163 2494 1216 Ne
2518 1163 2738 1218 deesset
2769 1161 2915 1216 idem
2951 1173 3160 1216 munus

2413 1252 2606 1307 Primo
2629 1262 2778 1306 anno
2803 1249 3092 1305 communi

2417 1342 2532 1396 Hoc
2564 1344 2936 1410 augmentum
2961 1338 3011 1394 si
3038 1337 3358 1393 concrescit

2416 1428 2710 1484 Iliensibus
2740 1427 3098 1497 plurissimis

2416 1515 2784 1584 Ducentenis,
2816 1520 2988 1586 atque
3027 1514 3228 1585 quinis

2422 1608 2534 1661 Nec
2565 1619 2677 1662 non
2701 1610 2760 1660 et
2789 1605 3125 1676 trigesimis.

2415 1695 2599 1751 Graeci
2629 1695 2856 1766 dicunt,
2887 1698 2944 1750 et
2971 1694 3222 1766 Egyptii

2413 1786 2492 1840 De
2528 1784 2682 1841 saltu
2720 1783 3044 1840 certissima

2417 1876 2476 1930 In
2513 1873 2762 1930 undenis
2801 1871 3186 1928 Kalendarum

2414 1965 2620 2034 Epacta
2651 1962 2945 2032 trigesima

2416 2053 2475 2107 In
2506 2051 2732 2106 Latinis
2759 2049 2911 2106 diem
2942 2049 3128 2104 saltus

2416 2143 2729 2196 Memorant
2759 2139 2819 2193 in
2847 2135 3176 2208 quindecim

2414 2227 2537 2283 Kal.
2569 2227 2828 2283 Decemb.
2861 2224 3279 2282 concelebrant.

2341 2319 2525 2388 Hujus
2551 2316 2694 2388 cycli
2730 2329 2862 2387 pars
2887 2319 3124 2372 vocatur

2414 2407 2640 2480 Ogdoas
2675 2405 2953 2474 anterior,

2415 2496 2494 2552 Ac
2522 2496 2728 2552 deinde
2757 2492 3084 2564 appellatur

2415 2585 2666 2642 Endecas
2697 2584 2957 2640 ulterior.

2415 2675 2669 2747 Ogdoadi
2699 2673 3053 2744 deputantur

2415 2764 2556 2820 Octo
2585 2763 2720 2818 anni
2753 2763 2994 2832 priores.

2416 2851 2734 2910 Endecadis
2763 2851 2988 2907 undena

2416 2940 2830 3012 Comprobatur
2866 2939 3043 2994 series

2420 3033 2478 3086 ln
2511 3031 2616 3086 hoc
2645 3042 2820 3084 cursu
2848 3027 2994 3082 ﬁunt
3021 3027 3159 3082 anni

2415 3119 2756 3174 Communes
2784 3115 3114 3172 duodecies.

2417 3207 2565 3262 Anni
2600 3219 2729 3262 vero
2758 3203 3136 3261 embollissim

2415 3295 2814 3365 Subputantur
2841 3292 3069 3363 septies.

2415 3385 2520 3439 Per
2545 3384 2737 3439 decem
2763 3387 2820 3437 et
2849 3395 3044 3437 novem
3075 3394 3257 3437 annos

2414 3470 2808 3528 Hic-calculus
2844 3469 3104 3526 tenditur

2413 3565 2474 3618 In
2500 3561 2760 3617 eumdem
2792 3558 2942 3615 luna:
2970 3573 3204 3614 cursum

2411 3650 2618 3722 Cyclus
2645 3648 2954 3704 revertitur

2411 3739 2518 3794 Sex
2549 3736 2739 3792 millia
2772 3739 3187 3807 nongentarum

2411 3826 2788 3881 Triennarum
2824 3823 3121 3880 biennium

2413 3914 2622 3984 Bisque
2651 3913 2826 3970 trinis
2859 3912 3251 3982 supramissis.

3703 229 3825 289 4372

1811 4036 2045 4105 Reliqua
2091 4036 2492 4091 desiderantur.

459 4166 3842 4200 ____—_______‘________________________

1819 4318 2479 4428 HISTORIA
2557 4237 2564 4244 ’

1047 4507 1740 4596 TRANSLATIONIS
1826 4511 2264 4600 CORPORIS
2349 4515 2418 4601 S.
2514 4513 2924 4600 CORNELII
2995 4511 3254 4597 ΡΑΡᾸΞ

1777 4668 1971 4748 Apud
2029 4669 2526 4748 Compendium.

469 4813 698 4868 LEBEUF.
733 4816 948 4869 Recueil
969 4816 1035 4870 de
1059 4815 1246 4870 divers
1274 4818 1434 4871 ecrits
1461 4832 1601 4886 paur
1627 4817 1802 4870 ser-vir
1830 4815 2364 4872 d’éclaircissements
2394 4819 2430 4871 ὰ
2459 4818 2733 4874 l’Histaire
2762 4819 2829 4874 de
2856 4821 3094 4886 France;
3124 4823 3468 4872 monuments
3513 4817 3841 4884 historiqu

1539 4903 1636 4940 sur
1673 4887 2061 4954 ('ha-rlemagne
2089 4893 2139 4942 et
2163 4887 2382 4943 Charles
2414 4889 2460 4943 Ie
2490 4889 2752 4960 Chauvr.)

1900 5111 2384 5182 MONITUM.

512 5355 573 5408 .le
601 5354 844 5431 nfaipas
873 5354 962 5410 été
981 5355 1090 5431 des
1118 5355 1380 5431 der_r_iiers
1409 5357 1739 5431 a‘marquer
1767 5358 1845 5414 du
1877 5359 2092 5431 mépris
2201 5359 2483 5415 chanaine
2507 5361 2577 5416 de
2604 5361 2782 5431 Paris,
2817 5361 2868 5416 le
2891 5347 2988 5416 cas
3017 5359 3162 5430 qu’il
3187 5373 3257 5416 en
3285 5357 3474 5414 l‘allait
3500 5357 3662 5415 faire.
3695 5357 3739 5413 Il
3761 5361 3844 5411 est

485 5437 592 5502 our
618 5425 686 5502 _le
725 5426 1387 5502 MartyrologeAgallican
1427 5428 1496 5502 de
1519 5425 1899 5502 du’Saussay.
1938 5425 2034 5502 ll'y
2059 5445 2090 5486 a
2205 5431 2414 5486 inutile
2450 5432 2520 5486 de
2551 5425 2808 5501 rappele'r
2846 5433 2918 5487 ici
2955 5432 3006 5486 le
3025 5425 3319 5502 jugement
3356 5443 3467 5501 que
3499 5431 3750 5502 d’autres
3773 5440 3846 5502 en

489 5495 578 5550 ien
599 5495 702 5550 des
725 5499 934 5551 années
959 5496 1182 5566 quej’ai
1209 5497 1406 5564 appris
1429 5498 1498 5552 de
1531 5497 1622 5554 feu
1651 5502 1719 5555 M.
1743 5495 2091 5571 Cha'stela'in,
2205 5503 2430 5558 avaient
2471 5495 2630 5572 parte
2653 5495 2822 5558 avant
2853 5503 2956 5558 lui.
2991 5495 3182 5558 mre
3217 5501 3297 5558 du
3327 5495 3574 5571 Saussay
3607 5498 3848 5556 ecrivait
