4054 6192
409 193 433 248 4
442 189 548 248 8733

1257 189 1552 245 APPEND.
1615 191 1710 246 AD
1766 190 1928 246 SIEC.
1974 191 2072 246 IX.
2114 221 2183 230 ——
2220 190 2574 248 AUCTORES
2610 189 2948 248 ANONYMI.

3677 194 3814 252 I376

507 491 897 554 HISTORIA
947 489 1604 553 TRANSLATIONIS
1634 488 2030 550 CORPORIS
2055 488 2119 548 S.
2153 488 2546 550 CORNELII
2588 486 2834 548 ΡΑΡᾸῧ
2869 487 3099 550 APUD
3138 487 3733 551 COMPENDIUM.

1905 651 2221 666 m-

479 798 580 854 Est
607 811 791 868 Operae
841 798 1089 868 pretium
1137 810 1202 854 ac
1239 799 1384 854 satis
1432 798 1748 868 proficuum
1804 797 2052 870 cunctis,
2085 801 2138 860 A
2164 801 2336 868 taque
2383 797 2711 868 protisione
2761 801 2952 854 actum
2994 800 3101 869 est,
3144 801 3211 853 ut
3250 797 3559 854 subductis
3607 797 3812 868 lappis,

408 885 558 942 beati
592 900 748 956 papae
773 887 1023 943 Cornelii
1052 886 1362 942 ﬂdentibus
1384 888 1628 955 meritis,
1647 887 1772 956 ejus
1792 887 2057 959 gloriosa:

414 974 752 1045 qualitatem
808 989 919 1030 non
979 976 1243 1046 ignorare
1292 977 1724 1045 translationis;
1774 981 2057 1047 quatenus

412 1063 600 1132 ipsius
637 1063 1101 1119 archimandritze
1144 1064 1266 1120 loco
1296 1079 1408 1135 quo
1446 1069 1640 1120 sancta
1687 1064 2056 1135 requiescunt

410 1163 538 1206 ossa
565 1152 841 1222 cognitio.
884 1153 1039 1207 omni
1074 1152 1434 1223 lahyrintheo
1478 1167 1670 1209 errore
1714 1153 2054 1223 postposito,

410 1238 664 1308 ejusdem
715 1238 988 1310 suffragia
1022 1240 1332 1310 perniciori
1383 1241 1607 1296 valeant
1635 1247 1899 1310 appetere
1923 1253 2060 1295 cor—

413 1339 548 1396 pore
576 1330 632 1382 et
662 1327 874 1383 animo.
911 1330 1118 1384 Noscat
1159 1329 1341 1400 igitur
1369 1329 1820 1400 circumquaque
1847 1326 2058 1384 diffusa

410 1414 754 1471 Christiana:
791 1416 1090 1488 religionis
1138 1415 1488 1486 fraternitas,
1537 1417 1786 1488 qualiter
1812 1417 2060 1472 domnus

411 1502 650 1559 Carolus
698 1504 963 1561 Lodovici
999 1505 1156 1560 illius
1205 1505 1276 1560 ab
1333 1505 1436 1562 illo
1467 1506 1828 1576 magnanimo
1857 1504 2058 1560 Carolo

413 1605 510 1648 rex
557 1593 894 1664 cognomine
943 1593 1171 1660 tertius,
1231 1594 1614 1665 progenirque
1660 1594 1921 1664 quintus,
1954 1594 2055 1663 qui

413 1685 551 1736 tunc
581 1681 857 1750 temporis
881 1683 1146 1737 Romanae
1173 1682 1524 1752 perindeque
1557 1683 1806 1737 Francim
1853 1687 2060 1753 gratu—

415 1767 642 1824 labatur
655 1769 952 1840 regimine,
967 1769 2056 1825 conscissisChristoduceinimicorum

415 1855 648 1926 labaris,
685 1856 941 1927 undique
973 1858 1315 1913 Francorum
1364 1859 1561 1928 patriae
1603 1858 1778 1927 caapit
1820 1857 2060 1912 solerter

417 1946 540 2002 loca
583 1945 976 2002 collustrando
1023 1947 1375 2018 perquirere,
1422 1961 1535 2018 quo
1576 1947 1762 2018 gratia
1803 1947 2060 2002 victoria:

413 2034 614 2090 divina
653 2035 765 2090 sibi
798 2035 869 2090 de
909 2036 1069 2092 hoste
1113 2036 1478 2092 miseratione
1523 2049 1811 2103 concessa,
1841 2035 2057 2090 Christi

2165 886 2412 957 paliuris
2435 891 2490 942 et
2521 887 2777 951 carduis,
2807 887 2909 942 tali
2935 887 2992 942 in
3018 886 3142 943 loco
3171 887 3429 942 ecclesia:
3451 886 3817 957 erigerentur

2165 975 2442 1045 maceriae,
2496 975 2554 1030 in
2587 988 2701 1045 quo
2737 975 2808 1030 ab
2846 975 3041 1030 eodem
3099 975 3157 1029 in
3209 981 3499 1044 posterum
3546 981 3812 1043 tempore,

2166 1063 2262 1131 pio
2313 1062 2482 1118 corde
2551 1062 2895 1132 petentibus,
2966 1062 3304 1134 integreque
3353 1062 3594 1118 cerebro
3653 1075 3817 1118 aures

2163 1150 2382 1206 Christi
2416 1149 2784 1219 pulsantibus
2812 1149 3196 1205 materialium
3231 1151 3533 1220 spinarum
3557 1151 3818 1206 acutissi-

2169 1253 2272 1294 maa
2299 1238 2454 1295 velut
2491 1239 2742 1310 vigorem
2791 1238 3220 1308 disrumpeutes
3253 1239 3571 1307 internum,
3619 1239 3818 1294 animae

2169 1326 2552 1383 humanorum
2575 1326 2887 1382 criminum
2919 1326 3137 1382 cazlesti
3169 1327 3380 1396 pietate
3421 1333 3591 1382 erant
3611 1325 3818 1381 oblite;

2167 1417 2358 1471 randa:
2381 1415 2634 1470 maculae.

2237 1505 2316 1558 De
2342 1504 2516 1574 hujus
2549 1503 2775 1560 scilicet
2801 1503 3058 1560 ecclesize
3109 1501 3328 1558 fabrica
3384 1504 3538 1559 miro
3592 1495 3812 1572 lapideo

2167 1591 2540 1651 contabulatu
2568 1599 2896 1648 constructa
2921 1592 3165 1648 multum
3199 1593 3366 1648 nobis
3387 1593 3544 1662 quod
3571 1592 3816 1652 loquere-

2168 1695 2299 1737 mur
2321 1682 2552 1749 aderat;
2575 1681 2670 1736 sed
2703 1682 2841 1750 quia
2873 1681 2998 1750 ejus
3031 1681 3268 1736 minime
3307 1679 3670 1736 frustramur
3695 1696 3820 1750 pra:-

2169 1770 2373 1836 sentia,
2396 1769 2614 1824 idcirco
2637 1770 3036 1825 ratiocinando
3056 1770 3127 1824 de
3145 1782 3206 1824 ea
3229 1769 3418 1824 dividi
3447 1769 3816 1838 prohibemur

2169 1871 2338 1914 sensu
2373 1871 2472 1928 per
2501 1857 2772 1928 plurima.
2804 1859 2906 1914 Sed
2953 1857 3096 1914 illud
3127 1858 3316 1929 obtegi
3346 1859 3588 1914 silentio
3615 1865 3706 1913 sat
3731 1859 3818 1913 in-

2167 1949 2405 2020 dignum
2434 1947 2784 2014 decernitur,
2815 1947 3066 2018 qualiter
3092 1948 3224 2017 pius
3261 1954 3422 2017 pater
3449 1949 3697 2004 Carolus
3727 1949 3816 2018 qui

2171 2035 2356 2090 instar
2371 2034 2622 2090 caelestis
2637 2035 2850 2090 sideris
2869 2034 3080 2091 mundo
3096 2033 3433 2103 Splendebat
3452 2035 3818 2105 conspicuus,

416 2123 524 2179 sub
556 2123 769 2179 honore
814 2125 1067 2180 nominis
1115 2123 1412 2179 basilicam
1448 2123 1725 2178 valuisset
1767 2121 2060 2178 fundando
2087 2115 2138 2174 B
2171 2123 2270 2180 ubi
2301 2123 2453 2196 regia
2480 2121 2656 2178 fulvis
2685 2123 2938 2178 emicans
2998 2123 3131 2179 aula
3173 2123 3352 2179 tholis
3380 2129 3576 2178 evecta
3598 2130 3686 2178 est
3721 2137 3820 2178 su-

415 2213 831 2283 condignanter
845 2217 1197 2268 construere.
1216 2213 1395 2282 Cujus
1412 2211 1690 2281 Optimum
1713 2210 1845 2266 boni
1866 2211 2062 2267 cordis

415 2299 768 2356 desiderium
815 2301 1251 2370 praeclarusille
1270 2301 1474 2358 oculus
1521 2313 1688 2370 quem
1733 2299 1816 2354 nil
1866 2298 2062 2355 fallere

417 2390 697 2459 nequivit,
733 2404 834 2446 nec
865 2391 1011 2462 quit,
1048 2404 1148 2446 nec
1183 2403 1428 2462 unquam
1465 2391 1652 2460 potuit
1679 2402 1748 2444 ex
1779 2389 1896 2444 alto
1923 2404 2064 2460 pro-

419 2477 690 2547 spiciens,
720 2479 1005 2550 quidquid
1025 2480 1094 2534 de
1114 2479 1213 2534 Dei
1238 2479 1471 2535 servitio
1507 2479 1692 2536 inerat
1713 2485 1774 2537 ut
1798 2479 2063 2548 supplere

419 2579 521 2636 pro
551 2573 681 2622 voto
701 2566 978 2622 valuisset
1001 2567 1454 2624 misericorditer
1481 2582 1547 2624 en
1560 2569 1833 2624 ucleando
1868 2579 2064 2638 sugge-

421 2667 542 2710 rere
569 2654 843 2725 dignatus
867 2661 972 2712 est.
1014 2659 1158 2711 Dum
1201 2657 1353 2710 enim
1389 2657 1699 2724 imperator
1729 2655 2063 2724 prielibatus

417 2742 574 2798 velut
601 2742 747 2798 alter
769 2743 1031 2798 Salomon
1064 2744 1298 2811 superni
1331 2744 1546 2798 amoris
1569 2743 1698 2814 igne
1728 2757 2062 2811 succensus,

419 2830 488 2885 ad
515 2829 776 2898 jacienda
796 2829 983 2902 divini
1008 2829 1207 2899 templi
1229 2827 1598 2886 fundamenta
1625 2845 1728 2887 suo
1750 2844 1877 2886 cum
1906 2830 2062 2886 omni
2107 2872 2113 2880 .

417 2915 694 2987 exercitu,
737 2920 848 2972 tam
881 2916 1046 2986 plana
1078 2931 1245 2988 quam
1291 2917 1528 2974 dumosa
1571 2919 1926 2974 diversorum
1959 2919 2070 2974 cir-

417 3003 606 3060 cuiret
629 3005 880 3061 Francia
916 3006 1170 3062 locorum
1219 3007 1426 3076 spatia,
1457 3007 1703 3078 contigit
1742 3007 1906 3063 illum
1954 3021 2065 3063 non

419 3091 688 3163 fortuitu,
718 3093 813 3148 sed
860 3093 1112 3149 caelestis
1144 3093 1514 3163 providentiae
1567 3101 1734 3155 nutu.
1769 3094 2066 3164 quemdam

420 3186 715 3250 penetrare
771 3180 980 3236 saltum
1043 3183 1259 3251 percito
1306 3196 1510 3238 cursu.
1589 3181 1756 3237 lllius
1801 3181 2070 3236 videlicet

419 3269 602 3326 saltus
627 3270 676 3325 si
709 3270 980 3341 requiris,
1005 3269 1200 3339 frater,
1235 3271 1595 3342 vocabulum,
1624 3285 1824 3326 noscas
1847 3271 2067 3326 dictum

419 3363 747 3414 nostrorum
779 3359 966 3428 prisca
993 3359 1271 3415 relatione
1305 3369 1528 3428 patrum
1570 3369 1656 3414 ι...

2182 2211 2362 2281 premi
2406 2211 2474 2266 ad
2503 2223 2688 2266 arcem
2724 2224 2906 2282 usque
2929 2211 3226 2279 culminis,
3252 2211 3629 2282 centenisque
3671 2212 3822 2266 cleri-

2171 2313 2367 2356 corum
2401 2300 2545 2355 satis
2571 2301 2809 2370 opipare
2855 2307 3056 2355 ornata
3112 2300 3388 2366 numeris,
3441 2314 3508 2354 ac
3555 2299 3820 2370 plurimis

2169 2390 2458 2444 variarum
2481 2389 2902 2457 possessionum
2919 2388 3110 2444 dicata
3130 2389 3200 2444 de
3222 2389 3510 2456 donariis,
3541 2390 3717 2458 aepit
3733 2403 3821 2443 an-

2171 2477 2320 2532 xiari
2347 2482 2404 2532 et
2431 2475 3174 2549 sollicitusesse,ignorans
3192 2476 3409 2547 quibus
3450 2478 3619 2546 hanc,
3663 2479 3818 2532 utita

2170 2565 2379 2634 dicam,
2415 2578 2720 2634 supernam
2747 2565 3057 2620 Jerusalem
3108 2572 3436 2620 sanctorum
3483 2564 3821 2637 pignoribus

2171 2653 2448 2709 valuisset
2475 2653 2746 2709 decorare
2773 2653 3076 2709 attentius.
3119 2655 3243 2708 Haec
3269 2659 3328 2708 et
3361 2653 3455 2708 his
3479 2653 3704 2708 similia
3732 2654 3824 2708 im-

2175 2741 2382 2810 periali
2414 2741 2550 2796 dum
2599 2747 2900 2797 versantur
2931 2741 2990 2796 in
3041 2749 3351 2811 peccatore,
3383 2742 3589 2796 divina
3641 2741 3730 2795 illi
3759 2742 3819 2795 ad

2177 2829 2507 2884 memoriam
2542 2829 2841 2886 reducitur
2871 2829 3081 2900 pietate
3114 2835 3308 2890 semet,
3341 2830 3443 2884 Dei
3471 2829 3663 2900 gratia
3699 2844 3825 2899 pro-

2175 2922 2431 2988 curante,
2467 2917 2645 2974 totius
2666 2931 2804 2987 pene
2832 2917 2992 2973 orbis
3009 2917 3231 2974 ditione
3255 2918 3480 2990 vigere;
3504 2933 3572 2974 ac
3596 2920 3828 2989 proinde

2178 3018 2290 3061 non
2324 3005 2412 3060 illi
2446 3019 2590 3074 opus
2619 3019 2743 3062 esse
2776 3005 2914 3061 talia
2961 3005 3234 3061 volvendo
3275 3007 3336 3062 in
3365 3008 3542 3062 corde
3587 3008 3826 3062 nimium

2179 3093 2384 3148 intima
2415 3093 2638 3148 turbari
2676 3098 2880 3164 mente,
2913 3094 3051 3164 quia
3092 3093 3163 3148 de
3193 3108 3543 3165 quacunque
3585 3095 3830 3151 voluerit

2180 3179 2432 3235 locorum
2467 3185 2625 3250 parte
2651 3179 2812 3235 nullo
2839 3180 3138 3236 hominum
3167 3179 3450 3238 obstante.
3483 3181 3602 3236 sibi
3626 3182 3830 3237 valebit

2177 3281 2424 3338 sumere,
2474 3269 2626 3324 unde
2658 3268 3045 3339 praescriptam
3087 3269 3385 3324 basilicam
3437 3270 3636 3340 quibit
3666 3271 3832 3326 deco-

2179 3358 2358 3412 rando
2381 3371 2682 3427 pompare:
2719 3357 2889 3425 cujus
2913 3357 3117 3412 secreti
3140 3371 3206 3412 ac
3221 3357 3409 3413 divini
3434 3359 3830 3428 supplemento

489 3444 702 3501 Videns
735 3446 928 3516 itaque
961 3447 1269 3516 imperator
1287 3447 1549 3518 pra‘dicti
1579 3447 1761 3504 saltus
1805 3447 2072 3503 diverso-
2097 3447 2146 3508 Ο
2181 3443 2535 3501 refocillatus
2549 3445 2980 3514 consilii,omni
3003 3447 3832 3502 Francorumiteratoexercitu

419 3534 573 3591 rium
605 3535 781 3592 veluti
809 3536 1121 3592 secundum
1151 3538 1479 3606 paradisum
1509 3537 1864 3593 diversorum
1894 3549 2071 3607 gene-

421 3636 548 3678 rum
571 3623 880 3680 arboribus
902 3623 1143 3680 miritice
1167 3625 1454 3681 consitum
1502 3625 1809 3695 habileque
1839 3631 1950 3679 tam
1997 3623 2067 3678 ad

421 3711 656 3780 piscand
670 3725 758 3768 um
811 3726 976 3782 quam
1004 3713 1072 3767 ad
1100 3712 1284 3782 ignem
1304 3711 1534 3768 fervidm
1554 3714 1730 3780 pestis
1761 3711 2072 3768 salubriter

423 3799 868 3868 reprimendum,
899 3799 1247 3868 limpharum
1279 3801 1486 3855 rivulis
1509 3799 1724 3854 atl‘itim
1758 3799 2066 3870 irriguum,

423 3900 551 3942 mox
573 3901 819 3956 superna
844 3887 1164 3957 inspirante
1185 3887 1485 3942 clementia
1502 3888 1906 3944 animadvertit
1927 3888 2070 3943 velle

421 3975 658 4031 sibimet
681 3975 970 4031 Christum
1005 3975 1151 4029 inibi
1183 3976 1464 4031 constrari
1483 3976 1868 4032 domicilium.
1893 3977 2072 4045 Cujus

424 4063 536 4118 loci
578 4062 779 4118 divino
829 4064 897 4118 ad
948 4062 1347 4119 aediﬁcandum
1390 4065 1610 4120 numini
1639 4065 2066 4121 tabernaculum

424 4149 728 4204 habilitate
747 4158 1055 4220 comperta,
1086 4151 1396 4222 cunctique
1415 4153 1761 4208 Francorum
1782 4153 2071 4208 exercitus

425 4239 705 4309 phalange
737 4239 1019 4310 imperiali
1061 4241 1226 4310 jussu
1264 4241 1322 4297 in
1357 4256 1472 4298 uno
1503 4243 1862 4314 conglobata,
1887 4239 2072 4312 'cmpit

422 4327 663 4384 Carolus
689 4333 800 4383 tam
835 4335 1074 4384 mentem
1102 4329 1455 4386 intrinsecus
1477 4331 1642 4385 vitiis
1669 4338 1880 4386 exutus
1903 4331 2072 4400 spiri-

421 4415 660 4486 talibus,
680 4430 850 4487 quam
866 4416 1105 4473 frontem
1127 4419 1486 4474 extrinsecus
1507 4419 1800 4488 corporeis
1820 4421 2071 4474 nudatus

421 4503 686 4560 crinibus
713 4503 742 4548 ι)
763 4519 794 4559 a
837 4505 964 4560 suis
994 4506 1279 4562 sciscitari
1319 4506 1652 4576 consilium,
1683 4521 1924 4578 quorum
1973 4521 2074 4563 ra—

424 4593 582 4648 tione
630 4593 691 4648 in
743 4593 938 4649 eodem
993 4593 1116 4650 loco
1162 4595 1440 4650 valuisset
1483 4594 1724 4651 fundare
1772 4595 2067 4664 templum.

422 4681 677 4749 Quorum
697 4681 953 4737 omnium
971 4695 1208 4738 assensu
1229 4686 1471 4752 votoque
1487 4682 1754 4739 benevolo
1771 4682 2072 4740 salutifera

2179 3538 2540 3604 congregato,
2570 3533 2724 3588 dixit
2767 3545 2828 3588 se
2870 3534 3102 3588 Romam
3136 3533 3278 3588 velle
3319 3540 3509 3603 petere
3557 3535 3832 3590 disiderio

2179 3621 2436 3677 ardentis
2467 3621 2646 3677 animi
2691 3619 3088 3691 plus'solitoc
3117 3662 3131 3676 .
3193 3623 3304 3677 Nec
3358 3637 3538 3688 mora,
3592 3625 3832 3694 quisque

2181 3711 2524 3765 Francorum
2539 3710 2891 3765 exercituum
2917 3710 3079 3764 miles
3102 3709 3371 3780 inclytus,
3399 3713 3456 3765 in
3475 3711 3643 3767 nullo
3657 3712 3832 3781 jussis

2179 3797 2398 3852 audens
2427 3797 2720 3852 contraire
2769 3797 3192 3868 imperialibus,
3236 3804 3408 3853 tantae
3435 3801 3824 3868 expeditionis

2179 3884 2414 3940 festinat
2434 3885 2546 3940 sibi
2584 3900 2683 3955 pro
2721 3899 2884 3956 posse
2910 3886 3212 3956 acquirere
3239 3894 3575 3956 apparatus,
3609 3894 3676 3942 ut
3705 3889 3832 3942 hora

2179 3988 2289 4044 qua
2313 3973 2522 4029 moveri
2568 3980 2754 4030 castra
2779 3975 3024 4044 jusserit
3055 3975 3364 4044 imperator
3399 3975 3668 4042 Carolus,
3703 3977 3837 4032 nul-—

2180 4063 2290 4117 lam
2323 4076 2536 4116 moram
2569 4065 2826 4134 ingerere
2864 4063 3128 4120 videatur
3166 4063 3319 4134 regis
3347 4064 3628 4120 curribus
3654 4073 3839 4134 partes

2177 4151 2408 4206 Italicas
2433 4151 2700 4206 ardenter
2727 4151 3189 4221 properantibus.
3220 4152 3380 4222 Quod
3415 4153 3496 4208 ita
3527 4160 3595 4208 ut
3624 4153 3837 4210 factum

2179 4246 2284 4312 est,
2329 4242 2639 4310 imperator
2675 4242 2823 4298 laxis
2877 4241 3116 4297 habenis
3155 4243 3386 4299 Romam
3431 4245 3602 4300 ocius
3649 4246 3839 4315 petiit,

2181 4337 2558 4400 sanctumque
2585 4331 2732 4398 quod
2757 4330 2860 4386 diu
2886 4338 3070 4387 mente
3088 4332 3458 4402 disposuerat
3475 4333 3838 4390 desiderium

2181 4433 2300 4474 com
2312 4432 2414 4488 pos
2430 4418 2660 4474 Christo
2679 4419 3136 4476 adminiculante
3151 4420 3489 4492 complevit;
3508 4421 3840 4478 beatissimi

2179 4506 2447 4562 videlicet
2479 4520 2634 4577 papa:
2663 4508 2916 4564 Cornelii
2944 4522 3154 4578 corpus
3185 4509 3318 4564 inde
3340 4508 3629 4578 deferens,
3657 4514 3843 4568 victo-

2181 4595 2468 4666 riosisque
2498 4597 2839 4652 Francorum
2876 4597 3138 4667 partibus
3168 4603 3288 4654 toto
3314 4597 3480 4654 laetus
3503 4613 3756 4670 corpore
3788 4609 3843 4656 et

2177 4683 2372 4739 animo
2397 4683 2752 4756 gratulanter
2785 4683 3054 4741 inferens.

428 4767 488 4822 in
536 4759 860 4826 decretione
896 4769 1301 4826 corroboratus
1352 4770 1680 4840 imperator,
1739 4785 1845 4828 ruo
1891 4771 2065 4842 jussit

2249 4791 2350 4843 Hic
2377 4793 2566 4843 auctor
2585 4805 2879 4844 sermonem
2904 4793 3167 4845 conuertit
3194 4792 3270 4844 ad
3299 4791 3487 4845 urbem
3507 4793 3836 4856 Romanam,

425 4853 632 4924 otilcio,
657 4861 720 4912 ut
747 4857 998 4926 demptis
1025 4858 1216 4914 acutis
1243 4858 1514 4928 vepribus
1561 4859 1934 4930 surculisque
1955 4859 2070 4915 sil—

426 4955 491 4998 va
503 4956 628 4997 rum
649 4944 930 5000 radicitus
943 4946 1204 5002 evellatis
1225 4945 1517 5017 omnibus,
1545 4947 1652 5002 sub
1671 4947 1838 5002 laude
1854 4947 2070 5002 Christi

426 5029 681 5086 nominis
700 5031 928 5087 salubre
942 5033 1324 5090 aedificaretur
1338 5035 1579 5106 asylum,
1602 5035 1706 5092 hoc
1722 5041 1828 5106 est,
1843 5036 2072 5091 cunctis

425 5117 794 5174 credentibus
823 5120 1158 5178 medicabile
1196 5121 1504 5196 refugium.
1547 5123 1674 5179 Rite
1709 5123 1920 5179 etenim
1947 5138 2076 5180 cau-

494 5243 650 5319 fllic
693 5243 1014 5319 exscriptor
1060 5248 1251 5319 operis
1289 5249 1486 5304 omisit
1540 5262 1743 5304 nomen
1777 5250 2070 5319 pr0prium

424 5313 606 5390 silvae;
623 5313 770 5372 forte
785 5313 932 5386 quod
946 5313 1292 5390 illud’minio
1308 5319 1538 5390 pingere
1549 5319 1663 5390 sibi
1684 5313 2073 5390 proposuisset

427 5386 551 5456 ipse
574 5395 777 5444 auctor
801 5389 994 5457 operis
1021 5401 1086 5444 ac
1103 5395 1294 5457 postea
1309 5386 1534 5448 'oblitus
1561 5386 1803 5447 fuissetf

503 5455 530 5498 ι)
551 5458 806 5515 Notanda
841 5472 1042 5516 rasura
1073 5459 1282 5516 frontis
1314 5459 1372 5516 in
1405 5461 1509 5516 hac
1539 5461 1838 5517 occasione

2180 4875 2244 4913 ac
2265 4865 2451 4928 postca
2479 4861 2555 4914 ad
2587 4865 2834 4914 sanctum
2865 4863 3207 4926 Cornelium;
3248 4863 3445 4916 deinde
3466 4866 3658 4932 pergit
3693 4867 3840 4920 allo-

2182 4947 2352 4999 quens
2394 4931 2637 4985 eumdem
2665 4935 2915 4986 sanctum
2931 4951 2949 4986 :

2251 5034 2386 5103 Quae
2410 5042 2566 5108 gesta
2593 5037 2711 5092 sint
2743 5037 2868 5092 illic
2914 5038 3186 5108 (loquitur
3210 5039 3276 5094 de
3310 5040 3644 5109 Compendio
3694 5044 3836 5095 vici-

2181 5127 2377 5194 nisque
2416 5125 2568 5196 locis)
2603 5139 2860 5196 promere
2897 5140 3148 5197 nequeo:
3205 5141 3382 5184 unum
3426 5128 3632 5184 saltem
3682 5131 3830 5201 quod

2253 5259 2280 5288 ε
2307 5251 2371 5303 In
2413 5249 2708 5303 annalibus
2751 5251 3080 5304 Bertinianis
3113 5251 3313 5318 Iegtzur
3349 5251 3603 5306 Carolum
3638 5271 3672 5307 a
3697 5269 3836 5308 sum-

2179 5336 2266 5374 mo
2291 5322 2542 5390 pontiﬁce
2569 5321 2744 5387 fuisse
2768 5323 3084 5390 invitatum,
3114 5337 3342 5390 eumque
3387 5323 3522 5376 illuc
3549 5323 3834 5378 aduenisse

2183 5393 2273 5446 die
2308 5391 2604 5445 Decembris
2635 5392 2755 5461 XV,
2781 5397 2945 5461 atque
2965 5392 3044 5445 ibi
3071 5399 3388 5446 coronatum
3416 5395 3614 5460 fuisse.
