4076 6174
191 241 328 302 4377

1080 244 1455 301 TRANSLAT.
1516 247 1572 299 S.
1628 245 1952 302 CORNELII
1988 247 2091 302 PP.
2132 248 2316 304 APUD
2350 247 2697 305 COMPEND.

3454 249 3476 307 Ἰ
3485 250 3593 309 378

190 372 441 428 veridica
470 374 700 428 Patrum
726 373 961 444 cognovi
992 372 1268 428 relatione
1291 386 1539 443 meaeque
1568 374 1840 428 mandans
1864 374 1922 433 A
1950 375 2104 445 dere,
2162 381 2227 432 ut
2258 377 2337 432 ita
2370 377 2644 448 dignetur
2669 377 2937 445 precibus
2968 393 3123 449 papae
3163 378 3313 434 beati
3340 377 3590 434 Cornelii

191 461 481 516 attitulavi
532 474 857 532 quanquam
909 459 1104 532 fragili
1170 460 1474 517 memoriae.
1534 462 1838 531 omnigeno

191 549 419 604 Christo
442 549 700 618 loquens,
726 549 997 619 pr0pulso
1029 547 1257 614 frivolo,
1282 547 1554 604 fraternis
1573 549 1836 615 auribus,

196 637 602 706 proutaudivi,
636 638 902 692 intimare
933 637 1167 693 curabo.
1202 639 1403 692 Fertur
1432 638 1641 693 etenim
1686 637 1836 706 quod

193 727 328 782 dum
368 726 453 781 tui
496 726 850 781 sanctissimi
882 726 1144 795 corporis
1187 739 1282 796 per
1310 739 1483 795 opaca
1519 726 1835 794 supradicti

196 815 377 871 saltus
404 814 661 870 humeris
690 815 1123 883 episcopalibus
1154 813 1502 884 ferebantur,
1548 828 1645 884 per
1691 814 1838 869 viam

194 902 439 972 contigit
477 902 676 957 divino
724 908 865 958 nutu
916 903 975 957 in
1019 903 1272 971 ejusdem
1306 909 1462 972 parte
1502 901 1615 958 fere
1658 903 1842 957 media

198 992 277 1045 ita
303 991 596 1060 aggravari
645 991 766 1057 illa,
819 996 883 1046 ut
930 992 1160 1059 penitus
1189 991 1587 1060 episcoporum
1647 991 1840 1046 eadem

197 1078 503 1134 ferentium
561 1079 863 1148 nequirent
911 1078 1150 1134 sufferre
1195 1079 1442 1134 ulterius
1486 1079 1841 1148 spatularum

200 1167 399 1222 fulcra.
432 1166 539 1236 Qui
601 1167 947 1237 quantocius
993 1167 1189 1222 aureis
1236 1167 1549 1223 subtractis
1591 1167 1847 1222 vestibus

200 1262 370 1311 tantie
398 1256 566 1311 molis
599 1256 943 1311 humotenus
974 1256 1338 1325 deponentes,
1374 1263 1631 1311 reatuum
1668 1257 1849 1325 jusse-

199 1350 338 1400 runt
378 1344 680 1399 acclamari
728 1344 971 1413 veniam,
1009 1349 1070 1399 ut
1122 1345 1260 1399 huic
1286 1344 1611 1414 spectaculo
1649 1344 1845 1399 statim

199 1434 399 1487 adesse
442 1431 779 1487 festinare...
836 1433 1035 1488 Procul
1077 1446 1321 1502 namque
1366 1432 1547 1489 dubio
1585 1438 1849 1487 sensatus

166 1560 172 1567 .
202 1528 389 1575 mente
417 1521 727 1589 imperator
753 1521 1055 1576 Carolus...
1101 1530 1155 1576 te
1189 1521 1363 1589 hujus
1392 1521 1538 1575 aulae
1565 1520 1847 1589 h05pitem

203 1614 332 1678 post
359 1608 534 1663 beatae
565 1609 849 1663 memoriae
876 1609 1155 1680 virginem
1182 1608 1303 1664 vult
1334 1608 1593 1679 gloriari,
1641 1616 1701 1664 ut
1732 1611 1853 1663 erat

1951 461 2103 517 hunc
2129 462 2315 518 locum
2339 463 2791 519 misericorditer
2814 477 3169 533 conservare,
3200 478 3312 535 quo
3341 465 3594 534 amplius

1948 550 2049 605 tali
2082 565 2180 620 pro
2213 566 2270 606 re
2295 566 2441 621 opus
2464 566 2571 607 non
2597 551 2798 607 habeat
2826 554 3285 609 restaurationis.
3312 554 3595 609 Osumma

1946 645 2001 694 et
2033 640 2343 695 ineﬂabilis
2372 646 2594 696 :eternee
2625 640 2811 695 virtus
2833 640 3105 696 deitatis!
3141 655 3265 711 quae
3289 649 3399 696 tam
3431 642 3596 698 miris

1951 729 2137 784 modis
2158 729 2422 784 honorem
2454 743 2745 799 nunquam
2768 729 2986 784 desinit
3008 729 3333 798 impendere
3352 731 3598 787 testibus

1950 816 2107 871 suis!
2141 831 2266 872 mox
2294 830 2537 887 namque
2556 823 2618 872 ut
2650 818 2968 886 praesentis,
3000 817 3069 872 de
3101 830 3213 887 quo
3244 831 3428 873 sermo
3471 832 3599 873 ven-

1952 904 2175 972 tilatur,
2204 907 2471 975 martyris
2500 906 2855 960 desiderium
2902 919 2971 960 ex
3010 905 3221 975 olympi
3255 905 3601 960 celsitudine

1956 993 2564 1062 prospexitetlicaciter
2594 995 2961 1063 completum.
2984 994 3062 1049 ita
3082 995 3209 1062 ejus
3232 994 3436 1049 iterum
3469 1008 3603 1063 per-

1955 1082 2400 1138 misitalleviari
2449 1083 2880 1153 corpusculum,
2917 1089 2982 1138 ut
3010 1083 3057 1137 si
3112 1081 3244 1152 (quo
3290 1082 3368 1137 ita
3394 1081 3601 1155 dicam)

1957 1170 2111 1226 istud
2140 1172 2418 1226 voluisset
2441 1172 2768 1226 discurrere
2800 1185 2898 1239 per
2929 1174 3097 1225 inane
3124 1184 3409 1240 magnum,
3445 1170 3600 1225 omni

1961 1260 2158 1327 procul
2192 1260 2465 1330 repagulo
2505 1265 2722 1314 remoto
2750 1259 2993 1313 volitare
3019 1258 3294 1314 valuisset
3321 1272 3475 1313 more
3498 1272 3604 1315 vo—

1960 1346 2186 1403 lucrum
2214 1348 2368 1416 ipsas
2399 1346 2577 1402 nubes
2623 1347 2863 1416 remigio
2893 1346 3113 1401 alarum
3150 1346 3605 1416 quandocunque

1959 1435 2374 1491 excedentium.
2417 1435 2575 1503 Quod
2620 1434 2807 1503 ipsius
2838 1435 2920 1489 rei
2965 1434 3289 1489 certissimo
3336 1447 3608 1503 compro—

1960 1524 2131 1578 batur
2168 1523 2362 1592 exitu;
2403 1522 2540 1592 quia
2564 1522 2713 1591 quod
2745 1521 2965 1577 dudum
3003 1521 3095 1576 bis
3140 1522 3297 1576 mille
3330 1521 3607 1591 nequibat

1966 1611 2172 1666 moveri
2205 1608 2470 1664 manibus
2521 1608 2841 1671 hominum,
2886 1621 3037 1663 nunc
3088 1608 3351 1663 cernitur
3392 1606 3604 1663 deferri

201 1710 454 1766 consequ
480 1709 561 1749 ~ns
600 1697 779 1752 totius
829 1696 1075 1751 dominii
1108 1710 1172 1751 ac
1221 1696 1476 1751 basilicae
1509 1695 1846 1765 principem.
1881 1724 1931 1784 Β
1961 1700 2228 1755 binorum
2244 1698 2906 1767 scapulisepiscoporum
2923 1695 3406 1764 praesentisovilis
3425 1708 3607 1765 usque

201 1785 326 1852 Quo
346 1785 632 1839 divinitus
656 1785 886 1855 cegnito
916 1785 986 1839 de
1013 1784 1267 1840 locorum
1302 1797 1454 1840 more
1486 1783 1718 1852 plicatis
1750 1796 1855 1837 va—

203 1875 326 1929 diis
353 1872 636 1943 quidquid
671 1880 724 1929 te
746 1873 958 1929 sentire
991 1874 1182 1942 potuit
1211 1872 1373 1941 velle,
1410 1886 1511 1942 pro
1548 1886 1707 1941 posse
1741 1873 1858 1927 im-

206 1961 412 2031 periali
429 1962 585 2016 dicto
606 1962 787 2016 citius
802 1962 1001 2018 devota
1026 1970 1208 2016 mente
1231 1975 1338 2017 non
1362 1960 1597 2016 distulit
1615 1959 1859 2015 libenter

205 2049 493 2119 supplere.
541 2050 621 2104 Ac
662 2050 869 2105 deinde
908 2048 1020 2104 tale
1052 2047 1348 2116 imperiale
1389 2047 1584 2101 sanxit
1614 2046 1858 2116 privile-

206 2140 390 2211 gium,
420 2145 481 2193 ut
506 2139 656 2193 inter
696 2146 826 2194 tuos
857 2145 1179 2208 sanctasque
1203 2136 1395 2191 Mariae
1425 2134 1671 2192 famulos
1698 2135 1856 2191 nulla

205 2229 489 2283 distantia
529 2228 870 2298 nullumque
908 2227 1179 2296 deinceps
1226 2223 1446 2281 adforet
1481 2222 1857 2295 digladiabile

204 2317 547 2389 discidium,
574 2316 668 2371 sed
718 2322 780 2371 ut
808 2322 1057 2371 vestrum
1110 2314 1513 2384 aequanimiter
1543 2312 1860 2368 valuissent

206 2407 446 2476 exsequi
478 2405 801 2475 servitium,
842 2403 1045 2473 aequali
1083 2401 1412 2459 foverentur
1443 2402 1687 2471 pondere
1713 2415 1861 2469 prte-

210 2495 546 2550 bendarum.
589 2493 659 2547 Ut
704 2498 891 2547 autem
944 2492 1048 2546 hoc
1100 2490 1288 2546 securi
1338 2490 1518 2545 totius
1565 2489 1860 2544 saecularis

213 2583 445 2651 inOpize,
460 2583 675 2651 absque
689 2580 870 2664 ullius
886 2579 1279 2649 impedimenti
1300 2577 1725 2649 intercapedine
1740 2578 1863 2647 qui-

211 2673 432 2727 vissent
487 2684 670 2742 agere,
732 2684 833 2725 sua
882 2670 951 2725 de
999 2669 1230 2739 propria
1287 2665 1663 2737 supellectile,
1732 2680 1861 2723 cum

212 2760 371 2815 omni
405 2774 530 2830 quis
559 2760 753 2815 adesse
778 2758 1079 2815 videbatur
1107 2757 1450 2813 Francorum
1481 2769 1591 2811 non
1626 2755 1862 2809 minima

217 2848 519 2920 phalange,
543 2848 650 2903 sub
670 2848 997 2903 clarissimo
1018 2846 1106 2901 tui
1134 2845 1620 2911 nominisdecore,
1643 2856 1864 2898 omnem

214 2937 407 2992 dotem
430 2938 603 3005 hujus
624 2936 767 2990 aulae
785 2935 955 3006 regiae
970 2932 1307 3003 duplicibus
1321 2930 1583 2986 donariis
1606 2930 1872 2999 imperia-

211 3024 350 3080 liter
380 3025 604 3080 curavit
624 3023 917 3092 ampliare.
952 3024 1127 3075 Nemo
1157 3020 1364 3074 etenim
1396 3017 1520 3072 illic
1546 3022 1683 3072 tunc
1704 3019 1867 3071 Fran~

212 3128 414 3169 corum
445 3111 799 3166 exercituum
826 3109 987 3164 visus
1034 3113 1139 3177 est,
1169 3106 1267 3176 qui
1304 3106 1469 3174 juxta
1520 3117 1682 3173 posse
1731 3117 1869 3173 pro—
1893 3081 1941 3143 Ο

216 3202 410 3272 prium
438 3200 575 3255 huic
595 3198 847 3254 ecclesia:
875 3197 1154 3267 denegare
1178 3194 1454 3251 voluisset
1474 3192 1736 3247 beneficii
1758 3192 1871 3246 do—

216 3289 495 3345 nativum.
556 3286 699 3355 Quis
743 3299 985 3355 namque
1032 3282 1360 3339 mortalium
1416 3287 1528 3337 tam
1586 3279 1865 3336 obstinati

216 3377 467 3450 pectoris
508 3390 573 3431 eo
606 3375 716 3431 loci
738 3374 936 3430 adesse
969 3376 1188 3443 poterat
1220 3370 1320 3440 qui
1345 3375 1428 3424 tot
1456 3368 1600 3424 visis
1628 3367 1872 3423 miracu-

216 3468 405 3524 lorum
438 3465 625 3535 signis
671 3464 729 3518 in
755 3462 948 3519 eadem
987 3459 1304 3517 solitudine
1344 3457 1601 3527 triplicia
1647 3462 1871 3512 aeterna:

217 3557 434 3612 virtute
462 3562 816 3625 peractorum
861 3550 1127 3621 potentia:
1160 3548 1296 3603 huic
1323 3547 1485 3602 beato
1519 3560 1673 3616 papae
1704 3546 1872 3615 cujus

218 3644 431 3699 flebant
461 3644 660 3699 merito
694 3641 1021 3711 requirente
1053 3637 1422 3693 famulaturis
1462 3634 1721 3705 fugitives
1761 3648 1872 3690 non

222 3733 547 3804 provideret
566 3731 819 3785 tribuere
841 3741 951 3797 quo
969 3727 1261 3782 alerentur
1278 3723 1581 3780 donarium
1615 3722 1875 3778 substan-

224 3822 363 3878 tia“?
390 3822 525 3877 dum
558 3825 674 3875 tres
720 3831 899 3874 ciecos
925 3816 1134 3884 visum,
1168 3820 1285 3869 tres
1332 3826 1504 3883 atque
1534 3812 1740 3867 surdos
1762 3824 1876 3866 au-

222 3912 434 3980 ditum,
457 3908 651 3965 tribus
672 3920 774 3962 nec
795 3920 900 3961 non
933 3904 1110 3959 mutis
1127 3901 1300 3958 solvit
1324 3901 1534 3971 lingua:
1555 3898 1870 3966 vinculum,

229 3998 572 4068 paralyticos
617 4008 844 4065 quoque
890 3991 1351 4062 quamplurimos
1380 3994 1510 4043 ante
1536 3988 1686 4042 beati
1723 3999 1876 4056 papze

226 4089 442 4144 ostium
476 4086 734 4155 pristinis
757 4082 1027 4140 sanitatis
1050 4079 1308 4134 hauriret
1334 4077 1521 4133 oculis
1545 4089 1878 4144 recuperare

232 4176 563 4233 remedium.
621 4173 779 4241 Quod
828 4170 1127 4226 verissima
1180 4166 1496 4222 assertione
1536 4163 1879 4219 testiﬁcatur

229 4264 417 4320 adhuc
446 4263 639 4319 crucis
663 4258 1024 4332 signaculum
1060 4257 1116 4311 in
1145 4254 1337 4310 eodem
1371 4254 1494 4309 loco
1520 4250 1756 4308 sublimi
1782 4250 1882 4306 sti-

232 4351 350 4420 pite
372 4350 565 4405 fixum.
599 4349 741 4402 Hinc
771 4359 968 4414 nempe
989 4350 1208 4398 tantum
1242 4342 1299 4395 in
1332 4341 1602 4395 honorem
1628 4337 1881 4394 excrevit

232 4439 395 4494 locus
417 4438 546 4507 iste,
574 4442 653 4505 ut,
677 4436 783 4491 etsi
811 4434 868 4489 in
890 4438 972 4488 tot
993 4430 1219 4487 vicibus
1239 4434 1497 4521 repertus
1524 4425 1882 4495 foretjactu—
1911 4461 1964 4521 D

236 4532 413 4595 ratus,
449 4526 644 4582 nullus
673 4524 924 4579 locorum
957 4521 1209 4576 Francize
1243 4518 1379 4573 huic
1417 4531 1476 4572 se
1504 4520 1711 4571 ornatu
1749 4528 1887 4583 pra:-

234 4614 575 4683 sumpsisset
608 4611 893 4667 ullomodo
924 4621 1271 4677 comparare.
1297 4606 1399 4661 Sed
1430 4604 1527 4660 ubi
1552 4616 1698 4671 saepe
1732 4600 1885 4671 ignis

238 4717 442 4757 vorans
480 4703 738 4773 exigente
781 4697 975 4770 populi
1028 4696 1170 4751 mole
1204 4694 1593 4764 peccaminum
1626 4690 1885 4745 accidere

234 4789 959 4861 dignoscitur,iexcidium
1005 4783 1367 4857 graverinum
1405 4789 1459 4835 et
1488 4776 1887 4835 inextricabile

238 4879 599 4935 terrestrium
631 4876 954 4932 consuescit
986 4887 1180 4943 parere
1203 4869 1591 4940 dispendium.
1618 4869 1738 4921 Non
1773 4866 1890 4920 mi-

238 4974 401 5024 retur
424 4966 616 5035 itaque
632 4966 765 5034 quis
780 4963 1173 5019 assistentium
1203 4964 1529 5029 praesentem
1555 4956 1742 5011 locum
1759 4955 1887 5010 auri

237 5052 580 5124 argentique
626 5052 788 5120 copia
841 5050 1141 5118 nudatum,
1189 5048 1324 5117 quia
1363 5045 1454 5100 bis
1503 5047 1632 5113 post
1665 5055 1888 5112 gravem

245 5142 558 5205 labentium
600 5141 950 5197 invasionem
1004 5142 1495 5195 llammarum......
1556 5130 1894 5185 cedentibus

245 5252 357 5295 non
405 5236 517 5291 erit
552 5234 973 5289 restauratum:
1025 5228 1120 5283 sed
1158 5226 1349 5296 potius
1390 5222 1493 5279 tali
1542 5232 1771 5275 cessans
1823 5217 1894 5273 ab

243 5324 647 5393 admiratione,
672 5318 901 5376 Christo
928 5321 1146 5387 satagat
1177 5327 1371 5384 preces
1400 5307 1742 5380 suppliciter
1772 5304 1896 5362 fun-

1967 1790 2027 1843 in
2053 1788 2286 1843 atrium.
2319 1788 2404 1853 Et,
2450 1792 2513 1840 ut
2543 1784 2886 1855 quibusdam
2937 1790 3260 1839 nostrorum
3294 1789 3429 1838 tunc
3460 1789 3611 1839 tem—

1968 1876 2124 1947 poris
2168 1875 2532 1945 praesentium
2564 1873 2819 1942 ipsorum
2851 1885 2947 1927 ore
2980 1871 3263 1940 prolatum
3296 1870 3477 1927 fuisse
3513 1872 3613 1927 di—

1966 1965 2265 2037 gnoscitur
2329 1961 2729 2031 deferentium,
2777 1966 2890 2015 tam
2937 1958 3241 2015 videbatur
3293 1959 3417 2015 illis
3461 1958 3612 2015 ferre

1967 2069 2113 2109 onus
2140 2053 2514 2120 levissimum,
2548 2065 2612 2106 ac
2642 2050 2692 2106 si
2718 2049 2874 2105 omni
2910 2049 3072 2105 modo
3091 2055 3344 2104 maneret
3367 2062 3610 2104 vacuum

1968 2157 2082 2213 quo
2124 2155 2250 2198 ossa
2295 2140 2646 2196 vehebantur
2693 2139 2843 2194 beati
2899 2152 3054 2208 papae
3114 2136 3403 2206 capulum.
3459 2137 3616 2193 Unde

1968 2232 2204 2287 minime
2232 2230 2524 2298 haesitans,
2579 2241 2719 2297 papa
2770 2226 2948 2294 beate,
3000 2225 3169 2281 credo
3199 2225 3350 2295 quod
3397 2224 3612 2281 divina:

1965 2320 2282 2376 voluntatis
2307 2318 2626 2387 obsequens
2660 2316 2855 2372 muuio
2877 2314 3104 2371 cunctis
3133 2314 3383 2369 Francia:
3410 2312 3613 2383 profu-

1968 2410 2119 2465 turis
2161 2407 2368 2463 incolis
2398 2405 2755 2477 requiescere
2784 2404 3062 2473 cupiebas
3090 2403 3198 2458 sub
3239 2402 3440 2459 umbra
3481 2416 3619 2473 cry—

1970 2504 2193 2567 ptarum
2213 2495 2466 2551 basilicae
2482 2493 2745 2548 astantis.
2769 2490 3056 2559 Quantum
3073 2491 3323 2560 denique
3342 2490 3412 2545 ab
3424 2492 3617 2546 eodem

1970 2592 2221 2654 tempore
2262 2584 2435 2654 pollet
2466 2583 2626 2637 locus
2666 2582 2773 2636 iste
2818 2586 2918 2636 tuo
2970 2577 3108 2634 felix
3152 2584 3466 2647 stemmate,
3512 2577 3620 2632 tibi

1972 2676 2212 2744 loquens
2242 2671 2419 2727 frater
2450 2671 2566 2737 ille,
2592 2680 2612 2706 ι
2644 2674 2831 2725 mente
2862 2668 3061 2735 crevit,
3108 2680 3249 2736 papa
3280 2671 3493 2735 sancte,
3536 2666 3622 2721 sic

1974 2776 2142 2819 orsus
2166 2767 2305 2817 tunc
2355 2760 2585 2816 metrice
2610 2776 2622 2811 :

2260 2904 2358 2958 Est
2389 2903 2549 2958 locus
2579 2899 2780 2955 beatus
2814 2898 2933 2969 ille,

2260 2989 2486 3045 Corneli
2518 2987 2905 3055 sanctissime,

2266 3079 2395 3133 Post
2422 3088 2632 3147 agones
2661 3081 2715 3128 et
2737 3086 2996 3140 coronas,

2260 3167 2383 3235 Quo
2413 3164 2667 3235 quiescis
2697 3174 2953 3230 corpore,

2261 3255 2369 3325 Qui
2401 3260 2500 3308 tuo
2525 3250 2665 3307 felix
2707 3248 3003 3319 triumpho

2263 3342 2559 3399 Gloriatur
2586 3346 2919 3410 praepotens.

2318 3432 2494 3485 Roma
2527 3427 2833 3499 quondam,
2882 3431 2936 3481 te
2967 3423 3211 3481 fruendo

2267 3518 2593 3577 Pullulabat
2614 3516 2865 3586 actibus,

2267 3612 2430 3666 Nunc
2460 3616 2556 3664 tua
2588 3607 2801 3661 virtute
2852 3603 2998 3660 fulta

2268 3696 2609 3755 Gratulatur
2653 3692 2893 3749 Francia

2270 3786 2565 3858 Prosperis
2613 3783 2911 3851 versisque
2938 3779 3108 3835 rebus

2269 3878 2409 3932 Dote
2445 3879 2601 3930 tanta
2634 3870 2867 3928 nobilis.

2343 3965 2464 4033 Qua
2510 3964 2641 4032 pius
2679 3975 2775 4015 rex
2818 3959 2936 4013 aede
2962 3957 3107 4013 facta

2272 4051 2595 4107 Transtulit
2639 4054 2695 4104 te
2739 4046 2999 4113 Carolus,

2273 4141 2451 4210 Cujus
2493 4143 2578 4194 est
2627 4150 2856 4209 enorme
2887 4136 3111 4204 pondus

2276 4225 2622 4284 Preminenti
2656 4222 2894 4290 fabrica,

2276 4318 2524 4386 Quaeque
2554 4312 2717 4368 valde
2768 4308 3041 4379 pretiosis

2280 4405 2459 4461 Pollet
2490 4403 2548 4457 in
2579 4398 2861 4457 donariis.

2351 4493 2472 4563 Quo
2504 4491 2626 4546 loco
2647 4486 2826 4543 multo
2855 4483 3149 4553 triumpho

2284 4582 2452 4652 Regis
2481 4585 2652 4649 atque
2685 4575 3035 4647 principum,

2278 4671 2630 4727 Clericorum
2661 4679 2787 4722 cum
2818 4662 3007 4718 favore

2284 4763 2361 4817 Ac
2391 4762 2728 4829 sequentum
2762 4752 3036 4817 militum,

2284 4851 2461 4920 .Eque
2491 4844 2645 4916 vulgi
2677 4839 3085 4913 perstrepentis

2284 4940 2359 4995 Es
2399 4940 2659 5005 receptus
2689 4930 2954 5000 pondere.

2355 5028 2605 5080 Tanta...
2646 5020 2725 5074 ibi
2753 5017 3121 5087 triumphans

2286 5113 2551 5172 Obviavit
2575 5110 2778 5183 gloria,

2291 5206 2362 5261 Ut
2390 5215 2577 5260 comes
2621 5198 2835 5270 phebea
2868 5196 3084 5265 lampas

2287 5293 2624 5350 Crederetur
2670 5285 2887 5357 adfore,

319 5525 339 5551 ³
370 5518 469 5571 llic
500 5518 556 5570 in
587 5531 686 5571 ms.
718 5513 937 5567 videtur
963 5526 1114 5565 error
1137 5509 1345 5578 aliquis
1374 5504 1724 5573 irrepsisse...
1762 5498 2007 5554 Forsitan
2049 5492 2135 5547 ill.
2174 5492 2312 5544 trnct
2345 5487 2516 5539 locum
2550 5483 2783 5537 nominis
2823 5478 3057 5549 proprii.
