4054 6192
557 251 694 320 4379

1459 255 1748 311 APPEND.
1790 251 1886 308 AD
1921 249 2082 307 saec.
2121 250 2202 305 1x
2237 279 2310 290 -
2344 249 2700 308 AUCTORES
2736 210 3094 306 ANONYMI:

837 389 931 444 Sic
968 386 1198 443 refulsit
1228 399 1324 456 per
1373 383 1594 440 viarum

836 479 1016 533 Terna
1046 473 1345 530 milliaria.

907 565 974 621 Hi
1006 577 1205 620 cruces
1231 561 1360 618 auri
1389 559 1664 626 ferebant,

836 654 1016 710 Alteri
1063 651 1402 708 candelabra
1425 668 1440 717 ;

836 743 1028 798 Thura
1053 740 1277 797 fumant
1301 739 1438 794 hinc
1484 743 1540 792 et
1575 735 1728 804 inde,

835 831 906 886 Hi
949 828 1234 901 refulgent
1259 827 1494 883 coccino
1515 843 1527 879 :

833 919 1134 990 Supplices
1188 929 1384 972 omnes
1412 915 1672 982 adorant,

834 1009 1000 1064 Nuda
1027 1007 1168 1062 dant
1203 1004 1464 1076 vestigia.

903 1095 1060 1152 Colla
1090 1099 1229 1150 tunc
1256 1094 1654 1164 episcoporum

833 1185 1018 1256 Atque
1047 1184 1200 1255 regis
1227 1181 1427 1252 inclyti

836 1273 1012 1330 Dulce
1043 1273 1268 1343 pondus
1285 1268 1614 1326 deferebant

824 1365 984 1420 Edis
1011 1363 1080 1418 ad
1121 1359 1461 1426 sacrarium,

837 1453 1114 1522 Plebsque
1151 1447 1394 1518 supplex
1436 1442 1758 1501 confluebat

839 1541 1041 1598 Fulcra
1070 1538 1323 1611 gaudens
1357 1542 1604 1605 tangere.

907 1627 1205 1685 Antecedit
1225 1623 1392 1680 turba
1417 1621 1595 1677 multa

835 1717 1184 1776 Clericorum
1224 1711 1489 1778 candida,

833 1807 1148 1865 Subsecuta
1189 1808 1276 1858 est
1316 1799 1485 1856 turba
1514 1796 1700 1870 plebis

834 1897 912 1960 Ut
930 1892 1140 1966 viginti
1174 1889 1377 1958 millia,

831 1983 1210 2041 Concinentes
1229 1990 1364 2034 voce
1403 1986 1608 2046 magna

832 2072 1061 2130 Gratias
1089 2067 1408 2124 Altissimo.

904 2158 1075 2216 Nulla
1121 2170 1229 2212 vox
1271 2153 1584 2222 nullusque
1621 2160 1806 2205 sermo

835 2248 1104 2306 Praevalet
1157 2245 1510 2314 depromere,

835 2339 1058 2408 Quanta
1090 2334 1171 2390 sit
1196 2331 1370 2400 hujus
1395 2328 1512 2385 diei

833 2425 1162 2494 Obsequens
1202 2417 1424 2483 lzetitia,

830 2517 968 2572 Cum
1008 2516 1269 2580 receptus
1296 2521 1374 2574 es,
1405 2511 1659 2576 patrone,

831 2603 1004 2674 Regis
1054 2601 1112 2654 in
1146 2597 1444 2668 palatium.

901 2690 970 2744 lli
991 2691 1224 2755 canunt,
1258 2684 1346 2739 illi
1381 2681 1665 2738 resultant

831 2778 995 2833 Clara
1017 2773 1251 2829 laudum
1277 2769 1554 2829 carmina,

832 2866 924 2920 Fit
951 2861 1219 2918 tubarum
1242 2856 1486 2914 bombus
1508 2855 1730 2926 ingens,

834 2953 1202 3018 Perstrepunt
1237 2951 1294 3002 et
1321 2957 1554 3016 organa,

837 3045 1183 3110 lnsuperque
1240 3035 1628 3104 lacrymantur

831 3127 1074 3186 Plurimi
1117 3123 1337 3182 laetitia.

901 3215 1195 3274 Emicabat
1223 3225 1462 3282 namque
1495 3208 1767 3279 templum

829 3307 1043 3364 Sericis
1094 3305 1150 3360 in
1185 3300 1380 3373 palliis

829 3394 1038 3452 Aureis
1069 3389 1488 3464 argenteisque,

832 3488 893 3541 In
916 3481 1148 3540 coronis
1178 3476 1521 3549 splendidis,

834 3572 1254 3640 Luminumque
1303 3569 1738 3634 aromatumque

828 3661 968 3716 Cum
1019 3659 1221 3714 decore
1251 3653 1517 3709 maximo.

903 3749 1125 3818 Quanta
1147 3751 1284 3800 tunc
1309 3743 1418 3798 tibi
1447 3739 1579 3812 fuit,
1614 3754 1733 3810 rex,

827 3837 1084 3894 Pectoris
1116 3831 1340 3899 laetitia,

826 3928 964 3982 Cum
992 3936 1188 3994 greges
1220 3933 1452 3989 magnos
1476 3917 1698 3973 videres

831 4011 1106 4082 Sospitati
1137 4008 1412 4074 redditos,
1557 3994 1578 4006 ’

827 4105 1010 4173 Atque
1046 4100 1239 4170 plures
1269 4097 1335 4152 ad
1385 4095 1626 4152 salutem

828 4192 1099 4247 Cerneres
1135 4187 1496 4256 consurgere.

899 4279 944 4336 Ο
975 4278 1134 4334 beate
1157 4274 1320 4332 Carle
1338 4275 1508 4330 Cesar
1531 4273 1544 4327 !

827 4369 872 4426 Ο
903 4369 1064 4425 beata
1089 4363 1366 4422 Francia!

827 4460 962 4529 Qua:
989 4461 1226 4526 patrono
1256 4451 1401 4508 fulta
1431 4456 1589 4506 tanto

825 4544 1174 4603 Promereris
1211 4540 1420 4614 gaudia
1445 4559 1456 4593 :

825 4639 937 4692 Nec
985 4633 1217 4704 pavebis
1256 4631 1324 4686 ad
1359 4629 1584 4684 ruinam

829 4727 993 4782 Illius
1021 4719 1292 4792 pericula.

897 4813 1030 4868 Inde
1067 4825 1166 4866 rex
1199 4811 1306 4865 iste
1337 4813 1622 4877 receptum

827 4905 965 4958 Dote
993 4901 1168 4956 multa
1215 4903 1514 4964 munerat;

827 4989 1080 5057 Namque
1125 4999 1346 5042 sacrum
1389 4984 1728 5040 clericorum

827 5074 1152 5143 Duplieavit
1199 5074 1478 5142 ordinem,

831 5163 1052 5232 Resque
1097 5162 1306 5216 multas
1337 5162 1634 5230 largiendo

827 5253 964 5306 Esse
989 5246 1126 5304 fecit
1147 5249 1402 5304 divitem.

898 5335 1252 5406 Addiditque
1275 5344 1506 5407 argenta
1533 5339 1732 5409 multa,
1789 5333 1804 5344 ’

831 5429 1056 5486 Ροηάιιδ
1080 5425 1207 5483 auri
1255 5424 1585 5495 maximum,

816 5518 1100 5576 Pretiosas
1141 5515 1272 5572 inde
1302 5520 1482 5570 vestes

2226 375 2287 435 A
2312 458 2319 470 .

2589 377 2881 448 Aggerans
2905 376 3367 448 quamplurimas,

2585 467 2656 521 Et
2676 465 2851 521 simul
2881 479 3130 538 gemmas
3159 465 3394 522 nitentes

2589 553 2842 609 Praebuit
2869 553 3212 626 largissime.

2661 644 2734 698 Es
2765 649 2953 698 tamen
2993 643 3214 699 locatus
3241 643 3370 711 aade,

2589 730 2798 786 Aureis
2824 731 2883 786 in
2931 731 3167 787 sedibus

2590 818 2768 888 Vivis,
2793 820 2853 874 in
2886 833 2995 890 qua
3017 819 3318 891 gloriosus,

2588 905 2752 962 Multi
2763 907 2888 977 plex
2920 906 3252 977 virtutibus,

2589 995 2806 1066 Hicque
2835 997 3036 1051 Franci
3084 1003 3136 1051 te
3181 1001 3500 1065 patronum;

2588 1085 2715 1154 Ore,
2757 1085 2907 1140 votis
2951 1084 3231 1140 ambiunt.

2660 1173 2925 1229 Gloriosa
2967 1173 3278 1228 sanitatum

2591 1261 2693 1316 Hic
2727 1261 2872 1316 fiunt
2901 1261 3200 1328 miracula,

2589 1350 2698 1418 Qui
2726 1352 2869 1420 petit
2893 1351 3048 1421 capit
3086 1351 3344 1416 salutem,

2592 1441 2765 1494 Nemo
2787 1439 3003 1496 frustra
3033 1439 3352 1508 supplicat;

2518 1528 2537 1542 ‘
2590 1528 2732 1582 llinc
2755 1527 2914 1583 locus
2949 1527 3087 1583 felix
3115 1527 3442 1596 triumphat,

2589 1614 2774 1686 Atque
2796 1616 2968 1685 pollet
3018 1615 3202 1686 patria
3228 1633 3243 1686 ς

2658 1705 2954 1761 Daemones
2979 1704 3074 1760 hic
3106 1709 3160 1759 te
3195 1705 3446 1759 timentes

2584 1793 2942 1849 Conﬁtentur
2970 1793 3238 1862 crimina,

2589 1883 2924 1952 Versipellis
2947 1886 3120 1953 atque
3161 1883 3347 1952 praedo

2585 1971 2758 2040 Capta
2792 1971 3009 2042 linquit
3051 1983 3310 2040 corpora,

2588 2061 2658 2114 Et
2688 2059 2864 2114 miser
2907 2058 3058 2130 fugit
3088 2066 3318 2128 repente

2586 2147 2829 2204 llorrido
2871 2161 3000 2204 cum
3034 2161 3346 2218 murmure,

2659 2236 2836 2292 Verba
2881 2237 3077 2308 mutis,
3128 2241 3302 2307 atque
3327 2237 3482 2293 caecis

2586 2325 2972 2397 Porriguntur
3024 2327 3272 2395 lumina,

2585 2413 2828 2470 Aurium
2863 2415 3187 2486 pedumque
3225 2415 3382 2472 tarda

2584 2503 2958 2560 Dissecantur
3002 2503 3263 2561 vincula:

2589 2593 2852 2664 Languor
2875 2593 3064 2648 omnis
3090 2591 3190 2648 hic
3219 2592 3476 2664 quiescit,

2585 2679 2884 2752 Egritudo
2916 2681 3172 2750 pellitur.

2657 2769 2812 2838 Sarpe
2853 2783 2982 2825 vero
3011 2771 3082 2826 de
3103 2777 3321 2826 remota

2588 2858 2752 2912 Parte
2777 2859 2937 2929 regni
2963 2858 3212 2930 debiles,

2587 2947 2731 3001 Dum
2757 2951 2916 3002 tuum
2951 2953 3150 3017 petunt
3169 2948 3487 3017 sepulcrum

2587 3035 2662 3090 Te
2683 3037 2943 3092 medendi
2973 3037 3184 3107 gratia,

2589 3124 2648 3178 In
2680 3125 2770 3180 via
2810 3130 2947 3180 sunt
2991 3126 3249 3182 restituti

2587 3213 2831 3268 Sanitati
2854 3213 3138 3282 pristinas.

2659 3303 2758 3357 Est
2787 3308 2842 3357 et
2873 3301 3019 3358 illud
3052 3303 3221 3358 valde
3252 3303 3452 3358 mirum

2591 3391 2650 3444 In
2685 3390 2883 3467 relatis
2911 3391 3178 3461 partibus

2591 3479 2872 3550 Languidi
2895 3495 3024 3536 cum
3058 3485 3190 3537 vota
3227 3483 3456 3537 mittunt

2586 3567 2670 3622 Ad
2695 3574 2849 3624 tuam
2897 3570 3281 3640 praesentiam,

2586 3656 2667 3712 Ac
2709 3656 2864 3712 velut
2895 3673 3066 3728 sopor
3093 3661 3321 3715 recedat

2585 3745 2680 3800 Sic
2708 3747 2922 3802 medela
2951 3747 3240 3804 subvenit.

2657 3835 2865 3892 Nullus
2893 3837 2989 3891 hic
3041 3837 3277 3906 impune
3308 3837 3486 3906 praedo

2586 3922 2870 3978 Allevabit
2897 3924 3170 3992 lanceam,

2586 4011 2658 4065 Ut
2689 4012 2856 4067 ruina
2887 4013 3286 4082 comprobavit

2587 4100 2964 4157 Barbarorum
2994 4102 3241 4158 maxima
3271 4121 3282 4172 ;

2585 4191 2718 4260 Igne
2748 4191 3020 4260 templum
3059 4206 3420 4249 concremare

2583 4278 2850 4349 Quinque
2879 4279 3088 4335 vellent
3135 4281 3342 4337 millia.

2653 4366 2908 4435 Spiculis
2955 4369 3091 4424 dum
3142 4370 3482 4443 dimicarent

2579 4455 2757 4525 IEque
2812 4456 3068 4527 quinque
3117 4459 3326 4528 millia,

2581 4545 2876 4614 Hispidam
2916 4546 3140 4602 volante
3161 4547 3313 4604 ferro

2580 4633 3014 4704 Itedderentque
3060 4636 3380 4692 machinam

2579 4721 2842 4777 Ordinati
2891 4737 2989 4792 per
3041 4724 3349 4796 phalanges

2581 4811 2810 4866 llorridi
2841 4826 2946 4868 ceu
2997 4813 3298 4868 daemones.

2654 4901 2732 4954 Ac
2771 4901 2928 4956 velut
2955 4903 3004 4957 si
3057 4916 3187 4970 pars
3208 4903 3413 4958 Averni

2583 4990 2897 5045 Ructnaret
2937 4991 3237 5060 sulphura,
3341 5003 3348 5010 '

2584 5079 2792 5135 Mistus
2833 5080 2988 5150 ignis
3007 5081 3216 5136 ﬂuctua
3229 5089 3312 5136 ret

2585 5169 2717 5223 Alta
2758 5170 2997 5240 pulsans
3030 5171 3237 5241 sidera,

2590 5259 2822 5315 Barbari
2853 5261 3072 5316 circum
3103 5259 3372 5324 furentes,

2582 5349 2759 5404 Tanta
2788 5350 2925 5405 dant
2977 5349 3237 5405 incendia

2653 5439 2861 5509 Nempe
2890 5439 3032 5494 mira
3073 5445 3227 5494 tanta
3257 5439 3408 5509 ignis

2583 5529 2740 5583 Tunc
2769 5532 2934 5583 erant
2963 5527 3302 5598 spectacula,

3713 260 3807 320 4380
