4076 6174
240 227 372 288 1381

519 358 787 417 Claustra
812 362 976 431 cleri,
1010 364 1164 436 regis
1185 366 1373 422 aulam

516 448 655 504 Cum
685 456 908 506 voraret
938 453 1277 521 proximam,

521 535 932 610 Lamberetque
959 542 1184 599 ﬂamma
1228 545 1522 615 templum.

516 626 629 681 Nec
658 627 871 685 valeret
912 644 1096 687 urere.

586 714 681 771 Sic
704 722 833 773 tuos
857 717 1047 775 favore
1067 718 1246 778 fultos

516 801 796 860 Extulisti
830 807 1108 874 servulos,

513 890 840 949 Sternerent
870 898 932 949 ut
964 896 1141 952 multa
1173 898 1383 967 passim

514 980 892 1039 Barbarorum
933 998 1173 1055 corpora

509 1067 592 1124 Ac
622 1071 835 1139 periret
873 1073 1073 1130 nullus
1106 1074 1310 1131 horum

509 1157 649 1213 Cum
674 1157 859 1215 forent
890 1163 1252 1231 paucissimi.

579 1246 856 1304 Horrores
889 1250 1058 1307 malis
1091 1252 1148 1307 in
1171 1252 1341 1325 bello,

506 1335 776 1393 Externis
804 1338 1087 1411 victoria;

506 1424 600 1481 Slc
624 1426 709 1481 ait
749 1428 847 1498 qui
881 1434 934 1483 te
963 1430 1185 1485 vocavit

504 1512 702 1570 Hostis
730 1514 787 1570 in
828 1517 1160 1588 certamine,

504 1601 575 1656 Ut
604 1606 732 1659 tuos
762 1602 966 1660 fecisse
1012 1610 1234 1661 constat

503 1689 642 1746 Cum
683 1691 893 1748 salutis
937 1708 1194 1750 munere.

575 1779 712 1835 Esto
733 1780 921 1836 virtus
952 1781 1053 1837 illa
1076 1787 1264 1838 tecum

499 1867 798 1925 Permanet
836 1870 1153 1940 robustior,

496 1955 882 2014 Schismatum
909 1958 1151 2016 bellator
1194 1962 1333 2016 olim

497 2044 675 2114 Quam
710 2046 945 2117 gerebas
976 2053 1223 2118 pectore.

1550 246 1896 303 EPISTOLE
1941 248 2308 308 FORMATJE.

1906 374 1965 433 A
2279 378 2517 447 Propter
2552 379 2658 434 hoc
2686 381 2850 435 modo
2890 383 3216 453 triumphas

3507 262 3646 325 4382

2279 467 2642 538 Proterisque
2675 468 2967 524 barbaros.

2347 555 2489 610 Mira
2531 562 2665 612 sunt
2687 572 2811 627 qua:
2844 557 3209 626 replicamus.

2279 643 2641 701 Prmterimus
2681 645 2926 714 plurima
2951 664 2962 699 :

2275 731 2380 786 Sed
2416 738 2602 788 tamen
2622 747 2793 789 sensu
2817 734 3073 790 modesto

2274 819 2437 875 Dicta
2460 828 2598 875 sunt
2623 836 2732 878 non
2765 821 3003 887 frivolo;

2272 906 2728 977 Comprimamus
2762 912 2874 978 jam
2909 912 3171 977 relatum,

2274 997 2353 1050 Ne
2395 997 2554 1052 salus
2575 996 2855 1054 fastidiat.

2344 1086 2533 1152 Posce,
2563 1101 2596 1141 ο
2644 1093 2855 1157 sancte,
2888 1094 3175 1144 tonantem

2272 1173 2377 1228 Pro
2405 1174 2525 1229 tuis
2558 1174 2887 1231 clientulis!

2272 1260 2343 1314 Ut
2378 1276 2655 1331 queamus
2677 1265 2920 1333 expiari,

2269 1350 2436 1405 Omni
2456 1350 2528 1406 ab
2553 1353 2836 1424 molestia,

2266 1438 2346 1492 Ac
2368 1438 2527 1495 beata
2556 1442 2845 1497 confoveri

2266 1524 2614 1597 Angelorum
2641 1530 2825 1585 curia.

2326 1614 2663 1687 Conglobati
2685 1622 2859 1688 atque
2889 1623 2989 1675 tuo

2264 1703 2618 1761 Translatori
2661 1706 2881 1778 Carolo,

2262 1791 2507 1848 Summae
2533 1792 2769 1849 formam
2792 1795 3028 1852 deitatis

2262 1880 2580 1935 Mereamur
2616 1895 2864 1951 cernere,

2260 1967 2396 2035 Qua:
2424 1968 2740 2038 disponens
2782 1970 2930 2041 regit
2958 1976 3162 2028 cuncta

2259 2056 2608 2113 Saeculorum
2648 2057 2877 2113 saecula.

218 2207 3609 2243 _____________________“___

592 2330 743 2449 DE
798 2332 1353 2462 ANTIQUIS
1418 2336 2233 2458 EPISCOPORUM
2295 2341 3250 2463 PROMOTIONIBUS

456 2556 627 2618 Cum
692 2560 988 2623 diversis
1044 2560 1516 2642 formularum
1568 2565 1661 2626 ad
1706 2580 1822 2627 eas
1864 2566 2327 2647 spectantium
2382 2570 2449 2629 et
2506 2564 2969 2648 [armatarum
3034 2570 3381 2652 exemplis.

1146 2714 1322 2776 (Apud
1356 2715 1545 2775 Mansi,
1568 2715 1730 2766 Conc.
1764 2719 1889 2765 tom.
1925 2715 2064 2775 XVI,
2096 2716 2335 2778 Append.
2370 2728 2489 2777 pag.
2522 2716 2655 2778 879.)

486 2968 846 3024 PREFATIO
883 2968 1021 3024 JAC.
1062 2969 1397 3025 SIRMONDI
1434 2972 1489 3026 S.
1531 2972 1575 3025 J.

210 3074 324 3139 Quo
361 3088 506 3127 more
534 3074 662 3126 olim
706 3076 948 3142 rituque,
980 3080 1094 3128 tum
1131 3076 1191 3127 in
1229 3079 1418 3129 catera
1464 3076 1706 3138 ecclesia,
1747 3082 1862 3132 tum

352 3146 589 3197 maxime
617 3146 677 3197 in
718 3144 921 3213 Gallia,
955 3147 1194 3214 promoti
1220 3148 1430 3213 fuerint
1459 3148 1708 3217 episcopi.

282 3251 459 3325 vetus
495 3249 640 3325 _ol_iin
689 3250 869 3325 totius
922 3251 1188 3325 Ecclesiae
1242 3265 1362 3307 mos
1396 3251 1527 3325 fuit,
1563 3254 1863 3325 episcopos

210 3321 431 3395 cleriet
454 3321 657 3395 plebis,
689 3322 785 3378 cui
814 3322 1114 3395 praefuturi
1154 3329 1336 3389 erant,
1370 3321 1667 3395 suffragiis
1696 3321 1862 3381 crea—

212 3393 285 3448 ri.
340 3394 435 3448 Sic
481 3394 655 3464 enim,
708 3399 772 3449 ut
813 3394 994 3449 altius
1044 3407 1155 3449 non
1213 3399 1483 3464 repetam,
1530 3393 1859 3453 Cornelium

212 3465 400 3538 Romae
456 3463 795 3538 clericorum
858 3465 1154 3538 plebisque
1203 3463 1477 3529 suffragio
1528 3470 1861 3538 episcopum

210 3534 443 3609 factum.
494 3536 814 3609 Cyprianus
851 3534 1094 3609 epistola
1126 3534 1775 3609 quadragesima'prinia
1806 3543 1864 3594 et

255 3607 690 3689 uinquagesinia
720 3607 1369 3689 secunda,.Cyp.riaii_um
1392 3607 1863 3689 Cartha—ginejug

209 3622 690 3733 gutuquagesnma
720 3622 1362 3689 secundanuyprianum
1392 3622 1863 3693 carthagine.”-

254 3678 368 3734 icio
400 3680 525 3748 Dei,
551 3684 607 3733 et
637 3676 827 3733 favore
860 3678 1045 3747 plebis
1071 3678 1141 3733 ad
1181 3678 1429 3734 oﬂicium
1475 3682 1783 3739 sacerdotii
1804 3686 1863 3736 et

211 3749 450 3821 gradum
490 3749 857 3821 episcOpatus
890 3750 1154 3809 electum.
1190 3751 1429 3807 Pontius
1462 3755 1747 3809 diaconus
1796 3752 1857 3807 in

208 3819 336 3888 ejus
384 3820 531 3887 Vita,
579 3819 962 3876 Alexandrum
986 3821 1074 3891 "in
1125 3821 1499 3878 Comanorum
1582 3824 1855 3891 Ecclesia,

211 3890 441 3964 rejectis
470 3891 547 3946 iis
566 3904 712 3964 quos
733 3892 886 3946 cives
901 3890 1196 3964 suﬂ'ragiis
1217 3892 1342 3964 suis
1363 3890 1856 3964 commendabant,

209 3962 539 4034 episcopum
594 3975 626 4016 a
681 3963 959 4032 Gregorio
999 3962 1447 4034 ,Neoczesariensi
1493 3962 1859 4034 designatum

210 4030 413 4105 fuisse,
438 4039 640 4088 auctor
665 4037 751 4087 est
775 4030 1087 4105 Gregorius
1106 4034 1413 4105 _Nyssenus.
1437 4037 1503 4090 Et
1533 4030 1859 4105 quanquam

213 4104 273 4159 in
297 4102 529 4160 Oriente
567 4108 758 4173 postea
802 4102 943 4159 usus
969 4102 1218 4174 invaluit
1243 4109 1307 4159 ut
1355 4105 1414 4160 in
1459 4102 1858 4174 episcoporum

210 4174 591 4231 electionibus
644 4175 840 4243 populi
895 4173 1168 4244 suffragia
1216 4188 1326 4230 non
1374 4173 1853 4246 exquirerentur:

214 4253 342 4315 post
370 4247 647 4316 synodum
678 4259 877 4316 nempe
906 4247 1227 4317 Nictenam,
1249 4260 1374 4317 qua:
1413 4261 1630 4303 canone
1653 4251 1858 4317 quarto

214 4261 342 4315 post
370 4261 647 4316 synoaum
678 4261 877 4316 nempe
908 4261 1213 4317 mezenam,
1249 4261 1307 4371 Ἣ

212 4322 268 4372 et
296 4324 455 4374 sexto
475 4317 793 4387 episcopos,
822 4317 980 4373 nulla
1010 4316 1150 4371 cleri
1180 4316 1269 4385 ple

214 4400 303 4457 ne,
326 4388 397 4442 ab
426 4388 713 4457 episcopis
747 4387 1056 4457 provinciae
1084 4387 1265 4441 creari
1291 4393 1346 4442 et
1388 4389 1645 4444 ordinari
1672 4389 1854 4458 jubet,

212 4464 269 4513 et
299 4464 427 4529 post
450 4459 844 4529 Laodicenam,
888 4462 1058 4529 cujus
1104 4471 1283 4513 canon
1336 4460 1596 4515 decimus
1650 4461 1859 4515 tertius

213 4530 571 4586 sacerdotum
598 4529 904 4585 electiones
926 4530 1135 4598 turbis,
1172 4530 1228 4584 id
1245 4536 1331 4585 est
1352 4532 1602 4601 populis,
1628 4532 1860 4601 permit~

213 4600 260 4655 ti
280 4606 457 4657 vetat:
486 4608 659 4672 atque
687 4602 791 4656 hoc
824 4602 988 4657 modo
1034 4600 1441 4670 Epiphanium’
1462 4600 1765 4657 Salamina;
1797 4603 1856 4657 in

211 4673 392 4742 Cypro
430 4674 762 4742 episcopum
820 4672 891 4726 ab
932 4672 1222 4741 episcopis
1290 4673 1511 4739 insulae,
1576 4674 1856 4728 Basiliam

213 4743 477 4814 Caesarea:
504 4743 577 4797 ab
597 4743 907 4814 episcopis,
938 4744 1037 4813 qui
1070 4758 1133 4798 ea
1162 4744 1232 4798 de
1261 4757 1431 4799 causa
1454 4750 1853 4812 convenerant,

210 4813 423 4869 electos
451 4815 699 4884 tradant,
726 4815 826 4884 qui
858 4828 1054 4870 eorum
1087 4815 1247 4869 Vitas
1271 4817 1767 4884 conscripserunt:
1802 4822 1859 4870 et

210 4898 278 4939 eo
298 4890 559 4952 spectans
582 4882 841 4939 ‘BaSilius
870 4886 992 4954 ipse
1020 4885 1443 4953 Nicopolitanis
1470 4882 1714 4955 epistola
1736 4900 1861 4941 cen-

214 4955 418 5009 tesima
469 4956 836 5026 nonagesima
894 4964 1097 5025 quarta
1162 4956 1397 5025 scribat,
1458 4958 1857 5026 episc0p0rum

214 5030 404 5097 partes
433 5038 575 5095 esse,
611 5026 832 5097 papula
862 5028 1189 5097 episc0pum
1241 5028 1396 5095 dare,
1432 5028 1628 5097 populi
1661 5029 1858 5082 datum

212 5095 533 5167 suscipere.
593 5098 653 5167 ln
705 5095 1173 5167 Occidentalibus
1219 5104 1403 5153 tamen
1436 5095 1722 5153 'lSCclesiis
1763 5099 1861 5167 jus

213 5166 364 5223 idem
384 5165 644 5236 suﬂ‘ragii
668 5166 876 5235 populo
895 5166 953 5221 in
972 5165 1859 5237 renuntiandisepiscopisetiam

214 5243 342 5307 post
370 5237 647 5308 synodum
672 5238 953 5293 Nicaenam
986 5252 1391 5308 perseverasse,
1420 5246 1540 5294 tum
1573 5240 1861 5295 Romano-

215 5324 341 5367 rum
388 5308 722 5379 pontiﬁcum
762 5309 982 5379 Siricii,
1018 5309 1334 5372 Caelestini,
1376 5311 1580 5365 Leonis
1608 5312 1854 5376 decreta,

215 5395 339 5462 qua:
366 5381 521 5462 _cleri
574 5379 871 5462 plebisque
889 5380 1514 5462 .consensuceligendos
1551 5387 1852 5462 statuunt;

215 5450 334 5508 tum
366 5450 613 5519 Damasi,
640 5450 951 5523 Ambrosii,
977 5450 1317 5523 Augustini,
1334 5452 1621 5523 Fulgentii
1643 5458 1699 5507 et
1718 5452 1858 5508 alio-

216 5534 362 5589 rum,
392 5533 535 5594 quos
555 5517 620 5579 eo
665 5517 830 5578 modo
856 5517 1345 5592 creatos'consta't,
1382 5517 1683 5579 innumera
1714 5534 1853 5595 pas-

1894 2978 1943 3039 C.
1969 2973 2079 3027 sim
2105 2972 2362 3045 exempla
2378 2971 2694 3045 declarant.
2722 2974 2783 3027 In
2809 2973 2996 3045 Gallia
3024 2989 3252 3045 quoque
3284 2986 3477 3035 nostra
3510 2994 3627 3037 mo-

1970 3057 2100 3118 rem_
2146 3042 2429 3118 eumdem,
2482 3041 2741 3118 quandiu
2794 3044 2901 3098 sub
2956 3041 3341 3102 Romanorum
3376 3049 3621 3118 imperio

1971 3113 2168 3188 steti_t,_
2177 3112 2503 3188 obtinuisse
2540 3111 2903 3188 manifestum
2931 3121 3033 3169 est.
3059 3118 3196 3169 Nam
3213 3123 3291 3188 iet
3314 3111 3619 3188 Hilarium,

1969 3184 2119 3254 apud
2140 3185 2398 3238 Pictavos
2418 3185 2826 3239 concordantes
2848 3182 3036 3247 favore
3056 3186 3251 3254 populi
3278 3182 3624 3245 sacerdotem

1972 3253 2206 3323 factum,
2261 3254 2655 3321 Fortunatus;
2704 3261 2759 3308 et
2810 3256 2959 3324 apud
3016 3253 3273 3311 'l‘urOnos
3313 3257 3623 3316 Martinum

1972 3326 2231 3393 Severus,
2260 3324 2678 3397 multitudinis.
2707 3339 2832 3394 quae
2871 3326 2939 3380 ad
2974 3325 3245 3397 suifragia
3278 3327 3506 3385 ferenda
3538 3345 3625 3387 ve-

1974 3401 2153 3472 nerat,
2200 3394 2671 3472 conspirantibus
2712 3397 2861 3472 votis
2913 3394 3309 3472 episcoporum
3363 3397 3618 3472 factum;

1971 3467 2227 3522 Illidium
2260 3465 2534 3521 similiter
2560 3466 2769 3535 populo
2784 3467 3030 3537 eligente
3055 3465 3401 3525 sacerdotem
3427 3465 3625 3527 Arverl

1972 3551 2057 3593 nae
2091 3537 2378 3603 Ecclesiae,
2416 3543 2811 3609 pastoremque
2840 3538 3241 3609 constitutum,
3283 3540 3449 3596 docet
3475 3543 3623 3598 Gre—

1972 3610 2172 3679 gorius
2199 3608 2570 3679 Turonensis.
2602 3608 2945 3664 Germanum
2981 3608 3246 3678 praeterea
3264 3610 3624 3669 Antissiodo—

1973 3678 2044 3748 ri,
2068 3680 2408 3735 clericorum
2436 3678 2762 3733 nobilitatis
2790 3694 2854 3733 ac
2884 3679 3066 3748 plebis
3095 3680 3327 3736 urbanae
3350 3690 3406 3737 et
3434 3685 3622 3740 rusti—

1968 3766 2048 3807 cae
2095 3751 2377 3806 sententia
2420 3750 2757 3823 expetitum,
2788 3750 3159 3806 Constantius
3213 3753 3624 3823 presbyterzet

1970 3823 2293 3894 Remigium
2326 3820 2475 3894 apud
2524 3820 2788 3894 Ithemos,
2838 3822 3179 3894 Hincmarus
3227 3820 3469 3880 testatur
3492 3840 3627 3881 0m-

1972 3892 2507 3965 nium‘generaliter
2526 3892 2785 3965 votisad
2808 3893 3092 3962 pontiﬁcii
3125 3894 3348 3949 culmen
3392 3903 3619 3965 raptum

1972 3962 2357 4034 potius‘quam
2380 3962 2641 4034 electum.
2677 3963 2865 4018 Plebis
2893 3965 3061 4019 etiam
3113 3970 3170 4018 et
3199 3962 3618 4034 oppidanorum

1965 4032 2177 4107 judicii
2217 4047 2285 4107 ac
2323 4032 2657 4107 voluntatis,
2711 4034 2769 4089 in
2794 4035 3087 4107 Simplicii
3138 4032 3533 4107 Bituricensis,
3566 4044 3623 4095 et

1967 4106 2204 4160 Joannis
2249 4102 2671 4176 Cabillopensis
2717 4102 2972 4176 episcopi
3017 4106 3316 4176 electione,
3359 4102 3621 4165 meminit

1967 4176 2264 4231 Sidonius.
2325 4176 2401 4246 De
2457 4174 2703 4246 Caesarie
2758 4175 3009 4246 denique
3054 4174 3373 4234 Arelatensi
3426 4187 3623 4236 narrat

1966 4246 2285 4316 Cyprianus
2301 4245 2598 4316 diaconus,
2617 4245 2882 4316 onnium
2905 4245 3234 4316 episcopum
3252 4250 3361 4304 sub
3383 4256 3618 4307 mortem

1314 4317 1431 4373 isve
1448 4317 1593 4398 facta
1626 4314 1860 4398 mentio—
1886 4336 1940 4398 D
1970 4314 2129 4398 suam
2158 4317 2373 4398 calerum
2405 4320 2461 4369 et
2487 4314 2639 4398 cives
2663 4315 3000 4398 al‘loeutum,
3031 4314 3426 4398 iit-postquam
3448 4323 3621 4376 dece—

1968 4390 2148 4459 deret,
2169 4387 2477 4459 Cmsariuin
2496 4386 2611 4440 sibi
2635 4386 3071 4459 substituerent.
3104 4389 3183 4442 Ex
3206 4386 3421 4457 quibus
3441 4404 3622 4445 exem-

1969 4456 2366 4530 plis,aliisque
2386 4456 2441 4511 id
2461 4469 2659 4527 genus,
2674 4464 2910 4527 apparet
2929 4457 3107 4530 libera
3126 4459 3182 4530 in
3197 4456 3426 4530 Galliis,
3446 4474 3621 4530 quan-

1965 4528 2070 4586 diu
2086 4531 2327 4599 imperio
2342 4529 2590 4601 Romano
2607 4536 2936 4601 paruerunt,
2953 4528 3092 4601 cleri
3109 4528 3407 4598 plebisque
3425 4528 3483 4585 in
3505 4532 3621 4601 epi-

1968 4597 2269 4671 scoporum
2300 4597 2578 4671 electione
2600 4598 2871 4671 suffragia
2906 4598 3106 4671 fuisse.
3133 4597 3433 4671 Caeterum,
3468 4597 3618 4671 post-

1969 4667 2137 4742 quam
2168 4673 2226 4726 in
2249 4670 2437 4727 Gallia
2458 4667 2541 4722 vel
2566 4668 2628 4742 in
2646 4667 3089 4742 aliis'gentibus,
3118 4670 3305 4739 pulsis
3326 4667 3615 4740 Romanis,

1967 4739 2157 4799 exorti
2195 4748 2331 4798 sunt
2380 4752 2557 4810 reges,
2605 4739 2741 4795 fecit
2786 4739 3184 4811 episcoporum
3232 4742 3383 4811 apud
3424 4739 3618 4800 omnes

1967 4813 2471 4886 dignitaseximia,
2508 4816 2572 4865 ut
2591 4826 2692 4866 sua
2718 4812 2992 4886 interesse
3015 4812 3305 4882 principes
3320 4814 3614 4886 ducerent,

1972 4883 2105 4941 illos
2136 4885 2249 4940 nisi
2272 4883 2556 4939 arbitratu
2587 4888 2643 4936 et
2673 4883 2962 4938 voluntate
2988 4896 3091 4938 sua
3119 4897 3229 4939 non
3256 4886 3461 4940 creari.
3494 4883 3617 4954 Qua

1972 4958 2030 5011 in
2060 4970 2117 5010 re
2145 4956 2278 5011 licet
2311 4954 2678 5027 reclamarint
2702 4967 3090 5027 saepenumero
3115 4955 3383 5027 episcopi,
3408 4958 3612 5027 nostri,

1971 5034 2141 5097 atque
2172 5028 2231 5081 in
2255 5026 2491 5096 synodis
2511 5026 2639 5079 suis
2666 5025 2969 5097 pristinam
2997 5025 3338 5081 electionum
3371 5025 3617 5083 liberta-4-

1972 5095 2081 5153 tem
2110 5095 2319 5153 sartam
2352 5103 2551 5152 tectam
2584 5095 2828 5151 retinere
2850 5096 3038 5151 conati
3071 5098 3207 5165 sint,
3245 5104 3307 5152 ut
3331 5098 3386 5151 in
3414 5100 3617 5153 conci-

1971 5168 2052 5224 lio
2081 5168 2481 5224 Aurelianensi
2524 5179 2611 5220 Ill.
2642 5180 2766 5221 can.
2807 5165 2873 5227 ὃς
2910 5167 2965 5221 in
2996 5168 3361 5235 Arvernensi,
3391 5181 3516 5222 can.
3539 5166 3612 5231 Ως

1972 5240 2030 5295 in
2063 5239 2461 5295 Aurelianensi
2489 5256 2537 5301 ν,
2563 5251 2686 5292 can.
2726 5235 2778 5291 Μ
2808 5256 2823 5305 ;
2854 5237 2912 5292 in
2946 5238 3254 5295 Parisiensi
3281 5238 3573 5306 ui,ican.8
3601 5255 3616 5306 ;

1973 5312 2028 5366 in
2054 5310 2363 5366 Parisiensi
2391 5326 2442 5379 v,
2471 5324 2594 5367 can.
2626 5308 2646 5363 l
2673 5327 2687 5377 ;
2731 5310 2789 5364 in
2815 5304 3147 5377 lthemensi,
3174 5321 3300 5362 can.
3340 5304 3430 5373 25,
3458 5313 3514 5363 et
3553 5304 3612 5365 in

1965 5383 2374 5451 Cabillonensi,
2407 5397 2531 5438 can.
2578 5379 2661 5440 40.
2708 5381 2852 5436 vicit
2899 5387 3091 5451 tamen
3126 5390 3320 5451 regum
3349 5380 3614 5435 auctori—

1965 5459 2074 5517 tas,
2097 5448 2487 5530 obtipuitque
2513 5461 2576 5510 ut
2600 5452 2853 5530 episcOpi
2896 5450 3048 5530 nulli
3080 5448 3609 5530 haperentur,._uisi

1964 5515 2109 5596 ques
2151 5521 2234 5578 vel
2288 5515 2397 5593 ipsi
2474 5515 2835 5593 imperarent,
2900 5517 2982 5573 vel
3040 5530 3071 5571 a
3120 5515 3272 5573 clero
3346 5518 3613 5579 civibus-
