4054 6192
212 319 351 378 4385

1542 332 1885 388 EPISTOLIE
1923 333 2055 393 FOR
2065 339 2109 391 Μ
2117 338 2266 393 ΑΤᾸΞ

3482 356 3618 417 4386

210 443 452 500 cerdotii
479 456 628 502 onus
657 459 990 506 consecrare
1014 462 1129 506 non
1155 450 1459 521 dubitetis,
1491 457 1547 509 et
1577 453 1744 511 nobis
1764 467 1862 510 re—
1887 448 1939 506 Α
1979 456 2424 528 hospitalitatem
2488 467 2714 540 sectari,
2770 475 2826 525 et
2883 475 3325 534 necessitatibus
3380 484 3615 536 sancto—

215 531 476 589 mittatis.
501 535 571 590 Et
593 540 657 593 ut
675 550 867 613 verum
891 539 1141 596 credatis
1159 553 1224 597 ac
1244 543 1622 613 c0gnoscatis,
1650 542 1864 599 litteris

210 622 425 679 Graecis
467 637 599 680 cum
643 610 838 684 earum
888 641 1125 686 numero
1169 610 1367 686 subter
1412 644 1532 686 eam
1578 632 1863 700 jussimus

205 711 367 779 juxta
414 712 712 781 praefatum
755 716 1063 781 consilium
1110 718 1389 774 roborari.
1432 720 1576 775 Bene
1614 720 1754 791 vale,
1801 721 1857 776 in

215 801 451 857 Domino
507 802 890 860 dilectissime
944 810 1001 861 et
1048 807 1405 863 amatissime
1435 807 1628 865 frater.
1672 807 1859 864 IIOCA

211 903 361 946 ωαχ
408 905 520 946 LXX
561 904 639 948 CCI
701 892 1088 950 ΠΔΜΟΛΛΩ
1125 897 1332 953 Indict.
1385 910 1460 951 xv
1503 913 1539 969 q
1577 897 1627 953 Θ
1660 911 1857 954 xcvml

211 979 407 1035 AMHN
437 993 453 1035 ι
487 993 689 1036 XLVIII.
731 995 784 1036 L.

601 1085 736 1139 Alia
767 1085 844 1140 Μ.
881 1087 1120 1158 episcopi
1153 1088 1407 1145 Theatini
1424 1100 1466 1145 ι.

280 1186 337 1245 2.
368 1189 536 1263 Π,Υ,
569 1190 639 1246 Α.
669 1191 949 1249 Celerimo
977 1193 1141 1264 (forte
1164 1195 1559 1271 celeberrimo)
1592 1197 1708 1254 vati
1740 1196 1865 1254 fra-

211 1278 406 1348 trique
436 1280 803 1338 sanctissimo
829 1286 885 1337 et
916 1290 1199 1355 prompto,
1232 1286 1518 1355 sapientia
1549 1301 1678 1342 cum
1706 1288 1861 1343 omni

216 1367 429 1423 honore
458 1369 779 1433 recolenda,
807 1374 863 1425 et
882 1370 1149 1428 decorato
1175 1372 1234 1428 in
1257 1374 1547 1445 omnibus,
1578 1374 1638 1430 in
1662 1374 1865 1431 Domi—

216 1468 286 1511 no
308 1454 485 1528 ﬁdeli,
508 1460 565 1512 et
580 1457 742 1513 valde
766 1457 1128 1531 doctissimo,
1151 1474 1252 1518 seu
1272 1461 1344 1517 ab
1364 1463 1634 1519 omnibus
1659 1464 1864 1519 ortho—

208 1543 380 1599 doxis
401 1545 717 1616 multiplici
743 1547 1066 1605 scientiae...
1092 1549 1277 1620 gratia
1297 1550 1631 1607 decorato...
1651 1550 1862 1608 dilecto

218 1632 275 1687 in
303 1631 535 1689 Christo
555 1635 759 1691 Joanni
793 1638 863 1691 Μ.
899 1637 1223 1706 speculator
1247 1643 1455 1695 sanctae
1484 1640 1639 1696 sedis
1663 1639 1864 1696 Eccle-

210 1719 314 1774 size
345 1721 639 1777 Theatinaa
676 1723 1049 1794 episcopus...
1091 1727 1205 1782 Nos
1242 1727 1309 1782 de
1344 1728 1428 1781 iu.
1462 1733 1671 1784 sanctae
1708 1728 1863 1785 sedis

211 1809 479 1867 Ecclesia:
498 1812 581 1865 ill.
605 1812 910 1882 episcopus
935 1813 996 1869 in
1016 1814 1260 1872 Domino
1283 1817 1417 1873 Iesu
1440 1816 1668 1874 Christo
1694 1824 1864 1888 opta—

215 1911 344 1955 mus
370 1899 536 1956 vobis
575 1914 835 1972 magnam
871 1903 1114 1959 salutem
1153 1909 1326 1976 atque
1366 1905 1635 1962 honorem
1682 1906 1776 1961 hic
1805 1911 1864 1961 et

213 1988 275 2042 in
297 2002 498 2045 aevum.
522 1991 758 2060 Propter
797 1991 1342 2063 incommoditatem,
1368 1995 1517 2064 quod
1557 1995 1668 2050 iter
1695 2008 1862 2050 arre—

216 2081 346 2143 ptus
375 2090 503 2131 sum
536 2078 797 2147 partibus
820 2080 1142 2148 Beneventi,
1171 2081 1324 2137 sicut
1347 2082 1580 2138 domina
1608 2083 1862 2153 impera-

215 2164 331 2219 trix
350 2177 451 2234 per
469 2179 604 2222 suos
628 2167 820 2236 apices
842 2167 1117 2239 innotuit,
1143 2175 1207 2225 ut
1228 2170 1287 2225 in
1309 2170 1434 2240 ejus
1456 2171 1692 2231 servitio
1712 2171 1859 2227 alla—

216 2252 334 2309 turi
368 2252 554 2309 simus
584 2254 799 2325 quibus
822 2256 939 2326 jam
970 2271 1191 2327 semper
1221 2257 1281 2314 in
1313 2258 1575 2315 molestia
1603 2260 1863 2329 corporis

213 2340 449 2396 diutius
508 2339 840 2414 fatigamur,
884 2344 953 2400 ad
1003 2345 1245 2402 clericos
1296 2352 1506 2403 nostrai
1554 2347 1863 2405 diteceseos

214 2430 400 2485 sacris
427 2431 733 2487 ordinibus
761 2432 1158 2491 sublimandos
1179 2434 1588 2493 insuﬁicientes
1607 2436 1863 2492 arbitra—

220 2532 363 2574 mur.
397 2519 618 2575 Idcirco
645 2521 1025 2589 praesentibus
1055 2528 1263 2580 nostrae
1289 2525 1707 2581 mediocritatis
1730 2525 1865 2596 api»

216 2605 381 2662 cibus
408 2620 731 2678 exoramus,
761 2608 913 2665 hunc
947 2616 1275 2680 prmsentem
1297 2613 1568 2669 clericum
1604 2619 1862 2671 nostrum

218 2696 503 2765 Luponem
550 2695 621 2751 ad
666 2697 906 2767 gradum
950 2698 1253 2756 levitarum
1304 2703 1645 2773 promoveri,
1692 2708 1748 2758 et
1792 2703 1861 2758 ad

217 2789 460 2840 vestram
497 2784 826 2854 specialiter
869 2785 1285 2845 fraternitatem
1324 2790 1659 2862 dirigimus.
1699 2793 1767 2847 Et
1802 2798 1867 2847 ut

218 2873 324 2929 hoc
370 2873 589 2929 certius
638 2873 1116 2947 probabiliusque
1160 2879 1448 2950 credatur,
1489 2881 1683 2937 Graeca
1729 2881 1866 2937 huic

215 2961 492 3017 elementa
532 2962 753 3033 pagina:
796 2965 1110 3021 secundum
1147 2970 1363 3023 statuta
1397 2974 1606 3024 sanctae
1639 2983 1705 3024 ac
1740 2983 1866 3025 ma—

216 3064 339 3117 gna:
362 3050 562 3120 synodi
584 3050 827 3106 Nicaeus:
854 3051 1031 3107 inseri
1058 3054 1442 3126 praecipimus,
1467 3056 1735 3112 videlicet
1755 3058 1865 3112 Pa—

1972 559 2098 601 rum
2129 548 2382 606 virorum
2423 556 2868 627 communicare,
2902 566 3085 618 tamen
3117 574 3349 636 propter
3384 582 3482 625 eos
3513 571 3612 641 qui

1970 635 2340 693 cauteriatam
2370 640 2579 697 habent
2604 645 3014 703 conscientiam
3055 635 3240 724 suam,
3269 635 3615 715 dicentes-se

1969 736 2091 779 esse
2121 724 2432 800 simplices,
2461 744 2589 786 cum
2617 733 2736 789 sint
2764 737 2978 792 astutia
2999 739 3285 799 diabolica
3312 746 3533 816 repleti,
3561 751 3618 802 et

1972 825 2071 880 pro
2100 827 2270 883 opere
2302 816 2532 886 pietatis
2556 821 2760 877 dicunt
2785 838 2843 879 se
2867 825 2938 881 de
2960 826 3084 883 loco
3108 829 3176 884 ad
3208 831 3389 888 locum
3422 841 3618 892 trans-

1971 901 2076 971 ire,
2117 916 2243 957 cum
2278 905 2398 961 sint
2434 906 2665 979 fugitivi
2709 927 2812 968 sua
2853 916 3075 972 malitia
3117 916 3400 992 faciente;
3434 929 3488 978 et
3516 924 3617 980 di-

1969 994 2109 1045 cunt
2128 1005 2188 1046 se
2207 1006 2330 1049 esse
2354 996 2677 1055 ministerio
2697 1015 2859 1057 sacro
2888 1004 3152 1074 insertos,
3177 1023 3305 1064 cum
3329 1024 3438 1067 non
3464 1013 3611 1069 sint:

1971 1083 2250 1135 statutum
2280 1088 2365 1137 est
2403 1098 2434 1139 a
2464 1087 2681 1142 sanctis
2722 1091 2987 1147 Patribus
3027 1097 3309 1152 neminem
3343 1099 3616 1157 clericum

1972 1166 2223 1224 alienum
2249 1175 2306 1225 et
2332 1172 2591 1243 ignotum
2621 1177 2798 1247 recipi
2825 1179 2896 1234 ab
2921 1181 3118 1252 aliquo
3143 1186 3411 1256 episcopo
3436 1195 3492 1244 et
3519 1190 3619 1245 in—

1976 1254 2289 1312 thronizari
2318 1259 2375 1315 in
2403 1264 2788 1336 sua'ecclesia,
2818 1268 2932 1323 nisi
2965 1270 3167 1327 habeat
3187 1287 3217 1328 a
3245 1254 3478 1345 proprio
3503 1279 3620 1349 epi-

1974 1356 2144 1412 scopo
2174 1347 2474 1416 epistolam
2508 1366 2634 1421 quae
2669 1353 2727 1408 in
2770 1358 3089 1414 canonibus
3121 1363 3453 1420 nominatur
3491 1347 3615 1423 for-

1958 1437 2140 1485 emata.
2177 1433 2305 1488 Ideo
2338 1442 2535 1492 notum
2575 1436 2818 1496 facimus
2849 1446 3180 1512 paternitati
3215 1455 3431 1522 vestrae,
3464 1455 3613 1523 quod

1974 1531 2219 1587 praesens
2244 1520 2419 1578 frater
2440 1533 2630 1582 noster
2656 1528 2857 1585 harum
2885 1531 3207 1592 litterarum
3237 1520 3616 1608 portitor—no-

1975 1607 2124 1662 mine
2151 1609 2473 1669 Ecmannus
2504 1627 2615 1670 non
2658 1631 2759 1686 pro
2800 1633 2903 1675 sua
2937 1625 3199 1692 nequitia
3228 1607 3504 1696 expulsus
3532 1638 3619 1688 est

1970 1707 2003 1750 a
2028 1695 2217 1767 nobis,
2244 1699 2339 1754 sed
2363 1702 2793 1769 postulantibus
2820 1706 3098 1766 fratribus
3120 1695 3356 1786 nostris,
3378 1730 3443 1773 eo
3466 1721 3636 1789 quod'

1896 1772 1950 1833 Β
1971 1797 2039 1840 ex
2066 1784 2287 1842 familia
2312 1796 2507 1853 nostra
2536 1790 2669 1862 fuit,
2698 1800 2754 1850 et
2783 1804 2977 1854 noster
3003 1772 3355 1875 baptizatus,

1971 1872 2023 1927 ei
2052 1872 2371 1930 libertatem
2395 1884 2673 1947 receptam
2700 1896 2878 1940 cornu
2905 1886 3106 1944 altaris
3132 1872 3404 1949 canonice
3437 1903 3493 1952 et
3518 1912 3620 1953 or-

1970 1960 2298 2018 dinavimus
2337 1978 2465 2020 eum
2511 1967 2580 2022 ad
2623 1971 2860 2040 gradum
2903 1976 3241 2046 presbyterii
3271 1999 3286 2049 ;
3316 1983 3411 2038 cui
3444 1986 3615 2043 etiam

1974 2049 2075 2105 has
2109 2050 2475 2110 dimissorias
2512 2057 2633 2113 sive
2670 2063 3167 2122 commendatitias
3205 2068 3430 2127 litteras
3470 2073 3621 2131 feci-

1975 2152 2120 2211 mus,
2151 2146 2208 2196 et
2231 2155 2360 2198 eum
2390 2144 2457 2200 ad
2489 2154 2731 2204 vestram
2764 2150 3031 2209 dilectam
3068 2155 3485 2218 fraternitatem
3517 2165 3619 2220 di—

1976 2228 2253 2301 rigimus,
2275 2236 2336 2286 ut
2368 2232 2427 2288 in
2458 2241 2643 2292 vestra
2675 2240 2944 2307 parochia
2972 2242 3080 2299 sub
3111 2251 3296 2303 vestro
3326 2263 3488 2306 sacro
3521 2268 3619 2309 re-

1974 2316 2188 2387 gimine
2235 2324 2289 2375 et
2340 2320 2670 2380 defensione
2713 2329 3027 2387 consistere
3072 2333 3270 2390 valeat.
3329 2339 3464 2409 Ego,
3521 2340 3620 2396 in-

1956 2414 2162 2477 quam,
2206 2410 2589 2476 Burchardus,
2634 2415 2876 2473 humilis
2918 2421 3244 2495 episcopus,
3289 2427 3346 2481 in
3390 2432 3620 2488 nomine

1976 2495 2177 2567 Patris,
2211 2504 2267 2552 et
2292 2498 2448 2567 Filii,
2477 2509 2533 2556 et
2554 2503 2807 2572 Spiritus
2831 2509 3035 2580 sancti,
3066 2518 3121 2566 et
3147 2513 3206 2568 in
3238 2516 3457 2574 unitate
3480 2534 3621 2577 san—

1974 2587 2076 2639 cta:
2100 2584 2373 2677 Ecclesiae
2394 2588 2452 2643 in
2484 2603 2596 2659 qua
2627 2592 2790 2649 Petro
2818 2595 3012 2653 datum
3044 2605 3131 2656 est
3152 2601 3251 2671 jus
3279 2603 3500 2677 ligandi
3526 2615 3623 2667 at—

1978 2685 2085 2741 que
2123 2673 2403 2746 solvendi,
2448 2677 2680 2736 absolvo
2723 2683 3075 2742 Ecmannum
3120 2673 3512 2763 presbyterum
3551 2699 3623 2755 de

1960 2760 2208 2817 civitate
2256 2764 2635 2824 Vormatiensi
2679 2770 2997 2831 indictione
3040 2791 3097 2849 x,
3132 2784 3188 2834 et
3227 2760 3520 2842 licentiam
3550 2788 3624 2844 do

1978 2849 2139 2907 vobis
2170 2850 2597 2912 inthronizandi
2640 2872 2769 2915 eum
2802 2862 2862 2916 in
2893 2878 3297 2938 quamcunque
3324 2873 3622 2932 ecclesiam

1975 2939 2152 3026 vultis
2180 2946 2378 2997 vestrae
2405 2946 2701 3013 parochias.
2733 2950 2885 3006 Hanc
2914 2966 3049 3025 ergo
3078 2957 3378 3026 epistolam
3410 2963 3628 3020 Graecis

1976 3025 2191 3082 litteris
2223 3029 2357 3086 hinc
2388 3031 2633 3103 indeque
2666 3039 2890 3094 munire
2928 3025 3286 3103 decrevimus
3315 3055 3370 3105 et
3398 3064 3432 3106 a
3462 3054 3625 3111 nullo

215 3107 323 3193 tris
342 3107 543 3193 et'Filii
566 3144 622 3194 et
646 3138 903 3208 Spiritus
926 3107 1620 3200 sancti.Primaswlitteras
1649 3143 1860 3217 HOCA,

1976 3115 2228 3172 ecclesiae
2265 3124 2474 3175 nostrae
2514 3123 3493 3195 FirmacrensiumsFraternitatem
3522 3155 3625 3197 ve-

216 3238 343 3297 qua:
390 3240 543 3281 LXXX
590 3240 703 3282 Lxx
746 3240 805 3283 cc
843 3233 900 3284 et
949 3230 1200 3299 primum
1242 3232 1530 3303 signiﬁcat
1575 3247 1860 3291 numeros.

216 3314 365 3370 Petri
410 3328 638 3385 quoque
679 3316 1070 3386 apostolorum
1118 3320 1402 3390 principis
1443 3321 1627 3391 prima
1671 3321 1863 3379 littera

216 3414 281 3472 II,
314 3416 438 3472 quae
466 3415 613 3457 LXXX
645 3404 957 3475 signiﬁcat.
987 3408 1205 3462 Nostrae
1230 3422 1457 3479 quoque
1490 3410 1864 3467 mediocrita—

214 3491 293 3546 tis
322 3491 564 3560 primam
595 3492 846 3549 litteram
891 3506 949 3564 Μ,
983 3495 1365 3553 sublimitatis
1408 3504 1609 3554 vestra:
1656 3513 1870 3555 secun-

212 3578 342 3634 dam
379 3579 444 3651 O,
485 3581 612 3650 ejus
641 3582 741 3652 qui
772 3584 986 3654 accipit
1024 3586 1248 3642 tertiam
1280 3600 1320 3642 II
1365 3587 1623 3645 civitatis
1660 3593 1867 3645 nostrai

212 3671 544 3738 quartam...
583 3674 640 3726 et
676 3671 883 3727 Indict.
926 3674 1227 3743 praesentis
1261 3676 1397 3731 anni
1440 3677 1615 3733 istius
1651 3690 1747 3748 xv,
1780 3683 1864 3734 est

209 3761 403 3812 autem
437 3771 640 3815 nomen
670 3761 797 3831 ejus
826 3763 1114 3832 Luponem
1145 3763 1419 3821 clericum
1452 3764 1685 3823 futurus
1718 3767 1864 3825 levi-

212 3852 294 3900 ta.
318 3846 662 3905 Addidimus
698 3851 872 3906 etiam
911 3864 1083 3909 XCVIII
1114 3868 1148 3924 q
1169 3852 1219 3909 Θ
1251 3868 1351 3925 per
1377 3854 1495 3912 haec
1516 3858 1712 3914 Grieca
1741 3857 1863 3915 ele—

217 3937 404 3990 menta
441 3935 809 3995 adnotantur.
840 3938 1061 3995 ΑΜΗΝ.

368 4061 680 4117 Burchardi
722 4064 1111 4122 Vormatiensis
1150 4069 1386 4139 episcopi
1422 4072 1695 4127 Formata.

283 4167 343 4222 In
370 4169 600 4224 nomine
625 4171 812 4227 Patris
836 4176 893 4227 et
913 4172 1049 4228 Filii
1072 4177 1126 4229 et
1147 4174 1402 4244 Spiritus
1428 4180 1635 4234 sancti.
1658 4180 1856 4236 Amen.

212 4255 491 4314 Walterio
528 4259 819 4328 Spirensis
856 4262 1146 4332 epiSCOpo.
1177 4265 1294 4335 Ego
1323 4267 1692 4325 Burchardus
1721 4283 1863 4325 san—

210 4347 313 4400 ctae
361 4345 775 4404 Vormatiensis
818 4350 1085 4406 Ecclesiae
1131 4352 1370 4411 devotus
1416 4357 1606 4429 gregis
1643 4358 1856 4416 Christi

1976 3207 2150 3260 stram
2180 3204 2445 3263 Christus
2475 3209 2643 3265 nobis
2683 3211 3026 3272 incolumem
3056 3228 3367 3278 conservet.

2280 3294 2355 3348 II.
2385 3295 2455 3350 Υ.
2492 3297 2553 3351 Δ.
2585 3299 2649 3352 Β.
2684 3299 2753 3355 Θ.
2790 3302 2851 3358 v.
2886 3305 2979 3360 w.
3011 3306 3146 3379 d.)-(.
3183 3310 3244 3364 ιι.
3278 3314 3332 3367 Ζ.

1980 3381 2116 3437 Data
2141 3382 2445 3440 Vormatiae
2469 3387 2548 3441 Id.
2578 3388 2792 3461 Martii,
2823 3404 2974 3449 anno
3002 3396 3316 3456 Dominicm
3348 3401 3624 3463 incarna-

1979 3468 2158 3525 tionis
2188 3470 2318 3526 Mle.
2354 3473 2476 3544 XII,
2507 3474 2827 3534 indictione
2856 3480 3098 3540 decima.

2044 3560 2364 3616 Juramenta
2404 3565 2769 3635 episcoporum
2794 3575 3043 3640 prxstita
3072 3576 3191 3632 sedi
3215 3579 3547 3638 Arelatensi.

2044 3649 2161 3721 Ego
2192 3650 2431 3708 Pontius
2458 3656 2513 3709 S.
2547 3657 2741 3713 Mariae
2768 3659 3057 3733 Aquensis
3087 3667 3242 3723 sedis
3273 3683 3425 3727 nunc
3452 3674 3621 3729 ordi-

1977 3738 2121 3793 nand
2132 3752 2198 3795 us
2217 3740 2523 3812 episcOpus
2546 3744 2795 3802 debitam
2820 3749 3252 3827 subjectionem,
3277 3762 3333 3813 et
3354 3773 3621 3819 reveren-

1974 3824 2131 3896 tiam,
2182 3831 2239 3882 ct
2283 3827 2668 3889 obedientiam
2715 3848 2746 3891 a
2793 3837 2886 3892 SS.
2940 3838 3207 3900 Patribus
3242 3824 3620 3908 constitutam

1972 3915 2287 3973 secundum
2344 3926 2624 3992 praecepta
2672 3937 2955 3983 canonum
3001 3930 3052 3985 S.
3103 3932 3233 3989 Sedi
3272 3936 3622 3997 Arelatensis

1970 4005 2256 4075 Ecclesiae,
2312 4010 2750 4083 rectoribusque
2796 4017 2922 4086 ejus
2971 4019 3030 4074 in
3076 4025 3378 4091 praesentia
3423 4027 3619 4085 domni

1969 4094 2388 4166 archiepiscopi
2417 4099 2741 4159 Raimbaldi
2770 4114 3043 4177 perpetuo
3072 4113 3466 4173 exhibiturum
3501 4133 3622 4190 pro-

1976 4184 2158 4254 mitto,
2199 4189 2255 4241 et
2292 4201 2465 4258 super
2507 4198 2767 4249 sanctum
2810 4197 2990 4255 altare
3033 4205 3264 4273 propria
3305 4220 3476 4265 manu
3501 4184 3622 4269 'ﬁr-

1976 4287 2085 4331 mo.

2041 4363 2156 4434 Ego
2181 4362 2358 4421 frater
2398 4367 2720 4440 Rostagnus
2747 4372 2802 4427 S.
2834 4375 3122 4445 Aquensis
3148 4382 3417 4440 Ecclesiae
3447 4389 3613 4444 ordi-

211 4431 483 4506 famulus,
529 4436 588 4492 in
618 4437 731 4493 Deo
755 4452 899 4494 vera).
929 4454 1164 4497 summae
1198 4440 1499 4502 felicitatis
1538 4446 1859 4505 beatitudi-
1897 4447 1943 4505 1)
1975 4431 2198 4509 nandus
2230 4455 2535 4526 episcopus
2570 4431 2843 4534 debitam,
2878 4431 3009 4536 etc.,

213 4533 359 4577 nem.
406 4522 547 4579 Cum
593 4529 789 4581 sancta
830 4527 1125 4585 Catholica
1172 4532 1426 4589 Ecclesia
1478 4541 1739 4607 prompta
1781 4538 1860 4594 sit

208 4611 373 4681 sequi
412 4611 752 4670 documenta
779 4617 1125 4691 evangelica,
1160 4635 1285 4691 qua:
1311 4622 1555 4680 dicunt:
1582 4625 1687 4691 Qui
1711 4631 1861 4682 rec-i—

200 4700 290 4767 pit
310 4701 633 4771 prophetam
656 4704 717 4757 in
741 4707 958 4760 nomine
974 4709 1273 4778 prophetae,
1298 4714 1593 4769 mercedem
1612 4718 1860 4787 prophe-

206 4792 274 4843 τε
301 4792 568 4861 accipiet;
592 4797 643 4848 et
672 4795 770 4863 qui
792 4797 983 4865 recipit
1009 4797 1229 4866 justum
1246 4802 1306 4856 in
1325 4805 1540 4859 nomine
1554 4805 1719 4874 justi,
1746 4813 1853 4866 etc.

202 4878 429 4944 (Matth.
492 4893 551 4952 x,
604 4878 695 4951 41)
739 4900 755 4955 ;
805 4887 862 4940 et
904 4884 1213 4956 Apostolus
1263 4891 1465 4960 jubeat
1521 4892 1692 4963 (Rom.
1754 4900 1856 4973 xu)

275 4997 299 5025 ι
333 4987 398 5068 I_n
449 4986 554 5068 hac
606 4991 854 5048 secunda
903 4991 1163 5068 formata,
1214 5012 1340 5068 qua!
1387 4999 1753 5060 luxatissima
1800 5013 1854 5063 et

202 5056 648 5139 mendosissima
678 5067 783 5130 est,
814 5066 1085 5190 guasdem
1116 5056 1281 5126 voces
1307 5056 1539 5140 punctis
1569 5056 1852 5133 iudicatas

202 5139 531 5190 omnsrmus.
580 5145 646 5188 eo
703 5147 818 5190 auo
906 5150 1134 5190 sensum
1194 5154 1303 5190 non
1360 5144 1677 5190 redderent-
1731 5149 1846 5190 Alia

200 5127 531 5205 omisimus,
580 5145 646 5188 eo
703 5127 854 5203 quod
906 5150 1134 5193 sensum
1193 5127 1322 5199 non'
1357 5127 1848 5205 redderent."}tlia

202 5210 385 5288 pauca
434 5204 562 5288 tute
593 5206 1059 5288 emendayimus,
1088 5211 1174 5288 uti
1213 5214 1282 5288 Δί
1306 5217 1612 5288 speculator
1647 5233 1748 5288 pro
1786 5235 1849 5276 eo

197 5269 358 5357 quod
391 5271 788 5357 scriptumest
816 5269 1199 5357 inspeczilator.
1240 5269 1700 5357 Episcopienirrn
1720 5269 1849 5347 Vno;

200 5352 504 5433 menhquo
536 5344 794 5433 {Iceloco
830 5344 1115 5433 signatur,
1158 5344 1369 5433 incipit
1392 5371 1427 5433 ξι
1452 5344 1650 5433 littera
1674 5344 1851 5433 IlI,"ut

190 5410 308 5499 sub
334 5410 509 5499 ﬁnem
543 5415 729 5499 ipsius
759 5410 1013 5499 formj’ataa
1054 5410 1305 5481 traditur
1326 5410 1364 5497 ίςί
1385 5410 1659 5499 facilique
1680 5410 1851 5489 3.1.5.1

194 5483 509 5569 nuensium
542 5483 853 5569 oscitantia
881 5494 940 5546 in
980 5507 1082 5563 pro
1096 5511 1163 5569 1n
1191 5483 1849 5569 nonrn'unquamrscri‘hi—

193 5558 326 5646 ξρςί
338 5555 645 5646 Caulogus
661 5555 1070 5646 episcoporum
1096 5566 1363 5646 Ecclesia;
1385 5555 1846 5646 Theatinaiapud

203 5622 806 5701 Ughellum,'cum'sit
837 5622 1225 5711 imperfectus,
1258 5622 1861 5719 huius"éﬁié'c'6pi"if3l

669 5721 901 5780 PATROL.
936 5724 1190 5784 CXXIX.

2041 4541 2157 4612 Ego
2185 4542 2505 4635 Stephanus
2531 4544 2911 4607 Vendacensis
2934 4554 3199 4613 Ecclesiae
3229 4566 3461 4619 vocatus
3479 4565 3618 4635 epi-

1973 4643 2180 4700 scopus
2219 4634 2489 4701 promitto
2532 4649 2720 4692 coram
2759 4639 2873 4695 Deo
2902 4646 2959 4698 et
2984 4646 3199 4702 sanctis
3236 4648 3361 4717 ejus
3390 4634 3611 4711 omnem

1972 4719 2404 4793 subjectionem,
2445 4728 2502 4778 et
2530 4723 2915 4785 obedientiam
2959 4734 3311 4808 canonicam,
3337 4744 3394 4795 et
3420 4739 3615 4799 ﬁdeli-

1971 4813 2139 4865 tatem
2181 4809 2447 4866 Ecclesiae
2482 4812 2539 4867 S.
2582 4813 2854 4884 Stephani
2899 4819 3055 4877 sedis
3095 4822 3467 4893 Arelatensis,
3510 4832 3609 4890 ubi

1967 4912 2177 4970 corpus
2201 4901 2258 4955 B.
2291 4900 2585 4972 Trophimi
2618 4903 2965 4965 confessoris
2994 4912 3262 4987 quiescit,
3296 4924 3353 4974 et
3380 4921 3606 4993 Annoni

1966 5021 2093 5093 men
2129 5022 2161 5064 a
2191 5007 2382 5093 littera
2408 5012 2466 5064 Μ
2504 5012 2817 5093 incipiente
2848 5030 2959 5093 non
2991 5026 3272 5093 suggerit.
3312 5028 3451 5086 Cum
3476 5046 3605 5088 vero

1967 5080 3609 5181 9ξίπέἑῖΓέίυὶηί.⁵ἕ¹.ιῖἓ.τ3.ἓῐί⁵ίρ..ίὲ.ιξὲῖ,ιὲθιέίέγθῖιῖίλκίτιῖιῖιῐέἐιέἱεί

1963 5151 2217 5235 sabatur,
2244 5158 2608 5235 poteturque
2662 5151 2906 5235 indictio
2943 5176 3041 5235 xv,
3087 5151 3603 5230 indicariwﬁdet'ur

1962 5222 2678 5311 sivenadelais'Ottonisul
2715 5245 2877 5311 uxor,
2916 5222 3040 5311 sive
3074 5222 3602 5311 rhébjiiizinih‘ébﬁl

1956 5294 2061 5381 just
2085 5292 2321 5381 Qttonis
2338 5298 2404 5358 II,
2428 5292 2889 5381 qute‘aliquotie's
2914 5306 2975 5381 in
3000 5292 3499 5381 iiisdemvpart—i‘b'us'
3512 5292 3601 5369 eit-

1961 5364 2177 5447 stitere.
2205 5366 2325 5447 Etsi
2357 5364 2511 5447 enim
2538 5364 2883 5447 Angi‘lberga
2914 5364 3199 5436 Ludovici
3222 5364 3602 5440 inistiini—

1960 5437 2085 5525 d'em
2122 5435 2302 5520 fuerit
2316 5457 2349 5525 ,ς-
2373 5435 2848 5525 indictio'tameﬁ
2884 5462 2957 5503 xv
3000 5435 3270 5525 ipsi_non
3307 5435 3593 5525 congruit.

1962 5507 2260 5587 Hi_nc__ergo
2289 5508 2387 5587 ille
2416 5513 2728 5587 Theatinus
2756 5507 3058 5587 episcopus
3083 5520 3153 5575 M.
3185 5521 3292 5578 sub
3320 5507 3599 5584 ottzhié'i

1963 5578 2047 5669 vel
2088 5581 2134 5669 Il
2170 5578 2414 5669 imperio
2452 5585 2620 5669 visit,
2656 5600 2722 5669 ac
2753 5578 3159 5669 Theatihorum
3199 5578 3597 5669 episcoporum

1959 5651 2217 5725 catalogo
2242 5651 2617 5725 adjiciendus
2632 5663 2737 5715 est.
2768 5657 3156 5733 (BALLERINII.)

3324 5753 3393 5814 44
