  <div class='ocr_page' id='page_1' title='image "/cluster/home/n/w/nwhite01/storage/ocr_20150623/129/hvd.32044054759907/699.png"; bbox 0 0 4054 6192; ppageno 0'>
   <div class='ocr_carea' id='block_1_1' title="bbox 411 275 550 336">
    <p class='ocr_par' dir='ltr' id='par_1_1' title="bbox 411 275 550 336">
     <span class='ocr_line' id='line_1_1' title="bbox 411 275 550 336; baseline 0 0"><span class='ocrx_word' id='word_1_1' title='bbox 411 275 550 336; x_wconf 72' lang='grc'><strong>4387</strong></span> 
     </span>
    </p>
   </div>
   <div class='ocr_carea' id='block_1_2' title="bbox 1335 272 2887 338">
    <p class='ocr_par' dir='ltr' id='par_1_2' title="bbox 1335 272 2887 338">
     <span class='ocr_line' id='line_1_2' title="bbox 1335 272 2887 338; baseline 0.004 -6"><span class='ocrx_word' id='word_1_2' title='bbox 1335 276 1625 332; x_wconf 82' lang='grc' dir='ltr'><strong>ΑΡΡΒΝΙ).</strong></span> <span class='ocrx_word' id='word_1_3' title='bbox 1665 275 1760 331; x_wconf 84' lang='lat' dir='ltr'><strong>AD</strong></span> <span class='ocrx_word' id='word_1_4' title='bbox 1795 273 1957 332; x_wconf 69' lang='lat' dir='ltr'><strong>SIEC.</strong></span> <span class='ocrx_word' id='word_1_5' title='bbox 1998 272 2080 332; x_wconf 79' lang='lat' dir='ltr'><strong>IX</strong></span> <span class='ocrx_word' id='word_1_6' title='bbox 2107 303 2177 317; x_wconf 92' lang='lat'><strong>-—</strong></span> <span class='ocrx_word' id='word_1_7' title='bbox 2204 275 2517 336; x_wconf 80' lang='lat' dir='ltr'><strong>AUTORES</strong></span> <span class='ocrx_word' id='word_1_8' title='bbox 2551 279 2887 338; x_wconf 82' lang='lat' dir='ltr'><strong>ANONYM].</strong></span> 
     </span>
    </p>
   </div>
   <div class='ocr_carea' id='block_1_3' title="bbox 3687 279 3828 338">
    <p class='ocr_par' dir='ltr' id='par_1_3' title="bbox 3687 279 3828 338">
     <span class='ocr_line' id='line_1_3' title="bbox 3687 279 3828 338; baseline 0.014 -2"><span class='ocrx_word' id='word_1_9' title='bbox 3687 279 3828 338; x_wconf 75' lang='grc'><strong>4388</strong></span> 
     </span>
    </p>
   </div>
   <div class='ocr_carea' id='block_1_4' title="bbox 409 397 3837 476">
    <p class='ocr_par' dir='ltr' id='par_1_4' title="bbox 409 397 3837 476">
     <span class='ocr_line' id='line_1_4' title="bbox 409 397 3837 476; baseline 0.001 -18"><span class='ocrx_word' id='word_1_10' title='bbox 409 401 675 472; x_wconf 86' lang='lat' dir='ltr'><strong>prasenti</strong></span> <span class='ocrx_word' id='word_1_11' title='bbox 731 399 1188 472; x_wconf 79' lang='lat' dir='ltr'><strong>archiepiscopo,</strong></span> <span class='ocrx_word' id='word_1_12' title='bbox 1237 405 1296 458; x_wconf 91' lang='lat' dir='ltr'><strong>et</strong></span> <span class='ocrx_word' id='word_1_13' title='bbox 1341 399 1776 458; x_wconf 81' lang='lat' dir='ltr'><strong>successoribus</strong></span> <span class='ocrx_word' id='word_1_14' title='bbox 1813 400 1962 471; x_wconf 85' lang='lat' dir='ltr'><strong>ejus,</strong></span> <span class='ocrx_word' id='word_1_15' title='bbox 2009 397 2062 453; x_wconf 91' lang='lat' dir='ltr'><strong>si</strong></span> <span class='ocrx_word' id='word_1_16' title='bbox 2090 401 2148 461; x_wconf 90' lang='lat' dir='ltr'><strong>A</strong></span> <span class='ocrx_word' id='word_1_17' title='bbox 2174 399 2712 474; x_wconf 85' lang='lat' dir='ltr'><strong>dringentesimum,</strong></span> <span class='ocrx_word' id='word_1_18' title='bbox 2741 407 2800 460; x_wconf 90' lang='lat' dir='ltr'><strong>et</strong></span> <span class='ocrx_word' id='word_1_19' title='bbox 2823 403 3077 475; x_wconf 87' lang='lat' dir='ltr'><strong>primum</strong></span> <span class='ocrx_word' id='word_1_20' title='bbox 3129 403 3470 476; x_wconf 83' lang='lat' dir='ltr'><strong>signiﬁcant</strong></span> <span class='ocrx_word' id='word_1_21' title='bbox 3511 415 3837 470; x_wconf 81' lang='lat' dir='ltr'><strong>numerum,</strong></span> 
     </span>
    </p>
   </div>
   <div class='ocr_carea' id='block_1_5' title="bbox 408 491 954 562">
    <p class='ocr_par' dir='ltr' id='par_1_5' title="bbox 408 491 954 562">
     <span class='ocr_line' id='line_1_5' title="bbox 408 491 954 562; baseline -0.004 -14"><span class='ocrx_word' id='word_1_22' title='bbox 408 503 538 548; x_wconf 90' lang='lat' dir='ltr'><strong>eum</strong></span> <span class='ocrx_word' id='word_1_23' title='bbox 581 506 647 548; x_wconf 91' lang='lat' dir='ltr'><strong>su</strong></span> <span class='ocrx_word' id='word_1_24' title='bbox 657 491 954 562; x_wconf 80' lang='lat' dir='ltr'><strong>pervixero</strong></span> 
     </span>
    </p>
   </div>
   <div class='ocr_carea' id='block_1_6' title="bbox 477 576 2059 654">
    <p class='ocr_par' dir='ltr' id='par_1_6' title="bbox 477 576 2059 654">
     <span class='ocr_line' id='line_1_6' title="bbox 477 576 2059 654; baseline -0.003 -17"><span class='ocrx_word' id='word_1_25' title='bbox 477 582 595 654; x_wconf 87' lang='lat' dir='ltr'><strong>Ego</strong></span> <span class='ocrx_word' id='word_1_26' title='bbox 629 579 968 651; x_wconf 90' lang='lat' dir='ltr'><strong>Arnulphus</strong></span> <span class='ocrx_word' id='word_1_27' title='bbox 1003 579 1332 637; x_wconf 83' lang='lat' dir='ltr'><strong>Vinciensis</strong></span> <span class='ocrx_word' id='word_1_28' title='bbox 1365 579 1632 638; x_wconf 91' lang='lat' dir='ltr'><strong>Ecclesia</strong></span> <span class='ocrx_word' id='word_1_29' title='bbox 1659 583 1897 636; x_wconf 88' lang='lat' dir='ltr'><strong>vocatus</strong></span> <span class='ocrx_word' id='word_1_30' title='bbox 1923 576 2059 648; x_wconf 86' lang='lat' dir='ltr'><strong>epi-</strong></span> 
     </span>
    </p>
   </div>
   <div class='ocr_carea' id='block_1_7' title="bbox 410 665 2056 741">
    <p class='ocr_par' dir='ltr' id='par_1_7' title="bbox 410 665 2056 741">
     <span class='ocr_line' id='line_1_7' title="bbox 410 665 2056 741; baseline -0.004 -15"><span class='ocrx_word' id='word_1_31' title='bbox 410 683 638 740; x_wconf 88' lang='lat' dir='ltr'><strong>scopus,</strong></span> <span class='ocrx_word' id='word_1_32' title='bbox 684 674 818 741; x_wconf 88' lang='lat' dir='ltr'><strong>etc.,</strong></span> <span class='ocrx_word' id='word_1_33' title='bbox 850 674 910 725; x_wconf 90' lang='lat' dir='ltr'><strong>ut</strong></span> <span class='ocrx_word' id='word_1_34' title='bbox 939 671 1000 724; x_wconf 87' lang='lat' dir='ltr'><strong>in</strong></span> <span class='ocrx_word' id='word_1_35' title='bbox 1032 670 1382 740; x_wconf 82' lang='lat' dir='ltr'><strong>pracedenti.</strong></span> <span class='ocrx_word' id='word_1_36' title='bbox 1427 669 1617 724; x_wconf 88' lang='lat' dir='ltr'><strong>Solum</strong></span> <span class='ocrx_word' id='word_1_37' title='bbox 1655 683 1759 739; x_wconf 85' lang='lat' dir='ltr'><strong>pro</strong></span> <span class='ocrx_word' id='word_1_38' title='bbox 1804 665 2056 737; x_wconf 89' lang='lat' dir='ltr'><strong>Annoni,</strong></span> 
     </span>
    </p>
   </div>
   <div class='ocr_carea' id='block_1_8' title="bbox 414 755 2064 830">
    <p class='ocr_par' dir='ltr' id='par_1_8' title="bbox 414 755 2064 830">
     <span class='ocr_line' id='line_1_8' title="bbox 414 755 2064 830; baseline -0.003 -15"><span class='ocrx_word' id='word_1_39' title='bbox 414 759 680 830; x_wconf 89' lang='lat' dir='ltr'><strong>prasenti</strong></span> <span class='ocrx_word' id='word_1_40' title='bbox 709 758 1145 830; x_wconf 80' lang='lat' dir='ltr'><strong>archiepiscopo</strong></span> <span class='ocrx_word' id='word_1_41' title='bbox 1175 759 1336 814; x_wconf 80' lang='lat' dir='ltr'><strong>habet</strong></span> <span class='ocrx_word' id='word_1_42' title='bbox 1365 757 1634 816; x_wconf 87' lang='lat' dir='ltr'><strong>Pontioni</strong></span> <span class='ocrx_word' id='word_1_43' title='bbox 1662 755 1929 828; x_wconf 88' lang='lat' dir='ltr'><strong>prasenti</strong></span> <span class='ocrx_word' id='word_1_44' title='bbox 1960 768 2064 810; x_wconf 78' lang='lat' dir='ltr'><strong>ar—</strong></span> 
     </span>
    </p>
   </div>
   <div class='ocr_carea' id='block_1_9' title="bbox 415 847 808 918">
    <p class='ocr_par' dir='ltr' id='par_1_9' title="bbox 415 847 808 918">
     <span class='ocr_line' id='line_1_9' title="bbox 415 847 808 918; baseline 0 -16"><span class='ocrx_word' id='word_1_45' title='bbox 415 847 808 918; x_wconf 89' lang='lat' dir='ltr'><strong>chiepisc0po.</strong></span> 
     </span>
    </p>
   </div>
   <div class='ocr_carea' id='block_1_10' title="bbox 484 931 2068 1008">
    <p class='ocr_par' dir='ltr' id='par_1_10' title="bbox 484 931 2068 1008">
     <span class='ocr_line' id='line_1_10' title="bbox 484 931 2068 1008; baseline -0.002 -17"><span class='ocrx_word' id='word_1_46' title='bbox 484 937 602 1008; x_wconf 89' lang='lat' dir='ltr'><strong>Ego</strong></span> <span class='ocrx_word' id='word_1_47' title='bbox 649 936 998 993; x_wconf 87' lang='lat' dir='ltr'><strong>Bertrandus</strong></span> <span class='ocrx_word' id='word_1_48' title='bbox 1045 937 1104 992; x_wconf 94' lang='lat' dir='ltr'><strong>S.</strong></span> <span class='ocrx_word' id='word_1_49' title='bbox 1154 935 1310 992; x_wconf 92' lang='lat' dir='ltr'><strong>sedis</strong></span> <span class='ocrx_word' id='word_1_50' title='bbox 1356 934 1625 992; x_wconf 90' lang='lat' dir='ltr'><strong>Ecclesia</strong></span> <span class='ocrx_word' id='word_1_51' title='bbox 1669 931 2068 1004; x_wconf 85' lang='lat' dir='ltr'><strong>Forujulensis</strong></span> 
     </span>
    </p>
   </div>
   <div class='ocr_carea' id='block_1_11' title="bbox 419 1022 2070 1096">
    <p class='ocr_par' dir='ltr' id='par_1_11' title="bbox 419 1022 2070 1096">
     <span class='ocr_line' id='line_1_11' title="bbox 419 1022 2070 1096; baseline -0.004 -15"><span class='ocrx_word' id='word_1_52' title='bbox 419 1037 572 1081; x_wconf 88' lang='lat' dir='ltr'><strong>nunc</strong></span> <span class='ocrx_word' id='word_1_53' title='bbox 601 1025 962 1081; x_wconf 89' lang='lat' dir='ltr'><strong>ordinandus</strong></span> <span class='ocrx_word' id='word_1_54' title='bbox 988 1025 1316 1096; x_wconf 86' lang='lat' dir='ltr'><strong>episcopus,</strong></span> <span class='ocrx_word' id='word_1_55' title='bbox 1357 1028 1490 1094; x_wconf 89' lang='lat' dir='ltr'><strong>etc.,</strong></span> <span class='ocrx_word' id='word_1_56' title='bbox 1524 1029 1587 1079; x_wconf 87' lang='lat' dir='ltr'><strong>ut</strong></span> <span class='ocrx_word' id='word_1_57' title='bbox 1613 1039 1784 1095; x_wconf 83' lang='lat' dir='ltr'><strong>supra</strong></span> <span class='ocrx_word' id='word_1_58' title='bbox 1812 1024 1873 1077; x_wconf 83' lang='lat' dir='ltr'><strong>in</strong></span> <span class='ocrx_word' id='word_1_59' title='bbox 1889 1022 2070 1091; x_wconf 86' lang='lat' dir='ltr'><strong>jura—</strong></span> 
     </span>
    </p>
   </div>
   <div class='ocr_carea' id='block_1_12' title="bbox 415 1115 1141 1183">
    <p class='ocr_par' dir='ltr' id='par_1_12' title="bbox 415 1115 1141 1183">
     <span class='ocr_line' id='line_1_12' title="bbox 415 1115 1141 1183; baseline -0.001 -14"><span class='ocrx_word' id='word_1_60' title='bbox 415 1118 592 1169; x_wconf 88' lang='lat' dir='ltr'><strong>mento</strong></span> <span class='ocrx_word' id='word_1_61' title='bbox 628 1115 810 1168; x_wconf 92' lang='lat' dir='ltr'><strong>Pontii</strong></span> <span class='ocrx_word' id='word_1_62' title='bbox 843 1115 1141 1183; x_wconf 81' lang='lat' dir='ltr'><strong>Aquensis.</strong></span> 
     </span>
    </p>
   </div>
   <div class='ocr_carea' id='block_1_13' title="bbox 499 1199 2074 1275">
    <p class='ocr_par' dir='ltr' id='par_1_13' title="bbox 499 1199 2074 1275">
     <span class='ocr_line' id='line_1_13' title="bbox 499 1199 2074 1275; baseline -0.004 -15"><span class='ocrx_word' id='word_1_63' title='bbox 499 1204 618 1275; x_wconf 88' lang='lat' dir='ltr'><strong>Ego</strong></span> <span class='ocrx_word' id='word_1_64' title='bbox 686 1203 1035 1259; x_wconf 88' lang='lat' dir='ltr'><strong>Bertrandus</strong></span> <span class='ocrx_word' id='word_1_65' title='bbox 1104 1203 1380 1275; x_wconf 85' lang='lat' dir='ltr'><strong>Regensis</strong></span> <span class='ocrx_word' id='word_1_66' title='bbox 1442 1200 1711 1258; x_wconf 88' lang='lat' dir='ltr'><strong>Ecclesia</strong></span> <span class='ocrx_word' id='word_1_67' title='bbox 1769 1199 2074 1270; x_wconf 86' lang='lat' dir='ltr'><strong>episcost</strong></span> 
     </span>
    </p>
   </div>
   <div class='ocr_carea' id='block_1_14' title="bbox 420 1284 2076 1363">
    <p class='ocr_par' dir='ltr' id='par_1_14' title="bbox 420 1284 2076 1363">
     <span class='ocr_line' id='line_1_14' title="bbox 420 1284 2076 1363; baseline -0.005 -15"><span class='ocrx_word' id='word_1_68' title='bbox 420 1297 675 1363; x_wconf 89' lang='lat' dir='ltr'><strong>vocatus,</strong></span> <span class='ocrx_word' id='word_1_69' title='bbox 703 1291 972 1362; x_wconf 88' lang='lat' dir='ltr'><strong>proﬁteor</strong></span> <span class='ocrx_word' id='word_1_70' title='bbox 988 1303 1058 1346; x_wconf 90' lang='lat' dir='ltr'><strong>ne</strong></span> <span class='ocrx_word' id='word_1_71' title='bbox 1072 1291 1342 1362; x_wconf 89' lang='lat' dir='ltr'><strong>deinceps</strong></span> <span class='ocrx_word' id='word_1_72' title='bbox 1361 1289 1470 1347; x_wconf 88' lang='lat' dir='ltr'><strong>sub</strong></span> <span class='ocrx_word' id='word_1_73' title='bbox 1483 1289 1708 1346; x_wconf 90' lang='lat' dir='ltr'><strong>ditione</strong></span> <span class='ocrx_word' id='word_1_74' title='bbox 1725 1284 2076 1344; x_wconf 76' lang='lat' dir='ltr'><strong>Arelatensis</strong></span> 
     </span>
    </p>
   </div>
   <div class='ocr_carea' id='block_1_15' title="bbox 425 1375 2078 1453">
    <p class='ocr_par' dir='ltr' id='par_1_15' title="bbox 425 1375 2078 1453">
     <span class='ocr_line' id='line_1_15' title="bbox 425 1375 2078 1453; baseline -0.003 -18"><span class='ocrx_word' id='word_1_75' title='bbox 425 1379 803 1453; x_wconf 79' lang='lat' dir='ltr'><strong>inetrOpolita</strong></span> <span class='ocrx_word' id='word_1_76' title='bbox 830 1379 1166 1450; x_wconf 72' lang='lat' dir='ltr'><strong>consistere,</strong></span> <span class='ocrx_word' id='word_1_77' title='bbox 1219 1383 1276 1436; x_wconf 89' lang='lat' dir='ltr'><strong>et</strong></span> <span class='ocrx_word' id='word_1_78' title='bbox 1305 1379 1432 1450; x_wconf 86' lang='lat' dir='ltr'><strong>ejus</strong></span> <span class='ocrx_word' id='word_1_79' title='bbox 1455 1377 1824 1450; x_wconf 90' lang='lat' dir='ltr'><strong>jussionibus</strong></span> <span class='ocrx_word' id='word_1_80' title='bbox 1851 1375 2078 1433; x_wconf 91' lang='lat' dir='ltr'><strong>obtem-</strong></span> 
     </span>
    </p>
   </div>
   <div class='ocr_carea' id='block_1_16' title="bbox 429 1483 644 1539">
    <p class='ocr_par' dir='ltr' id='par_1_16' title="bbox 429 1483 644 1539">
     <span class='ocr_line' id='line_1_16' title="bbox 429 1483 644 1539; baseline -0.014 -12"><span class='ocrx_word' id='word_1_81' title='bbox 429 1483 556 1539; x_wconf 86' lang='lat' dir='ltr'><strong>pera</strong></span> <span class='ocrx_word' id='word_1_82' title='bbox 565 1483 644 1526; x_wconf 91' lang='lat' dir='ltr'><strong>re.</strong></span> 
     </span>
    </p>
   </div>
   <div class='ocr_carea' id='block_1_17' title="bbox 495 1554 2076 1632">
    <p class='ocr_par' dir='ltr' id='par_1_17' title="bbox 495 1554 2076 1632">
     <span class='ocr_line' id='line_1_17' title="bbox 495 1554 2076 1632; baseline -0.004 -17"><span class='ocrx_word' id='word_1_83' title='bbox 495 1561 611 1632; x_wconf 88' lang='lat' dir='ltr'><strong>Ego</strong></span> <span class='ocrx_word' id='word_1_84' title='bbox 655 1557 958 1630; x_wconf 88' lang='lat' dir='ltr'><strong>Agelricus</strong></span> <span class='ocrx_word' id='word_1_85' title='bbox 1015 1561 1225 1614; x_wconf 85' lang='lat' dir='ltr'><strong>sancta</strong></span> <span class='ocrx_word' id='word_1_86' title='bbox 1283 1555 1560 1629; x_wconf 82' lang='lat' dir='ltr'><strong>Regensis</strong></span> <span class='ocrx_word' id='word_1_87' title='bbox 1599 1554 1869 1612; x_wconf 88' lang='lat' dir='ltr'><strong>Ecclesia</strong></span> <span class='ocrx_word' id='word_1_88' title='bbox 1922 1565 2076 1610; x_wconf 89' lang='lat' dir='ltr'><strong>nunc</strong></span> 
     </span>
    </p>
   </div>
   <div class='ocr_carea' id='block_1_18' title="bbox 425 1641 2076 1717">
    <p class='ocr_par' dir='ltr' id='par_1_18' title="bbox 425 1641 2076 1717">
     <span class='ocr_line' id='line_1_18' title="bbox 425 1641 2076 1717; baseline -0.005 -14"><span class='ocrx_word' id='word_1_89' title='bbox 425 1646 784 1703; x_wconf 87' lang='lat' dir='ltr'><strong>ordinandus</strong></span> <span class='ocrx_word' id='word_1_90' title='bbox 824 1644 1150 1716; x_wconf 87' lang='lat' dir='ltr'><strong>episcopus,</strong></span> <span class='ocrx_word' id='word_1_91' title='bbox 1176 1650 1308 1717; x_wconf 88' lang='lat' dir='ltr'><strong>etc.,</strong></span> <span class='ocrx_word' id='word_1_92' title='bbox 1353 1649 1416 1700; x_wconf 90' lang='lat' dir='ltr'><strong>ut</strong></span> <span class='ocrx_word' id='word_1_93' title='bbox 1443 1647 1505 1700; x_wconf 85' lang='lat' dir='ltr'><strong>in</strong></span> <span class='ocrx_word' id='word_1_94' title='bbox 1544 1644 1864 1714; x_wconf 85' lang='lat' dir='ltr'><strong>juramento</strong></span> <span class='ocrx_word' id='word_1_95' title='bbox 1891 1641 2076 1697; x_wconf 86' lang='lat' dir='ltr'><strong>Pontii</strong></span> 
     </span>
    </p>
   </div>
   <div class='ocr_carea' id='block_1_19' title="bbox 427 1735 728 1806">
    <p class='ocr_par' dir='ltr' id='par_1_19' title="bbox 427 1735 728 1806">
     <span class='ocr_line' id='line_1_19' title="bbox 427 1735 728 1806; baseline -0.007 -16"><span class='ocrx_word' id='word_1_96' title='bbox 427 1735 728 1806; x_wconf 78' lang='lat' dir='ltr'><strong>Aquensis.</strong></span> 
     </span>
    </p>
   </div>
   <div class='ocr_carea' id='block_1_20' title="bbox 493 1817 2076 1894">
    <p class='ocr_par' dir='ltr' id='par_1_20' title="bbox 493 1817 2076 1894">
     <span class='ocr_line' id='line_1_20' title="bbox 493 1817 2076 1894; baseline -0.004 -15"><span class='ocrx_word' id='word_1_97' title='bbox 493 1824 611 1894; x_wconf 87' lang='lat' dir='ltr'><strong>Ego</strong></span> <span class='ocrx_word' id='word_1_98' title='bbox 638 1821 935 1879; x_wconf 89' lang='lat' dir='ltr'><strong>Adilricus</strong></span> <span class='ocrx_word' id='word_1_99' title='bbox 955 1820 1359 1877; x_wconf 83' lang='lat' dir='ltr'><strong>Arausicensis</strong></span> <span class='ocrx_word' id='word_1_100' title='bbox 1378 1819 1647 1877; x_wconf 87' lang='lat' dir='ltr'><strong>Ecclesia</strong></span> <span class='ocrx_word' id='word_1_101' title='bbox 1674 1821 1910 1877; x_wconf 86' lang='lat' dir='ltr'><strong>vocatus</strong></span> <span class='ocrx_word' id='word_1_102' title='bbox 1942 1817 2076 1888; x_wconf 89' lang='lat' dir='ltr'><strong>epi-</strong></span> 
     </span>
    </p>
   </div>
   <div class='ocr_carea' id='block_1_21' title="bbox 427 1907 2074 1981">
    <p class='ocr_par' dir='ltr' id='par_1_21' title="bbox 427 1907 2074 1981">
     <span class='ocr_line' id='line_1_21' title="bbox 427 1907 2074 1981; baseline -0.005 -12"><span class='ocrx_word' id='word_1_103' title='bbox 427 1924 654 1981; x_wconf 87' lang='lat' dir='ltr'><strong>scopus,</strong></span> <span class='ocrx_word' id='word_1_104' title='bbox 689 1915 820 1981; x_wconf 88' lang='lat' dir='ltr'><strong>etc.,</strong></span> <span class='ocrx_word' id='word_1_105' title='bbox 848 1915 911 1966; x_wconf 84' lang='lat' dir='ltr'><strong>ut</strong></span> <span class='ocrx_word' id='word_1_106' title='bbox 933 1911 994 1964; x_wconf 88' lang='lat' dir='ltr'><strong>in</strong></span> <span class='ocrx_word' id='word_1_107' title='bbox 1011 1909 1331 1978; x_wconf 84' lang='lat' dir='ltr'><strong>juramento</strong></span> <span class='ocrx_word' id='word_1_108' title='bbox 1369 1908 1635 1979; x_wconf 81' lang='lat' dir='ltr'><strong>Stephani</strong></span> <span class='ocrx_word' id='word_1_109' title='bbox 1685 1907 2074 1964; x_wconf 86' lang='lat' dir='ltr'><strong>Vendacensis.</strong></span> 
     </span>
    </p>
   </div>
   <div class='ocr_carea' id='block_1_22' title="bbox 497 1995 2080 2072">
    <p class='ocr_par' dir='ltr' id='par_1_22' title="bbox 497 1995 2080 2072">
     <span class='ocr_line' id='line_1_22' title="bbox 497 1995 2080 2072; baseline -0.003 -16"><span class='ocrx_word' id='word_1_110' title='bbox 497 2001 615 2072; x_wconf 85' lang='lat' dir='ltr'><strong>Ego</strong></span> <span class='ocrx_word' id='word_1_111' title='bbox 641 1999 940 2056; x_wconf 87' lang='lat' dir='ltr'><strong>Adilricus</strong></span> <span class='ocrx_word' id='word_1_112' title='bbox 959 1997 1380 2068; x_wconf 88' lang='lat' dir='ltr'><strong>Arausicensis,</strong></span> <span class='ocrx_word' id='word_1_113' title='bbox 1408 2002 1464 2054; x_wconf 91' lang='lat' dir='ltr'><strong>et</strong></span> <span class='ocrx_word' id='word_1_114' title='bbox 1485 1995 1962 2054; x_wconf 87' lang='lat' dir='ltr'><strong>Tricastrinensis</strong></span> <span class='ocrx_word' id='word_1_115' title='bbox 1989 2008 2080 2052; x_wconf 83' lang='lat' dir='ltr'><strong>vo-</strong></span> 
     </span>
    </p>
   </div>
   <div class='ocr_carea' id='block_1_23' title="bbox 425 2083 2082 2159">
    <p class='ocr_par' dir='ltr' id='par_1_23' title="bbox 425 2083 2082 2159">
     <span class='ocr_line' id='line_1_23' title="bbox 425 2083 2082 2159; baseline -0.003 -15"><span class='ocrx_word' id='word_1_116' title='bbox 425 2093 590 2145; x_wconf 90' lang='lat' dir='ltr'><strong>catus</strong></span> <span class='ocrx_word' id='word_1_117' title='bbox 613 2089 938 2159; x_wconf 90' lang='lat' dir='ltr'><strong>episcopus,</strong></span> <span class='ocrx_word' id='word_1_118' title='bbox 964 2093 1096 2158; x_wconf 90' lang='lat' dir='ltr'><strong>etc.,</strong></span> <span class='ocrx_word' id='word_1_119' title='bbox 1131 2091 1198 2142; x_wconf 91' lang='lat' dir='ltr'><strong>ut</strong></span> <span class='ocrx_word' id='word_1_120' title='bbox 1223 2089 1284 2141; x_wconf 85' lang='lat' dir='ltr'><strong>in</strong></span> <span class='ocrx_word' id='word_1_121' title='bbox 1298 2087 1617 2156; x_wconf 82' lang='lat' dir='ltr'><strong>juramento</strong></span> <span class='ocrx_word' id='word_1_122' title='bbox 1663 2085 1906 2156; x_wconf 84' lang='lat' dir='ltr'><strong>ejusdem</strong></span> <span class='ocrx_word' id='word_1_123' title='bbox 1951 2083 2082 2140; x_wconf 89' lang='lat' dir='ltr'><strong>Ste-</strong></span> 
     </span>
    </p>
   </div>
   <div class='ocr_carea' id='block_1_24' title="bbox 421 2174 1790 2250">
    <p class='ocr_par' dir='ltr' id='par_1_24' title="bbox 421 2174 1790 2250">
     <span class='ocr_line' id='line_1_24' title="bbox 421 2174 1790 2250; baseline -0.003 -18"><span class='ocrx_word' id='word_1_124' title='bbox 421 2179 602 2250; x_wconf 85' lang='lat' dir='ltr'><strong>phani</strong></span> <span class='ocrx_word' id='word_1_125' title='bbox 638 2177 824 2232; x_wconf 88' lang='lat' dir='ltr'><strong>Solum</strong></span> <span class='ocrx_word' id='word_1_126' title='bbox 846 2189 948 2246; x_wconf 89' lang='lat' dir='ltr'><strong>pro</strong></span> <span class='ocrx_word' id='word_1_127' title='bbox 967 2175 1195 2232; x_wconf 91' lang='lat' dir='ltr'><strong>Annoni</strong></span> <span class='ocrx_word' id='word_1_128' title='bbox 1227 2175 1388 2231; x_wconf 79' lang='lat' dir='ltr'><strong>habet</strong></span> <span class='ocrx_word' id='word_1_129' title='bbox 1436 2174 1790 2231; x_wconf 75' lang='lat' dir='ltr'><strong>Itaimbaldo.</strong></span> 
     </span>
    </p>
   </div>
   <div class='ocr_carea' id='block_1_25' title="bbox 497 2261 2079 2338">
    <p class='ocr_par' dir='ltr' id='par_1_25' title="bbox 497 2261 2079 2338">
     <span class='ocr_line' id='line_1_25' title="bbox 497 2261 2079 2338; baseline -0.004 -16"><span class='ocrx_word' id='word_1_130' title='bbox 497 2267 614 2338; x_wconf 88' lang='lat' dir='ltr'><strong>Ego</strong></span> <span class='ocrx_word' id='word_1_131' title='bbox 655 2266 858 2321; x_wconf 90' lang='lat' dir='ltr'><strong>Petrus</strong></span> <span class='ocrx_word' id='word_1_132' title='bbox 886 2263 1156 2321; x_wconf 88' lang='lat' dir='ltr'><strong>Ecclesia</strong></span> <span class='ocrx_word' id='word_1_133' title='bbox 1195 2264 1486 2321; x_wconf 84' lang='lat' dir='ltr'><strong>Avenione</strong></span> <span class='ocrx_word' id='word_1_134' title='bbox 1514 2267 1749 2320; x_wconf 90' lang='lat' dir='ltr'><strong>vocatus</strong></span> <span class='ocrx_word' id='word_1_135' title='bbox 1774 2261 2079 2334; x_wconf 91' lang='lat' dir='ltr'><strong>episcopus</strong></span> 
     </span>
    </p>
   </div>
   <div class='ocr_carea' id='block_1_26' title="bbox 426 2350 2080 2427">
    <p class='ocr_par' dir='ltr' id='par_1_26' title="bbox 426 2350 2080 2427">
     <span class='ocr_line' id='line_1_26' title="bbox 426 2350 2080 2427; baseline -0.004 -16"><span class='ocrx_word' id='word_1_136' title='bbox 426 2354 696 2427; x_wconf 89' lang='lat' dir='ltr'><strong>proﬁteor</strong></span> <span class='ocrx_word' id='word_1_137' title='bbox 724 2367 831 2425; x_wconf 88' lang='lat' dir='ltr'><strong>me,</strong></span> <span class='ocrx_word' id='word_1_138' title='bbox 881 2358 1014 2425; x_wconf 89' lang='lat' dir='ltr'><strong>etc.,</strong></span> <span class='ocrx_word' id='word_1_139' title='bbox 1064 2357 1127 2409; x_wconf 89' lang='lat' dir='ltr'><strong>ut</strong></span> <span class='ocrx_word' id='word_1_140' title='bbox 1177 2354 1235 2408; x_wconf 86' lang='lat' dir='ltr'><strong>in</strong></span> <span class='ocrx_word' id='word_1_141' title='bbox 1265 2353 1584 2422; x_wconf 83' lang='lat' dir='ltr'><strong>juramento</strong></span> <span class='ocrx_word' id='word_1_142' title='bbox 1624 2351 1922 2408; x_wconf 86' lang='lat' dir='ltr'><strong>Bertrandi</strong></span> <span class='ocrx_word' id='word_1_143' title='bbox 1966 2350 2080 2405; x_wconf 82' lang='lat' dir='ltr'><strong>Re-</strong></span> 
     </span>
    </p>
   </div>
   <div class='ocr_carea' id='block_1_27' title="bbox 425 2458 628 2513">
    <p class='ocr_par' dir='ltr' id='par_1_27' title="bbox 425 2458 628 2513">
     <span class='ocr_line' id='line_1_27' title="bbox 425 2458 628 2513; baseline 0 -15"><span class='ocrx_word' id='word_1_144' title='bbox 425 2458 628 2513; x_wconf 81' lang='lat' dir='ltr'><strong>gensis.</strong></span> 
     </span>
    </p>
   </div>
   <div class='ocr_carea' id='block_1_28' title="bbox 494 2529 2080 2604">
    <p class='ocr_par' dir='ltr' id='par_1_28' title="bbox 494 2529 2080 2604">
     <span class='ocr_line' id='line_1_28' title="bbox 494 2529 2080 2604; baseline -0.003 -16"><span class='ocrx_word' id='word_1_145' title='bbox 494 2534 610 2604; x_wconf 89' lang='lat' dir='ltr'><strong>Ego</strong></span> <span class='ocrx_word' id='word_1_146' title='bbox 658 2530 998 2588; x_wconf 87' lang='lat' dir='ltr'><strong>Benedictus</strong></span> <span class='ocrx_word' id='word_1_147' title='bbox 1060 2529 1477 2586; x_wconf 88' lang='lat' dir='ltr'><strong>Avenionensis</strong></span> <span class='ocrx_word' id='word_1_148' title='bbox 1529 2529 1795 2586; x_wconf 70' lang='lat' dir='ltr'><strong>Ecclesia</strong></span> <span class='ocrx_word' id='word_1_149' title='bbox 1845 2532 2080 2584; x_wconf 90' lang='lat' dir='ltr'><strong>vocatus</strong></span> 
     </span>
    </p>
   </div>
   <div class='ocr_carea' id='block_1_29' title="bbox 425 2617 2076 2691">
    <p class='ocr_par' dir='ltr' id='par_1_29' title="bbox 425 2617 2076 2691">
     <span class='ocr_line' id='line_1_29' title="bbox 425 2617 2076 2691; baseline -0.004 -14"><span class='ocrx_word' id='word_1_150' title='bbox 425 2619 732 2691; x_wconf 89' lang='lat' dir='ltr'><strong>episc0pus</strong></span> <span class='ocrx_word' id='word_1_151' title='bbox 755 2620 891 2690; x_wconf 89' lang='lat' dir='ltr'><strong>juro</strong></span> <span class='ocrx_word' id='word_1_152' title='bbox 930 2632 1120 2676; x_wconf 89' lang='lat' dir='ltr'><strong>coram</strong></span> <span class='ocrx_word' id='word_1_153' title='bbox 1165 2620 1279 2675; x_wconf 91' lang='lat' dir='ltr'><strong>Deo</strong></span> <span class='ocrx_word' id='word_1_154' title='bbox 1329 2624 1385 2674; x_wconf 89' lang='lat' dir='ltr'><strong>et</strong></span> <span class='ocrx_word' id='word_1_155' title='bbox 1409 2617 1628 2674; x_wconf 89' lang='lat' dir='ltr'><strong>sanctis</strong></span> <span class='ocrx_word' id='word_1_156' title='bbox 1672 2619 1801 2688; x_wconf 89' lang='lat' dir='ltr'><strong>ejus</strong></span> <span class='ocrx_word' id='word_1_157' title='bbox 1853 2629 2076 2672; x_wconf 90' lang='lat' dir='ltr'><strong>omnem</strong></span> 
     </span>
    </p>
   </div>
   <div class='ocr_carea' id='block_1_30' title="bbox 424 2704 2080 2780">
    <p class='ocr_par' dir='ltr' id='par_1_30' title="bbox 424 2704 2080 2780">
     <span class='ocr_line' id='line_1_30' title="bbox 424 2704 2080 2780; baseline -0.003 -14"><span class='ocrx_word' id='word_1_158' title='bbox 424 2709 838 2780; x_wconf 89' lang='lat' dir='ltr'><strong>subjectionem</strong></span> <span class='ocrx_word' id='word_1_159' title='bbox 869 2713 924 2764; x_wconf 88' lang='lat' dir='ltr'><strong>et</strong></span> <span class='ocrx_word' id='word_1_160' title='bbox 953 2707 1335 2764; x_wconf 82' lang='lat' dir='ltr'><strong>obedientiam</strong></span> <span class='ocrx_word' id='word_1_161' title='bbox 1363 2707 1696 2763; x_wconf 86' lang='lat' dir='ltr'><strong>canonicam</strong></span> <span class='ocrx_word' id='word_1_162' title='bbox 1745 2709 1802 2761; x_wconf 91' lang='lat' dir='ltr'><strong>et</strong></span> <span class='ocrx_word' id='word_1_163' title='bbox 1823 2704 2080 2761; x_wconf 78' lang='lat' dir='ltr'><strong>ﬁdelita-</strong></span> 
     </span>
    </p>
   </div>
   <div class='ocr_carea' id='block_1_31' title="bbox 425 2791 2073 2863">
    <p class='ocr_par' dir='ltr' id='par_1_31' title="bbox 425 2791 2073 2863">
     <span class='ocr_line' id='line_1_31' title="bbox 425 2791 2073 2863; baseline -0.003 -10"><span class='ocrx_word' id='word_1_164' title='bbox 425 2803 536 2854; x_wconf 90' lang='lat' dir='ltr'><strong>tem</strong></span> <span class='ocrx_word' id='word_1_165' title='bbox 582 2795 851 2852; x_wconf 86' lang='lat' dir='ltr'><strong>Ecclesia</strong></span> <span class='ocrx_word' id='word_1_166' title='bbox 901 2795 954 2850; x_wconf 91' lang='lat' dir='ltr'><strong>S.</strong></span> <span class='ocrx_word' id='word_1_167' title='bbox 1014 2794 1288 2863; x_wconf 87' lang='lat' dir='ltr'><strong>Stephani</strong></span> <span class='ocrx_word' id='word_1_168' title='bbox 1333 2794 1490 2849; x_wconf 91' lang='lat' dir='ltr'><strong>sedis</strong></span> <span class='ocrx_word' id='word_1_169' title='bbox 1549 2793 1922 2862; x_wconf 81' lang='lat' dir='ltr'><strong>Arelatensis,</strong></span> <span class='ocrx_word' id='word_1_170' title='bbox 1973 2791 2073 2848; x_wconf 90' lang='lat' dir='ltr'><strong>ubi</strong></span> 
     </span>
    </p>
   </div>
   <div class='ocr_carea' id='block_1_32' title="bbox 419 2879 2082 2954">
    <p class='ocr_par' dir='ltr' id='par_1_32' title="bbox 419 2879 2082 2954">
     <span class='ocr_line' id='line_1_32' title="bbox 419 2879 2082 2954; baseline -0.002 -14"><span class='ocrx_word' id='word_1_171' title='bbox 419 2898 632 2954; x_wconf 90' lang='lat' dir='ltr'><strong>corpus</strong></span> <span class='ocrx_word' id='word_1_172' title='bbox 651 2881 788 2938; x_wconf 91' lang='lat' dir='ltr'><strong>almi</strong></span> <span class='ocrx_word' id='word_1_173' title='bbox 824 2881 1121 2952; x_wconf 90' lang='lat' dir='ltr'><strong>Trophimi</strong></span> <span class='ocrx_word' id='word_1_174' title='bbox 1171 2879 1416 2951; x_wconf 86' lang='lat' dir='ltr'><strong>apostoli</strong></span> <span class='ocrx_word' id='word_1_175' title='bbox 1463 2881 1736 2954; x_wconf 85' lang='lat' dir='ltr'><strong>quiescit,</strong></span> <span class='ocrx_word' id='word_1_176' title='bbox 1777 2885 1834 2937; x_wconf 92' lang='lat' dir='ltr'><strong>et</strong></span> <span class='ocrx_word' id='word_1_177' title='bbox 1875 2880 2082 2937; x_wconf 87' lang='lat' dir='ltr'><strong>Raim-</strong></span> 
     </span>
    </p>
   </div>
   <div class='ocr_carea' id='block_1_33' title="bbox 421 2969 2075 3042">
    <p class='ocr_par' dir='ltr' id='par_1_33' title="bbox 421 2969 2075 3042">
     <span class='ocr_line' id='line_1_33' title="bbox 421 2969 2075 3042; baseline 0 -16"><span class='ocrx_word' id='word_1_178' title='bbox 421 2969 594 3026; x_wconf 92' lang='lat' dir='ltr'><strong>boldo</strong></span> <span class='ocrx_word' id='word_1_179' title='bbox 612 2969 879 3042; x_wconf 66' lang='lat' dir='ltr'><strong>praesenti</strong></span> <span class='ocrx_word' id='word_1_180' title='bbox 901 2969 1356 3042; x_wconf 85' lang='lat' dir='ltr'><strong>archiepiscopo,</strong></span> <span class='ocrx_word' id='word_1_181' title='bbox 1383 2974 1442 3026; x_wconf 91' lang='lat' dir='ltr'><strong>et</strong></span> <span class='ocrx_word' id='word_1_182' title='bbox 1461 2969 1896 3028; x_wconf 87' lang='lat' dir='ltr'><strong>successoribus</strong></span> <span class='ocrx_word' id='word_1_183' title='bbox 1929 2970 2075 3042; x_wconf 87' lang='lat' dir='ltr'><strong>ejus,</strong></span> 
     </span>
    </p>
   </div>
   <div class='ocr_carea' id='block_1_34' title="bbox 417 3056 1066 3130">
    <p class='ocr_par' dir='ltr' id='par_1_34' title="bbox 417 3056 1066 3130">
     <span class='ocr_line' id='line_1_34' title="bbox 417 3056 1066 3130; baseline -0.002 -16"><span class='ocrx_word' id='word_1_184' title='bbox 417 3058 470 3114; x_wconf 87' lang='lat' dir='ltr'><strong>si</strong></span> <span class='ocrx_word' id='word_1_185' title='bbox 499 3071 631 3117; x_wconf 91' lang='lat' dir='ltr'><strong>eum</strong></span> <span class='ocrx_word' id='word_1_186' title='bbox 673 3056 1066 3130; x_wconf 82' lang='lat' dir='ltr'><strong>supervixero.</strong></span> 
     </span>
    </p>
   </div>
   <div class='ocr_carea' id='block_1_35' title="bbox 1068 3191 1400 3202">
    <p class='ocr_par' dir='ltr' id='par_1_35' title="bbox 1068 3191 1400 3202">
     <span class='ocr_line' id='line_1_35' title="bbox 1068 3191 1400 3202; baseline 0 -2"><span class='ocrx_word' id='word_1_187' title='bbox 1068 3191 1400 3202; x_wconf 81' lang='lat'><strong>——————</strong></span> 
     </span>
    </p>
   </div>
   <div class='ocr_carea' id='block_1_36' title="bbox 511 3293 1982 3356">
    <p class='ocr_par' dir='ltr' id='par_1_36' title="bbox 511 3293 1982 3356">
     <span class='ocr_line' id='line_1_36' title="bbox 511 3293 1982 3356; baseline -0.001 0"><span class='ocrx_word' id='word_1_188' title='bbox 511 3293 994 3356; x_wconf 81' lang='lat' dir='ltr'><strong>FORMATARUM</strong></span> <span class='ocrx_word' id='word_1_189' title='bbox 1083 3297 1414 3353; x_wconf 85' lang='lat' dir='ltr'><strong>VETERUM</strong></span> <span class='ocrx_word' id='word_1_190' title='bbox 1501 3296 1982 3354; x_wconf 80' lang='lat' dir='ltr'><strong>EPISTOLARUM</strong></span> 
     </span>
    </p>
   </div>
   <div class='ocr_carea' id='block_1_37' title="bbox 749 3367 1754 3426">
    <p class='ocr_par' dir='ltr' id='par_1_37' title="bbox 749 3367 1754 3426">
     <span class='ocr_line' id='line_1_37' title="bbox 749 3367 1754 3426; baseline -0.001 -1"><span class='ocrx_word' id='word_1_191' title='bbox 749 3367 1246 3425; x_wconf 84' lang='lat' dir='ltr'><strong>CANONICARUM</strong></span> <span class='ocrx_word' id='word_1_192' title='bbox 1283 3368 1619 3425; x_wconf 78' lang='lat' dir='ltr'><strong>EXEMPLA</strong></span> <span class='ocrx_word' id='word_1_193' title='bbox 1655 3370 1754 3426; x_wconf 80' lang='lat' dir='ltr'><strong>XI.</strong></span> 
     </span>
    </p>
   </div>
   <div class='ocr_carea' id='block_1_38' title="bbox 489 3491 2080 3566">
    <p class='ocr_par' dir='ltr' id='par_1_38' title="bbox 489 3491 2080 3566">
     <span class='ocr_line' id='line_1_38' title="bbox 489 3491 2080 3566; baseline 0 -16"><span class='ocrx_word' id='word_1_194' title='bbox 489 3495 626 3551; x_wconf 90' lang='lat' dir='ltr'><strong>Post</strong></span> <span class='ocrx_word' id='word_1_195' title='bbox 667 3491 950 3566; x_wconf 80' lang='lat' dir='ltr'><strong>formulas</strong></span> <span class='ocrx_word' id='word_1_196' title='bbox 1001 3493 1428 3564; x_wconf 88' lang='lat' dir='ltr'><strong>promotionum</strong></span> <span class='ocrx_word' id='word_1_197' title='bbox 1465 3493 1898 3566; x_wconf 17' lang='lat' dir='ltr'><strong>,episcopalium</strong></span> <span class='ocrx_word' id='word_1_198' title='bbox 1967 3507 2080 3551; x_wconf 89' lang='lat' dir='ltr'><strong>non</strong></span> 
     </span>
    </p>
   </div>
   <div class='ocr_carea' id='block_1_39' title="bbox 418 3561 2078 3649">
    <p class='ocr_par' dir='ltr' id='par_1_39' title="bbox 418 3561 2078 3649">
     <span class='ocr_line' id='line_1_39' title="bbox 418 3561 2078 3649; baseline -0.001 -27"><span class='ocrx_word' id='word_1_199' title='bbox 418 3565 672 3649; x_wconf 78' lang='lat' dir='ltr'><strong>alienum</strong></span> <span class='ocrx_word' id='word_1_200' title='bbox 706 3568 794 3622; x_wconf 86' lang='lat' dir='ltr'><strong>est</strong></span> <span class='ocrx_word' id='word_1_201' title='bbox 829 3561 1207 3649; x_wconf 57' lang='lat' dir='ltr'><strong>formatagum</strong></span> <span class='ocrx_word' id='word_1_202' title='bbox 1259 3561 1533 3649; x_wconf 64' lang='lat' dir='ltr'><strong>cntempla</strong></span> <span class='ocrx_word' id='word_1_203' title='bbox 1563 3561 1798 3649; x_wconf 72' lang='lat' dir='ltr'><strong>subjici,</strong></span> <span class='ocrx_word' id='word_1_204' title='bbox 1832 3578 2078 3648; x_wconf 85' lang='lat' dir='ltr'><strong>quarum</strong></span> 
     </span>
    </p>
   </div>
   <div class='ocr_carea' id='block_1_40' title="bbox 421 3635 2080 3708">
    <p class='ocr_par' dir='ltr' id='par_1_40' title="bbox 421 3635 2080 3708">
     <span class='ocr_line' id='line_1_40' title="bbox 421 3635 2080 3708; baseline -0.001 -14"><span class='ocrx_word' id='word_1_205' title='bbox 421 3651 564 3694; x_wconf 87' lang='lat' dir='ltr'><strong>usus</strong></span> <span class='ocrx_word' id='word_1_206' title='bbox 587 3637 736 3693; x_wconf 90' lang='lat' dir='ltr'><strong>inter</strong></span> <span class='ocrx_word' id='word_1_207' title='bbox 755 3635 1057 3707; x_wconf 81' lang='lat' dir='ltr'><strong>episcOpos</strong></span> <span class='ocrx_word' id='word_1_208' title='bbox 1075 3635 1584 3708; x_wconf 83' lang='lat' dir='ltr'><strong>frequentissimus</strong></span> <span class='ocrx_word' id='word_1_209' title='bbox 1603 3635 2080 3708; x_wconf 55' lang='lat' dir='ltr'><strong>fuitcl&#39;ericorum</strong></span> 
     </span>
    </p>
   </div>
   <div class='ocr_carea' id='block_1_41' title="bbox 425 3705 2085 3779">
    <p class='ocr_par' dir='ltr' id='par_1_41' title="bbox 425 3705 2085 3779">
     <span class='ocr_line' id='line_1_41' title="bbox 425 3705 2085 3779; baseline -0.001 -15"><span class='ocrx_word' id='word_1_210' title='bbox 425 3705 890 3779; x_wconf 76' lang='lat' dir='ltr'><strong>maximecausa,</strong></span> <span class='ocrx_word' id='word_1_211' title='bbox 915 3705 1044 3779; x_wconf 84' lang='lat' dir='ltr'><strong>cum</strong></span> <span class='ocrx_word' id='word_1_212' title='bbox 1089 3705 1206 3763; x_wconf 81' lang='lat' dir='ltr'><strong>alio</strong></span> <span class='ocrx_word' id='word_1_213' title='bbox 1245 3707 1586 3779; x_wconf 84' lang='lat' dir='ltr'><strong>migrabant,</strong></span> <span class='ocrx_word' id='word_1_214' title='bbox 1616 3707 1786 3779; x_wconf 80' lang='lat' dir='ltr'><strong>quia</strong></span> <span class='ocrx_word' id='word_1_215' title='bbox 1803 3707 1928 3779; x_wconf 89' lang='lat' dir='ltr'><strong>sine</strong></span> <span class='ocrx_word' id='word_1_216' title='bbox 1957 3705 2085 3779; x_wconf 85' lang='lat' dir='ltr'><strong>for-</strong></span> 
     </span>
    </p>
   </div>
   <div class='ocr_carea' id='block_1_42' title="bbox 426 3776 2080 3848">
    <p class='ocr_par' dir='ltr' id='par_1_42' title="bbox 426 3776 2080 3848">
     <span class='ocr_line' id='line_1_42' title="bbox 426 3776 2080 3848; baseline -0.001 -14"><span class='ocrx_word' id='word_1_217' title='bbox 426 3778 596 3834; x_wconf 88' lang='lat' dir='ltr'><strong>matis</strong></span> <span class='ocrx_word' id='word_1_218' title='bbox 624 3777 694 3833; x_wconf 89' lang='lat' dir='ltr'><strong>ad</strong></span> <span class='ocrx_word' id='word_1_219' title='bbox 755 3776 1217 3834; x_wconf 85' lang='lat' dir='ltr'><strong>communionem</strong></span> <span class='ocrx_word' id='word_1_220' title='bbox 1250 3776 1404 3848; x_wconf 77' lang='lat' dir='ltr'><strong>illos</strong></span> <span class='ocrx_word' id='word_1_221' title='bbox 1451 3776 1669 3848; x_wconf 53' lang='lat' dir='ltr'><strong>recipi,“</strong></span> <span class='ocrx_word' id='word_1_222' title='bbox 1709 3777 1793 3832; x_wconf 87' lang='lat' dir='ltr'><strong>vel</strong></span> <span class='ocrx_word' id='word_1_223' title='bbox 1850 3778 1910 3833; x_wconf 93' lang='lat' dir='ltr'><strong>in</strong></span> <span class='ocrx_word' id='word_1_224' title='bbox 1963 3778 2080 3832; x_wconf 90' lang='lat' dir='ltr'><strong>alia</strong></span> 
     </span>
    </p>
   </div>
   <div class='ocr_carea' id='block_1_43' title="bbox 425 3847 2084 3919">
    <p class='ocr_par' dir='ltr' id='par_1_43' title="bbox 425 3847 2084 3919">
     <span class='ocr_line' id='line_1_43' title="bbox 425 3847 2084 3919; baseline -0.001 -15"><span class='ocrx_word' id='word_1_225' title='bbox 425 3849 669 3905; x_wconf 85' lang='lat' dir='ltr'><strong>ecclesia</strong></span> <span class='ocrx_word' id='word_1_226' title='bbox 689 3848 952 3904; x_wconf 89' lang='lat' dir='ltr'><strong>ordinari</strong></span> <span class='ocrx_word' id='word_1_227' title='bbox 986 3861 1100 3904; x_wconf 90' lang='lat' dir='ltr'><strong>non</strong></span> <span class='ocrx_word' id='word_1_228' title='bbox 1132 3847 1360 3919; x_wconf 87' lang='lat' dir='ltr'><strong>licebat.</strong></span> <span class='ocrx_word' id='word_1_229' title='bbox 1398 3847 1648 3903; x_wconf 89' lang='lat' dir='ltr'><strong>Gracam</strong></span> <span class='ocrx_word' id='word_1_230' title='bbox 1681 3861 1877 3919; x_wconf 60' lang='lat' dir='ltr'><strong>tarum</strong></span> <span class='ocrx_word' id='word_1_231' title='bbox 1908 3847 2084 3919; x_wconf 88' lang='lat' dir='ltr'><strong>origi-</strong></span> 
     </span>
    </p>
   </div>
   <div class='ocr_carea' id='block_1_44' title="bbox 425 3918 2084 3988">
    <p class='ocr_par' dir='ltr' id='par_1_44' title="bbox 425 3918 2084 3988">
     <span class='ocr_line' id='line_1_44' title="bbox 425 3918 2084 3988; baseline -0.001 -12"><span class='ocrx_word' id='word_1_232' title='bbox 425 3933 554 3976; x_wconf 89' lang='lat' dir='ltr'><strong>nem</strong></span> <span class='ocrx_word' id='word_1_233' title='bbox 574 3921 783 3974; x_wconf 87' lang='lat' dir='ltr'><strong>Graca</strong></span> <span class='ocrx_word' id='word_1_234' title='bbox 813 3919 1022 3974; x_wconf 87' lang='lat' dir='ltr'><strong>littera</strong></span> <span class='ocrx_word' id='word_1_235' title='bbox 1053 3918 1386 3988; x_wconf 80' lang='lat' dir='ltr'><strong>ostendunt,</strong></span> <span class='ocrx_word' id='word_1_236' title='bbox 1407 3931 1650 3988; x_wconf 88' lang='lat' dir='ltr'><strong>quarum</strong></span> <span class='ocrx_word' id='word_1_237' title='bbox 1676 3918 1737 3974; x_wconf 92' lang='lat' dir='ltr'><strong>in</strong></span> <span class='ocrx_word' id='word_1_238' title='bbox 1765 3918 1860 3974; x_wconf 91' lang='lat' dir='ltr'><strong>his</strong></span> <span class='ocrx_word' id='word_1_239' title='bbox 1890 3918 2084 3974; x_wconf 85' lang='lat' dir='ltr'><strong>nume-</strong></span> 
     </span>
    </p>
   </div>
   <div class='ocr_carea' id='block_1_45' title="bbox 427 3987 2082 4058">
    <p class='ocr_par' dir='ltr' id='par_1_45' title="bbox 427 3987 2082 4058">
     <span class='ocr_line' id='line_1_45' title="bbox 427 3987 2082 4058; baseline -0.002 -12"><span class='ocrx_word' id='word_1_240' title='bbox 427 4005 539 4058; x_wconf 90' lang='lat' dir='ltr'><strong>ros,</strong></span> <span class='ocrx_word' id='word_1_241' title='bbox 568 3989 741 4044; x_wconf 89' lang='lat' dir='ltr'><strong>etiam</strong></span> <span class='ocrx_word' id='word_1_242' title='bbox 793 3989 854 4043; x_wconf 90' lang='lat' dir='ltr'><strong>in</strong></span> <span class='ocrx_word' id='word_1_243' title='bbox 886 3987 1112 4042; x_wconf 88' lang='lat' dir='ltr'><strong>Latinis</strong></span> <span class='ocrx_word' id='word_1_244' title='bbox 1138 3987 1492 4058; x_wconf 84' lang='lat' dir='ltr'><strong>nominibus,</strong></span> <span class='ocrx_word' id='word_1_245' title='bbox 1540 3988 1936 4045; x_wconf 85' lang='lat' dir='ltr'><strong>observabant.</strong></span> <span class='ocrx_word' id='word_1_246' title='bbox 1969 3989 2082 4044; x_wconf 87' lang='lat' dir='ltr'><strong>Ni—</strong></span> 
     </span>
    </p>
   </div>
   <div class='ocr_carea' id='block_1_46' title="bbox 424 4059 2079 4129">
    <p class='ocr_par' dir='ltr' id='par_1_46' title="bbox 424 4059 2079 4129">
     <span class='ocr_line' id='line_1_46' title="bbox 424 4059 2079 4129; baseline -0.001 -13"><span class='ocrx_word' id='word_1_247' title='bbox 424 4072 710 4116; x_wconf 88' lang='lat' dir='ltr'><strong>canorum</strong></span> <span class='ocrx_word' id='word_1_248' title='bbox 727 4071 956 4129; x_wconf 90' lang='lat' dir='ltr'><strong>quoque</strong></span> <span class='ocrx_word' id='word_1_249' title='bbox 967 4059 1196 4129; x_wconf 83' lang='lat' dir='ltr'><strong>Patrum</strong></span> <span class='ocrx_word' id='word_1_250' title='bbox 1209 4059 1552 4115; x_wconf 85' lang='lat' dir='ltr'><strong>auctoritate</strong></span> <span class='ocrx_word' id='word_1_251' title='bbox 1566 4060 1864 4116; x_wconf 90' lang='lat' dir='ltr'><strong>institutas</strong></span> <span class='ocrx_word' id='word_1_252' title='bbox 1878 4059 2079 4123; x_wconf 87' lang='lat' dir='ltr'><strong>fuisse,</strong></span> 
     </span>
    </p>
   </div>
   <div class='ocr_carea' id='block_1_47' title="bbox 430 4128 2080 4255">
    <p class='ocr_par' dir='ltr' id='par_1_47' title="bbox 430 4128 2080 4255">
     <span class='ocr_line' id='line_1_47' title="bbox 430 4128 2080 4255; baseline 0.001 -70"><span class='ocrx_word' id='word_1_253' title='bbox 430 4143 558 4185; x_wconf 90' lang='lat' dir='ltr'><strong>cum</strong></span> <span class='ocrx_word' id='word_1_254' title='bbox 577 4129 681 4184; x_wconf 89' lang='lat' dir='ltr'><strong>alii</strong></span> <span class='ocrx_word' id='word_1_255' title='bbox 699 4128 870 4210; x_wconf 76' lang='lat' dir='ltr'><strong>vulgo</strong></span> <span class='ocrx_word' id='word_1_256' title='bbox 892 4128 1146 4212; x_wconf 73' lang='lat' dir='ltr'><strong>tradunt,</strong></span> <span class='ocrx_word' id='word_1_257' title='bbox 1167 4133 1288 4184; x_wconf 89' lang='lat' dir='ltr'><strong>tum</strong></span> <span class='ocrx_word' id='word_1_258' title='bbox 1312 4130 1456 4212; x_wconf 77' lang='lat' dir='ltr'><strong>ipsa,</strong></span> <span class='ocrx_word' id='word_1_259' title='bbox 1486 4145 1610 4255; x_wconf 49' lang='lat' dir='ltr'><strong>qua</strong></span> <span class='ocrx_word' id='word_1_260' title='bbox 1626 4132 1802 4187; x_wconf 87' lang='lat' dir='ltr'><strong>Attici</strong></span> <span class='ocrx_word' id='word_1_261' title='bbox 1825 4131 2080 4201; x_wconf 88' lang='lat' dir='ltr'><strong>episcopi</strong></span> 
     </span>
     <span class='ocr_line' id='line_1_48' title="bbox 433 4198 2080 4255; baseline 0 0"><span class='ocrx_word' id='word_1_262' title='bbox 433 4198 1054 4255; x_wconf 81' lang='lat' dir='ltr'><strong>Constantinonolitam</strong></span> <span class='ocrx_word' id='word_1_263' title='bbox 1074 4199 1249 4255; x_wconf 81' lang='lat' dir='ltr'><strong>titulo</strong></span> <span class='ocrx_word' id='word_1_264' title='bbox 1277 4215 1497 4255; x_wconf 79' lang='lat' dir='ltr'><strong>Circum</strong></span> <span class='ocrx_word' id='word_1_265' title='bbox 1527 4207 1706 4255; x_wconf 90' lang='lat' dir='ltr'><strong>ertur-</strong></span> <span class='ocrx_word' id='word_1_266' title='bbox 1729 4209 1892 4255; x_wconf 86' lang='lat' dir='ltr'><strong>vetus</strong></span> <span class='ocrx_word' id='word_1_267' title='bbox 1916 4200 2080 4255; x_wconf 87' lang='lat' dir='ltr'><strong>conﬁ-</strong></span> 
     </span>
    </p>
   </div>
   <div class='ocr_carea' id='block_1_48' title="bbox 433 4198 2086 4274">
    <p class='ocr_par' dir='ltr' id='par_1_48' title="bbox 433 4198 2086 4274">
     <span class='ocr_line' id='line_1_49' title="bbox 433 4198 2086 4274; baseline 0.001 -19"><span class='ocrx_word' id='word_1_268' title='bbox 433 4198 1054 4274; x_wconf 74' lang='lat' dir='ltr'><strong>Constantinopolitani</strong></span> <span class='ocrx_word' id='word_1_269' title='bbox 1074 4199 1249 4274; x_wconf 72' lang='lat' dir='ltr'><strong>titulg</strong></span> <span class='ocrx_word' id='word_1_270' title='bbox 1277 4198 1706 4274; x_wconf 75' lang='lat' dir='ltr'><strong>circumfertur,</strong></span> <span class='ocrx_word' id='word_1_271' title='bbox 1729 4198 1892 4258; x_wconf 75' lang='lat' dir='ltr'><strong>vetus</strong></span> <span class='ocrx_word' id='word_1_272' title='bbox 1916 4198 2086 4274; x_wconf 80' lang='lat' dir='ltr'><strong>conﬁ-</strong></span> 
     </span>
    </p>
   </div>
   <div class='ocr_carea' id='block_1_49' title="bbox 437 4269 2085 4346">
    <p class='ocr_par' dir='ltr' id='par_1_49' title="bbox 437 4269 2085 4346">
     <span class='ocr_line' id='line_1_50' title="bbox 437 4269 2085 4346; baseline 0.002 -21"><span class='ocrx_word' id='word_1_273' title='bbox 437 4269 773 4346; x_wconf 80' lang='lat' dir='ltr'><strong>ciendarum</strong></span> <span class='ocrx_word' id='word_1_274' title='bbox 796 4269 1169 4328; x_wconf 88' lang='lat' dir='ltr'><strong>formatarum</strong></span> <span class='ocrx_word' id='word_1_275' title='bbox 1209 4269 1456 4329; x_wconf 85' lang='lat' dir='ltr'><strong>formula</strong></span> <span class='ocrx_word' id='word_1_276' title='bbox 1481 4273 1663 4340; x_wconf 88' lang='lat' dir='ltr'><strong>docet,</strong></span> <span class='ocrx_word' id='word_1_277' title='bbox 1695 4269 1866 4346; x_wconf 84' lang='lat' dir='ltr'><strong>quam</strong></span> <span class='ocrx_word' id='word_1_278' title='bbox 1897 4273 2085 4343; x_wconf 89' lang='lat' dir='ltr'><strong>primo</strong></span> 
     </span>
    </p>
   </div>
   <div class='ocr_carea' id='block_1_50' title="bbox 435 4343 996 4412">
    <p class='ocr_par' dir='ltr' id='par_1_50' title="bbox 435 4343 996 4412">
     <span class='ocr_line' id='line_1_51' title="bbox 435 4343 996 4412; baseline -0.005 -13"><span class='ocrx_word' id='word_1_279' title='bbox 435 4343 566 4399; x_wconf 91' lang='lat' dir='ltr'><strong>loco</strong></span> <span class='ocrx_word' id='word_1_280' title='bbox 595 4353 996 4412; x_wconf 89' lang='lat' dir='ltr'><strong>pr0ponemus.</strong></span> 
     </span>
    </p>
   </div>
   <div class='ocr_carea' id='block_1_51' title="bbox 431 4467 2077 4541">
    <p class='ocr_par' dir='ltr' id='par_1_51' title="bbox 431 4467 2077 4541">
     <span class='ocr_line' id='line_1_52' title="bbox 431 4467 2077 4541; baseline -0.001 -16"><span class='ocrx_word' id='word_1_281' title='bbox 431 4471 509 4525; x_wconf 87' lang='lat' dir='ltr'><strong>De</strong></span> <span class='ocrx_word' id='word_1_282' title='bbox 556 4467 1244 4541; x_wconf 74' lang='lat' dir='ltr'><strong>modo__conﬁciendarum</strong></span> <span class='ocrx_word' id='word_1_283' title='bbox 1287 4469 1639 4539; x_wconf 86' lang='lat' dir='ltr'><strong>epistolarum</strong></span> <span class='ocrx_word' id='word_1_284' title='bbox 1691 4471 2077 4541; x_wconf 78' lang='lat' dir='ltr'><strong>formaturam,</strong></span> 
     </span>
    </p>
   </div>
   <div class='ocr_carea' id='block_1_52' title="bbox 505 4539 2079 4610">
    <p class='ocr_par' dir='ltr' id='par_1_52' title="bbox 505 4539 2079 4610">
     <span class='ocr_line' id='line_1_53' title="bbox 505 4539 2079 4610; baseline 0.001 -16"><span class='ocrx_word' id='word_1_285' title='bbox 505 4555 665 4610; x_wconf 84' lang='lat' dir='ltr'><strong>quem</strong></span> <span class='ocrx_word' id='word_1_286' title='bbox 714 4539 938 4596; x_wconf 76' lang='lat' dir='ltr'><strong>Nicana</strong></span> <span class='ocrx_word' id='word_1_287' title='bbox 966 4539 1206 4610; x_wconf 78' lang='lat' dir='ltr'><strong>synodus</strong></span> <span class='ocrx_word' id='word_1_288' title='bbox 1225 4540 1367 4594; x_wconf 81' lang='lat' dir='ltr'><strong>inter</strong></span> <span class='ocrx_word' id='word_1_289' title='bbox 1403 4542 1675 4610; x_wconf 80' lang='lat' dir='ltr'><strong>episcopos</strong></span> <span class='ocrx_word' id='word_1_290' title='bbox 1700 4543 1761 4596; x_wconf 88' lang='lat' dir='ltr'><strong>in</strong></span> <span class='ocrx_word' id='word_1_291' title='bbox 1805 4539 2079 4608; x_wconf 79' lang='lat' dir='ltr'><strong>faciendis</strong></span> 
     </span>
    </p>
   </div>
   <div class='ocr_carea' id='block_1_53' title="bbox 511 4609 1623 4682">
    <p class='ocr_par' dir='ltr' id='par_1_53' title="bbox 511 4609 1623 4682">
     <span class='ocr_line' id='line_1_54' title="bbox 511 4609 1623 4682; baseline 0.002 -17"><span class='ocrx_word' id='word_1_292' title='bbox 511 4609 752 4682; x_wconf 71' lang='lat' dir='ltr'><strong>epistolis</strong></span> <span class='ocrx_word' id='word_1_293' title='bbox 775 4609 1206 4665; x_wconf 80' lang='lat' dir='ltr'><strong>conservandum</strong></span> <span class='ocrx_word' id='word_1_294' title='bbox 1228 4625 1342 4666; x_wconf 87' lang='lat' dir='ltr'><strong>esse</strong></span> <span class='ocrx_word' id='word_1_295' title='bbox 1362 4609 1623 4667; x_wconf 85' lang='lat' dir='ltr'><strong>instituit.</strong></span> 
     </span>
    </p>
   </div>
   <div class='ocr_carea' id='block_1_54' title="bbox 512 4731 2093 4808">
    <p class='ocr_par' dir='ltr' id='par_1_54' title="bbox 512 4731 2093 4808">
     <span class='ocr_line' id='line_1_55' title="bbox 512 4731 2093 4808; baseline 0.001 -17"><span class='ocrx_word' id='word_1_296' title='bbox 512 4735 706 4791; x_wconf 89' lang='lat' dir='ltr'><strong>Graca</strong></span> <span class='ocrx_word' id='word_1_297' title='bbox 734 4733 1011 4790; x_wconf 90' lang='lat' dir='ltr'><strong>elementa</strong></span> <span class='ocrx_word' id='word_1_298' title='bbox 1031 4731 1355 4791; x_wconf 90' lang='lat' dir='ltr'><strong>litterarum</strong></span> <span class='ocrx_word' id='word_1_299' title='bbox 1387 4747 1656 4792; x_wconf 89' lang='lat' dir='ltr'><strong>numeros</strong></span> <span class='ocrx_word' id='word_1_300' title='bbox 1678 4735 1850 4793; x_wconf 87' lang='lat' dir='ltr'><strong>etiam</strong></span> <span class='ocrx_word' id='word_1_301' title='bbox 1889 4735 2093 4808; x_wconf 77' lang='lat' dir='ltr'><strong>expri-</strong></span> 
     </span>
    </p>
   </div>
   <div class='ocr_carea' id='block_1_55' title="bbox 445 4820 2094 4893">
    <p class='ocr_par' dir='ltr' id='par_1_55' title="bbox 445 4820 2094 4893">
     <span class='ocr_line' id='line_1_56' title="bbox 445 4820 2094 4893; baseline 0.002 -15"><span class='ocrx_word' id='word_1_302' title='bbox 445 4834 615 4888; x_wconf 89' lang='lat' dir='ltr'><strong>mere,</strong></span> <span class='ocrx_word' id='word_1_303' title='bbox 640 4821 857 4893; x_wconf 78' lang='lat' dir='ltr'><strong>nullus,</strong></span> <span class='ocrx_word' id='word_1_304' title='bbox 891 4821 992 4892; x_wconf 89' lang='lat' dir='ltr'><strong>qui</strong></span> <span class='ocrx_word' id='word_1_305' title='bbox 1019 4820 1108 4877; x_wconf 88' lang='lat' dir='ltr'><strong>vel</strong></span> <span class='ocrx_word' id='word_1_306' title='bbox 1142 4822 1396 4880; x_wconf 90' lang='lat' dir='ltr'><strong>tenuiter</strong></span> <span class='ocrx_word' id='word_1_307' title='bbox 1411 4824 1594 4880; x_wconf 87' lang='lat' dir='ltr'><strong>Graci</strong></span> <span class='ocrx_word' id='word_1_308' title='bbox 1619 4825 1902 4882; x_wconf 89' lang='lat' dir='ltr'><strong>sermonis</strong></span> <span class='ocrx_word' id='word_1_309' title='bbox 1931 4825 2094 4883; x_wconf 89' lang='lat' dir='ltr'><strong>noti-</strong></span> 
     </span>
    </p>
   </div>
   <div class='ocr_carea' id='block_1_56' title="bbox 445 4908 2094 4986">
    <p class='ocr_par' dir='ltr' id='par_1_56' title="bbox 445 4908 2094 4986">
     <span class='ocr_line' id='line_1_57' title="bbox 445 4908 2094 4986; baseline 0.005 -21"><span class='ocrx_word' id='word_1_310' title='bbox 445 4908 588 4965; x_wconf 90' lang='lat' dir='ltr'><strong>tiam</strong></span> <span class='ocrx_word' id='word_1_311' title='bbox 610 4909 796 4982; x_wconf 88' lang='lat' dir='ltr'><strong>habet,</strong></span> <span class='ocrx_word' id='word_1_312' title='bbox 831 4910 1078 4982; x_wconf 88' lang='lat' dir='ltr'><strong>ignorat.</strong></span> <span class='ocrx_word' id='word_1_313' title='bbox 1105 4912 1186 4968; x_wconf 90' lang='lat' dir='ltr'><strong>Ne</strong></span> <span class='ocrx_word' id='word_1_314' title='bbox 1215 4913 1398 4985; x_wconf 80' lang='lat' dir='ltr'><strong>igitur</strong></span> <span class='ocrx_word' id='word_1_315' title='bbox 1437 4913 1498 4968; x_wconf 90' lang='lat' dir='ltr'><strong>in</strong></span> <span class='ocrx_word' id='word_1_316' title='bbox 1524 4912 1805 4972; x_wconf 82' lang='lat' dir='ltr'><strong>faciendis</strong></span> <span class='ocrx_word' id='word_1_317' title='bbox 1830 4915 2094 4986; x_wconf 91' lang='lat' dir='ltr'><strong>epistolis</strong></span> 
     </span>
    </p>
   </div>
   <div class='ocr_carea' id='block_1_57' title="bbox 447 4996 2097 5075">
    <p class='ocr_par' dir='ltr' id='par_1_57' title="bbox 447 4996 2097 5075">
     <span class='ocr_line' id='line_1_58' title="bbox 447 4996 2097 5075; baseline 0.006 -23"><span class='ocrx_word' id='word_1_318' title='bbox 447 4996 762 5067; x_wconf 87' lang='lat' dir='ltr'><strong>canonicis,</strong></span> <span class='ocrx_word' id='word_1_319' title='bbox 795 5011 938 5068; x_wconf 87' lang='lat' dir='ltr'><strong>quas</strong></span> <span class='ocrx_word' id='word_1_320' title='bbox 979 5013 1100 5056; x_wconf 92' lang='lat' dir='ltr'><strong>mos</strong></span> <span class='ocrx_word' id='word_1_321' title='bbox 1124 5001 1366 5059; x_wconf 88' lang='lat' dir='ltr'><strong>Latinus</strong></span> <span class='ocrx_word' id='word_1_322' title='bbox 1396 5000 1670 5060; x_wconf 87' lang='lat' dir='ltr'><strong>formatas</strong></span> <span class='ocrx_word' id='word_1_323' title='bbox 1693 5003 1959 5075; x_wconf 88' lang='lat' dir='ltr'><strong>appellat,</strong></span> <span class='ocrx_word' id='word_1_324' title='bbox 1993 5005 2097 5062; x_wconf 88' lang='lat' dir='ltr'><strong>ali-</strong></span> 
     </span>
    </p>
   </div>
   <div class='ocr_carea' id='block_1_58' title="bbox 447 5082 2096 5164">
    <p class='ocr_par' dir='ltr' id='par_1_58' title="bbox 447 5082 2096 5164">
     <span class='ocr_line' id='line_1_59' title="bbox 447 5082 2096 5164; baseline 0.007 -23"><span class='ocrx_word' id='word_1_325' title='bbox 447 5098 560 5157; x_wconf 85' lang='lat' dir='ltr'><strong>qua</strong></span> <span class='ocrx_word' id='word_1_326' title='bbox 617 5082 776 5140; x_wconf 81' lang='lat' dir='ltr'><strong>fraus</strong></span> <span class='ocrx_word' id='word_1_327' title='bbox 821 5083 1096 5144; x_wconf 87' lang='lat' dir='ltr'><strong>falsitatis</strong></span> <span class='ocrx_word' id='word_1_328' title='bbox 1146 5093 1356 5147; x_wconf 85' lang='lat' dir='ltr'><strong>temere</strong></span> <span class='ocrx_word' id='word_1_329' title='bbox 1413 5096 1876 5164; x_wconf 86' lang='lat' dir='ltr'><strong>prasumeretur,</strong></span> <span class='ocrx_word' id='word_1_330' title='bbox 1911 5093 2016 5150; x_wconf 93' lang='lat' dir='ltr'><strong>hoc</strong></span> <span class='ocrx_word' id='word_1_331' title='bbox 2062 5107 2096 5152; x_wconf 88' lang='lat' dir='ltr'><strong>a</strong></span> 
     </span>
    </p>
   </div>
   <div class='ocr_carea' id='block_1_59' title="bbox 449 5173 2096 5253">
    <p class='ocr_par' dir='ltr' id='par_1_59' title="bbox 449 5173 2096 5253">
     <span class='ocr_line' id='line_1_60' title="bbox 449 5173 2096 5253; baseline 0.005 -23"><span class='ocrx_word' id='word_1_332' title='bbox 449 5173 714 5232; x_wconf 85' lang='lat' dir='ltr'><strong>Patribus</strong></span> <span class='ocrx_word' id='word_1_333' title='bbox 729 5185 962 5229; x_wconf 75' lang='lat' dir='ltr'><strong>CCCXVIII</strong></span> <span class='ocrx_word' id='word_1_334' title='bbox 978 5175 1223 5234; x_wconf 87' lang='lat' dir='ltr'><strong>Nicaam</strong></span> <span class='ocrx_word' id='word_1_335' title='bbox 1245 5184 1624 5253; x_wconf 81' lang='lat' dir='ltr'><strong>congregatis,</strong></span> <span class='ocrx_word' id='word_1_336' title='bbox 1643 5185 1698 5238; x_wconf 86' lang='lat' dir='ltr'><strong>et</strong></span> <span class='ocrx_word' id='word_1_337' title='bbox 1719 5181 2096 5240; x_wconf 86' lang='lat' dir='ltr'><strong>saluberrime</strong></span> 
     </span>
    </p>
   </div>
   <div class='ocr_carea' id='block_1_60' title="bbox 448 5264 2094 5346">
    <p class='ocr_par' dir='ltr' id='par_1_60' title="bbox 448 5264 2094 5346">
     <span class='ocr_line' id='line_1_61' title="bbox 448 5264 2094 5346; baseline 0.006 -26"><span class='ocrx_word' id='word_1_338' title='bbox 448 5264 742 5321; x_wconf 88' lang='lat' dir='ltr'><strong>inventum</strong></span> <span class='ocrx_word' id='word_1_339' title='bbox 784 5267 890 5334; x_wconf 88' lang='lat' dir='ltr'><strong>est,</strong></span> <span class='ocrx_word' id='word_1_340' title='bbox 926 5269 984 5318; x_wconf 89' lang='lat' dir='ltr'><strong>et</strong></span> <span class='ocrx_word' id='word_1_341' title='bbox 1021 5267 1425 5341; x_wconf 90' lang='lat' dir='ltr'><strong>constitutum,</strong></span> <span class='ocrx_word' id='word_1_342' title='bbox 1460 5275 1525 5326; x_wconf 90' lang='lat' dir='ltr'><strong>ut</strong></span> <span class='ocrx_word' id='word_1_343' title='bbox 1553 5269 1820 5326; x_wconf 77' lang='lat' dir='ltr'><strong>formata</strong></span> <span class='ocrx_word' id='word_1_344' title='bbox 1837 5272 2094 5346; x_wconf 85' lang='lat' dir='ltr'><strong>epistola</strong></span> 
     </span>
    </p>
   </div>
   <div class='ocr_carea' id='block_1_61' title="bbox 449 5351 2094 5427">
    <p class='ocr_par' dir='ltr' id='par_1_61' title="bbox 449 5351 2094 5427">
     <span class='ocr_line' id='line_1_62' title="bbox 449 5351 2094 5427; baseline 0.005 -18"><span class='ocrx_word' id='word_1_345' title='bbox 449 5352 597 5409; x_wconf 88' lang='lat' dir='ltr'><strong>hanc</strong></span> <span class='ocrx_word' id='word_1_346' title='bbox 624 5351 1030 5410; x_wconf 89' lang='lat' dir='ltr'><strong>calculationis</strong></span> <span class='ocrx_word' id='word_1_347' title='bbox 1059 5367 1160 5410; x_wconf 93' lang='lat' dir='ltr'><strong>seu</strong></span> <span class='ocrx_word' id='word_1_348' title='bbox 1177 5359 1610 5427; x_wconf 87' lang='lat' dir='ltr'><strong>supputationis</strong></span> <span class='ocrx_word' id='word_1_349' title='bbox 1638 5359 1882 5417; x_wconf 86' lang='lat' dir='ltr'><strong>habeant</strong></span> <span class='ocrx_word' id='word_1_350' title='bbox 1907 5362 2094 5418; x_wconf 89' lang='lat' dir='ltr'><strong>ratio—</strong></span> 
     </span>
    </p>
   </div>
   <div class='ocr_carea' id='block_1_62' title="bbox 449 5441 2092 5522">
    <p class='ocr_par' dir='ltr' id='par_1_62' title="bbox 449 5441 2092 5522">
     <span class='ocr_line' id='line_1_63' title="bbox 449 5441 2092 5522; baseline 0.005 -24"><span class='ocrx_word' id='word_1_351' title='bbox 449 5453 608 5498; x_wconf 88' lang='lat' dir='ltr'><strong>nem:</strong></span> <span class='ocrx_word' id='word_1_352' title='bbox 633 5441 689 5497; x_wconf 87' lang='lat' dir='ltr'><strong>id</strong></span> <span class='ocrx_word' id='word_1_353' title='bbox 719 5446 826 5512; x_wconf 88' lang='lat' dir='ltr'><strong>est,</strong></span> <span class='ocrx_word' id='word_1_354' title='bbox 853 5445 917 5498; x_wconf 92' lang='lat' dir='ltr'><strong>ut</strong></span> <span class='ocrx_word' id='word_1_355' title='bbox 931 5448 1301 5498; x_wconf 89' lang='lat' dir='ltr'><strong>assumantur</strong></span> <span class='ocrx_word' id='word_1_356' title='bbox 1332 5444 1392 5499; x_wconf 91' lang='lat' dir='ltr'><strong>in</strong></span> <span class='ocrx_word' id='word_1_357' title='bbox 1413 5448 1878 5518; x_wconf 88' lang='lat' dir='ltr'><strong>supputationem</strong></span> <span class='ocrx_word' id='word_1_358' title='bbox 1907 5450 2092 5522; x_wconf 90' lang='lat' dir='ltr'><strong>prima</strong></span> 
     </span>
    </p>
   </div>
   <div class='ocr_carea' id='block_1_63' title="bbox 447 5529 2088 5611">
    <p class='ocr_par' dir='ltr' id='par_1_63' title="bbox 447 5529 2088 5611">
     <span class='ocr_line' id='line_1_64' title="bbox 447 5529 2088 5611; baseline 0.005 -25"><span class='ocrx_word' id='word_1_359' title='bbox 447 5532 642 5587; x_wconf 86' lang='lat' dir='ltr'><strong>Graca</strong></span> <span class='ocrx_word' id='word_1_360' title='bbox 667 5529 942 5587; x_wconf 87' lang='lat' dir='ltr'><strong>elementa</strong></span> <span class='ocrx_word' id='word_1_361' title='bbox 987 5531 1194 5604; x_wconf 88' lang='lat' dir='ltr'><strong>Patris,</strong></span> <span class='ocrx_word' id='word_1_362' title='bbox 1243 5537 1301 5588; x_wconf 89' lang='lat' dir='ltr'><strong>et</strong></span> <span class='ocrx_word' id='word_1_363' title='bbox 1329 5533 1486 5604; x_wconf 81' lang='lat' dir='ltr'><strong>Filii,</strong></span> <span class='ocrx_word' id='word_1_364' title='bbox 1518 5542 1573 5592; x_wconf 91' lang='lat' dir='ltr'><strong>et</strong></span> <span class='ocrx_word' id='word_1_365' title='bbox 1603 5538 1860 5608; x_wconf 87' lang='lat' dir='ltr'><strong>Spiritus</strong></span> <span class='ocrx_word' id='word_1_366' title='bbox 1883 5539 2088 5611; x_wconf 90' lang='lat' dir='ltr'><strong>sancti,</strong></span> 
     </span>
    </p>
   </div>
   <div class='ocr_carea' id='block_1_64' title="bbox 453 5617 2102 5701">
    <p class='ocr_par' dir='ltr' id='par_1_64' title="bbox 453 5617 2102 5701">
     <span class='ocr_line' id='line_1_65' title="bbox 453 5617 2102 5701; baseline 0.008 -27"><span class='ocrx_word' id='word_1_367' title='bbox 453 5619 559 5676; x_wconf 91' lang='lat' dir='ltr'><strong>hoc</strong></span> <span class='ocrx_word' id='word_1_368' title='bbox 579 5624 666 5676; x_wconf 90' lang='lat' dir='ltr'><strong>est</strong></span> <span class='ocrx_word' id='word_1_369' title='bbox 689 5618 764 5685; x_wconf 80' lang='lat' dir='ltr'><strong>Il,</strong></span> <span class='ocrx_word' id='word_1_370' title='bbox 779 5617 940 5693; x_wconf 78' lang='grc' dir='ltr'><strong>Υ,Α,</strong></span> <span class='ocrx_word' id='word_1_371' title='bbox 961 5636 1090 5694; x_wconf 86' lang='lat' dir='ltr'><strong>qua</strong></span> <span class='ocrx_word' id='word_1_372' title='bbox 1113 5622 1394 5680; x_wconf 89' lang='lat' dir='ltr'><strong>elementa</strong></span> <span class='ocrx_word' id='word_1_373' title='bbox 1418 5629 1944 5701; x_wconf 85' lang='lat' dir='ltr'><strong>octogenarium,et</strong></span> <span class='ocrx_word' id='word_1_374' title='bbox 1967 5642 2102 5700; x_wconf 84' lang='lat' dir='ltr'><strong>qua-</strong></span> 
     </span>
    </p>
   </div>
   <div class='ocr_carea' id='block_1_65' title="bbox 2105 1723 2159 1785">
    <p class='ocr_par' dir='ltr' id='par_1_65' title="bbox 2105 1723 2159 1785">
     <span class='ocr_line' id='line_1_66' title="bbox 2105 1723 2159 1785; baseline 0 0"><span class='ocrx_word' id='word_1_375' title='bbox 2105 1723 2159 1785; x_wconf 92' lang='grc' dir='ltr'>Β</span> 
     </span>
    </p>
   </div>
   <div class='ocr_carea' id='block_1_66' title="bbox 2174 489 3956 564">
    <p class='ocr_par' dir='ltr' id='par_1_66' title="bbox 2174 489 3956 564">
     <span class='ocr_line' id='line_1_67' title="bbox 2174 489 3956 564; baseline 0.003 -20"><span class='ocrx_word' id='word_1_376' title='bbox 2174 489 2324 545; x_wconf 89' lang='lat' dir='ltr'><strong>Petri</strong></span> <span class='ocrx_word' id='word_1_377' title='bbox 2357 504 2585 563; x_wconf 89' lang='lat' dir='ltr'><strong>quoque</strong></span> <span class='ocrx_word' id='word_1_378' title='bbox 2612 493 2858 564; x_wconf 87' lang='lat' dir='ltr'><strong>apostoli</strong></span> <span class='ocrx_word' id='word_1_379' title='bbox 2905 495 3092 563; x_wconf 87' lang='lat' dir='ltr'><strong>prima</strong></span> <span class='ocrx_word' id='word_1_380' title='bbox 3131 493 3346 562; x_wconf 90' lang='lat' dir='ltr'><strong>littera,</strong></span> <span class='ocrx_word' id='word_1_381' title='bbox 3378 493 3437 548; x_wconf 92' lang='lat' dir='ltr'><strong>id</strong></span> <span class='ocrx_word' id='word_1_382' title='bbox 3487 496 3583 548; x_wconf 84' lang='lat' dir='ltr'><strong>est</strong></span> <span class='ocrx_word' id='word_1_383' title='bbox 3605 491 3683 564; x_wconf 86' lang='grc' dir='ltr'><strong>Π,</strong></span> <span class='ocrx_word' id='word_1_384' title='bbox 3713 507 3837 562; x_wconf 86' lang='lat' dir='ltr'><strong>qua</strong></span> <span class='ocrx_word' id='word_1_385' title='bbox 3945 543 3956 550; x_wconf 88' lang='lat'><strong>.</strong></span> 
     </span>
    </p>
   </div>
   <div class='ocr_carea' id='block_1_67' title="bbox 2176 581 3836 654">
    <p class='ocr_par' dir='ltr' id='par_1_67' title="bbox 2176 581 3836 654">
     <span class='ocr_line' id='line_1_68' title="bbox 2176 581 3836 654; baseline 0.002 -21"><span class='ocrx_word' id='word_1_386' title='bbox 2176 591 2476 636; x_wconf 89' lang='lat' dir='ltr'><strong>numerum</strong></span> <span class='ocrx_word' id='word_1_387' title='bbox 2507 583 2802 654; x_wconf 85' lang='lat' dir='ltr'><strong>octoginta</strong></span> <span class='ocrx_word' id='word_1_388' title='bbox 2853 582 3168 653; x_wconf 87' lang='lat' dir='ltr'><strong>signiﬁcat.</strong></span> <span class='ocrx_word' id='word_1_389' title='bbox 3225 583 3362 652; x_wconf 89' lang='lat' dir='ltr'><strong>Ejus</strong></span> <span class='ocrx_word' id='word_1_390' title='bbox 3444 595 3681 652; x_wconf 88' lang='lat' dir='ltr'><strong>quoque</strong></span> <span class='ocrx_word' id='word_1_391' title='bbox 3737 581 3836 650; x_wconf 86' lang='lat' dir='ltr'><strong>qui</strong></span> 
     </span>
    </p>
   </div>
   <div class='ocr_carea' id='block_1_68' title="bbox 2179 667 3836 741">
    <p class='ocr_par' dir='ltr' id='par_1_68' title="bbox 2179 667 3836 741">
     <span class='ocr_line' id='line_1_69' title="bbox 2179 667 3836 741; baseline 0.002 -20"><span class='ocrx_word' id='word_1_392' title='bbox 2179 667 2387 724; x_wconf 89' lang='lat' dir='ltr'><strong>scribit</strong></span> <span class='ocrx_word' id='word_1_393' title='bbox 2399 670 2656 740; x_wconf 79' lang='lat' dir='ltr'><strong>episcOpi</strong></span> <span class='ocrx_word' id='word_1_394' title='bbox 2676 671 2862 741; x_wconf 89' lang='lat' dir='ltr'><strong>prima</strong></span> <span class='ocrx_word' id='word_1_395' title='bbox 2874 671 3069 727; x_wconf 89' lang='lat' dir='ltr'><strong>littera</strong></span> <span class='ocrx_word' id='word_1_396' title='bbox 3083 689 3100 734; x_wconf 73' lang='grc' dir='ltr'>ς</span> <span class='ocrx_word' id='word_1_397' title='bbox 3113 671 3210 728; x_wconf 92' lang='lat' dir='ltr'><strong>cui</strong></span> <span class='ocrx_word' id='word_1_398' title='bbox 3235 669 3540 740; x_wconf 87' lang='lat' dir='ltr'><strong>scribitur,</strong></span> <span class='ocrx_word' id='word_1_399' title='bbox 3556 669 3836 726; x_wconf 86' lang='lat' dir='ltr'><strong>secunda:</strong></span> 
     </span>
    </p>
   </div>
   <div class='ocr_carea' id='block_1_69' title="bbox 2180 754 3834 829">
    <p class='ocr_par' dir='ltr' id='par_1_69' title="bbox 2180 754 3834 829">
     <span class='ocr_line' id='line_1_70' title="bbox 2180 754 3834 829; baseline 0.002 -20"><span class='ocrx_word' id='word_1_400' title='bbox 2180 754 2734 829; x_wconf 85' lang='lat' dir='ltr'><strong>accipientistertia;</strong></span> <span class='ocrx_word' id='word_1_401' title='bbox 2761 759 3019 815; x_wconf 89' lang='lat' dir='ltr'><strong>civitatis</strong></span> <span class='ocrx_word' id='word_1_402' title='bbox 3041 759 3114 814; x_wconf 91' lang='lat' dir='ltr'><strong>de</strong></span> <span class='ocrx_word' id='word_1_403' title='bbox 3135 773 3250 829; x_wconf 88' lang='lat' dir='ltr'><strong>qua</strong></span> <span class='ocrx_word' id='word_1_404' title='bbox 3267 757 3576 827; x_wconf 88' lang='lat' dir='ltr'><strong>scribitur,</strong></span> <span class='ocrx_word' id='word_1_405' title='bbox 3607 764 3834 827; x_wconf 85' lang='lat' dir='ltr'><strong>quarta;</strong></span> 
     </span>
    </p>
   </div>
   <div class='ocr_carea' id='block_1_70' title="bbox 2178 844 3832 918">
    <p class='ocr_par' dir='ltr' id='par_1_70' title="bbox 2178 844 3832 918">
     <span class='ocr_line' id='line_1_71' title="bbox 2178 844 3832 918; baseline 0.002 -21"><span class='ocrx_word' id='word_1_406' title='bbox 2178 847 2236 898; x_wconf 88' lang='lat' dir='ltr'><strong>et</strong></span> <span class='ocrx_word' id='word_1_407' title='bbox 2263 844 2628 918; x_wconf 89' lang='lat' dir='ltr'><strong>lndictionis,</strong></span> <span class='ocrx_word' id='word_1_408' title='bbox 2654 860 3011 918; x_wconf 86' lang='lat' dir='ltr'><strong>quacunque</strong></span> <span class='ocrx_word' id='word_1_409' title='bbox 3031 852 3120 903; x_wconf 91' lang='lat' dir='ltr'><strong>est</strong></span> <span class='ocrx_word' id='word_1_410' title='bbox 3153 846 3210 902; x_wconf 92' lang='lat' dir='ltr'><strong>id</strong></span> <span class='ocrx_word' id='word_1_411' title='bbox 3237 846 3536 916; x_wconf 89' lang='lat' dir='ltr'><strong>temporis,</strong></span> <span class='ocrx_word' id='word_1_412' title='bbox 3566 845 3719 900; x_wconf 90' lang='lat' dir='ltr'><strong>idem</strong></span> <span class='ocrx_word' id='word_1_413' title='bbox 3736 845 3832 915; x_wconf 85' lang='lat' dir='ltr'><strong>qui</strong></span> 
     </span>
    </p>
   </div>
   <div class='ocr_carea' id='block_1_71' title="bbox 2181 927 3833 1005">
    <p class='ocr_par' dir='ltr' id='par_1_71' title="bbox 2181 927 3833 1005">
     <span class='ocr_line' id='line_1_72' title="bbox 2181 927 3833 1005; baseline 0.002 -20"><span class='ocrx_word' id='word_1_414' title='bbox 2181 927 2359 988; x_wconf 87' lang='lat' dir='ltr'><strong>fuerit</strong></span> <span class='ocrx_word' id='word_1_415' title='bbox 2397 947 2672 991; x_wconf 85' lang='lat' dir='ltr'><strong>numerus</strong></span> <span class='ocrx_word' id='word_1_416' title='bbox 2694 939 3052 992; x_wconf 89' lang='lat' dir='ltr'><strong>assumatur:</strong></span> <span class='ocrx_word' id='word_1_417' title='bbox 3101 938 3275 1005; x_wconf 86' lang='lat' dir='ltr'><strong>atque</strong></span> <span class='ocrx_word' id='word_1_418' title='bbox 3297 933 3377 990; x_wconf 85' lang='lat' dir='ltr'><strong>ita</strong></span> <span class='ocrx_word' id='word_1_419' title='bbox 3428 933 3526 990; x_wconf 90' lang='lat' dir='ltr'><strong>his</strong></span> <span class='ocrx_word' id='word_1_420' title='bbox 3565 932 3833 990; x_wconf 85' lang='lat' dir='ltr'><strong>omnibus</strong></span> 
     </span>
    </p>
   </div>
   <div class='ocr_carea' id='block_1_72' title="bbox 2179 1019 3839 1096">
    <p class='ocr_par' dir='ltr' id='par_1_72' title="bbox 2179 1019 3839 1096">
     <span class='ocr_line' id='line_1_73' title="bbox 2179 1019 3839 1096; baseline 0.001 -21"><span class='ocrx_word' id='word_1_421' title='bbox 2179 1019 2394 1078; x_wconf 87' lang='lat' dir='ltr'><strong>Gracis</strong></span> <span class='ocrx_word' id='word_1_422' title='bbox 2441 1022 2678 1094; x_wconf 87' lang='lat' dir='ltr'><strong>litteris,</strong></span> <span class='ocrx_word' id='word_1_423' title='bbox 2711 1038 2858 1096; x_wconf 89' lang='lat' dir='ltr'><strong>qua,</strong></span> <span class='ocrx_word' id='word_1_424' title='bbox 2914 1028 2980 1081; x_wconf 91' lang='lat' dir='ltr'><strong>ut</strong></span> <span class='ocrx_word' id='word_1_425' title='bbox 3005 1023 3287 1094; x_wconf 82' lang='lat' dir='ltr'><strong>diximus,</strong></span> <span class='ocrx_word' id='word_1_426' title='bbox 3337 1035 3614 1078; x_wconf 88' lang='lat' dir='ltr'><strong>numeros</strong></span> <span class='ocrx_word' id='word_1_427' title='bbox 3641 1022 3839 1092; x_wconf 75' lang='lat' dir='ltr'><strong>expri-</strong></span> 
     </span>
    </p>
   </div>
   <div class='ocr_carea' id='block_1_73' title="bbox 2182 1109 3834 1182">
    <p class='ocr_par' dir='ltr' id='par_1_73' title="bbox 2182 1109 3834 1182">
     <span class='ocr_line' id='line_1_74' title="bbox 2182 1109 3834 1182; baseline 0.001 -19"><span class='ocrx_word' id='word_1_428' title='bbox 2182 1114 2367 1180; x_wconf 89' lang='lat' dir='ltr'><strong>munt,</strong></span> <span class='ocrx_word' id='word_1_429' title='bbox 2402 1111 2461 1166; x_wconf 91' lang='lat' dir='ltr'><strong>in</strong></span> <span class='ocrx_word' id='word_1_430' title='bbox 2493 1125 2671 1168; x_wconf 91' lang='lat' dir='ltr'><strong>unum</strong></span> <span class='ocrx_word' id='word_1_431' title='bbox 2715 1112 2930 1182; x_wconf 89' lang='lat' dir='ltr'><strong>ductis,</strong></span> <span class='ocrx_word' id='word_1_432' title='bbox 2988 1125 3160 1168; x_wconf 90' lang='lat' dir='ltr'><strong>unam</strong></span> <span class='ocrx_word' id='word_1_433' title='bbox 3205 1123 3571 1181; x_wconf 87' lang='lat' dir='ltr'><strong>quacunque</strong></span> <span class='ocrx_word' id='word_1_434' title='bbox 3606 1109 3834 1164; x_wconf 86' lang='lat' dir='ltr'><strong>collecta</strong></span> 
     </span>
    </p>
   </div>
   <div class='ocr_carea' id='block_1_74' title="bbox 2181 1196 3836 1270">
    <p class='ocr_par' dir='ltr' id='par_1_74' title="bbox 2181 1196 3836 1270">
     <span class='ocr_line' id='line_1_75' title="bbox 2181 1196 3836 1270; baseline -0.001 -17"><span class='ocrx_word' id='word_1_435' title='bbox 2181 1197 2360 1254; x_wconf 91' lang='lat' dir='ltr'><strong>fuerit</strong></span> <span class='ocrx_word' id='word_1_436' title='bbox 2383 1213 2664 1256; x_wconf 90' lang='lat' dir='ltr'><strong>summam</strong></span> <span class='ocrx_word' id='word_1_437' title='bbox 2693 1200 2938 1270; x_wconf 86' lang='lat' dir='ltr'><strong>epistola</strong></span> <span class='ocrx_word' id='word_1_438' title='bbox 2989 1203 3195 1256; x_wconf 88' lang='lat' dir='ltr'><strong>teneat.</strong></span> <span class='ocrx_word' id='word_1_439' title='bbox 3230 1199 3385 1254; x_wconf 87' lang='lat' dir='ltr'><strong>Hanc</strong></span> <span class='ocrx_word' id='word_1_440' title='bbox 3433 1197 3540 1268; x_wconf 87' lang='lat' dir='ltr'><strong>qui</strong></span> <span class='ocrx_word' id='word_1_441' title='bbox 3591 1196 3836 1266; x_wconf 82' lang='lat' dir='ltr'><strong>suscipit</strong></span> 
     </span>
    </p>
   </div>
   <div class='ocr_carea' id='block_1_75' title="bbox 2183 1284 3835 1359">
    <p class='ocr_par' dir='ltr' id='par_1_75' title="bbox 2183 1284 3835 1359">
     <span class='ocr_line' id='line_1_76' title="bbox 2183 1284 3835 1359; baseline -0.001 -17"><span class='ocrx_word' id='word_1_442' title='bbox 2183 1287 2339 1342; x_wconf 91' lang='lat' dir='ltr'><strong>omni</strong></span> <span class='ocrx_word' id='word_1_443' title='bbox 2361 1300 2488 1343; x_wconf 91' lang='lat' dir='ltr'><strong>cum</strong></span> <span class='ocrx_word' id='word_1_444' title='bbox 2511 1288 2734 1344; x_wconf 90' lang='lat' dir='ltr'><strong>cautela</strong></span> <span class='ocrx_word' id='word_1_445' title='bbox 2758 1287 3017 1359; x_wconf 88' lang='lat' dir='ltr'><strong>requirat</strong></span> <span class='ocrx_word' id='word_1_446' title='bbox 3035 1299 3320 1356; x_wconf 80' lang='lat' dir='ltr'><strong>expresse.</strong></span> <span class='ocrx_word' id='word_1_447' title='bbox 3345 1284 3537 1341; x_wconf 86' lang='lat' dir='ltr'><strong>Addat</strong></span> <span class='ocrx_word' id='word_1_448' title='bbox 3569 1290 3835 1354; x_wconf 86' lang='lat' dir='ltr'><strong>praterea</strong></span> 
     </span>
    </p>
   </div>
   <div class='ocr_carea' id='block_1_76' title="bbox 2184 1374 3840 1446">
    <p class='ocr_par' dir='ltr' id='par_1_76' title="bbox 2184 1374 3840 1446">
     <span class='ocr_line' id='line_1_77' title="bbox 2184 1374 3840 1446; baseline -0.002 -16"><span class='ocrx_word' id='word_1_449' title='bbox 2184 1375 2490 1444; x_wconf 86' lang='lat' dir='ltr'><strong>separatim</strong></span> <span class='ocrx_word' id='word_1_450' title='bbox 2515 1375 2574 1430; x_wconf 92' lang='lat' dir='ltr'><strong>in</strong></span> <span class='ocrx_word' id='word_1_451' title='bbox 2593 1376 2838 1446; x_wconf 88' lang='lat' dir='ltr'><strong>epistola</strong></span> <span class='ocrx_word' id='word_1_452' title='bbox 2859 1374 3310 1446; x_wconf 87' lang='lat' dir='ltr'><strong>nonagenarium</strong></span> <span class='ocrx_word' id='word_1_453' title='bbox 3332 1378 3388 1428; x_wconf 88' lang='lat' dir='ltr'><strong>et</strong></span> <span class='ocrx_word' id='word_1_454' title='bbox 3412 1385 3636 1428; x_wconf 87' lang='lat' dir='ltr'><strong>nonum</strong></span> <span class='ocrx_word' id='word_1_455' title='bbox 3655 1385 3840 1428; x_wconf 82' lang='lat' dir='ltr'><strong>nume-</strong></span> 
     </span>
    </p>
   </div>
   <div class='ocr_carea' id='block_1_77' title="bbox 2185 1459 3836 1535">
    <p class='ocr_par' dir='ltr' id='par_1_77' title="bbox 2185 1459 3836 1535">
     <span class='ocr_line' id='line_1_78' title="bbox 2185 1459 3836 1535; baseline -0.003 -15"><span class='ocrx_word' id='word_1_456' title='bbox 2185 1477 2334 1535; x_wconf 88' lang='lat' dir='ltr'><strong>rum,</strong></span> <span class='ocrx_word' id='word_1_457' title='bbox 2361 1463 2464 1534; x_wconf 91' lang='lat' dir='ltr'><strong>qui</strong></span> <span class='ocrx_word' id='word_1_458' title='bbox 2485 1464 2801 1520; x_wconf 87' lang='lat' dir='ltr'><strong>secundum</strong></span> <span class='ocrx_word' id='word_1_459' title='bbox 2819 1464 3017 1520; x_wconf 86' lang='lat' dir='ltr'><strong>Graca</strong></span> <span class='ocrx_word' id='word_1_460' title='bbox 3040 1461 3320 1518; x_wconf 89' lang='lat' dir='ltr'><strong>elementa</strong></span> <span class='ocrx_word' id='word_1_461' title='bbox 3349 1459 3653 1533; x_wconf 87' lang='lat' dir='ltr'><strong>signiﬁcat</strong></span> <span class='ocrx_word' id='word_1_462' title='bbox 3669 1473 3836 1516; x_wconf 67' lang='lat' dir='ltr'><strong>una.</strong></span> 
     </span>
    </p>
   </div>
   <div class='ocr_carea' id='block_1_78' title="bbox 2255 1599 3841 1677">
    <p class='ocr_par' dir='ltr' id='par_1_78' title="bbox 2255 1599 3841 1677">
     <span class='ocr_line' id='line_1_79' title="bbox 2255 1599 3841 1677; baseline -0.003 -16"><span class='ocrx_word' id='word_1_463' title='bbox 2255 1605 2364 1677; x_wconf 79' lang='lat' dir='ltr'><strong>(Ex</strong></span> <span class='ocrx_word' id='word_1_464' title='bbox 2399 1604 2801 1677; x_wconf 83' lang='lat' dir='ltr'><strong>superioribus</strong></span> <span class='ocrx_word' id='word_1_465' title='bbox 2825 1605 3034 1677; x_wconf 82' lang='lat' dir='ltr'><strong>liquet,</strong></span> <span class='ocrx_word' id='word_1_466' title='bbox 3067 1615 3437 1677; x_wconf 69' lang='lat' dir='ltr'><strong>numerorum</strong></span> <span class='ocrx_word' id='word_1_467' title='bbox 3467 1601 3578 1677; x_wconf 78' lang='lat' dir='ltr'><strong>qui</strong></span> <span class='ocrx_word' id='word_1_468' title='bbox 3611 1601 3672 1657; x_wconf 91' lang='lat' dir='ltr'><strong>in</strong></span> <span class='ocrx_word' id='word_1_469' title='bbox 3722 1599 3841 1677; x_wconf 77' lang='lat' dir='ltr'><strong>for-</strong></span> 
     </span>
    </p>
   </div>
   <div class='ocr_carea' id='block_1_79' title="bbox 2187 1671 3838 1747">
    <p class='ocr_par' dir='ltr' id='par_1_79' title="bbox 2187 1671 3838 1747">
     <span class='ocr_line' id='line_1_80' title="bbox 2187 1671 3838 1747; baseline -0.004 -15"><span class='ocrx_word' id='word_1_470' title='bbox 2187 1671 2358 1732; x_wconf 79' lang='lat' dir='ltr'><strong>matis</strong></span> <span class='ocrx_word' id='word_1_471' title='bbox 2373 1671 2766 1747; x_wconf 77' lang='lat' dir='ltr'><strong>observantur,</strong></span> <span class='ocrx_word' id='word_1_472' title='bbox 2783 1671 2934 1731; x_wconf 75' lang='lat' dir='ltr'><strong>alios</strong></span> <span class='ocrx_word' id='word_1_473' title='bbox 2952 1671 3302 1747; x_wconf 69' lang='lat' dir='ltr'><strong>inomnibus</strong></span> <span class='ocrx_word' id='word_1_474' title='bbox 3322 1671 3597 1747; x_wconf 66' lang='lat' dir='ltr'><strong>formatis</strong></span> <span class='ocrx_word' id='word_1_475' title='bbox 3615 1672 3838 1747; x_wconf 76' lang='lat' dir='ltr'><strong>eosdem</strong></span> 
     </span>
    </p>
   </div>
   <div class='ocr_carea' id='block_1_80' title="bbox 2185 1743 3838 1818">
    <p class='ocr_par' dir='ltr' id='par_1_80' title="bbox 2185 1743 3838 1818">
     <span class='ocr_line' id='line_1_81' title="bbox 2185 1743 3838 1818; baseline -0.004 -14"><span class='ocrx_word' id='word_1_476' title='bbox 2185 1761 2406 1818; x_wconf 90' lang='lat' dir='ltr'><strong>semper</strong></span> <span class='ocrx_word' id='word_1_477' title='bbox 2425 1761 2568 1817; x_wconf 88' lang='lat' dir='ltr'><strong>esse,</strong></span> <span class='ocrx_word' id='word_1_478' title='bbox 2590 1747 2740 1803; x_wconf 91' lang='lat' dir='ltr'><strong>alios</strong></span> <span class='ocrx_word' id='word_1_479' title='bbox 2753 1743 2822 1802; x_wconf 82' lang='lat' dir='ltr'><strong>in</strong></span> <span class='ocrx_word' id='word_1_480' title='bbox 2843 1745 3096 1818; x_wconf 88' lang='lat' dir='ltr'><strong>singulis</strong></span> <span class='ocrx_word' id='word_1_481' title='bbox 3112 1745 3406 1818; x_wconf 83' lang='lat' dir='ltr'><strong>diversos:</strong></span> <span class='ocrx_word' id='word_1_482' title='bbox 3438 1743 3578 1800; x_wconf 90' lang='lat' dir='ltr'><strong>illos</strong></span> <span class='ocrx_word' id='word_1_483' title='bbox 3603 1743 3838 1818; x_wconf 85' lang='lat' dir='ltr'><strong>proinde</strong></span> 
     </span>
    </p>
   </div>
   <div class='ocr_carea' id='block_1_81' title="bbox 2183 1814 3835 1887">
    <p class='ocr_par' dir='ltr' id='par_1_81' title="bbox 2183 1814 3835 1887">
     <span class='ocr_line' id='line_1_82' title="bbox 2183 1814 3835 1887; baseline -0.004 -12"><span class='ocrx_word' id='word_1_484' title='bbox 2183 1814 2453 1876; x_wconf 75' lang='lat' dir='ltr'><strong>omnibus</strong></span> <span class='ocrx_word' id='word_1_485' title='bbox 2481 1814 2811 1874; x_wconf 87' lang='lat' dir='ltr'><strong>communes</strong></span> <span class='ocrx_word' id='word_1_486' title='bbox 2841 1814 2983 1886; x_wconf 78' lang='lat' dir='ltr'><strong>esse,</strong></span> <span class='ocrx_word' id='word_1_487' title='bbox 3014 1817 3118 1872; x_wconf 89' lang='lat' dir='ltr'><strong>hos</strong></span> <span class='ocrx_word' id='word_1_488' title='bbox 3138 1815 3506 1887; x_wconf 83' lang='lat' dir='ltr'><strong>singularum</strong></span> <span class='ocrx_word' id='word_1_489' title='bbox 3555 1814 3835 1887; x_wconf 84' lang='lat' dir='ltr'><strong>proprios.</strong></span> 
     </span>
    </p>
   </div>
   <div class='ocr_carea' id='block_1_82' title="bbox 2183 1885 3836 1959">
    <p class='ocr_par' dir='ltr' id='par_1_82' title="bbox 2183 1885 3836 1959">
     <span class='ocr_line' id='line_1_83' title="bbox 2183 1885 3836 1959; baseline -0.004 -14"><span class='ocrx_word' id='word_1_490' title='bbox 2183 1889 2522 1946; x_wconf 89' lang='lat' dir='ltr'><strong>Communes</strong></span> <span class='ocrx_word' id='word_1_491' title='bbox 2547 1893 2703 1953; x_wconf 77' lang='lat' dir='ltr'><strong>sunt,</strong></span> <span class='ocrx_word' id='word_1_492' title='bbox 2737 1889 2837 1959; x_wconf 91' lang='lat' dir='ltr'><strong>qui</strong></span> <span class='ocrx_word' id='word_1_493' title='bbox 2866 1889 3013 1944; x_wconf 91' lang='lat' dir='ltr'><strong>ﬁunt</strong></span> <span class='ocrx_word' id='word_1_494' title='bbox 3040 1900 3107 1942; x_wconf 82' lang='lat' dir='ltr'><strong>ex</strong></span> <span class='ocrx_word' id='word_1_495' title='bbox 3127 1958 3131 1959; x_wconf 16' lang='grc' dir='ltr'><em>ν</em></span> <span class='ocrx_word' id='word_1_496' title='bbox 3149 1885 3356 1959; x_wconf 80' lang='lat' dir='ltr'><strong>primis</strong></span> <span class='ocrx_word' id='word_1_497' title='bbox 3381 1885 3606 1940; x_wconf 82' lang='lat' dir='ltr'><strong>litteris</strong></span> <span class='ocrx_word' id='word_1_498' title='bbox 3629 1885 3836 1959; x_wconf 73' lang='lat' dir='ltr'><strong>Patris,</strong></span> 
     </span>
    </p>
   </div>
   <div class='ocr_carea' id='block_1_83' title="bbox 2185 1955 3840 2032">
    <p class='ocr_par' dir='ltr' id='par_1_83' title="bbox 2185 1955 3840 2032">
     <span class='ocr_line' id='line_1_84' title="bbox 2185 1955 3840 2032; baseline -0.004 -16"><span class='ocrx_word' id='word_1_499' title='bbox 2185 1960 2344 2032; x_wconf 69' lang='lat' dir='ltr'><strong>Filii,</strong></span> <span class='ocrx_word' id='word_1_500' title='bbox 2369 1961 2625 2032; x_wconf 79' lang='lat' dir='ltr'><strong>Spiritus</strong></span> <span class='ocrx_word' id='word_1_501' title='bbox 2649 1955 2856 2032; x_wconf 79' lang='lat' dir='ltr'><strong>sancti,</strong></span> <span class='ocrx_word' id='word_1_502' title='bbox 2884 1965 2941 2014; x_wconf 91' lang='lat' dir='ltr'><strong>et</strong></span> <span class='ocrx_word' id='word_1_503' title='bbox 2988 1955 3172 2032; x_wconf 69' lang='lat' dir='ltr'><strong>Petri}</strong></span> <span class='ocrx_word' id='word_1_504' title='bbox 3209 1957 3493 2032; x_wconf 82' lang='lat' dir='ltr'><strong>nimirum</strong></span> <span class='ocrx_word' id='word_1_505' title='bbox 3527 1970 3600 2011; x_wconf 77' lang='lat' dir='ltr'><strong>ex</strong></span> <span class='ocrx_word' id='word_1_506' title='bbox 3626 1955 3840 2010; x_wconf 84' lang='lat' dir='ltr'><strong>litteris</strong></span> 
     </span>
    </p>
   </div>
   <div class='ocr_carea' id='block_1_84' title="bbox 2188 2027 3840 2101">
    <p class='ocr_par' dir='ltr' id='par_1_84' title="bbox 2188 2027 3840 2101">
     <span class='ocr_line' id='line_1_85' title="bbox 2188 2027 3840 2101; baseline -0.003 -16"><span class='ocrx_word' id='word_1_507' title='bbox 2188 2031 2262 2094; x_wconf 91' lang='lat' dir='ltr'><strong>H,</strong></span> <span class='ocrx_word' id='word_1_508' title='bbox 2291 2027 2362 2096; x_wconf 63' lang='grc' dir='ltr'><strong>Υ,</strong></span> <span class='ocrx_word' id='word_1_509' title='bbox 2395 2027 2466 2094; x_wconf 83' lang='grc' dir='ltr'><strong>Ᾰ,</strong></span> <span class='ocrx_word' id='word_1_510' title='bbox 2497 2031 2571 2093; x_wconf 86' lang='grc' dir='ltr'><em>Π,</em></span> <span class='ocrx_word' id='word_1_511' title='bbox 2596 2030 2811 2101; x_wconf 89' lang='lat' dir='ltr'><strong>quibus</strong></span> <span class='ocrx_word' id='word_1_512' title='bbox 2833 2027 3054 2101; x_wconf 87' lang='lat' dir='ltr'><strong>numeri</strong></span> <span class='ocrx_word' id='word_1_513' title='bbox 3091 2027 3437 2097; x_wconf 89' lang='lat' dir='ltr'><strong>respondent</strong></span> <span class='ocrx_word' id='word_1_514' title='bbox 3461 2039 3640 2095; x_wconf 78' lang='lat' dir='ltr'><strong>Lxxx,</strong></span> <span class='ocrx_word' id='word_1_515' title='bbox 3664 2037 3840 2101; x_wconf 53' lang='lat' dir='ltr'><strong>cecat</strong></span> 
     </span>
    </p>
   </div>
   <div class='ocr_carea' id='block_1_85' title="bbox 2187 2097 3841 2172">
    <p class='ocr_par' dir='ltr' id='par_1_85' title="bbox 2187 2097 3841 2172">
     <span class='ocr_line' id='line_1_86' title="bbox 2187 2097 3841 2172; baseline -0.004 -15"><span class='ocrx_word' id='word_1_516' title='bbox 2187 2115 2338 2157; x_wconf 82' lang='lat' dir='ltr'><strong>Lxxx</strong></span> <span class='ocrx_word' id='word_1_517' title='bbox 2357 2107 2528 2172; x_wconf 91' lang='lat' dir='ltr'><strong>atque</strong></span> <span class='ocrx_word' id='word_1_518' title='bbox 2544 2097 2904 2172; x_wconf 47' lang='lat' dir='ltr'><strong>ex‘omuibus</strong></span> <span class='ocrx_word' id='word_1_519' title='bbox 2924 2100 3138 2156; x_wconf 89' lang='lat' dir='ltr'><strong>litteris</strong></span> <span class='ocrx_word' id='word_1_520' title='bbox 3152 2111 3328 2172; x_wconf 64' lang='lat' dir='ltr'><strong>anan,</strong></span> <span class='ocrx_word' id='word_1_521' title='bbox 3344 2111 3597 2172; x_wconf 84' lang='lat' dir='ltr'><strong>quarum</strong></span> <span class='ocrx_word' id='word_1_522' title='bbox 3619 2097 3841 2152; x_wconf 90' lang='lat' dir='ltr'><strong>numeri</strong></span> 
     </span>
    </p>
   </div>
   <div class='ocr_carea' id='block_1_86' title="bbox 2187 2169 3844 2298">
    <p class='ocr_par' dir='ltr' id='par_1_86' title="bbox 2187 2169 3844 2298">
     <span class='ocr_line' id='line_1_87' title="bbox 2187 2169 3844 2298; baseline -0.004 -70"><span class='ocrx_word' id='word_1_523' title='bbox 2187 2180 2324 2228; x_wconf 92' lang='lat' dir='ltr'><strong>sunt</strong></span> <span class='ocrx_word' id='word_1_524' title='bbox 2353 2186 2392 2243; x_wconf 81' lang='grc' dir='ltr'><strong>ι,</strong></span> <span class='ocrx_word' id='word_1_525' title='bbox 2436 2169 2542 2238; x_wconf 43' lang='grc' dir='ltr'><strong>ἂι,</strong></span> <span class='ocrx_word' id='word_1_526' title='bbox 2597 2186 2700 2230; x_wconf 87' lang='lat' dir='ltr'><strong>vm</strong></span> <span class='ocrx_word' id='word_1_527' title='bbox 2747 2187 2798 2244; x_wconf 87' lang='lat' dir='ltr'><strong>L,</strong></span> <span class='ocrx_word' id='word_1_528' title='bbox 2859 2171 2915 2227; x_wconf 90' lang='lat' dir='ltr'><strong>id</strong></span> <span class='ocrx_word' id='word_1_529' title='bbox 2961 2177 3048 2227; x_wconf 88' lang='lat' dir='ltr'><strong>est</strong></span> <span class='ocrx_word' id='word_1_530' title='bbox 3073 2171 3159 2298; x_wconf 52' lang='grc' dir='ltr'><strong>ἔθ’</strong></span> <span class='ocrx_word' id='word_1_531' title='bbox 3191 2169 3658 2240; x_wconf 44' lang='grc' dir='ltr'><strong>χςιχίοωηὶιιω</strong></span> <span class='ocrx_word' id='word_1_532' title='bbox 3717 2181 3844 2223; x_wconf 86' lang='lat' dir='ltr'><strong>vero</strong></span> 
     </span>
     <span class='ocr_line' id='line_1_88' title="bbox 2188 2239 3844 2298; baseline -0.004 0"><span class='ocrx_word' id='word_1_533' title='bbox 2188 2257 2409 2298; x_wconf 90' lang='lat' dir='ltr'><strong>summa</strong></span> <span class='ocrx_word' id='word_1_534' title='bbox 2441 2257 2596 2298; x_wconf 83' lang='lat' dir='ltr'><strong>DCLx.</strong></span> <span class='ocrx_word' id='word_1_535' title='bbox 2641 2246 2828 2298; x_wconf 89' lang='lat' dir='ltr'><strong>Ouare</strong></span> <span class='ocrx_word' id='word_1_536' title='bbox 2887 2243 2980 2298; x_wconf 90' lang='lat' dir='ltr'><strong>hic</strong></span> <span class='ocrx_word' id='word_1_537' title='bbox 3050 2242 3066 2298; x_wconf 93' lang='lat' dir='ltr'><strong>i</strong></span> <span class='ocrx_word' id='word_1_538' title='bbox 3113 2255 3198 2297; x_wconf 91' lang='lat' dir='ltr'><strong>em</strong></span> <span class='ocrx_word' id='word_1_539' title='bbox 3244 2254 3526 2297; x_wconf 89' lang='lat' dir='ltr'><strong>numerus</strong></span> <span class='ocrx_word' id='word_1_540' title='bbox 3585 2239 3844 2296; x_wconf 85' lang='lat' dir='ltr'><strong>formatis</strong></span> 
     </span>
    </p>
   </div>
   <div class='ocr_carea' id='block_1_87' title="bbox 2188 2239 3847 2315">
    <p class='ocr_par' dir='ltr' id='par_1_87' title="bbox 2188 2239 3847 2315">
     <span class='ocr_line' id='line_1_89' title="bbox 2188 2239 3847 2315; baseline -0.005 -15"><span class='ocrx_word' id='word_1_541' title='bbox 2188 2239 2409 2300; x_wconf 83' lang='lat' dir='ltr'><strong>summa</strong></span> <span class='ocrx_word' id='word_1_542' title='bbox 2441 2257 2596 2299; x_wconf 82' lang='lat' dir='ltr'><strong>DCLx.</strong></span> <span class='ocrx_word' id='word_1_543' title='bbox 2641 2239 2828 2315; x_wconf 80' lang='lat' dir='ltr'><strong>Quare</strong></span> <span class='ocrx_word' id='word_1_544' title='bbox 2887 2243 2980 2298; x_wconf 89' lang='lat' dir='ltr'><strong>hic</strong></span> <span class='ocrx_word' id='word_1_545' title='bbox 3050 2239 3198 2315; x_wconf 87' lang='lat' dir='ltr'><strong>idem</strong></span> <span class='ocrx_word' id='word_1_546' title='bbox 3244 2239 3526 2315; x_wconf 75' lang='lat' dir='ltr'><strong>numerus</strong></span> <span class='ocrx_word' id='word_1_547' title='bbox 3561 2239 3847 2315; x_wconf 63' lang='lat' dir='ltr'><strong>formatis</strong></span> 
     </span>
    </p>
   </div>
   <div class='ocr_carea' id='block_1_88' title="bbox 2188 2310 3840 2385">
    <p class='ocr_par' dir='ltr' id='par_1_88' title="bbox 2188 2310 3840 2385">
     <span class='ocr_line' id='line_1_90' title="bbox 2188 2310 3840 2385; baseline -0.004 -15"><span class='ocrx_word' id='word_1_548' title='bbox 2188 2315 2458 2372; x_wconf 90' lang='lat' dir='ltr'><strong>omnibus</strong></span> <span class='ocrx_word' id='word_1_549' title='bbox 2487 2321 2574 2372; x_wconf 91' lang='lat' dir='ltr'><strong>est</strong></span> <span class='ocrx_word' id='word_1_550' title='bbox 2598 2310 2942 2385; x_wconf 74' lang='lat' dir='ltr'><strong>communis,</strong></span> <span class='ocrx_word' id='word_1_551' title='bbox 2973 2313 3229 2385; x_wconf 81' lang='lat' dir='ltr'><strong>atquein</strong></span> <span class='ocrx_word' id='word_1_552' title='bbox 3251 2311 3530 2385; x_wconf 71' lang='lat' dir='ltr'><strong>omnibus</strong></span> <span class='ocrx_word' id='word_1_553' title='bbox 3559 2310 3716 2385; x_wconf 82' lang='lat' dir='ltr'><strong>idem</strong></span> <span class='ocrx_word' id='word_1_554' title='bbox 3739 2315 3840 2364; x_wconf 84' lang='lat' dir='ltr'><strong>est.</strong></span> 
     </span>
    </p>
   </div>
   <div class='ocr_carea' id='block_1_89' title="bbox 2189 2381 3841 2458">
    <p class='ocr_par' dir='ltr' id='par_1_89' title="bbox 2189 2381 3841 2458">
     <span class='ocr_line' id='line_1_91' title="bbox 2189 2381 3841 2458; baseline -0.004 -16"><span class='ocrx_word' id='word_1_555' title='bbox 2189 2387 2465 2456; x_wconf 90' lang='lat' dir='ltr'><strong>Proprius</strong></span> <span class='ocrx_word' id='word_1_556' title='bbox 2488 2393 2699 2458; x_wconf 91' lang='lat' dir='ltr'><strong>autem,</strong></span> <span class='ocrx_word' id='word_1_557' title='bbox 2733 2381 2938 2458; x_wconf 66' lang='lat' dir='ltr'><strong>quiex&#39;</strong></span> <span class='ocrx_word' id='word_1_558' title='bbox 2957 2381 3147 2458; x_wconf 81' lang='lat' dir='ltr'><strong>prima</strong></span> <span class='ocrx_word' id='word_1_559' title='bbox 3166 2383 3361 2458; x_wconf 82' lang='lat' dir='ltr'><strong>littera</strong></span> <span class='ocrx_word' id='word_1_560' title='bbox 3390 2381 3736 2458; x_wconf 81' lang='lat' dir='ltr'><strong>scribentis,</strong></span> <span class='ocrx_word' id='word_1_561' title='bbox 3767 2393 3841 2436; x_wconf 84' lang='lat' dir='ltr'><strong>se-</strong></span> 
     </span>
    </p>
   </div>
   <div class='ocr_carea' id='block_1_90' title="bbox 2187 2453 3843 2528">
    <p class='ocr_par' dir='ltr' id='par_1_90' title="bbox 2187 2453 3843 2528">
     <span class='ocr_line' id='line_1_92' title="bbox 2187 2453 3843 2528; baseline -0.004 -14"><span class='ocrx_word' id='word_1_562' title='bbox 2187 2453 2372 2514; x_wconf 78' lang='lat' dir='ltr'><strong>cunda</strong></span> <span class='ocrx_word' id='word_1_563' title='bbox 2393 2459 2518 2528; x_wconf 90' lang='lat' dir='ltr'><strong>ejus</strong></span> <span class='ocrx_word' id='word_1_564' title='bbox 2542 2459 2638 2514; x_wconf 90' lang='lat' dir='ltr'><strong>cui</strong></span> <span class='ocrx_word' id='word_1_565' title='bbox 2679 2453 2978 2528; x_wconf 73' lang='lat' dir='ltr'><strong>scribitur,</strong></span> <span class='ocrx_word' id='word_1_566' title='bbox 3017 2455 3204 2528; x_wconf 79' lang='lat' dir='ltr'><strong>tertia</strong></span> <span class='ocrx_word' id='word_1_567' title='bbox 3225 2453 3597 2528; x_wconf 79' lang='lat' dir='ltr'><strong>accipientis,</strong></span> <span class='ocrx_word' id='word_1_568' title='bbox 3643 2457 3843 2528; x_wconf 79' lang='lat' dir='ltr'><strong>quarta</strong></span> 
     </span>
    </p>
   </div>
   <div class='ocr_carea' id='block_1_91' title="bbox 2187 2524 3843 2600">
    <p class='ocr_par' dir='ltr' id='par_1_91' title="bbox 2187 2524 3843 2600">
     <span class='ocr_line' id='line_1_93' title="bbox 2187 2524 3843 2600; baseline -0.005 -15"><span class='ocrx_word' id='word_1_569' title='bbox 2187 2524 2445 2585; x_wconf 82' lang='lat' dir='ltr'><strong>civitatis</strong></span> <span class='ocrx_word' id='word_1_570' title='bbox 2468 2529 2538 2585; x_wconf 91' lang='lat' dir='ltr'><strong>de</strong></span> <span class='ocrx_word' id='word_1_571' title='bbox 2557 2543 2670 2600; x_wconf 90' lang='lat' dir='ltr'><strong>qua</strong></span> <span class='ocrx_word' id='word_1_572' title='bbox 2695 2527 2996 2600; x_wconf 88' lang='lat' dir='ltr'><strong>scribitur,</strong></span> <span class='ocrx_word' id='word_1_573' title='bbox 3023 2531 3078 2581; x_wconf 89' lang='lat' dir='ltr'><strong>et</strong></span> <span class='ocrx_word' id='word_1_574' title='bbox 3097 2539 3165 2580; x_wconf 83' lang='lat' dir='ltr'><strong>ex</strong></span> <span class='ocrx_word' id='word_1_575' title='bbox 3191 2524 3538 2600; x_wconf 76' lang='lat' dir='ltr'><strong>indictionis</strong></span> <span class='ocrx_word' id='word_1_576' title='bbox 3563 2525 3843 2600; x_wconf 67' lang='lat' dir='ltr'><strong>cujusque</strong></span> 
     </span>
    </p>
   </div>
   <div class='ocr_carea' id='block_1_92' title="bbox 2189 2593 3842 2670">
    <p class='ocr_par' dir='ltr' id='par_1_92' title="bbox 2189 2593 3842 2670">
     <span class='ocr_line' id='line_1_94' title="bbox 2189 2593 3842 2670; baseline -0.005 -13"><span class='ocrx_word' id='word_1_577' title='bbox 2189 2605 2320 2657; x_wconf 88' lang='lat' dir='ltr'><strong>nota</strong></span> <span class='ocrx_word' id='word_1_578' title='bbox 2350 2593 2776 2670; x_wconf 71' lang='lat' dir='ltr'><strong>ducitur;qua</strong></span> <span class='ocrx_word' id='word_1_579' title='bbox 2807 2599 2903 2654; x_wconf 80' lang='lat' dir='ltr'><strong>vix</strong></span> <span class='ocrx_word' id='word_1_580' title='bbox 2919 2593 3176 2670; x_wconf 84' lang='lat' dir='ltr'><strong>unquam</strong></span> <span class='ocrx_word' id='word_1_581' title='bbox 3199 2595 3268 2670; x_wconf 73' lang='lat' dir='ltr'><strong>in</strong></span> <span class='ocrx_word' id='word_1_582' title='bbox 3289 2595 3546 2670; x_wconf 81' lang='lat' dir='ltr'><strong>diversis</strong></span> <span class='ocrx_word' id='word_1_583' title='bbox 3581 2593 3842 2670; x_wconf 81' lang='lat' dir='ltr'><strong>formatis</strong></span> 
     </span>
    </p>
   </div>
   <div class='ocr_carea' id='block_1_93' title="bbox 2187 2665 3838 2738">
    <p class='ocr_par' dir='ltr' id='par_1_93' title="bbox 2187 2665 3838 2738">
     <span class='ocr_line' id='line_1_95' title="bbox 2187 2665 3838 2738; baseline -0.005 -11"><span class='ocrx_word' id='word_1_584' title='bbox 2187 2665 2684 2727; x_wconf 78' lang='lat' dir='ltr'><strong>consentiunt.E6</strong></span> <span class='ocrx_word' id='word_1_585' title='bbox 2711 2671 2774 2726; x_wconf 89' lang='lat' dir='ltr'><strong>ﬁt</strong></span> <span class='ocrx_word' id='word_1_586' title='bbox 2818 2675 2882 2726; x_wconf 89' lang='lat' dir='ltr'><strong>ut</strong></span> <span class='ocrx_word' id='word_1_587' title='bbox 2916 2668 2973 2722; x_wconf 93' lang='lat' dir='ltr'><strong>in</strong></span> <span class='ocrx_word' id='word_1_588' title='bbox 3019 2665 3570 2738; x_wconf 80' lang='lat' dir='ltr'><strong>singulisdiversus</strong></span> <span class='ocrx_word' id='word_1_589' title='bbox 3610 2665 3838 2738; x_wconf 80' lang='lat' dir='ltr'><strong>existat.</strong></span> 
     </span>
    </p>
   </div>
   <div class='ocr_carea' id='block_1_94' title="bbox 2184 2735 3840 2812">
    <p class='ocr_par' dir='ltr' id='par_1_94' title="bbox 2184 2735 3840 2812">
     <span class='ocr_line' id='line_1_96' title="bbox 2184 2735 3840 2812; baseline -0.004 -15"><span class='ocrx_word' id='word_1_590' title='bbox 2184 2755 2252 2797; x_wconf 89' lang='lat' dir='ltr'><strong>ac</strong></span> <span class='ocrx_word' id='word_1_591' title='bbox 2287 2742 2514 2798; x_wconf 88' lang='lat' dir='ltr'><strong>diversa</strong></span> <span class='ocrx_word' id='word_1_592' title='bbox 2546 2741 2784 2812; x_wconf 89' lang='lat' dir='ltr'><strong>proinde</strong></span> <span class='ocrx_word' id='word_1_593' title='bbox 2811 2740 2871 2796; x_wconf 95' lang='lat' dir='ltr'><strong>in</strong></span> <span class='ocrx_word' id='word_1_594' title='bbox 2901 2735 3148 2812; x_wconf 79' lang='lat' dir='ltr'><strong>diversis</strong></span> <span class='ocrx_word' id='word_1_595' title='bbox 3168 2736 3486 2812; x_wconf 30' lang='lat' dir='ltr'><strong>Autriusque</strong></span> <span class='ocrx_word' id='word_1_596' title='bbox 3518 2737 3749 2792; x_wconf 88' lang='lat' dir='ltr'><strong>numeri</strong></span> <span class='ocrx_word' id='word_1_597' title='bbox 3770 2735 3840 2812; x_wconf 76' lang='lat' dir='ltr'><strong>sit</strong></span> 
     </span>
    </p>
   </div>
   <div class='ocr_carea' id='block_1_95' title="bbox 2187 2805 3837 2883">
    <p class='ocr_par' dir='ltr' id='par_1_95' title="bbox 2187 2805 3837 2883">
     <span class='ocr_line' id='line_1_97' title="bbox 2187 2805 3837 2883; baseline -0.004 -15"><span class='ocrx_word' id='word_1_598' title='bbox 2187 2825 2409 2868; x_wconf 89' lang='lat' dir='ltr'><strong>summa</strong></span> <span class='ocrx_word' id='word_1_599' title='bbox 2435 2831 2448 2868; x_wconf 89' lang='lat'><strong>:</strong></span> <span class='ocrx_word' id='word_1_600' title='bbox 2475 2805 2625 2883; x_wconf 71' lang='lat' dir='ltr'><strong>qu&#39;od</strong></span> <span class='ocrx_word' id='word_1_601' title='bbox 2656 2825 2725 2867; x_wconf 87' lang='lat' dir='ltr'><strong>ex</strong></span> <span class='ocrx_word' id='word_1_602' title='bbox 2750 2809 3126 2882; x_wconf 89' lang='lat' dir='ltr'><strong>sequentibus</strong></span> <span class='ocrx_word' id='word_1_603' title='bbox 3162 2805 3540 2883; x_wconf 68' lang='lat' dir='ltr'><strong>(armatarum</strong></span> <span class='ocrx_word' id='word_1_604' title='bbox 3561 2805 3837 2883; x_wconf 78' lang='lat' dir='ltr'><strong>exemplis</strong></span> 
     </span>
    </p>
   </div>
   <div class='ocr_carea' id='block_1_96' title="bbox 2188 2877 3832 2954">
    <p class='ocr_par' dir='ltr' id='par_1_96' title="bbox 2188 2877 3832 2954">
     <span class='ocr_line' id='line_1_98' title="bbox 2188 2877 3832 2954; baseline -0.004 -16"><span class='ocrx_word' id='word_1_605' title='bbox 2188 2883 2434 2954; x_wconf 88' lang='lat' dir='ltr'><strong>pateﬁet,</strong></span> <span class='ocrx_word' id='word_1_606' title='bbox 2454 2877 2510 2939; x_wconf 78' lang='lat' dir='ltr'><strong>si</strong></span> <span class='ocrx_word' id='word_1_607' title='bbox 2531 2884 2694 2954; x_wconf 91' lang='lat' dir='ltr'><strong>prius</strong></span> <span class='ocrx_word' id='word_1_608' title='bbox 2715 2877 2860 2954; x_wconf 77' lang='lat' dir='ltr'><strong>quos</strong></span> <span class='ocrx_word' id='word_1_609' title='bbox 2887 2893 3152 2940; x_wconf 84' lang='lat' dir='ltr'><strong>numeros</strong></span> <span class='ocrx_word' id='word_1_610' title='bbox 3167 2877 3376 2936; x_wconf 78' lang='lat' dir='ltr'><strong>Graca</strong></span> <span class='ocrx_word' id='word_1_611' title='bbox 3406 2878 3620 2934; x_wconf 86' lang='lat' dir='ltr'><strong>littera</strong></span> <span class='ocrx_word' id='word_1_612' title='bbox 3645 2878 3832 2949; x_wconf 84' lang='lat' dir='ltr'><strong>signi—</strong></span> 
     </span>
    </p>
   </div>
   <div class='ocr_carea' id='block_1_97' title="bbox 2187 2952 2839 3026">
    <p class='ocr_par' dir='ltr' id='par_1_97' title="bbox 2187 2952 2839 3026">
     <span class='ocr_line' id='line_1_99' title="bbox 2187 2952 2839 3026; baseline -0.002 -16"><span class='ocrx_word' id='word_1_613' title='bbox 2187 2953 2358 3010; x_wconf 77' lang='lat' dir='ltr'><strong>licent</strong></span> <span class='ocrx_word' id='word_1_614' title='bbox 2375 2952 2839 3026; x_wconf 87' lang='lat' dir='ltr'><strong>ostenderimus.)</strong></span> 
     </span>
    </p>
   </div>
   <div class='ocr_carea' id='block_1_98' title="bbox 2105 3041 3826 3130">
    <p class='ocr_par' dir='ltr' id='par_1_98' title="bbox 2105 3041 3826 3130">
     <span class='ocr_line' id='line_1_100' title="bbox 2105 3041 3826 3130; baseline -0.004 -11"><span class='ocrx_word' id='word_1_615' title='bbox 2105 3041 2156 3107; x_wconf 76' lang='lat' dir='ltr'>C</span> <span class='ocrx_word' id='word_1_616' title='bbox 2185 3061 2326 3128; x_wconf 83' lang='lat' dir='ltr'><strong>Quos</strong></span> <span class='ocrx_word' id='word_1_617' title='bbox 2353 3077 2606 3118; x_wconf 79' lang='lat' dir='ltr'><strong>numeros</strong></span> <span class='ocrx_word' id='word_1_618' title='bbox 2635 3061 2854 3130; x_wconf 85' lang='lat' dir='ltr'><strong>singula</strong></span> <span class='ocrx_word' id='word_1_619' title='bbox 2875 3058 3182 3116; x_wconf 80' lang='lat' dir='ltr'><strong>Gracorum</strong></span> <span class='ocrx_word' id='word_1_620' title='bbox 3217 3057 3479 3113; x_wconf 83' lang='lat' dir='ltr'><strong>elementa</strong></span> <span class='ocrx_word' id='word_1_621' title='bbox 3503 3056 3826 3126; x_wconf 79' lang='lat' dir='ltr'><strong>signiﬁcent.</strong></span> 
     </span>
    </p>
   </div>
   <div class='ocr_carea' id='block_1_99' title="bbox 2326 3161 3694 3234">
    <p class='ocr_par' dir='ltr' id='par_1_99' title="bbox 2326 3161 3694 3234">
     <span class='ocr_line' id='line_1_101' title="bbox 2326 3161 3694 3234; baseline -0.004 -10"><span class='ocrx_word' id='word_1_622' title='bbox 2326 3167 2608 3225; x_wconf 77' lang='grc' dir='ltr'><strong>Λα4.</strong></span> <span class='ocrx_word' id='word_1_623' title='bbox 2835 3161 3119 3223; x_wconf 71' lang='grc' dir='ltr'><strong>Ῑι10.</strong></span> <span class='ocrx_word' id='word_1_624' title='bbox 3339 3161 3694 3234; x_wconf 77' lang='grc' dir='ltr'><strong>Ρρ400.</strong></span> 
     </span>
    </p>
   </div>
   <div class='ocr_carea' id='block_1_100' title="bbox 2330 3249 3702 3331">
    <p class='ocr_par' dir='ltr' id='par_1_100' title="bbox 2330 3249 3702 3331">
     <span class='ocr_line' id='line_1_102' title="bbox 2330 3249 3702 3331; baseline -0.006 -17"><span class='ocrx_word' id='word_1_625' title='bbox 2330 3255 2602 3331; x_wconf 75' lang='grc' dir='ltr'><strong>Ββ2.</strong></span> <span class='ocrx_word' id='word_1_626' title='bbox 2837 3249 3116 3312; x_wconf 68' lang='grc' dir='ltr'><strong>ΚκΞΟ.</strong></span> <span class='ocrx_word' id='word_1_627' title='bbox 3344 3249 3702 3308; x_wconf 64' lang='grc' dir='ltr'><strong>Σσὲοο.</strong></span> 
     </span>
    </p>
   </div>
   <div class='ocr_carea' id='block_1_101' title="bbox 2332 3339 3690 3420">
    <p class='ocr_par' dir='ltr' id='par_1_101' title="bbox 2332 3339 3690 3420">
     <span class='ocr_line' id='line_1_103' title="bbox 2332 3339 3690 3420; baseline -0.006 -16"><span class='ocrx_word' id='word_1_628' title='bbox 2332 3347 2604 3420; x_wconf 81' lang='grc' dir='ltr'><strong>Γγ3.</strong></span> <span class='ocrx_word' id='word_1_629' title='bbox 2834 3341 3127 3400; x_wconf 85' lang='grc' dir='ltr'><strong>Λλ30.</strong></span> <span class='ocrx_word' id='word_1_630' title='bbox 3344 3339 3690 3398; x_wconf 67' lang='grc' dir='ltr'><strong>Ττὸοο.</strong></span> 
     </span>
    </p>
   </div>
   <div class='ocr_carea' id='block_1_102' title="bbox 2329 3427 3696 3506">
    <p class='ocr_par' dir='ltr' id='par_1_102' title="bbox 2329 3427 3696 3506">
     <span class='ocr_line' id='line_1_104' title="bbox 2329 3427 3696 3506; baseline -0.006 -14"><span class='ocrx_word' id='word_1_631' title='bbox 2329 3435 2604 3494; x_wconf 67' lang='grc' dir='ltr'><strong>Δὸίι.</strong></span> <span class='ocrx_word' id='word_1_632' title='bbox 2833 3429 3121 3506; x_wconf 49' lang='lat' dir='ltr'><strong>Minio.</strong></span> <span class='ocrx_word' id='word_1_633' title='bbox 3339 3427 3696 3486; x_wconf 74' lang='grc' dir='ltr'><strong>Υυ400.</strong></span> 
     </span>
    </p>
   </div>
   <div class='ocr_carea' id='block_1_103' title="bbox 2334 3517 3693 3590">
    <p class='ocr_par' dir='ltr' id='par_1_103' title="bbox 2334 3517 3693 3590">
     <span class='ocr_line' id='line_1_105' title="bbox 2334 3517 3693 3590; baseline -0.007 -7"><span class='ocrx_word' id='word_1_634' title='bbox 2334 3523 2602 3583; x_wconf 72' lang='grc' dir='ltr'><strong>Εεῖ).</strong></span> <span class='ocrx_word' id='word_1_635' title='bbox 2834 3519 3120 3580; x_wconf 83' lang='grc' dir='ltr'><strong>Νν50.</strong></span> <span class='ocrx_word' id='word_1_636' title='bbox 3339 3517 3693 3590; x_wconf 72' lang='grc' dir='ltr'><strong>Φφῦοο.</strong></span> 
     </span>
    </p>
   </div>
   <div class='ocr_carea' id='block_1_104' title="bbox 2335 3605 3690 3680">
    <p class='ocr_par' dir='ltr' id='par_1_104' title="bbox 2335 3605 3690 3680">
     <span class='ocr_line' id='line_1_106' title="bbox 2335 3605 3690 3680; baseline -0.01 -7"><span class='ocrx_word' id='word_1_637' title='bbox 2335 3638 2356 3678; x_wconf 82' lang='grc' dir='ltr'>ς</span> <span class='ocrx_word' id='word_1_638' title='bbox 2545 3614 2600 3672; x_wconf 88' lang='grc'><strong>6.</strong></span> <span class='ocrx_word' id='word_1_639' title='bbox 2837 3611 2885 3666; x_wconf 87' lang='grc' dir='ltr'><strong>Ξ</strong></span> <span class='ocrx_word' id='word_1_640' title='bbox 2952 3607 3115 3674; x_wconf 82' lang='lat' dir='ltr'><strong>E60.</strong></span> <span class='ocrx_word' id='word_1_641' title='bbox 3334 3607 3387 3662; x_wconf 86' lang='lat' dir='ltr'><strong>X</strong></span> <span class='ocrx_word' id='word_1_642' title='bbox 3460 3628 3500 3680; x_wconf 78' lang='grc' dir='ltr'>χ</span> <span class='ocrx_word' id='word_1_643' title='bbox 3562 3605 3690 3664; x_wconf 86' lang='grc'>600.</span> 
     </span>
    </p>
   </div>
   <div class='ocr_carea' id='block_1_105' title="bbox 2331 3693 3692 3767">
    <p class='ocr_par' dir='ltr' id='par_1_105' title="bbox 2331 3693 3692 3767">
     <span class='ocr_line' id='line_1_107' title="bbox 2331 3693 3692 3767; baseline -0.009 -7"><span class='ocrx_word' id='word_1_644' title='bbox 2331 3700 2597 3767; x_wconf 72' lang='grc' dir='ltr'><strong>Ζζτ.</strong></span> <span class='ocrx_word' id='word_1_645' title='bbox 2834 3693 3124 3755; x_wconf 77' lang='grc'><strong>0070.</strong></span> <span class='ocrx_word' id='word_1_646' title='bbox 3342 3693 3692 3766; x_wconf 53' lang='lat' dir='ltr'><strong>trimo.</strong></span> 
     </span>
    </p>
   </div>
   <div class='ocr_carea' id='block_1_106' title="bbox 2333 3781 3700 3860">
    <p class='ocr_par' dir='ltr' id='par_1_106' title="bbox 2333 3781 3700 3860">
     <span class='ocr_line' id='line_1_108' title="bbox 2333 3781 3700 3860; baseline -0.009 -10"><span class='ocrx_word' id='word_1_647' title='bbox 2333 3789 2598 3860; x_wconf 83' lang='grc' dir='ltr'><strong>Ηη8.</strong></span> <span class='ocrx_word' id='word_1_648' title='bbox 2841 3784 3130 3860; x_wconf 77' lang='grc' dir='ltr'><strong>Ππδο.</strong></span> <span class='ocrx_word' id='word_1_649' title='bbox 3346 3781 3700 3840; x_wconf 77' lang='grc' dir='ltr'><strong>Ωωὸοο.</strong></span> 
     </span>
    </p>
   </div>
   <div class='ocr_carea' id='block_1_107' title="bbox 2331 3854 3700 3940">
    <p class='ocr_par' dir='ltr' id='par_1_107' title="bbox 2331 3854 3700 3940">
     <span class='ocr_line' id='line_1_109' title="bbox 2331 3854 3700 3940; baseline -0.01 0"><span class='ocrx_word' id='word_1_650' title='bbox 2331 3854 2595 3940; x_wconf 68' lang='lat' dir='ltr'><strong>eis.</strong></span> <span class='ocrx_word' id='word_1_651' title='bbox 2847 3854 2880 3932; x_wconf 67' lang='lat'><strong>&#39;7</strong></span> <span class='ocrx_word' id='word_1_652' title='bbox 3025 3873 3114 3932; x_wconf 88' lang='lat'><strong>90.</strong></span> <span class='ocrx_word' id='word_1_653' title='bbox 3345 3871 3404 3925; x_wconf 86' lang='grc' dir='ltr'><strong>τό</strong></span> <span class='ocrx_word' id='word_1_654' title='bbox 3570 3870 3700 3929; x_wconf 89' lang='lat'><strong>900.</strong></span> 
     </span>
    </p>
   </div>
   <div class='ocr_carea' id='block_1_108' title="bbox 2511 4007 3522 4061">
    <p class='ocr_par' dir='ltr' id='par_1_108' title="bbox 2511 4007 3522 4061">
     <span class='ocr_line' id='line_1_110' title="bbox 2511 4007 3522 4061; baseline -0.012 0"><span class='ocrx_word' id='word_1_655' title='bbox 2511 4016 2677 4061; x_wconf 78' lang='lat' dir='ltr'><strong>INDEX</strong></span> <span class='ocrx_word' id='word_1_656' title='bbox 2724 4009 3100 4058; x_wconf 77' lang='lat' dir='ltr'><strong>FORMATARUM</strong></span> <span class='ocrx_word' id='word_1_657' title='bbox 3155 4007 3522 4058; x_wconf 73' lang='lat' dir='ltr'><strong>SEQUENTIUM.</strong></span> 
     </span>
    </p>
   </div>
   <div class='ocr_carea' id='block_1_109' title="bbox 2191 4117 3844 4192">
    <p class='ocr_par' dir='ltr' id='par_1_109' title="bbox 2191 4117 3844 4192">
     <span class='ocr_line' id='line_1_111' title="bbox 2191 4117 3844 4192; baseline -0.011 -2"><span class='ocrx_word' id='word_1_658' title='bbox 2191 4137 2232 4191; x_wconf 91' lang='grc' dir='ltr'><strong>Ι.</strong></span> <span class='ocrx_word' id='word_1_659' title='bbox 2285 4130 2515 4188; x_wconf 74' lang='lat' dir='ltr'><strong>Ebroini</strong></span> <span class='ocrx_word' id='word_1_660' title='bbox 2567 4125 2924 4182; x_wconf 83' lang='lat' dir='ltr'><strong>Bituricensis</strong></span> <span class='ocrx_word' id='word_1_661' title='bbox 2971 4120 3366 4192; x_wconf 80' lang='lat' dir='ltr'><strong>archiepiscopi</strong></span> <span class='ocrx_word' id='word_1_662' title='bbox 3410 4117 3487 4174; x_wconf 86' lang='lat' dir='ltr'><strong>ad</strong></span> <span class='ocrx_word' id='word_1_663' title='bbox 3523 4118 3844 4186; x_wconf 71' lang='lat' dir='ltr'><strong>Magnam</strong></span> 
     </span>
    </p>
   </div>
   <div class='ocr_carea' id='block_1_110' title="bbox 2192 4204 3849 4340">
    <p class='ocr_par' dir='ltr' id='par_1_110' title="bbox 2192 4204 3849 4340">
     <span class='ocr_line' id='line_1_112' title="bbox 2276 4204 2650 4260; baseline -0.019 -1"><span class='ocrx_word' id='word_1_664' title='bbox 2276 4204 2650 4260; x_wconf 84' lang='lat' dir='ltr'><strong>Senonensem.</strong></span> 
     </span>
     <span class='ocr_line' id='line_1_113' title="bbox 2192 4259 3849 4340; baseline -0.012 -8"><span class='ocrx_word' id='word_1_665' title='bbox 2192 4279 2260 4332; x_wconf 87' lang='lat' dir='ltr'><strong>Il.</strong></span> <span class='ocrx_word' id='word_1_666' title='bbox 2315 4273 2612 4340; x_wconf 79' lang='lat' dir='ltr'><strong>Wolfeonis</strong></span> <span class='ocrx_word' id='word_1_667' title='bbox 2659 4268 2894 4339; x_wconf 84' lang='lat' dir='ltr'><strong>episcopi</strong></span> <span class='ocrx_word' id='word_1_668' title='bbox 2937 4262 3368 4322; x_wconf 82' lang='lat' dir='ltr'><strong>Constantiensis</strong></span> <span class='ocrx_word' id='word_1_669' title='bbox 3415 4259 3493 4314; x_wconf 88' lang='lat' dir='ltr'><strong>ad</strong></span> <span class='ocrx_word' id='word_1_670' title='bbox 3528 4259 3849 4314; x_wconf 73' lang='lat' dir='ltr'><strong>Bemaltum</strong></span> 
     </span>
    </p>
   </div>
   <div class='ocr_carea' id='block_1_111' title="bbox 2265 4343 2761 4412">
    <p class='ocr_par' dir='ltr' id='par_1_111' title="bbox 2265 4343 2761 4412">
     <span class='ocr_line' id='line_1_114' title="bbox 2265 4343 2761 4412; baseline -0.018 -10"><span class='ocrx_word' id='word_1_671' title='bbox 2265 4343 2761 4412; x_wconf 83' lang='lat' dir='ltr'><strong>Argentariensem.</strong></span> 
     </span>
    </p>
   </div>
   <div class='ocr_carea' id='block_1_112' title="bbox 2105 4400 3850 4481">
    <p class='ocr_par' dir='ltr' id='par_1_112' title="bbox 2105 4400 3850 4481">
     <span class='ocr_line' id='line_1_115' title="bbox 2105 4400 3850 4481; baseline -0.013 -5"><span class='ocrx_word' id='word_1_672' title='bbox 2105 4405 2162 4468; x_wconf 86' lang='lat' dir='ltr'><strong>D</strong></span> <span class='ocrx_word' id='word_1_673' title='bbox 2192 4400 2285 4476; x_wconf 69' lang='lat' dir='ltr'><strong>III.</strong></span> <span class='ocrx_word' id='word_1_674' title='bbox 2329 4400 2634 4481; x_wconf 51' lang='lat' dir='ltr'><strong>Iv&#39;eutgaudi</strong></span> <span class='ocrx_word' id='word_1_675' title='bbox 2666 4409 3000 4466; x_wconf 79' lang='lat' dir='ltr'><strong>Trevirensis</strong></span> <span class='ocrx_word' id='word_1_676' title='bbox 3021 4405 3258 4478; x_wconf 87' lang='lat' dir='ltr'><strong>episcopi</strong></span> <span class='ocrx_word' id='word_1_677' title='bbox 3287 4402 3364 4458; x_wconf 87' lang='lat' dir='ltr'><strong>ad</strong></span> <span class='ocrx_word' id='word_1_678' title='bbox 3379 4400 3634 4459; x_wconf 78' lang='lat' dir='ltr'><strong>Carolum</strong></span> <span class='ocrx_word' id='word_1_679' title='bbox 3651 4416 3850 4469; x_wconf 74' lang='lat' dir='ltr'><strong>regem,</strong></span> 
     </span>
    </p>
   </div>
   <div class='ocr_carea' id='block_1_113' title="bbox 2261 4488 3824 4560">
    <p class='ocr_par' dir='ltr' id='par_1_113' title="bbox 2261 4488 3824 4560">
     <span class='ocr_line' id='line_1_116' title="bbox 2261 4488 3824 4560; baseline -0.003 0"><span class='ocrx_word' id='word_1_680' title='bbox 2261 4488 2674 4560; x_wconf 62' lang='lat' dir='ltr'><strong>episcopowte-</strong></span> <span class='ocrx_word' id='word_1_681' title='bbox 2985 4551 2996 4560; x_wconf 94' lang='lat'><strong>.</strong></span> <span class='ocrx_word' id='word_1_682' title='bbox 3151 4550 3162 4560; x_wconf 93' lang='lat'><strong>.</strong></span> <span class='ocrx_word' id='word_1_683' title='bbox 3301 4549 3311 4560; x_wconf 93' lang='lat'><strong>.</strong></span> <span class='ocrx_word' id='word_1_684' title='bbox 3812 4545 3824 4556; x_wconf 93' lang='lat'><strong>.</strong></span> 
     </span>
    </p>
   </div>
   <div class='ocr_carea' id='block_1_114' title="bbox 2195 4544 3850 4619">
    <p class='ocr_par' dir='ltr' id='par_1_114' title="bbox 2195 4544 3850 4619">
     <span class='ocr_line' id='line_1_117' title="bbox 2195 4544 3850 4619; baseline -0.013 -2"><span class='ocrx_word' id='word_1_685' title='bbox 2195 4544 2305 4619; x_wconf 49' lang='lat' dir='ltr'><strong>IV.‘</strong></span> <span class='ocrx_word' id='word_1_686' title='bbox 2320 4544 2549 4614; x_wconf 68' lang='lat' dir='ltr'><strong>Joannis</strong></span> <span class='ocrx_word' id='word_1_687' title='bbox 2611 4551 3022 4610; x_wconf 64' lang='lat' dir='ltr'><strong>Camaracensis</strong></span> <span class='ocrx_word' id='word_1_688' title='bbox 3073 4549 3311 4619; x_wconf 82' lang='lat' dir='ltr'><strong>episcopi</strong></span> <span class='ocrx_word' id='word_1_689' title='bbox 3368 4544 3444 4600; x_wconf 86' lang='lat' dir='ltr'><strong>ad</strong></span> <span class='ocrx_word' id='word_1_690' title='bbox 3495 4559 3687 4599; x_wconf 83' lang='lat' dir='ltr'><strong>omnes</strong></span> <span class='ocrx_word' id='word_1_691' title='bbox 3735 4545 3850 4614; x_wconf 79' lang='lat' dir='ltr'><strong>epi-</strong></span> 
     </span>
    </p>
   </div>
   <div class='ocr_carea' id='block_1_115' title="bbox 2196 4645 3856 4780">
    <p class='ocr_par' dir='ltr' id='par_1_115' title="bbox 2196 4645 3856 4780">
     <span class='ocr_line' id='line_1_118' title="bbox 2196 4645 3856 4780; baseline -0.014 -18"><span class='ocrx_word' id='word_1_692' title='bbox 2196 4645 2515 4762; x_wconf 47' lang='lat' dir='ltr'><strong>V.s£(igtt):di</strong></span> <span class='ocrx_word' id='word_1_693' title='bbox 2538 4697 2772 4780; x_wconf 76' lang='lat' dir='ltr'><strong>episcopi</strong></span> <span class='ocrx_word' id='word_1_694' title='bbox 2815 4693 3121 4780; x_wconf 64' lang='lat' dir='ltr'><strong>Yinciensis</strong></span> <span class='ocrx_word' id='word_1_695' title='bbox 3145 4691 3221 4746; x_wconf 84' lang='lat' dir='ltr'><strong>ad</strong></span> <span class='ocrx_word' id='word_1_696' title='bbox 3274 4687 3620 4746; x_wconf 79' lang='lat' dir='ltr'><strong>Wanilonem</strong></span> <span class='ocrx_word' id='word_1_697' title='bbox 3649 4687 3856 4756; x_wconf 81' lang='lat' dir='ltr'><strong>Botgo—</strong></span> 
     </span>
    </p>
   </div>
   <div class='ocr_carea' id='block_1_116' title="bbox 2199 4769 3856 4912">
    <p class='ocr_par' dir='ltr' id='par_1_116' title="bbox 2199 4769 3856 4912">
     <span class='ocr_line' id='line_1_119' title="bbox 2267 4769 3428 4838; baseline -0.012 -10"><span class='ocrx_word' id='word_1_698' title='bbox 2267 4785 2573 4838; x_wconf 85' lang='lat' dir='ltr'><strong>magense-m</strong></span> <span class='ocrx_word' id='word_1_699' title='bbox 2601 4769 3141 4838; x_wconf 84' lang='lat' dir='ltr'><strong>archiepiscoporum.</strong></span> <span class='ocrx_word' id='word_1_700' title='bbox 3422 4781 3428 4786; x_wconf 53' lang='grc' dir='ltr'><strong>ι</strong></span> 
     </span>
     <span class='ocr_line' id='line_1_120' title="bbox 2199 4828 3856 4912; baseline -0.013 -9"><span class='ocrx_word' id='word_1_701' title='bbox 2199 4845 2290 4903; x_wconf 83' lang='lat' dir='ltr'><strong>VI.</strong></span> <span class='ocrx_word' id='word_1_702' title='bbox 2316 4847 2496 4900; x_wconf 70' lang='lat' dir='ltr'><strong>Enea</strong></span> <span class='ocrx_word' id='word_1_703' title='bbox 2523 4841 2760 4912; x_wconf 86' lang='lat' dir='ltr'><strong>episcopi</strong></span> <span class='ocrx_word' id='word_1_704' title='bbox 2802 4837 3134 4892; x_wconf 85' lang='lat' dir='ltr'><strong>Parisiensis</strong></span> <span class='ocrx_word' id='word_1_705' title='bbox 3177 4832 3254 4888; x_wconf 86' lang='lat' dir='ltr'><strong>ad</strong></span> <span class='ocrx_word' id='word_1_706' title='bbox 3297 4832 3665 4886; x_wconf 82' lang='lat' dir='ltr'><strong>Hincmarum</strong></span> <span class='ocrx_word' id='word_1_707' title='bbox 3712 4828 3856 4884; x_wconf 59' lang='lat' dir='ltr'><strong>RM»</strong></span> 
     </span>
    </p>
   </div>
   <div class='ocr_carea' id='block_1_117' title="bbox 2271 4911 3667 4984">
    <p class='ocr_par' dir='ltr' id='par_1_117' title="bbox 2271 4911 3667 4984">
     <span class='ocr_line' id='line_1_121' title="bbox 2271 4911 3667 4984; baseline 0.001 -14"><span class='ocrx_word' id='word_1_708' title='bbox 2271 4929 2505 4971; x_wconf 86' lang='lat' dir='ltr'><strong>mensem</strong></span> <span class='ocrx_word' id='word_1_709' title='bbox 2532 4911 3014 4984; x_wconf 77' lang='lat' dir='ltr'><strong>archiepiscopum.</strong></span> <span class='ocrx_word' id='word_1_710' title='bbox 3029 4979 3077 4984; x_wconf 90' lang='lat'><em>__</em></span> <span class='ocrx_word' id='word_1_711' title='bbox 3150 4978 3160 4984; x_wconf 92' lang='lat'>_</span> <span class='ocrx_word' id='word_1_712' title='bbox 3355 4975 3366 4984; x_wconf 44' lang='lat'><em>.</em></span> <span class='ocrx_word' id='word_1_713' title='bbox 3497 4971 3516 4984; x_wconf 62' lang='grc'><em>,</em></span> <span class='ocrx_word' id='word_1_714' title='bbox 3595 4971 3667 4984; x_wconf 51' lang='grc' dir='ltr'><strong>,μ</strong></span> 
     </span>
    </p>
   </div>
   <div class='ocr_carea' id='block_1_118' title="bbox 2200 4971 3850 5050">
    <p class='ocr_par' dir='ltr' id='par_1_118' title="bbox 2200 4971 3850 5050">
     <span class='ocr_line' id='line_1_122' title="bbox 2200 4971 3850 5050; baseline -0.012 -5"><span class='ocrx_word' id='word_1_715' title='bbox 2200 4989 2315 5045; x_wconf 80' lang='lat' dir='ltr'><strong>VII.</strong></span> <span class='ocrx_word' id='word_1_716' title='bbox 2370 4984 2654 5040; x_wconf 83' lang='lat' dir='ltr'><strong>Hedilonis</strong></span> <span class='ocrx_word' id='word_1_717' title='bbox 2710 4971 2954 5050; x_wconf 51' lang='lat' dir='ltr'><strong>episcopi</strong></span> <span class='ocrx_word' id='word_1_718' title='bbox 3020 4975 3391 5037; x_wconf 82' lang='lat' dir='ltr'><strong>Noviomensis</strong></span> <span class='ocrx_word' id='word_1_719' title='bbox 3437 4971 3516 5026; x_wconf 87' lang='lat' dir='ltr'><strong>ad</strong></span> <span class='ocrx_word' id='word_1_720' title='bbox 3587 4971 3850 5026; x_wconf 69' lang='lat' dir='ltr'><strong>Didonem</strong></span> 
     </span>
    </p>
   </div>
   <div class='ocr_carea' id='block_1_119' title="bbox 2274 5055 3042 5124">
    <p class='ocr_par' dir='ltr' id='par_1_119' title="bbox 2274 5055 3042 5124">
     <span class='ocr_line' id='line_1_123' title="bbox 2274 5055 3042 5124; baseline -0.014 -10"><span class='ocrx_word' id='word_1_721' title='bbox 2274 5057 2688 5114; x_wconf 85' lang='lat' dir='ltr'><strong>Laudunensem</strong></span> <span class='ocrx_word' id='word_1_722' title='bbox 2717 5055 3042 5124; x_wconf 85' lang='lat' dir='ltr'><strong>episcopum.</strong></span> 
     </span>
    </p>
   </div>
   <div class='ocr_carea' id='block_1_120' title="bbox 2203 5111 3850 5193">
    <p class='ocr_par' dir='ltr' id='par_1_120' title="bbox 2203 5111 3850 5193">
     <span class='ocr_line' id='line_1_124' title="bbox 2203 5111 3850 5193; baseline -0.012 -7"><span class='ocrx_word' id='word_1_723' title='bbox 2203 5111 2672 5188; x_wconf 19' lang='lat' dir='ltr'><strong>VII—[.WHedilonis</strong></span> <span class='ocrx_word' id='word_1_724' title='bbox 2735 5111 2978 5193; x_wconf 64' lang='lat' dir='ltr'><strong>Ejusdem</strong></span> <span class='ocrx_word' id='word_1_725' title='bbox 3041 5117 3280 5190; x_wconf 85' lang='lat' dir='ltr'><strong>episcopi</strong></span> <span class='ocrx_word' id='word_1_726' title='bbox 3348 5111 3422 5170; x_wconf 82' lang='lat' dir='ltr'><strong>ad</strong></span> <span class='ocrx_word' id='word_1_727' title='bbox 3493 5113 3850 5184; x_wconf 68' lang='lat' dir='ltr'><strong>Raduiphw</strong></span> 
     </span>
    </p>
   </div>
   <div class='ocr_carea' id='block_1_121' title="bbox 2274 5196 3226 5273">
    <p class='ocr_par' dir='ltr' id='par_1_121' title="bbox 2274 5196 3226 5273">
     <span class='ocr_line' id='line_1_125' title="bbox 2274 5196 3226 5273; baseline -0.014 -16"><span class='ocrx_word' id='word_1_728' title='bbox 2274 5200 2693 5273; x_wconf 63' lang='lat' dir='ltr'><strong>Laudunensem</strong></span> <span class='ocrx_word' id='word_1_729' title='bbox 2713 5196 3036 5273; x_wconf 78' lang='lat' dir='ltr'><strong>episcopum.</strong></span> <span class='ocrx_word' id='word_1_730' title='bbox 3085 5262 3136 5273; x_wconf 42' lang='grc' dir='ltr'><strong>ῃ</strong></span> <span class='ocrx_word' id='word_1_731' title='bbox 3214 5261 3226 5273; x_wconf 45' lang='grc'><em>.</em></span> 
     </span>
    </p>
   </div>
   <div class='ocr_carea' id='block_1_122' title="bbox 2203 5257 3850 5332">
    <p class='ocr_par' dir='ltr' id='par_1_122' title="bbox 2203 5257 3850 5332">
     <span class='ocr_line' id='line_1_126' title="bbox 2203 5257 3850 5332; baseline -0.013 -2"><span class='ocrx_word' id='word_1_732' title='bbox 2203 5275 2300 5330; x_wconf 82' lang='lat' dir='ltr'><strong>IX.</strong></span> <span class='ocrx_word' id='word_1_733' title='bbox 2327 5271 2562 5328; x_wconf 82' lang='lat' dir='ltr'><strong>Rathodi</strong></span> <span class='ocrx_word' id='word_1_734' title='bbox 2606 5257 2939 5323; x_wconf 69' lang='lat' dir='ltr'><strong>Trevironsis</strong></span> <span class='ocrx_word' id='word_1_735' title='bbox 2984 5261 3376 5332; x_wconf 84' lang='lat' dir='ltr'><strong>archiepiscopi</strong></span> <span class='ocrx_word' id='word_1_736' title='bbox 3421 5257 3498 5312; x_wconf 83' lang='lat' dir='ltr'><strong>ad</strong></span> <span class='ocrx_word' id='word_1_737' title='bbox 3537 5257 3850 5314; x_wconf 71' lang='lat' dir='ltr'><strong>Rotbertum</strong></span> 
     </span>
    </p>
   </div>
   <div class='ocr_carea' id='block_1_123' title="bbox 2272 5341 2912 5409">
    <p class='ocr_par' dir='ltr' id='par_1_123' title="bbox 2272 5341 2912 5409">
     <span class='ocr_line' id='line_1_127' title="bbox 2272 5341 2912 5409; baseline -0.017 -9"><span class='ocrx_word' id='word_1_738' title='bbox 2272 5346 2559 5401; x_wconf 84' lang='lat' dir='ltr'><strong>Mctensem</strong></span> <span class='ocrx_word' id='word_1_739' title='bbox 2587 5341 2912 5409; x_wconf 85' lang='lat' dir='ltr'><strong>episcopum.</strong></span> 
     </span>
    </p>
   </div>
   <div class='ocr_carea' id='block_1_124' title="bbox 2201 5399 3858 5482">
    <p class='ocr_par' dir='ltr' id='par_1_124' title="bbox 2201 5399 3858 5482">
     <span class='ocr_line' id='line_1_128' title="bbox 2201 5399 3858 5482; baseline -0.012 -10"><span class='ocrx_word' id='word_1_740' title='bbox 2201 5399 2549 5473; x_wconf 27' lang='lat' dir='ltr'><strong>XiDadonis</strong></span> <span class='ocrx_word' id='word_1_741' title='bbox 2579 5399 2814 5482; x_wconf 74' lang='lat' dir='ltr'><strong>episcopi</strong></span> <span class='ocrx_word' id='word_1_742' title='bbox 2849 5405 3214 5463; x_wconf 83' lang='lat' dir='ltr'><strong>Virdunensis</strong></span> <span class='ocrx_word' id='word_1_743' title='bbox 3237 5403 3313 5458; x_wconf 88' lang='lat' dir='ltr'><strong>ad</strong></span> <span class='ocrx_word' id='word_1_744' title='bbox 3340 5399 3669 5458; x_wconf 81' lang='lat' dir='ltr'><strong>Rottrodum</strong></span> <span class='ocrx_word' id='word_1_745' title='bbox 3724 5401 3858 5453; x_wconf 82' lang='lat' dir='ltr'><strong>Tre-</strong></span> 
     </span>
    </p>
   </div>
   <div class='ocr_carea' id='block_1_125' title="bbox 2269 5481 3042 5552">
    <p class='ocr_par' dir='ltr' id='par_1_125' title="bbox 2269 5481 3042 5552">
     <span class='ocr_line' id='line_1_129' title="bbox 2269 5481 3042 5552; baseline -0.014 -10"><span class='ocrx_word' id='word_1_746' title='bbox 2269 5489 2536 5542; x_wconf 79' lang='lat' dir='ltr'><strong>vi-rensem</strong></span> <span class='ocrx_word' id='word_1_747' title='bbox 2565 5481 3042 5552; x_wconf 80' lang='lat' dir='ltr'><strong>archiepiscopum.</strong></span> 
     </span>
    </p>
   </div>
   <div class='ocr_carea' id='block_1_126' title="bbox 2200 5542 3860 5624">
    <p class='ocr_par' dir='ltr' id='par_1_126' title="bbox 2200 5542 3860 5624">
     <span class='ocr_line' id='line_1_130' title="bbox 2200 5542 3860 5624; baseline -0.013 -8"><span class='ocrx_word' id='word_1_748' title='bbox 2200 5560 2297 5616; x_wconf 87' lang='lat' dir='ltr'><strong>XI.</strong></span> <span class='ocrx_word' id='word_1_749' title='bbox 2330 5555 2586 5612; x_wconf 85' lang='lat' dir='ltr'><strong>Durandi</strong></span> <span class='ocrx_word' id='word_1_750' title='bbox 2627 5542 2862 5624; x_wconf 68' lang='lat' dir='ltr'><strong>episcopi</strong></span> <span class='ocrx_word' id='word_1_751' title='bbox 2887 5542 3154 5608; x_wconf 57' lang='lat' dir='ltr'><strong>Amensis</strong></span> <span class='ocrx_word' id='word_1_752' title='bbox 3177 5545 3255 5602; x_wconf 85' lang='lat' dir='ltr'><strong>ad</strong></span> <span class='ocrx_word' id='word_1_753' title='bbox 3289 5542 3649 5614; x_wconf 80' lang='lat' dir='ltr'><strong>Radulphum</strong></span> <span class='ocrx_word' id='word_1_754' title='bbox 3678 5543 3860 5598; x_wconf 81' lang='lat' dir='ltr'><strong>Turo-</strong></span> 
     </span>
    </p>
   </div>
   <div class='ocr_carea' id='block_1_127' title="bbox 2270 5627 2998 5698">
    <p class='ocr_par' dir='ltr' id='par_1_127' title="bbox 2270 5627 2998 5698">
     <span class='ocr_line' id='line_1_131' title="bbox 2270 5627 2998 5698; baseline -0.014 -12"><span class='ocrx_word' id='word_1_755' title='bbox 2270 5643 2489 5686; x_wconf 82' lang='lat' dir='ltr'><strong>nensem</strong></span> <span class='ocrx_word' id='word_1_756' title='bbox 2516 5627 2998 5698; x_wconf 79' lang='lat' dir='ltr'><strong>archiepiscopum.</strong></span> 
     </span>
    </p>
   </div>
  </div>
