4054 6192
225 285 330 344 I389

1520 285 1864 342 EPISTOLIE
1915 284 2275 342 FORMATxE.

3460 289 3481 344 4
3491 289 3595 348 390

994 410 1033 462 Ι.
1865 401 1926 463 Α
1955 401 2178 461 litteras
2225 405 2276 461 ei
2325 405 2692 462 dimissorias
2727 407 3022 464 dedimus:
3075 424 3172 480 per
3218 423 3363 481 quas
3395 416 3452 466 et
3483 411 3598 482 ipsi

220 513 419 566 Ebroini
446 513 803 567 Bituricensis
833 513 907 566 ad
925 514 1248 580 Magnonem
1274 511 1630 566 Senonensem
1654 509 1846 564 archi-

282 586 568 652 episcopum
590 599 693 653 pro
723 583 1016 637 Dodoberto
1051 584 1388 652 presbytero,
1423 590 1485 636 ut
1501 585 1562 636 in
1587 582 1705 650 ejus
1729 596 1843 649 pa—

281 655 448 709 rochia
490 655 641 724 apud
659 655 1116 709 Hercu-mbaldum
1151 670 1369 709 manere
1400 656 1592 724 possit.

283 761 470 816 Sancto
489 765 545 815 et
565 762 677 815 Deo
708 759 944 816 amabili
973 760 1236 832 Magnoni
1269 760 1418 815 dono
1441 759 1541 814 Dei
1566 757 1849 826 archiepi-

219 864 370 920 scopo
393 864 460 905 ex
485 849 765 905 Senonica
789 850 947 919 urbe,
971 863 1072 921 ego
1101 850 1160 904 in
1179 849 1279 904 Dei
1308 849 1537 904 nomine
1561 847 1851 902 Ebroinus

219 940 352 995 dono
371 939 464 994 Dei
483 939 953 1009 archiepiscopus
968 952 1037 994 ex
1058 939 1314 1009 Biturige
1337 937 1494 1004 urbe,
1526 937 1584 991 in
1609 935 1850 992 Domino

220 1029 336 1084 Jesu
359 1028 596 1084 salutem
627 1036 892 1097 optamus
919 1027 1082 1083 vobis
1115 1028 1173 1082 in
1203 1030 1564 1096 perpetuum.

287 1119 354 1171 De
393 1123 592 1172 caetero
633 1124 827 1172 notum
862 1115 1107 1172 facimus
1149 1115 1443 1172 sanctitati
1477 1118 1676 1170 vestrae
1715 1112 1852 1183 quia

225 1205 382 1260 istum
411 1209 739 1275 prasentem
765 1204 1173 1274 presbyterum,
1201 1204 1430 1258 nomine
1446 1202 1850 1267 Dodobertum,

223 1293 616 1362 parochianum
644 1298 928 1363 nostrum,
965 1293 1023 1347 in
1053 1299 1248 1348 nostra
1273 1291 1509 1347 dimcesi
1550 1295 1767 1357 natum,
1799 1292 1857 1342 et

221 1395 395 1436 sacras
421 1382 644 1436 litteras
667 1381 950 1451 edoctum,
981 1381 1050 1436 ad
1076 1381 1356 1436 ordinem-
1381 1392 1605 1434 sacrum
1639 1389 1860 1447 promo-

221 1471 327 1526 veri
352 1471 653 1540 jussimus.
680 1472 878 1526 Postea
902 1483 1036 1525 vero
1073 1469 1241 1539 petiit
1270 1482 1303 1524 a
1343 1467 1511 1523 nobis
1533 1466 1852 1535 licentiam,

225 1564 284 1613 ut
300 1559 353 1613 in
373 1563 555 1614 vestra
574 1559 864 1629 parochia,
883 1559 1033 1629 apud
1051 1558 1338 1614 hominem
1353 1557 1605 1627 aliquem
1628 1553 1858 1610 nomine

222 1647 675 1704 Hercambaldum
707 1661 930 1702 manere
980 1647 1182 1716 possit.
1225 1649 1338 1702 Nos
1361 1659 1493 1701 vero
1525 1643 1857 1715 petitionem

1955 493 2341 564 concedimus,
2374 495 2482 550 sub
2528 500 2714 552 vestro
2758 498 3088 568 magisterio
3139 499 3350 556 divinae
3413 501 3603 556 servi-

1956 582 2068 636 tuti
2099 583 2394 655 insistens,
2424 599 2541 640 sua:
2568 585 2852 641 deserviat
2872 587 3137 658 utilitati,
3169 594 3225 643 et
3244 589 3407 645 vobis
3432 589 3604 646 licen-

1956 671 2096 725 tiam
2123 671 2455 743 tribuimus,
2486 679 2550 729 ut
2579 674 2628 728 si
2658 675 2898 745 dignum
2926 689 3054 731 eum
3079 677 3503 747 judicaveritis,
3532 679 3600 734 ad

1959 773 2154 815 sacros
2215 761 2448 817 ordines
2494 765 2889 832 promoveatis.
2950 765 3416 822 Commendatum
3471 781 3604 838 ergo

1959 859 2088 902 eum
2137 862 2289 904 curae
2333 853 2531 906 vestrm
2564 852 2864 923 suscipite,
2896 857 2952 907 et
2992 854 3208 909 nostris
3233 867 3299 908 ex
3345 855 3608 923 partibus

1959 935 2286 993 absolutum
2325 939 2384 994 in
2426 946 2742 995 vestrarum
2783 941 2974 996 ovium
3018 955 3253 998 numero
3300 944 3607 999 custodite.

1959 1025 2111 1092 Quas
2137 1026 2378 1097 litteras,
2423 1034 2486 1083 ut
2508 1029 2699 1100 vigore
2729 1029 2991 1085 veritatis
3014 1030 3248 1086 ﬁrmatae
3280 1031 3616 1087 indubitan-

1964 1119 2048 1168 ter
2070 1128 2102 1168 a
2125 1115 2286 1170 vobis
2312 1117 2726 1189 suscipiantur,
2752 1118 2966 1174 litteris
2987 1120 3220 1190 Graecis,
3250 1125 3317 1175 ut
3336 1120 3609 1176 canonica

1962 1202 2126 1257 docet
2151 1205 2485 1274 auctoritas,
2518 1206 2854 1262 conﬁrmare
2887 1208 3218 1278 sategimus.
3243 1209 3445 1264 Sancta
3477 1209 3614 1263 Tri-

1966 1290 2118 1346 nitas
2156 1298 2397 1348 vestram
2430 1293 2843 1350 beatitudinem
2877 1297 2946 1351 ad
2976 1297 3226 1367 regimen
3258 1303 3466 1352 sanctae
3495 1311 3614 1353 sua:

1966 1379 2230 1435 Ecclesia:
2258 1382 2663 1450 perpetualiter
2707 1384 2846 1440 bene
2878 1384 3061 1440 valere
3081 1386 3368 1440 concedat.
3406 1367 3518 1440 II‘).
3553 1387 3610 1440 in

1964 1469 2220 1525 dictione
2253 1484 2307 1524 x.
2354 1471 2621 1529 Coutinet
2652 1472 2768 1529 haec
2801 1471 3040 1548 formata
3062 1475 3304 1546 epistola
3331 1489 3610 1532 summam

1969 1570 2190 1613 numeri
2235 1571 2503 1614 MCCCXXV.

2037 1662 2302 1739 (Indictio
2324 1679 2359 1721 x
2388 1671 2444 1722 et
2471 1665 2796 1723 Wolfeonis
2820 1668 3188 1739 episcopatus
3210 1683 3424 1726 annum
3449 1670 3614 1739 deno-

225 1734 377 1790 illius
407 1749 516 1791 non
546 1735 968 1807 denegavimus,
995 1736 1110 1791 nisi
1136 1736 1427 1790 licentiam
1456 1734 1546 1789 illi
1573 1732 1856 1803 dedimus,
1891 1732 1942 1792 B
1970 1732 2093 1790 tant
2111 1733 2236 1790 817.
2264 1738 2494 1792 Summa
2522 1751 2654 1794 vero
2684 1732 2870 1794 totius
2892 1732 3113 1796 num'eri
3159 1741 3268 1796 sub
3299 1741 3464 1796 ﬁnem
3492 1737 3618 1796 for-

222 1825 349 1895 quia
363 1825 577 1881 scimus
598 1826 748 1896 quod
767 1826 838 1880 de
855 1825 994 1881 bene
1017 1825 1224 1880 liberis
1238 1824 1573 1880 hominibus
1585 1827 1746 1878 ortus
1758 1820 1857 1875 sit.

226 1915 370 1969 Unde
413 1915 513 1970 has
557 1914 780 1970 litteras
821 1914 1341 1984 commendatitias,
1388 1925 1542 1968 more
1583 1909 1860 1966 ecclesia-

225 2004 362 2058 stico
401 2002 596 2073 factas,
646 2005 714 2059 ad
774 2004 1135 2060 sanctitatem
1187 2008 1428 2058 vestram
1478 2000 1764 2069 misimus,
1800 2001 1862 2052 ut

224 2094 364 2148 scire
413 2092 594 2147 valeat
648 2094 760 2147 Deo
801 2093 975 2162 digna
1028 2092 1282 2148 charitas
1333 2095 1537 2160 vestra,
1588 2101 1717 2144 eum
1761 2098 1863 2140 nec

226 2181 352 2252 fuga
383 2180 623 2250 lapsum,
671 2194 772 2236 nec
801 2195 907 2254 sua
943 2180 1166 2236 malitia
1192 2195 1223 2236 a
1254 2180 1420 2236 nobis
1462 2180 1725 2247 ejectum,
1764 2175 1861 2230 sed

230 2275 413 2325 nostra
437 2269 731 2324 voluntate
751 2270 1122 2326 destinatum.
1159 2271 1227 2323 Et
1258 2275 1322 2324 ut
1347 2268 1564 2324 certius
1593 2264 1861 2331 credatis,

227 2358 413 2413 Graeca
443 2358 745 2428 elementa,
778 2373 903 2428 qua:
935 2358 1384 2429 octogenarium,
1415 2355 1868 2426 quadringente—

231 2448 431 2502 simum
481 2451 536 2502 et
575 2447 823 2516 primum
857 2460 1124 2502 numeros
1162 2446 1514 2516 exprimunt,
1556 2444 1614 2498 in
1661 2441 1868 2513 primis

228 2535 626 2592 annexuimus.
652 2535 726 2588 Π.
749 2536 899 2590 Petri
924 2548 1151 2606 quoque
1173 2535 1426 2590 nominis
1452 2532 1693 2604 primam
1721 2531 1868 2585 litte-

232 2640 345 2682 ram
367 2628 652 2694 sumptam
673 2624 730 2678 in
751 2624 1000 2679 medium
1017 2623 1305 2680 ascribere
1322 2622 1670 2695 rOgavimus.
1686 2618 1872 2674 Nihil-

231 2715 460 2772 ominus
512 2713 684 2769 etiam
730 2713 1032 2782 parvitatis
1073 2717 1279 2768 nostrae
1328 2712 1582 2768 nominis
1628 2709 1871 2779 primam

232 2803 477 2858 litteram
507 2815 561 2872 Ε,
596 2801 1017 2873 magnitudinis
1052 2805 1251 2856 vestrm
1289 2800 1596 2856 secundam
1623 2797 1872 2852 litteram

229 2908 280 2959 Α,
306 2891 479 2947 istius
510 2889 709 2945 fratris
735 2889 988 2945 nominis
1020 2890 1248 2944 tertiam
1284 2888 1534 2944 litteram
1577 2901 1631 2956 Α,
1664 2885 1877 2941 civita-

231 2981 309 3037 tis
339 2984 546 3035 nostrte
572 2983 834 3049 quartam
865 2978 936 3041 Υ,
963 2981 1018 3033 et
1064 2977 1440 3032 indictionem
1473 2979 1738 3046 quartam
1768 2972 1880 3027 ad-

227 3067 910 3140 junximus.Addidimus
927 3066 1376 3137 nonagenarium
1391 3071 1445 3120 et
1458 3077 1567 3120 non
1578 3076 1668 3118 um
1688 3074 1881 3119 nume-
1909 3059 1957 3119 Ο

236 3136 361 3215 rum
388 3174 401 3212 :
432 3159 513 3214 1d.
546 3136 599 3212 5.
633 3162 690 3212 et
719 3157 784 3211 Θ’
808 3157 876 3212 Et
903 3136 1270 3226 insequenter
1297 3153 1672 3224 impressione
1697 3149 1880 3221 sigilli

235 3246 416 3303 nostri
451 3245 1022 3302 subterﬁrmavimus.
1058 3246 1127 3298 Et
1157 3256 1328 3300 manu
1355 3241 1586 3312 propria
1615 3253 1736 3296 eam
1783 3252 1885 3294 ro-

236 3336 582 3406 boravimus,
615 3339 670 3390 et
693 3347 726 3390 a
772 3333 1003 3389 clericis
1033 3334 1247 3388 nostris
1276 3332 1533 3388 roborari
1578 3330 1880 3400 jussimus.

234 3426 440 3481 Actum
487 3425 545 3480 in
576 3437 726 3480 anno
751 3437 785 3478 χ
837 3423 1068 3492 imperii
1099 3422 1320 3478 domini
1370 3421 1552 3477 nostri
1591 3419 1801 3489 Caroli,
1832 3420 1889 3474 et

234 3528 387 3571 anno
449 3527 588 3570 XLIII
651 3513 810 3585 regni
869 3513 1016 3583 ejus,
1077 3513 1137 3567 in
1183 3513 1285 3568 Dei
1342 3511 1571 3567 nomine
1618 3508 1883 3566 feliciter.

234 3607 434 3660 Amen.

311 3709 579 3781 (Indictio
609 3723 663 3764 iv
713 3713 768 3765 et
817 3709 954 3764 anni
1010 3709 1170 3780 regni
1218 3713 1390 3779 atque
1413 3706 1658 3781 imperii
1702 3704 1890 3761 Caroli

239 3777 435 3852 Magni
497 3795 706 3836 annum
785 3780 999 3852 Christi
1049 3777 1353 3850 designant
1407 3777 1546 3852 850;
1592 3789 1890 3852 summam

239 3847 377 3907 vero
425 3852 647 3907 numeri
687 3865 883 3908 omnes
923 3850 1165 3906 formata
1184 3847 1606 3918 'comprehensi
1637 3847 1894 3904 efﬁciunt

239 3935 498 3992 MLXXIV;
536 3936 657 3978 nam
709 3924 776 3978 ad
838 3935 1195 3978 communem
1228 3921 1485 3992 omnium
1517 3920 1892 3992 formatarum

241 3989 548 4050 numerum
610 4007 746 4048 DCLx
804 3993 1167 4062 adjiciendus
1221 3997 1307 4047 est
1379 3989 1897 4062 hujusﬂproprius

238 4078 486 4192 ciccxw,
519 4066 619 4206 q)ui
651 4060 934 4121 conflatur
959 4078 1027 4121 ex
1056 4063 1272 4121 litteris
1302 4062 1368 4126 E,
1390 4077 1445 4132 Α,
1468 4064 1532 4126 Δ,
1562 4060 1640 4125 Υ,
1663 4065 1719 4118 et
1740 4060 1900 4116 indi-

240 4154 266 4192 c
304 4149 536 4193 ionexv.

240 4149 436 4193 ctione
457 4149 536 4192 IV.

1043 4243 1111 4296 II.

250 4368 557 4435 Wolfeonis
602 4366 1032 4422 Constantiensis
1063 4367 1304 4436 episcopi
1330 4365 1406 4420 ad
1443 4363 1762 4420 Bernaltum
1785 4361 1909 4436 Ar—

317 4434 736 4506 gentariensem,
792 4453 895 4508 pro
963 4434 1197 4491 Ann—one
1253 4434 1468 4505 'clerico,
1536 4441 1598 4489 ut
1647 4434 1909 4504 parochia

317 4526 541 4565 manere
565 4515 616 4564 et
639 4509 714 4563 ad
733 4524 914 4564 sacros
939 4509 1154 4563 ordines
1169 4509 1476 4578 promoveri
1497 4509 1694 4576 possit,

325 4636 404 4698 II,
431 4635 504 4699 Υ,
536 4649 590 4705 Α,
620 4635 695 4699 Π,
721 4633 1086 4690 sanctissimo
1115 4633 1172 4689 in
1198 4633 1427 4689 Christo
1450 4631 1637 4702 fratri,
1671 4641 1915 4709 summa.

243 4738 366 4795 que
388 4723 696 4781 dulcedine
724 4723 1136 4794 amplectendo,
1168 4722 1430 4777 Bernalto
1453 4718 1916 4791 Argentariensis

242 4814 517 4869 civitatis
559 4813 848 4882 episcopo,
883 4811 1093 4883 Wolfe,
1143 4809 1604 4868 Constantiensis
1649 4807 1917 4864 Ecclesiae

245 4902 493 4974 praesul,
527 4907 813 4973 perpetua:
842 4901 1225 4958 beatitudinis
1256 4905 1414 4970 optat
1436 4899 1494 4954 in
1515 4898 1744 4955 Christo
1770 4896 1918 4954 salu-

244 4999 396 5048 tem.
423 4991 495 5056 Υ,
524 4991 591 5055 E,
619 4991 695 5056 N,
719 4992 786 5044 Σ.

327 5081 414 5134 De
433 5087 634 5136 caetero
669 5079 892 5136 noverit
935 5087 1129 5136 sancta
1183 5078 1515 5134 fraternitas
1552 5081 1735 5133 vestra
1763 5074 1914 5147 quod

247 5167 376 5222 iste
399 5166 662 5238 clericus,
696 5168 928 5224 nomine
962 5167 1146 5237 Anno,
1189 5173 1386 5223 nostra
1429 5167 1487 5220 in
1519 5164 1788 5235 parochia
1820 5163 1920 5218 in—

240 5260 524 5311 structus
561 5269 625 5310 ac
649 5257 943 5326 detonsus,
990 5256 1326 5326 parvitatem
1377 5260 1630 5309 nostram
1679 5252 1918 5340 rogavit,

247 5348 552 5416 quatenus
567 5343 1162 5401 illicommendatitias
1177 5343 1398 5398 litteras
1410 5342 1918 5412 conscriberemus,

245 5433 487 5504 quibus
522 5438 720 5490 vestrae
766 5433 1106 5491 celsitudini
1157 5431 1606 5502 commendatus,
1655 5431 1763 5487 sub
1799 5432 1924 5487 tui-

244 5525 427 5580 tione
455 5525 628 5580 vestri
675 5525 978 5596 regiminis
1003 5524 1204 5594 degere
1244 5521 1446 5592 possit.
1492 5522 1670 5590 Cujus
1710 5523 1922 5578 volun-

251 5612 377 5670 tati
392 5613 835 5686 consentientes,
852 5613 1166 5672 secundum
1181 5609 1512 5670 canonicam
1525 5609 1923 5669 auctoritatem

1937 4406 1989 4466 D

1971 1812 2134 1862 mata:
2167 1808 2417 1876 ascripta
2448 1810 2733 1864 conﬂatur
2773 1823 2841 1865 ex
2872 1823 3109 1866 numero
3146 1812 3438 1867 communi
3477 1824 3614 1866 ncu

1969 1882 2026 1952 et
2055 1891 2138 1952 en
2156 1880 2613 1952 propriognctxv,
2646 1880 2746 1950 qui
2769 1882 3032 1952 exsurgit
3067 1895 3135 1936 ex
3157 1882 3370 1937 litteris
3391 1883 3484 1945 Υ.,
3527 1883 3616 1945 Ε.,

1971 1947 2184 2072 ῗέὲϐΣη
2209 1954 2264 2092 e3
2288 1947 2608 2006 indictione
2627 1947 2705 2017 x‘;
2737 1963 2851 2007 una
2871 1947 3024 2007 enim
3046 1953 3338 2023 conjuncti
3373 1953 3619 2008 reddunt

2106 2032 2236 2073 xxv.

2106 2032 2236 2073 XXV.

2747 2149 2838 2203 ΙΙΙ.

1979 2252 2700 2325 Τεαιρᾳαάἰγανσὴξερίεοορί
2738 2257 3069 2311 Trevirensis
3101 2257 3328 2325 epistola
3351 2257 3620 2324 generalis

2045 2324 2120 2376 ad
2150 2323 2402 2377 Carolum
2434 2324 2656 2397 Calvum
2681 2341 2879 2394 regem,
2928 2323 3198 2397 episcopos
3228 2333 3278 2382 et
3320 2323 3457 2383 alios
3486 2330 3624 2381 uni-

2045 2409 2258 2468 versos,
2269 2410 2372 2463 pro
2413 2396 2672 2463 Hegilone
2691 2399 3009 2468 presbytero
3053 2396 3129 2454 ad
3169 2404 3478 2455 sanctorum
3508 2399 3626 2454 ioca

2041 2467 2446 2534 peregrinante.

2049 2575 2483 2634 Gloriosissimo
2512 2583 2568 2633 et
2591 2589 2623 2632 a
2653 2578 2765 2633 Deo
2789 2581 3058 2634 coronato
3087 2590 3290 2650 magno
3309 2583 3365 2634 et
3394 2577 3632 2648 paciﬁco

1983 2663 2103 2735 regi
2147 2665 2371 2736 Carolo,
2417 2671 2473 2722 et
2530 2665 2801 2722 omnibus
2851 2665 3206 2722 beatissimis
3258 2667 3628 2739 przesulibus,

1984 2754 2320 2825 caeterisque
2365 2755 2424 2810 iu
2465 2755 2740 2826 gradibus
2777 2755 3187 2812 ecclesiasticis
3230 2757 3535 2827 ordinatis,
3577 2763 3635 2813 et

1987 2844 2278 2899 universis
2295 2844 2353 2898 in
2383 2858 2556 2914 regno
2580 2845 2705 2913 ejus
2735 2845 3064 2902 saacularem
3086 2846 3634 2902 administrantibus

1986 2931 2348 3003 dignitatem,
2422 2947 2524 2988 seu
2566 2936 2794 2990 cunctis
2854 2934 3122 2990 ﬁdelibus
3167 2936 3397 2991 Domini
3452 2935 3634 2991 nostri

1987 3022 2119 3076 Jesu
2187 3021 2405 3076 Christi
2457 3022 2760 3078 adventum
2821 3023 3226 3094 diligentibus,
3277 3025 3640 3095 Teotgaudus

1995 3109 2361 3165 humillimus
2425 3110 2790 3166 Trevirorum
2870 3111 3342 3180 archiepiscopus
3413 3111 3636 3182 plenam

1995 3211 2208 3268 pacem,
2252 3203 2308 3254 et
2353 3198 2612 3270 perpetui
2656 3198 2856 3269 gaudii
2898 3197 3204 3269 optabilem
3241 3198 3514 3269 implorat
3539 3212 3642 3255 sa—

1994 3285 2192 3340 lutem.

2063 3372 2210 3441 Quia
2230 3387 2377 3444 saepe
2411 3375 2535 3430 ﬁeri
2568 3375 2715 3432 solet
2743 3380 2807 3432 ut
2837 3375 3026 3448 magni
3071 3376 3205 3446 viri,
3246 3388 3468 3433 summa
3499 3375 3645 3431 reli-

1997 3462 2189 3534 gionis
2226 3476 2358 3519 arce
2398 3465 2718 3534 conspicui,
2756 3465 3039 3521 virtutum
3080 3465 3282 3521 robore
3324 3465 3644 3536 praevalidi,

1998 3554 2178 3608 armis
2202 3554 2449 3622 justitiae
2478 3554 2744 3625 accincti,
2777 3555 3066 3610 castitatis
3091 3557 3336 3611 candore
3355 3555 3646 3627 insigniti,

2002 3643 2300 3714 sapientiae
2330 3645 2532 3700 decore
2551 3642 2901 3715 praefulgidi,
2933 3644 3218 3715 migrandi
3251 3645 3322 3700 de
3351 3644 3476 3699 suis
3507 3643 3650 3699 locis

2002 3733 2331 3804 concipiant
2350 3747 2620 3804 amorem,
2651 3747 2764 3804 quo
2810 3747 2908 3802 per
2937 3733 3102 3788 talem
3137 3734 3491 3789 occasionem
3537 3732 3654 3786 hu-

2006 3837 2227 3879 manam
2289 3823 2512 3893 possint
2571 3821 2969 3893 subterfugere
3016 3821 3261 3890 laudem,
3304 3827 3361 3878 et
3414 3821 3656 3878 minoris

2007 3913 2197 3968 meriti
2229 3913 2585 3969 aestimentur
2605 3912 2675 3967 ab
2701 3913 2990 3968 extraneis
3011 3913 3112 3982 qui
3146 3913 3441 3985 granditer
3470 3911 3658 3967 hono-

2009 4001 2384 4057 riﬁcabantur
2402 4001 2634 4057 anobis.
2651 4001 2908 4058 Plurima
2931 4001 3148 4072 quippe
3161 4007 3297 4057 sunt
3322 3999 3656 4057 istiusmodi

2009 4090 2331 4146 occasionis
2379 4087 2596 4145 Veteris
2638 4095 2693 4145 et
2717 4091 2857 4145 Novi
2905 4091 3249 4146 Testamenti
3285 4091 3664 4155 hortamenta,

2011 4182 2067 4235 et
2109 4177 2540 4234 evidentissima
2571 4190 2686 4246 prae
2723 4178 2911 4234 oculis
2939 4179 3300 4248 documenta,
3331 4193 3457 4249 qua:
3504 4177 3668 4234 vobis

2015 4267 2154 4337 quia
2173 4266 2317 4322 satis
2353 4267 2550 4338 agnita
2579 4279 2703 4321 esse
2739 4280 2852 4322 non
2885 4267 3259 4338 ambigimus,
3282 4268 3668 4337 opportunius

2016 4369 2080 4411 ea
2111 4355 2488 4427 praeterimus.
2535 4356 2647 4410 Hac
2671 4354 2852 4426 igitur
2881 4352 3224 4410 felicissima
3252 4355 3669 4411 consuetudine

2019 4449 2076 4500 et
2104 4443 2484 4500 saluberrima
2511 4443 2776 4500 doctrina
2817 4443 3201 4500 commonitus
3226 4443 3463 4514 quidam
3493 4441 3670 4496 frater

2024 4534 2190 4590 nobis
2210 4533 2568 4599 carissimus,
2588 4538 2643 4589 et
2671 4533 2899 4589 cunctis
2921 4530 3408 4601 benevolentibus,
3440 4531 3669 4587 nomine

2021 4623 2239 4694 Hegilo,
2273 4623 2410 4693 quia
2439 4623 2798 4680 dioecesanus
2824 4627 3018 4679 noster
3045 4626 3186 4692 erat,
3207 4622 3268 4676 in
3296 4624 3491 4676 nostra
3521 4618 3678 4674 vide-

2025 4713 2160 4768 licet
2181 4711 2416 4768 dimcesi
2446 4712 2702 4768 nutritus
2735 4720 2790 4768 et
2821 4717 3040 4782 tonsus,
3091 4722 3367 4781 sacroque
3408 4709 3671 4778 dogmate

2025 4806 2351 4857 sanctarum
2377 4800 2805 4870 Scripturarum
2836 4800 3169 4872 plenissime
3192 4799 3478 4869 eruditus,
3503 4802 3560 4853 et
3582 4798 3674 4854 ho-

2026 4889 2354 4945 nestissime
2400 4895 2785 4958 conversatus,
2851 4895 3023 4960 atque
3079 4890 3139 4944 in
3190 4889 3443 4945 Ecclesia
3507 4886 3676 4944 nobis

2026 4979 2331 5035 commissa
2349 4979 2419 5034 ad
2443 4978 2748 5034 sacerdotii
2778 4979 3118 5048 dignitatem
3145 4977 3332 5034 fuerat
3356 4983 3670 5048 promotus,

2029 5070 2319 5126 licentiam
2339 5083 2372 5124 a
2403 5068 2570 5125 nobis
2617 5067 2803 5138 petiit,
2834 5073 2897 5124 ut.
2936 5081 3090 5124 more
3131 5069 3404 5126 canonico
3433 5067 3673 5124 absolu—

2032 5160 2188 5216 tione
2218 5164 2500 5229 suscepta,
2549 5164 2605 5212 et
2648 5157 2854 5229 largita
2895 5158 3006 5213 sibi
3037 5158 3449 5225 benedictione,
3486 5156 3672 5210 tutius

2031 5256 2202 5320 atque
2224 5249 2487 5305 securius
2513 5249 2634 5304 loco
2652 5252 2977 5304 sanctorum
3000 5249 3252 5319 visitare,
3273 5248 3409 5303 etad
3433 5250 3674 5301 vestram

2035 5339 2392 5410 prasentiam
2420 5337 2663 5392 liberius
2689 5349 2754 5392 ac
2777 5335 3128 5392 familiarius
3151 5336 3414 5390 accedere
3443 5335 3654 5392 valeret

2032 5429 2100 5484 ad
2121 5440 2516 5497 quemcunque
2536 5440 2603 5482 ex
2629 5426 2790 5483 vobis
2822 5427 2987 5482 illum
3019 5424 3246 5480 itineris
3271 5423 3517 5478 varietas
3542 5439 3679 5495 per-

2032 5520 2309 5576 duxisset.
2366 5520 2557 5589 Itaque
2589 5531 2692 5573 nos
2732 5515 2996 5587 petitioni
3046 5513 3170 5581 ejus
3220 5525 3514 5568 assensum
3565 5515 3682 5569 tri-

2029 5613 2284 5679 buentes,
2303 5611 2360 5665 et
2379 5607 2730 5667 venerationi
2761 5605 2924 5662 illius
2944 5601 3386 5674 consentientes,
3427 5603 3671 5673 acquie-
