4076 6174
430 271 560 332 4394
1313 267 1600 324 APPEND.
1644 267 1736 323 AD
1775 265 1938 323 SMC.
1977 266 2067 323 IX.

2184 295 2191 307 -
2225 262 2577 323 AUCTORES
2620 267 2956 326 ANONYMI.
3703 272 3836 330 i392

425 402 616 458 vimus
630 394 1040 454 consentieudo
1051 393 1200 466 quod
1224 393 1538 450 secundum
1553 393 1728 448 Deum
1743 391 2069 447 desiderare
2093 387 2152 446 A
2182 387 2333 446 circa
2355 403 2575 462 gregem
2597 391 2794 448 divina
2809 399 3016 450 nostra;
3035 394 3462 451 sollicitudinis
3477 397 3834 466 providentia

424 487 744 548 videbatur.
785 482 1084 556 jQuocirca
1148 480 1492 552 suppliciter
1561 479 1954 550 deprecamur,
2017 484 2074 534 et
2180 479 2547 535 commissum
2581 481 2732 536 intra
2760 483 2979 552 ιιι-ουτῙί
3007 483 3180 538 ovilis
3210 487 3368 554 septa
3396 483 3711 553 pastoralis
3735 498 3837 538 ne-

427 577 639 637 obnixe
659 573 1026 645 deposcimus
1053 571 1468 629 humanitatem
1498 574 1764 640 vestram,
1799 574 1865 624 ut
1885 567 2074 623 honoo
2183 566 2310 636 quit
2337 581 2528 638 regere
2577 569 2900 641 vigilantia.
2932 571 2976 626 E
3023 571 3237 641 quibus
3273 585 3524 642 praesens
3555 572 3834 632 sacerdos.

431 663 697 723 rabiliter
723 661 1074 731 susceptum,
1117 659 1272 716 sicut
1296 658 1396 713 Dei
1428 655 1722 727 templum,
1761 660 1819 713 et
1843 655 2076 710 habita—
2185 655 2351 710 Ursio
2403 657 2696 729 vocabulo,
2744 672 2777 715 a
2829 658 3005 714 beatae
3055 661 3475 716 recordationis
3523 661 3839 730 praedeces-

428 753 625 812 culum
667 751 926 822 Spiritus
983 749 1193 818 sancti,
1239 745 1418 802 veluti
1463 745 1815 802 mansionem
1867 749 2075 799 sanctae
2185 736 2312 799 scre
2373 750 2568 800 nostro
2619 747 2951 819 Teuderico,
3010 749 3159 818 apud
3233 753 3469 804 matrem
3526 749 3836 804 Ecclesiam

426 840 751 908 Trinitatis,
770 836 1244 910 quemadmodum
1261 834 1743 906 pretiosissimum
1761 833 2074 888 membrum
2189 835 2437 886 nostram
2471 847 2570 902 per
2597 847 2793 890 omnes
2819 836 3032 906 gradus
3061 836 3334 892 canonice
3367 843 3682 908 promotus,
3713 836 3837 893 reli.

429 929 670 998 Christi,
699 927 874 985 sicuti
901 931 1134 982 auctum
1155 924 1308 980 dono
1337 929 1394 979 et
1427 922 1694 993 largitate
1724 918 2079 991 septiformis
2189 918 2459 991 gioseque
2482 921 2618 977 dum
2654 921 2826 978 licuit
2872 931 3263 981 conversatus.
3295 925 3645 995 suppliciter
3681 924 3839 980 efﬁa-

432 1019 631 1094 gratia:
660 1017 783 1087 Dei,
811 1026 1155 1086 quocunque
1184 1011 1524 1082 pervenerit,
1557 1011 1678 1067 sive
1704 1009 1950 1079 modico,
1977 1021 2079 1064 seu

432 1107 671 1181 largiori
701 1104 888 1176 spatio
915 1102 1066 1172 apud
1098 1115 1197 1158 vos
1225 1107 1573 1169 moraturus,
1602 1097 1846 1169 benigne
1865 1101 2080 1154 tracte-

432 1197 531 1266 tis,
576 1196 822 1252 humane
845 1189 1200 1248 exhibeatis:
1248 1193 1310 1245 ut
1347 1188 1639 1244 Christum
1682 1187 1741 1242 in
1779 1199 1846 1242 eo
1884 1185 2080 1242 susci—

436 1285 674 1356 pientes,
704 1284 875 1352 prout
913 1291 1200 1350 rogamus,
1242 1275 1508 1346 fideliter,
1543 1288 1644 1346 pro
1669 1273 1772 1330 illo
1813 1274 2077 1330 meritum

434 1370 841 1430 munificentia:
870 1372 1070 1424 vestrae
1088 1364 1409 1436 acquiratis
1423 1363 1796 1420 aaternaliter.
1823 1361 2080 1432 Denique

430 1475 561 1519 cum
605 1462 834 1531 propter
879 1452 1302 1512 memorabilem
1355 1450 1837 1522 justiticationum
1892 1449 2082 1519 ipsius

430 1547 860 1620 praerOgativam
904 1544 1008 1599 has
1041 1541 1206 1598 vobis
1235 1540 1503 1611 pacificas
1541 1539 1765 1596 litteras
1787 1537 2079 1608 porrigere

425 1639 878 1704 decerneremus,
918 1644 1105 1701 operae
1131 1629 1377 1700 pretium
1406 1627 1528 1685 fore
1556 1627 1826 1684 arbitrati
1852 1640 2076 1694 sumus,

2190 1007 2393 1078 gitavit
2436 1007 2679 1080 litteras,
2712 1011 3039 1069 Graecorum
3080 1013 3380 1069 elementis
3411 1013 3840 1083 imprmvarica-

2191 1095 2406 1153 bilibus
2420 1098 2773 1155 sanctissimi
2787 1100 3002 1156 Nicaani
3016 1101 3836 1164 conciliidecretisroboratas;

2193 1191 2383 1241 nostra
2431 1187 2703 1256 pastorali
2757 1189 3120 1261 indulgentia
3191 1190 3305 1246 sibi
3352 1191 3582 1262 largiri,
3632 1190 3840 1260 quibus

2193 1275 2452 1331 munitus
2474 1275 2716 1349 dimitti,
2747 1281 2801 1333 et
2833 1291 3180 1350 quocunque
3209 1279 3321 1334 sibi
3355 1286 3552 1350 aptum
3589 1280 3837 1348 reperis-

2189 1367 2274 1417 set
2309 1362 2514 1435 locum,
2559 1369 2748 1435 posset
2781 1366 3054 1422 canonice
3086 1367 3286 1438 recipi,
3338 1381 3404 1423 ac
3451 1367 3836 1424 ministerium

2187 1451 2472 1509 divinitus
2488 1453 2603 1508 sibi
2625 1467 2954 1511 concessum
2978 1472 2989 1525 ι
3012 1469 3264 1528 eragere.
3290 1457 3404 1512 Nos
3426 1456 3614 1527 igitur
3637 1455 3839 1524 hujus—

2193 1540 2341 1596 modi
2374 1541 2707 1611 petitionem
2755 1543 3162 1614 suscipientes,
3207 1549 3418 1602 nostrae
3466 1545 3642 1599 etiam
3672 1549 3836 1615 atque

2190 1629 2377 1699 ipsius
2405 1631 2651 1688 miseriae
2676 1632 3064 1706 condolentes,
3093 1634 3365 1704 omnique
3393 1639 3682 1689 carentem
3709 1633 3837 1690 dolo

431 1731 493 1784 ut
528 1725 722 1782 Graeca
751 1703 978 1794 quoque
1005 1719 1282 1776 elementa
1315 1731 1384 1774 ex
1414 1717 1646 1773 nomine
1685 1715 1873 1772 Patris
1905 1714 1981 1780 II,
2023 1723 2079 1771 et
2107 1703 2155 1764 Β
2186 1724 2609 1791 cognoscentes,
2639 1721 2925 1793 migrandi
2948 1703 3287 1778 facultatem
3315 1721 3732 1778 liberalissime
3762 1723 3838 1776 in-

425 1815 562 1872 Filii
592 1813 664 1878 Υ,
697 1816 752 1868 et
779 1809 1036 1880 Spiritus
1059 1807 1244 1864 sancti
1277 1820 1329 1870 Α,
1355 1806 1598 1876 primam
1643 1817 1872 1875 quoque
1911 1804 2078 1860 litte—

429 1917 546 1961 ram
589 1915 658 1958 ex
686 1899 918 1957 nomine
963 1896 1114 1953 beati
1148 1895 1296 1952 Petri
1328 1893 1575 1966 apostoli
1607 1893 1704 1957 Π.,
1751 1901 1808 1950 et
1834 1905 1987 1948 amns
2015 1892 2075 1948 in

425 1992 535 2048 fine
557 1991 963 2057 insereremus,
1002 1998 1132 2042 cum
1174 1983 1390 2040 litteris
1421 1983 1610 2039 nihilo
1640 1981 1834 2038 minus
1861 1980 2077 2038 Graecis

421 2092 702 2136 summam
752 2076 984 2132 illarum
1008 2071 1539 2130 demonstrantibus
1557 2071 1731 2134 ΦΞΑ,
1759 2076 1822 2126 ut
1845 2083 1944 2140 per
1970 2069 2076 2126 hoc

421 2167 584 2224 vobis
630 2165 956 2222 evidentius
1013 2161 1231 2218 luceret
1260 2159 1698 2216 honorificentia
1737 2160 1863 2228 ejus
1906 2171 2072 2228 quem

418 2267 740 2321 exoramus,
784 2250 1035 2322 praefixis
1082 2249 1349 2319 apicibus
1386 2253 1596 2303 sancta:
1642 2246 1970 2317 Trinitatis,
2010 2253 2073 2302 ut

419 2348 784 2400 sacrosancta
823 2339 1080 2394 Trinitas
1129 2337 1294 2393 illum
1329 2335 1545 2406 ubique
1584 2341 1904 2405 conservet,
1940 2347 2073 2391 mu-

421 2435 563 2503 niat,
593 2435 766 2501 atque
791 2425 1080 2496 defendat,
1115 2425 1501 2482 intercedente
1539 2423 1704 2480 beato
1736 2425 1898 2480 Petro
1927 2435 2073 2493 apo-—

417 2519 592 2577 stolo.
628 2531 782 2574 anns
809 2529 940 2572 vero
991 2515 1050 2570 in
1097 2521 1352 2570 extremo
1399 2525 1683 2583 apponere
1712 2511 2065 2578 studuimus,

416 2612 680 2678 optantes
709 2605 903 2662 utiter
925 2602 1092 2658 illius
1107 2601 1422 2658 salubriter
1435 2600 1750 2672 dirigatur,
1777 2599 1964 2655 oculis
1987 2599 2074 2653 di-

415 2698 564 2753 vina;
607 2693 928 2764 majestatis
987 2689 1271 2746 efficiatur
1311 2688 1682 2758 acceptabile,
1730 2685 2070 2756 receptabile

413 2783 652 2852 sanctis,
679 2786 736 2838 et
763 2777 1130 2835 memorabile
1176 2777 1234 2830 in
1286 2782 1588 2842 aeternum,
1618 2787 1717 2844 per
1756 2773 2063 2830 Dominum

414 2857 900 2928 nostrum'Jesum
943 2863 1254 2920 Christum.
1297 2863 1412 2918 Hac
1456 2863 1678 2918 ratione
1709 2862 1768 2918 in
1807 2861 1911 2917 hac
1933 2861 2066 2932 epi—

411 2957 560 3015 stola
581 2957 776 3012 Graaca
817 2953 1095 3010 elementa
1141 2951 1462 3022 posuimus,
1498 2964 1609 3006 non
1641 2955 1706 3008 ut
1729 2951 2060 3007 canonicam

413 3043 712 3103 formatam
741 3041 1138 3111 formaremus,
1172 3039 1268 3096 sed
1295 3045 1362 3096 ut
1384 3039 1567 3096 eidem
1591 3039 1764 3096 etiam
1793 3039 2063 3094 intimato
2098 3034 2144 3095 Ο

408 3131 672 3206 Hegiloni
701 3142 972 3204 prospera
1007 3142 1107 3200 per
1139 3128 1418 3185 elementa
1461 3127 1646 3184 indita
1680 3137 2059 3198 precaremur.

406 3223 618 3280 Valete.
651 3222 890 3277 Dextera
919 3218 1019 3274 Dei
1055 3217 1262 3288 Patris,
1293 3231 1392 3288 per
1423 3230 1590 3287 quem
1621 3214 1768 3273 facta
1790 3221 1926 3272 sunt
1951 3229 2066 3271 sae-

407 3312 560 3383 cula,
593 3309 930 3381 religionem
957 3310 1202 3362 vestram
1239 3309 1488 3370 tueatur,
1517 3311 1573 3360 et
1593 3303 1796 3360 bonam
1832 3303 2065 3373 impleat

406 3399 757 3458 voluntatem
784 3394 950 3466 juxta
979 3393 1332 3450 desiderium
1355 3397 1629 3459 vestrum,
1654 3404 1849 3446 omnes
1873 3390 2066 3446 fideles

407 3496 464 3546 et
503 3486 700 3545 cuncti
759 3483 1084 3540 beatissimi
1131 3479 1359 3550 fratres,
1427 3494 1555 3536 cum
1603 3493 1733 3552 rege
1769 3479 1992 3550 Carolo,
2033 3493 2064 3534 a

409 3577 558 3649 Rege
577 3573 835 3632 omnium
862 3584 1058 3643 regum
1080 3583 1183 3642 pro
1200 3569 1383 3641 magis
1403 3568 1626 3625 meritis
1644 3568 1704 3624 in
1727 3574 2063 3638 perpetuum

409 3663 746 3723 coronandi.
797 3661 996 3716 Amen.

483 3785 861 3861 (Theutgaudi
911 3780 1523 3861 episcopatus_Caroii
1574 3778 1732 3861 Calvi
1795 3781 2068 3861 congruit

413 3850 1359 3931 temporibusised‘indic'tionhic
1397 3850 1556 3931 nulla
1605 3856 1692 3906 est
1743 3863 1811 3931 ex
1843 3850 1954 3931 qua
1995 3853 2065 3908 de

411 3921 562 3988 anno
601 3921 820 3984 Christi
889 3930 1145 3980 statuere
1199 3922 1386 3976 liceat.
1437 3921 1514 3976 De
1557 3921 1814 3976 numeris
1851 3929 2061 3988 autem,

415 4015 546 4058 cum
585 3999 689 4055 alii
735 3999 854 4052 sint
895 4005 1229 4050 communes
1272 3991 1550 4061 omnium,
1599 3998 1664 4048 ut
1701 3991 1921 4049 dictum
1956 4000 2060 4056 est,

414 4072 520 4127 alii
551 4068 772 4140 proprii
798 4067 1080 4135 cujusque
1105 4062 1378 4130 formatae,
1404 4063 1656 4140 propriis
1671 4064 1905 4140 omissis
1921 4079 2067 4120 com-

418 4134 680 4198 munium
723 4134 942 4192 tantum
973 4147 1272 4206 summam,
1304 4146 1506 4206 neque
1554 4134 1714 4190 illam
1764 4135 2063 4206 integram,

415 4207 857 4267 Graecislitteris
869 4205 1153 4276 expressit
1170 4203 1335 4276 ΦΞΑ
1364 4204 1419 4260 id
1463 4209 1549 4260 est
1572 4219 1732 4274 DLXI;
1759 4203 2067 4275 nam'adji-

415 4281 620 4338 cienda
643 4284 806 4335 erant
833 4275 986 4346 χαις,
1016 4289 1141 4348 quae
1164 4275 1224 4332 in
1239 4288 1393 4332 amna
1415 4277 1804 4347 continentur,
1829 4281 1893 4333 ut
1909 4276 2067 4333 fieret

416 4354 641 4426 integra
668 4361 893 4409 summa
909 4361 1068 4405 neu.

1193 4453 1281 4510 IV.

411 4581 639 4642 Joannis
680 4580 915 4653 episcopi
956 4577 1361 4653 Camarqcertsis
1413 4576 1640 4653 epistola
1671 4579 1942 4653 generalis
1991 4579 2068 4634 ad

484 4668 666 4710 omnes
695 4648 988 4722 Episcopos,
1006 4649 1362 4722 proUrsio‘ne
1383 4648 1724 4722 presbytero,
1746 4652 1807 4703 ut
1829 4651 1888 4704 in
1917 4665 2066 4720 qua—

485 4725 614 4780 libet
649 4719 885 4778 illorum
900 4719 1164 4790 parochia
1190 4720 1361 4790 recipi
1394 4721 1592 4789 possit.

483 4849 546 4903 In
572 4844 802 4902 nomine
835 4843 909 4907 II,
943 4841 1014 4908 Υ,
1044 4856 1096 4898 Α.
1132 4841 1207 4907 Π,
1241 4841 1287 4905 I,
1313 4841 1388 4906 Π,
1418 4842 1484 4906 Σ,
1517 4856 1572 4910 Α,
1608 4842 1924 4900 indictione
1953 4858 2060 4901 χιιι

410 4949 583 4993 mea.
617 4933 899 4990 Omnibus
941 4937 1151 4988 sanctae
1183 4931 1382 4986 matris
1422 4931 1692 4987 Ecclesiae
1730 4933 2061 5002 pastoribus

411 5026 507 5098 pio
523 5019 946 5081 sollicitudinis
957 5019 1152 5076 studio
1175 5018 1428 5074 filiorum
1454 5019 1642 5088 ipsius
1657 5033 1852 5076 curam
1870 5034 2060 5092 geren-

405 5113 583 5180 tibus,
622 5111 865 5166 Joannes
899 5106 1324 5163 Camaracensis
1370 5118 1580 5163 sanctae
1611 5107 1812 5164 matris
1859 5107 2060 5165 Eccle-

403 5202 504 5258 sia!
533 5198 933 5270 episcOporum
982 5195 1251 5266 extimus,
1292 5195 1610 5251 inoccidua'e
1659 5195 2058 5266 prosperitatis

405 5285 748 5360 tripudium.

473 5375 830 5434 Permaximo
891 5371 1170 5430 scelerum
1233 5369 1479 5440 pondere
1530 5371 1892 5444 prmgravati.
1943 5385 2053 5430 non

399 5466 588 5524 solum
629 5475 999 5538 paganorum,
1039 5471 1234 5515 verum
1278 5458 1450 5514 etiam
1483 5459 2057 5528 pseudnchristiano-

429 5567 529 5618 um
580 5549 948 5613 creberrimis
1021 5546 1328 5607 atterimur
1386 5545 1878 5608 infestationibus.
1925 5550 2049 5622 Quo

2184 1805 2493 1880 dulsimus,
2525 1809 2894 1866 eminentiam
2923 1816 3190 1882 vestram,
3217 1811 3287 1867 ad
3321 1824 3467 1882 quos
3493 1810 3830 1880 pervenerit,

2185 1895 2393 1952 obnixe
2427 1903 2812 1970 exposcentes,
2863 1903 2928 1956 ut
2979 1901 3039 1955 in
3090 1906 3454 1956 sacrosancto
3503 1905 3704 1955 vestra:
3735 1913 3833 1969 pa-

2185 1985 2478 2042 ternitatis
2508 1988 2725 2058 gremio
2769 2002 2898 2044 eum
2945 1989 3348 2060 suscipientes,
3402 1988 3719 2044 ministerii
3745 1991 3831 2043 sui

2183 2072 2432 2131 cilicium
2483 2076 2637 2133 intra
2675 2082 2918 2134 vestram
2967 2078 3243 2134 dioecesin
3289 2077 3582 2133 celebrare
3609 2077 3827 2132 sinatis.

2183 2163 2255 2218 Ut
2278 2177 2409 2220 vero
2449 2165 2508 2220 hi
2541 2171 2749 2222 nostrae
2779 2167 3082 2238 parvitatis
3133 2167 3325 2238 apices
3367 2167 3565 2222 verius
3595 2166 3832 2221 credan-

2182 2258 2297 2324 tur,
2329 2255 2655 2312 Graecorum
2687 2269 2988 2312 numerum
3030 2256 3154 2312 suis
3192 2255 3712 2327 supputationibus
3742 2256 3824 2310 in-

2181 2342 2500 2400 servimus:
2541 2344 2730 2400 Patris
2760 2345 3030 2401 videlicet
3058 2345 3298 2415 primam
3333 2345 3406 2409 Π,
3439 2345 3580 2400 Filii
3613 2358 3831 2415 quoque

2181 2433 2424 2502 primam
2453 2432 2526 2496 Υ,
2571 2437 2628 2488 et
2656 2433 2841 2490 sancti
2881 2434 3136 2504 Spiritus
3179 2448 3231 2505 Α,
3278 2435 3428 2490 Petri
3471 2434 3650 2490 etiam
3694 2446 3832 2502 apo-

2179 2519 2457 2576 stolorum
2513 2519 2798 2591 principis
2841 2521 3084 2591 primam
3146 2520 3222 2583 II,
3283 2519 3466 2577 nostri
3518 2519 3825 2590 quinetiam

2181 2607 2432 2664 nominis
2459 2607 2701 2678 primam
2731 2609 2777 2672 Ι,
2808 2609 3079 2680 quoniam
3119 2609 3453 2681 ignoramus
3483 2611 3654 2678 cujus
3690 2621 3829 2678 pon—

2179 2696 2353 2752 tificis
2391 2697 2668 2752 dimcesin
2725 2697 3065 2753 nominatim
3095 2698 3257 2754 adire
3299 2697 3522 2770 debeat,
3573 2710 3678 2768 pro
3703 2710 3826 2766 spe—

2176 2783 2310 2839 ciali
2343 2783 2536 2840 littera
2564 2785 2818 2840 nominis
2845 2785 3124 2856 episcopi,
3157 2800 3284 2856 qua:
3315 2786 3421 2842 hoc
3451 2786 3576 2841 loco
3605 2785 3825 2840 deberet

2175 2885 2296 2928 esse
2336 2874 2608 2945 secunda,
2654 2874 2940 2944 generalis
2979 2873 3190 2930 ibidem
3239 2875 3492 2930 nominis
3522 2874 3823 2930 secundam

2177 2961 2460 3032 ponimus,
2504 2975 2631 3033 quae
2672 2967 2759 3018 est
2789 2961 2864 3025 II,
2895 2977 3019 3033 qum
3045 2963 3319 3019 similiter
3345 2962 3640 3034 significat
3674 2969 3829 3018 octo—

2175 3049 2349 3121 ginta.
2399 3050 2577 3106 Istius
2627 3049 2864 3120 insuper
2915 3049 3114 3107 fratris
3169 3052 3395 3106 tertiam
3446 3050 3515 3115 Σ,
3572 3057 3828 3120 quartam

2178 3137 2543 3194 nhilominus
2577 3138 2744 3196 urbis
2778 3143 2987 3196 nostrae
3028 3141 3282 3196 litteram
3312 3154 3369 3208 Α,
3401 3154 3532 3195 cum
3565 3139 3822 3194 indictio-

2175 3239 2243 3279 ne
2305 3227 2575 3284 instantis
2629 3227 2767 3283 anni
2821 3229 2950 3285 XIII
3013 3228 3416 3285 subnectentes
3469 3241 3655 3283 anns.
3709 3228 3831 3282 Ideo

2179 3328 2308 3369 vero
2340 3314 2458 3370 haec
2490 3315 2698 3372 innexa
2730 3321 2886 3386 sunt,
2929 3330 3000 3374 ne
3047 3315 3192 3374 forte
3219 3317 3605 3374 beatitudinis
3635 3322 3828 3371 vestra:

2178 3417 2319 3472 pura
2348 3417 2475 3474 quae
2513 3410 2601 3460 est
2633 3404 2692 3460 in
2738 3406 2970 3462 Christo
3007 3407 3355 3477 simplicitas
3383 3406 3584 3476 aliquo
3614 3404 3831 3460 fraudis

2173 3491 2550 3550 obnubiletur
2593 3507 2830 3551 accessu
2863 3513 2876 3549 :
2913 3499 2969 3552 et
3021 3503 3085 3552 ut
3137 3493 3388 3566 profecto
3433 3494 3640 3550 sciatis
3685 3495 3827 3549 hunc

2174 3578 2406 3636 fratrem
2447 3595 2629 3653 neque
2657 3580 2795 3654 fuga
2853 3582 3097 3655 lapsum,
3151 3597 3252 3639 nec
3275 3583 3531 3652 alicujus
3567 3582 3829 3637 criminis

2174 3683 2330 3726 naevo
2351 3669 2658 3741 fuscatum,
2687 3672 2785 3728 sed
2808 3671 3058 3728 instante
3087 3674 3572 3728 Nortmannorum
3609 3670 3830 3726 feritate

2175 3758 2456 3815 nolentem
2483 3759 2841 3829 propulsum.
2857 3760 3050 3816 Valeat
3075 3761 3355 3817 sanctitas
3376 3767 3564 3816 vestra
3583 3773 3826 3830 superno

2173 3848 2524 3920 pr0pitiante
2541 3848 2758 3904 Christi
2777 3848 3082 3904 clementia
3113 3851 3337 3905 munita
3359 3850 3654 3920 praesidio.
3678 3850 3830 3906 Sum.

2176 3951 2265 3993 ma
2294 3951 2659 3993 numerorum
2688 3937 2945 4008 epistola:
2981 3951 3292 3994 naccam.

2245 4043 2512 4112 (lndictio
2544 4057 2649 4098 xm
2671 4049 2728 4099 et
2752 4043 3116 4114 episcopatus
3140 4043 3378 4100 Joannis
3400 4044 3830 4099 Camaracensis

2174 4127 2386 4170 annum
2421 4114 2726 4185 designant
2770 4113 2895 4169 865.
2944 4113 3172 4170 Summa
3200 4129 3574 4170 numerorum
3606 4117 3676 4169 ad
3709 4115 3829 4169 cal-

2174 4185 2556 4256 cemadjecta,
2587 4190 2644 4239 et
2675 4185 2848 4240 initio
2875 4199 3101 4256 quoque
3131 4187 3257 4240 suis
3293 4185 3511 4240 litteris
3541 4198 3825 4255 expressa.

2173 4254 2456 4310 conflatur
2502 4268 2570 4310 ex
2601 4268 2836 4312 numero
2885 4254 3180 4312 communi
3213 4270 3348 4311 ncnx
3388 4261 3446 4311 et
3491 4270 3562 4310 ex
3599 4254 3830 4325 proprio

2177 4326 2352 4394 hujus
2367 4325 2620 4382 formatae
2635 4339 2803 4394 cccrv,
2835 4327 2937 4396 qui
2959 4327 3268 4383 conficitur
3285 4341 3354 4383 ex
3383 4327 3602 4382 litteris
3615 4327 3832 4384 Graecis

2091 4375 2145 4437 Ι)
2176 4375 2444 4462 iﬁlli—if,-
2458 4375 2617 4468 Ife?
2639 4375 3150 4471 {istaistam

2966 4505 3028 4560 γ.

2175 4609 2400 4678 Liutadi
2437 4608 2672 4678 episcopi
2717 4607 3018 4664 Vinciensis
3047 4608 3123 4662 ad
3171 4609 3504 4664 Wenilonem
3531 4608 3825 4663 Rothm-

2242 4677 2457 4747 g'ensem
2474 4677 2960 4752 archiepiscopum
3005 4679 3072 4752 de
3117 4679 3342 4752 Wlfqdo
3380 4679 3634 4740 diacono,
3673 4695 3824 4748 quem

2243 4752 2372 4805 olim
2417 4751 2524 4805 sibi
2561 4751 2826 4808 traditum
2867 4751 2937 4805 ab
2966 4750 3185 4807 Ebbone
3212 4750 3517 4815 Rhememi,
3546 4766 3698 4804 nunc
3727 4752 3828 4820 ipsi

2243 4822 2505 4876 concedit.

2175 4928 2247 4982 Π.
2281 4927 2346 4982 Σ.
2375 4942 2428 4982 Α.
2462 4928 2939 4985 Reverentissimo
2981 4933 3038 4984 et
3092 4927 3462 4984 sanctissimo
3503 4927 3659 4997 patri
3687 4927 3826 4983 We-

2172 5015 2356 5072 niloni
2405 5016 2846 5088 Rothomagensi
2886 5017 3324 5086 archiepiscopo
3356 5014 3643 5072 Liutadus
3683 5015 3819 5071 Vin—

2167 5103 2383 5160 ciensis
2409 5104 2714 5174 episcopus
2742 5109 3008 5160 aeternam
3055 5105 3114 5160 in
3144 5105 3384 5160 Domino
3413 5103 3684 5160 salutem.

2237 5192 2502 5264 Optarem
2531 5192 2712 5264 valde,
2738 5193 2788 5248 si
2813 5192 2980 5250 nobis
3008 5192 3195 5263 spatia
3223 5199 3506 5248 terrarum
3542 5193 3817 5250 sinerent.

2167 5280 2486 5339 fraternum
2513 5286 2570 5338 et
2595 5281 3016 5339 amicissimum
3047 5281 3342 5338 vobiscum
3390 5279 3603 5336 habere
3637 5279 3822 5336 collo-

2163 5371 2390 5443 quium,
2412 5375 2586 5442 atque
2604 5371 2674 5428 de
2705 5371 2922 5428 nostris
2941 5371 3346 5428 communibus
3371 5369 3828 5439 opportunitati-

2164 5458 2273 5517 bus
2301 5466 2567 5517 tractare.
2598 5460 2704 5517 Sed
2725 5460 2865 5532 quia
2881 5460 2938 5517 id
2959 5459 3265 5531 prolixitas
3293 5457 3528 5515 itineris
3544 5457 3826 5536 denegare

2160 5547 2409 5624 videtur,
2431 5553 2674 5608 vestram
2693 5549 3059 5608 sanctitatem
3090 5546 3398 5607 humiliter
3413 5558 3589 5604 exoro
3623 5551 3692 5604 ut
3714 5543 3824 5604 me'
