4054 6192
221 256 361 318 4393

1541 272 1884 332 ΕΡΙΞἸὈῘΛΕ
1942 277 2305 340 ΡΟΗΜΑΤΔΕ.

3486 286 3624 348 4394

220 384 554 486 memoriam
586 399 775 444 coram
807 395 1002 447 sancto
1032 391 1202 448 altari
1268 391 1475 451 habere
1524 394 1867 467 dignemini,
1898 392 1948 451 Α
1985 402 2225 462 ternitas
2251 406 2578 480 acol'ythum
2622 413 2931 470 ordinavit.
2982 415 3303 486 Pr0pterea,
3347 412 3618 485 quoniam

219 477 535 545 vestraque
577 491 665 534 me
694 482 1087 539 commendare
1140 484 1422 556 Ecclesia,
1453 485 1723 556 quoniam
1772 498 1871 540 ve-

218 567 398 618 stram
449 564 786 623 charitatem
815 570 930 639 jam
980 571 1038 625 in
1087 574 1305 644 gremio
1353 574 1622 630 Ecclesia
1663 577 1870 630 nostra

219 651 563 723 recepimus,
588 660 645 710 et
686 670 787 726 pro
815 658 980 714 vobis
1004 661 1369 731 quotidianis
1401 661 1668 732 precibus
1691 664 1863 718 Deum

215 751 544 798 exoramus.
613 744 889 803 Caterum
961 750 1274 819 comperiat
1334 751 1610 806 sanctitas
1681 755 1865 805 vestra

216 830 520 897 quemdam
588 832 820 891 fratrem
898 842 1180 909 nostrum,
1229 843 1289 895 et
1350 840 1535 895 ﬁlium
1597 838 1863 895 Ecclesia

217 924 447 987 nostra,
482 922 712 978 nomine
735 922 1051 996 Wlfadum,
1084 927 1498 984 subdiaconum
1528 942 1613 983 me
1645 932 1864 997 petente

218 1006 498 1063 traditum
544 1010 687 1066 mihi
731 1026 829 1081 per
859 1014 1102 1087 litteras,
1137 1031 1280 1088 quas
1306 1016 1691 1073 ecclesiastica
1720 1029 1865 1071 con-

215 1098 467 1152 suetudo
515 1097 789 1156 formatas
839 1105 1108 1176 appellat,
1162 1120 1195 1161 a
1258 1105 1573 1162 venerabili
1636 1105 1862 1160 Ebbone

215 1185 505 1252 quondam
554 1188 858 1249 Rhemensi
884 1194 1339 1265 archiepiscopo.
1372 1196 1440 1251 Et
1469 1195 1606 1266 quia
1634 1194 1863 1263 impen—

213 1272 492 1331 dentibus
512 1277 856 1346 quibusdam
877 1283 1089 1351 causis,
1118 1290 1418 1354 postquam
1447 1283 1591 1339 mihi
1612 1279 1864 1338 traditus

214 1368 357 1427 erat,
391 1363 447 1417 in
490 1367 720 1435 propria
766 1371 1042 1425 remansit
1081 1372 1353 1442 Ecclesia,
1388 1386 1475 1427 me
1526 1377 1864 1443 suggerente

213 1452 652 1509 ordinaviteum
680 1456 824 1512 idem
856 1458 1009 1515 Ebbo
1030 1461 1087 1515 in
1112 1462 1291 1533 gradu
1309 1461 1667 1517 diaconatus.
1701 1462 1863 1515 Nunc

211 1546 427 1607 autem,
462 1544 599 1613 quia
630 1546 795 1602 scitis
838 1562 965 1604 cum
1012 1557 1246 1619 propter
1272 1564 1475 1607 causas
1516 1550 1864 1606 necessarias

215 1631 278 1684 in
308 1631 568 1699 partibus
593 1636 797 1691 vestris
817 1638 1047 1693 morari.
1080 1640 1231 1694 sicut
1263 1639 1405 1694 mihi
1437 1640 1863 1695 commendatus

1981 489 2107 547 sine
2126 498 2311 551 vestra
2351 497 2586 556 licentia
2607 514 2737 557 eum
2778 502 3047 559 nolumus
3067 503 3127 559 in
3159 507 3352 560 nostra
3380 501 3622 559 ecclesia

1978 577 2210 637 diutino
2239 588 2490 655 tempore
2514 588 2829 659 immorari,
2871 591 3118 659 petimus
3144 591 3511 647 dilectionem
3535 602 3623 645 ve-

1977 672 2175 739 stram,
2210 676 2275 727 ut
2296 674 2367 729 de
2397 675 2499 731 illo
2547 677 2715 734 nobis
2741 678 2967 735 litteras
3009 680 3314 736 canonicas
3362 678 3613 746 faciatis,

1977 763 2260 826 quatenus
2291 774 2421 819 eum
2450 764 2509 819 in
2550 765 2805 822 Ecclesia
2848 774 3041 824 nostra
3072 768 3359 838 possimus
3383 765 3620 840 regula-

1976 844 2118 900 riter
2146 850 2432 908 ordinare.

2040 935 2381 997 Hincmarus
2406 944 2636 1000 nomine
2675 959 2786 1001 non
2842 945 3045 1002 merito
3090 945 3436 1007 Rhemorum
3487 944 3619 1015 epi-

1973 1036 2198 1098 sc0pns,
2226 1042 2291 1085 ac
2314 1031 2497 1100 plebis
2522 1033 2620 1089 Dei
2648 1032 2901 1091 famulus
2925 1035 3135 1093 dilecto
3166 1034 3331 1091 fratri
3362 1039 3420 1091 et
3441 1046 3618 1091 vene—

1974 1114 2144 1171 rabili
2166 1118 2433 1190 episcOpo
2462 1122 2647 1178 1Enea
2676 1124 2936 1180 salutem.

2041 1204 2326 1263 Canonica
2368 1215 2539 1280 atque
2566 1212 2954 1269 ecclesiastica
2985 1213 3171 1270 sancit
3197 1211 3514 1269 auctoritas
3551 1215 3619 1267 ut

1974 1305 2138 1348 nemo
2157 1295 2555 1366 episcOporum
2578 1299 2821 1357 alterius
2844 1301 3106 1358 Ecclesia
3122 1301 3472 1369 ordinatum,
3491 1298 3619 1354 sine

1973 1394 2274 1453 consensu,
2309 1385 2392 1440 vel
2449 1386 2665 1444 litteris
2700 1389 3058 1446 dimissoriis
3116 1389 3280 1445 illius
3334 1384 3613 1457 episcOpi,

1973 1471 2142 1539 cujus
2164 1472 2467 1531 ordinatus
2500 1474 2705 1547 fuerat,
2733 1478 2792 1534 in
2820 1479 3055 1550 pr0pria
3076 1478 3349 1549 parochia
3368 1475 3616 1533 retinere

1972 1564 2073 1614 aut
2101 1562 2369 1618 ordinare
2401 1571 2724 1634 prasumat.
2752 1568 2906 1623 Hanc
2920 1568 3169 1638 denique
3190 1564 3614 1622 institutionem

1974 1654 2300 1705 sanctorum
2355 1653 2583 1709 Patrum
2644 1655 2977 1724 plenissime
3023 1656 3353 1722 retinentes,
3404 1650 3617 1722 rogasti

211 1726 357 1790 erat,
399 1722 563 1777 vobis
609 1737 735 1779 eum
782 1727 1098 1799 committo,
1148 1735 1461 1799 vestraque
1504 1728 1779 1784 custodia
1809 1734 1864 1782 et
1895 1729 1938 1789 Β
1974 1737 2140 1793 nobis
2166 1740 2465 1809 quemdam
2507 1722 2763 1799 ecclesia
2806 1747 3013 1799 nostra
3065 1742 3272 1811 ﬁlium,
3304 1747 3361 1796 et
3393 1736 3619 1794 anobis

215 1810 591 1877 providentia
622 1812 839 1884 delego,
888 1821 942 1871 et
991 1822 1056 1871 ut
1108 1818 1177 1872 ad
1227 1819 1468 1887 majores
1498 1818 1710 1889 gradus
1734 1830 1861 1872 eum

214 1899 545 1967 provehatis
583 1902 927 1972 suppliciter
956 1919 1147 1962 exoro.
1193 1906 1493 1961 Credimus
1522 1906 1674 1962 enim
1712 1918 1863 1975 quo-

215 1986 372 2041 niam
404 1994 460 2043 et
489 1991 771 2060 sapientia
801 1997 856 2048 et
884 2008 1068 2050 mores
1096 1996 1163 2049 ad
1200 1996 1305 2050 hoc
1334 2008 1461 2049 eum
1489 1994 1729 2066 dignum
1763 1994 1862 2048 in—

211 2074 434 2132 dicant.
492 2079 966 2137 Commendamus
1018 2083 1199 2154 igitur
1260 2086 1458 2139 vestra
1510 2081 1855 2138 beatitudini

214 2163 598 2238 Ecclesiaque
612 2176 813 2225 vestra
836 2170 1131 2241 prafatum
1155 2171 1387 2228 fratrem
1411 2176 1668 2227 nostrum
1684 2169 1861 2226 Wlfa-

210 2252 350 2307 dum
373 2256 514 2311 etde
547 2257 802 2327 profectu
825 2261 950 2329 ejus
996 2260 1244 2329 petimus
1268 2274 1365 2316 vos
1392 2260 1572 2316 latari
1612 2260 1671 2315 in
1692 2264 1863 2315 ater—

212 2354 376 2399 num.
409 2342 486 2399 Ac
535 2344 687 2401 sicut
730 2360 851 2402 mos
893 2347 1319 2403 ecclesiasticus
1353 2354 1455 2419 est,
1489 2354 1544 2404 et
1572 2349 1861 2403 inventum

215 2443 281 2485 ac
312 2433 693 2489 constitutum
749 2448 781 2489 a
826 2448 1080 2506 cccxv111,
1125 2436 1184 2491 in
1221 2437 1449 2493 Nicana
1491 2437 1706 2508 synodo
1734 2435 1865 2506 epi—

214 2520 428 2591 scopis,
470 2520 765 2578 formatam
791 2524 1088 2593 epistolam
1119 2523 1409 2589 facientes,
1440 2532 1503 2582 ut
1548 2527 1605 2581 in
1638 2524 1867 2581 nomine

218 2615 428 2664 sancta
445 2615 500 2664 et
532 2610 846 2667 individua
877 2612 1184 2670 Trinitatis
1216 2621 1471 2670 nostrum
1516 2628 1661 2684 opus
1682 2614 1869 2686 largi-

219 2696 400 2752 tionis
417 2698 851 2753 etdimissionis
875 2700 1050 2768 hujus
1076 2702 1257 2758 nostri
1275 2702 1473 2757 dilecti
1494 2701 1691 2757 fratris
1709 2701 1863 2757 robo-

221 2789 431 2854 ratum,
457 2784 816 2842 fructuosius
837 2792 893 2842 et
922 2789 1132 2844 utilius
1165 2789 1342 2859 ﬁeret,
1374 2790 1431 2845 in
1456 2790 1866 2861 supputatione

218 2872 625 2929 calculationis
670 2878 1092 2946 assumpsimus
1134 2878 1318 2947 prima
1344 2878 1619 2933 elementa
1648 2879 1861 2934 Graca.

222 2962 427 3033 Patris,
478 2969 533 3018 et
571 2963 755 3033 Filii,’
780 2970 835 3019 et
885 2965 1139 3034 Spiritus
1185 2966 1390 3036 sancti,
1439 2966 1513 3030 II,
1547 2966 1617 3029 Υ,
1646 2968 1718 3032 Α,
1744 2981 1870 3037 qua

1974 1840 2154 1895 nuper
2177 1828 2463 1898 acolytum
2502 1831 2854 1903 ordinatum,
2885 1832 3116 1887 nomine
3151 1831 3481 1897 Bernonem,
3517 1824 3617 1897 qui

1970 1926 2142 1970 causa
2168 1915 2431 1972 discendi
2461 1922 2634 1988 atque
2669 1919 2953 1975 educandi
2997 1918 3212 1975 vestris
3266 1917 3327 1973 in
3356 1914 3622 1987 partibus

1970 2004 2254 2074 quondam
2290 2006 2523 2073 missus,
2554 2012 2662 2064 etc.
2703 2009 2933 2078 Reliqua
2956 2008 3178 2063 desunt.

2747 2150 2840 2204 VII

1969 2254 2253 2309 Hedilom‘s
2286 2256 2522 2337 episcopi
2560 2256 2946 2337 Noviomensis
2968 2255 3044 2310 ad
3384 2250 3621 2337 Lauda-

2042 2340 2259 2379 nensem
2279 2342 2383 2396 pro
2413 2326 2684 2395 Arnegiso
2719 2327 3058 2395 presbytero,
3104 2331 3165 2380 ut
3196 2326 3258 2380 in
3286 2326 3405 2393 ejus
3452 2336 3617 2392 paro-

2046 2395 2221 2450 chiam
2240 2399 2479 2465 migrare
2516 2399 2730 2468 ipsique
2752 2398 2952 2467 subjici
2976 2397 3151 2452 liceat.

2046 2520 2109 2573 In
2140 2520 2372 2576 nomine
2401 2521 2588 2576 Patris
2614 2520 2693 2590 II,
2722 2526 2779 2576 et
2807 2520 2944 2576 Filii
2975 2519 3047 2591 Υ,
3077 2524 3136 2575 et
3157 2518 3413 2589 Spiritus
3435 2517 3622 2573 sancti

1976 2621 2028 2677 Α,
2054 2608 2255 2664 Hedilo
2278 2610 2822 2681 Noviomagensium
2845 2609 3151 2680 episcopus
3179 2607 3390 2665 Didoni
3409 2605 3624 2676 inclyto

1975 2700 2031 2751 et
2055 2696 2367 2753 venerabili
2397 2698 2734 2769 coepiscopo
2762 2702 3029 2755 aternam
3063 2697 3122 2753 in
3160 2696 3403 2754 Domino
3444 2693 3628 2755 felici-

1977 2789 2639 2944 gat(‘lgtlinmperiat‘dilectio
2671 2880 2857 2933 vestra
2888 2876 3039 2947 quod
3065 2875 3382 2948 Arnegisus
3406 2873 3632 2946 presby-

1982 2966 2086 3030 ter,
2116 2960 2291 3018 frater
2317 2978 2383 3018 ac
2406 2964 2565 3021 ﬁlius
2592 2970 2802 3033 noster,
2846 2965 3016 3034 petiit
3035 2970 3100 3022 ut
3125 2978 3225 3034 per
3245 2976 3423 3020 meam
3442 2963 3632 3021 licen-

216 3052 647 3122 octogenarium
698 3058 755 3108 et
815 3054 1445 3125 quadringentesimum
1494 3059 1549 3110 et
1618 3055 1865 3124 primum
1898 3049 1948 3112 C
1980 3051 2142 3121 tiam,
2170 3056 2278 3106 eta
2310 3064 2397 3107 me
2421 3050 2720 3108 formatam
2741 3052 3063 3123 epistolam,
3087 3052 3403 3111 secundum
3423 3058 3634 3110 aucto-

221 3138 582 3209 signiﬁcant:
617 3148 871 3197 nostram
899 3155 1127 3213 quoque
1156 3143 1256 3213 qui
1290 3142 1602 3200 scribimus
1623 3144 1866 3213 primam

226 3225 474 3283 litteram
500 3243 553 3300 A,
575 3236 935 3302 vestramque
961 3232 1128 3300 cujus
1148 3231 1530 3287 beatitudinis
1556 3231 1869 3288 scribimus

220 3317 997 3390 secundam,Taccipientis
1019 3319 1218 3377 fratris
1254 3321 1478 3378 tertiam
1523 3336 1575 3390 Α,
1610 3321 1866 3377 civitatis

221 3410 449 3472 nostra,
490 3407 563 3463 de
591 3421 706 3479 qua
732 3408 1034 3480 scribitur,
1079 3414 1339 3479 quartam
1380 3411 1446 3479 Σ,
1473 3410 1791 3466 indictione
1822 3424 1860 3479 1,

218 3494 559 3551 canonicum
590 3496 846 3553 ordinem
881 3504 1156 3566 tenentes,
1207 3499 1344 3556 huic
1374 3505 1580 3555 nostra
1608 3498 1865 3569 epistola

216 3582 502 3655 atﬁgimus
529 3604 541 3640 :
568 3591 739 3657 atque
777 3587 1102 3644 Gracarum
1144 3588 1463 3645 litterarum
1508 3602 1773 3645 numeros
1805 3587 1862 3643 in

217 3687 497 3729 summam
527 3674 796 3732 collectos
820 3676 1124 3747 epistolam
1151 3684 1341 3733 tenere
1362 3676 1629 3749 facimus,
1672 3678 1730 3734 id
1757 3684 1862 3746 est,

217 3774 390 3829 Lxxx,
418 3773 552 3830 cccc,
587 3777 627 3831 1,
680 3777 819 3834 xxx,
864 3777 1004 3832 cccc,
1047 3780 1185 3837 xxx,
1228 3779 1306 3837 cc,
1350 3780 1390 3835 1,
1432 3772 1496 3823 ut
1527 3781 1625 3837 per
1669 3766 1863 3824 omnia

220 3855 340 3904 rata
363 3856 418 3904 et
451 3850 702 3922 legitima
734 3848 1320 3911 ncstra'dimissoria
1350 3857 1667 3912 auctoritas
1680 3870 1867 3926 proce-

214 3937 394 3993 deret.
433 3939 744 4009 Separatim
772 3948 982 4011 autem,
1019 3948 1082 3998 ut
1113 3943 1411 4013 epistolam
1445 3944 1862 4013 clauderamus,

219 4029 669 4096 nonagenarium
708 4035 765 4086 et
798 4045 1011 4086 nonum
1036 4045 1336 4088 numerum
1365 4033 1582 4089 Gracis
1608 4033 1862 4090 elemen-

215 4114 292 4170 tis
320 4116 493 4171 etiam
520 4118 897 4189 signavimus,
925 4124 983 4174 et
1010 4120 1245 4175 omnino
1277 4120 1647 4176 firmavimus.
1675 4123 1752 4191 γθ.

285 4220 561 4299 (Indictio
592 4238 608 4299 1
638 4231 735 4299 tet
760 4225 1089 4299 Wenilonis
1116 4226 1497 4299 _episcopatus
1538 4234 1864 4299 congruunt

214 4305 363 4346 anno
391 4293 608 4366 Christi
634 4292 757 4351 868.
803 4297 1077 4365 Proprius
1106 4292 1359 4353 formata
1387 4292 1857 4366 numerusvncut,

219 4376 383 4432 quem
410 4365 667 4422 eﬁiciunt
688 4366 894 4439 littera
918 4367 992 4427 A,
1017 4367 1088 4427 Υ,
1117 4370 1179 4429 Δ,
1206 4368 1272 4422 Σ.
1299 4374 1355 4424 et
1387 4369 1629 4425 indictio
1673 4386 1711 4439 1,
1746 4365 1862 4425 nu?-

219 4418 1648 4509 themacinixiiidisfh'dn'ﬁcLifﬁfid'aii‘iEﬂEd
1695 4418 1857 4509 bxxc,
1890 4418 1941 4477 Π

216 4505 430 4579 omissa
478 4507 670 4563 littera
719 4509 793 4577 II,
830 4523 955 4579 qua
994 4510 1177 4578 prima
1225 4516 1348 4566 erat
1392 4505 1646 4569 nominis
1686 4505 1857 4568 Petri.

213 4576 444 4632 Summa
475 4592 609 4650 ergo
653 4576 960 4651 uiriusque
992 4576 1213 4636 numeri
1264 4581 1511 4655 nccxm.)

992 4706 1076 4761 Vl.

208 4808 391 4862 linea
437 4809 766 4865 Parisiensis
804 4813 1038 4882 episcopi
1068 4812 1144 4865 ad
1192 4813 1550 4868 Hincmarum
1592 4814 1860 4870 Rhemen-

280 4894 411 4955 sem.
455 4884 517 4935 ut
558 4883 607 4935 ei
647 4882 946 4955 Bernonem
994 4884 1306 4953 acolythum
1348 4886 1407 4939 in
1448 4885 1717 4955 parochia
1758 4901 1860 4942 sua

277 4952 512 5006 retinere
537 4957 588 5007 et
606 4954 867 5009 ordinare
888 4955 1065 5009 liceat.

280 5056 603 5114 Venerabili
650 5058 710 5115 in
739 5058 968 5115 Christo
1007 5059 1160 5116 Patri
1190 5060 1494 5120 Hincmaro
1514 5061 1854 5121 Rhemorum

204 5143 663 5216 archiepiscopo,
695 5148 897 5204 JEneas
928 5154 1137 5205 sancta
1156 5150 1569 5208 Parisiacensis
1592 5152 1859 5210 Ecclesia

202 5232 516 5303 episcopus
546 5235 605 5293 in
635 5237 877 5294 Domino
916 5236 1177 5294 salutem.

278 5322 474 5377 Nostri
506 5321 711 5380 fratres
734 5326 805 5381 de
844 5325 1191 5383 monasterio
1228 5327 1411 5383 sancti
1440 5328 1725 5401 Dionysii,
1758 5345 1858 5401 per

203 5410 501 5467 licentiam
544 5412 743 5475 domui
789 5412 1017 5470 abbatis
1058 5414 1355 5485 Ludovici,
1387 5416 1456 5472 ad
1496 5416 1863 5481 educandum.

201 5506 381 5570 atque
437 5501 819 5559 erudiendum
872 5501 1287 5558 commiserunt
1334 5503 1498 5565 mihi
1555 5507 1854 5574 quemdam

203 5587 620 5648 adolescentem
653 5592 886 5657 nomine
913 5591 1244 5660 Bernonem,
1290 5604 1458 5662 quem
1502 5597 1687 5650 vestra
1734 5594 1858 5651 fra—

1981 3140 2206 3195 ritatem
2249 3140 2605 3201 canonicam,
2639 3140 2794 3197 sicut
2845 3141 2997 3197 inter
3044 3141 3275 3197 dantem
3327 3141 3629 3211 accipien—

1979 3235 2204 3300 temque
2234 3228 2357 3284 ﬁeri
2384 3235 2626 3299 oportet,
2668 3238 2868 3286 vestra
2913 3229 3126 3287 ditioni
3157 3228 3370 3299 subjici
3397 3228 3629 3285 valeret.

1977 3317 2242 3374 Misimus
2260 3331 2394 3389 ergo
2432 3317 2594 3375 vobis
2634 3319 2780 3375 hanc
2804 3318 3107 3389 epistolam
3144 3318 3420 3374 canonica
3451 3317 3633 3374 insti-

1977 3406 2198 3465 tutione
2225 3405 2544 3477 formatam,
2593 3413 2656 3465 ut
2679 3408 3039 3479 cognoscatis
3070 3408 3287 3477 justam
3316 3411 3490 3478 atque
3527 3419 3632 3463 ca-

1978 3496 2238 3552 nonicam
2269 3510 2399 3552 eum
2432 3509 2465 3552 a
2492 3510 2579 3553 me
2602 3498 2891 3568 accepisse
2918 3496 3235 3554 licentiam.
3266 3496 3400 3553 Tria
3429 3495 3629 3567 siqui-

1973 3570 2100 3640 dem
2127 3586 2321 3642 Graca
2353 3585 2631 3643 elementa
2661 3587 2824 3657 prius
2855 3587 3068 3643 inserta
3094 3585 3549 3658 octogenarium,
3571 3592 3634 3642 et

1977 3674 2587 3745 quadrigentesimum,
2616 3680 2673 3732 et
2696 3675 2947 3746 primum
2972 3676 3275 3733 continent
3294 3688 3619 3731 numerum.

1977 3764 2055 3818 Ex
2086 3764 2317 3820 nomine
2343 3763 2574 3834 quidem
2599 3764 2751 3821 Petri
2783 3765 3030 3836 apostoli
3066 3765 3251 3835 prima
3300 3764 3512 3833 littera,
3567 3763 3624 3820 id

1976 3857 2061 3907 est
2086 3865 2149 3918 11,
2183 3851 2476 3921 similiter,
2506 3858 2571 3909 ut
2586 3853 2770 3923 prius,
2794 3854 3083 3926 octoginta
3104 3850 3402 3922 exprimit.
3424 3852 3507 3908 Ex
3532 3865 3630 3909 no-

1976 3946 2108 3996 stra
2125 3941 2427 4010 parvitatis
2443 3942 2671 4000 nomine
2683 3942 2956 3999 similiter
2971 3942 3153 4013 prima
3167 3942 3382 4013 littera,
3399 3942 3459 3998 id
3474 3946 3621 4011 ests,

1980 4030 2185 4100 quinto
2210 4032 2483 4102 congruit
2510 4046 2779 4090 numero:
2814 4039 3015 4090 vestra
3048 4045 3280 4105 quoque
3300 4031 3629 4089 sanctitatis

1975 4118 2225 4175 secunda
2266 4119 2519 4176 nominis
2545 4120 2758 4192 littera,
2794 4123 2851 4179 id
2891 4129 2978 4179 est
3020 4136 3058 4187 1,
3109 4119 3492 4192 proculdubio
3520 4120 3631 4178 de—

1977 4205 2199 4262 narium
2251 4205 2458 4263 format
2513 4220 2835 4265 numerum.
2898 4208 3129 4267 Prafati
3196 4208 3508 4280 presbyteri
3557 4221 3627 4265 ex

1975 4293 2163 4364 ipsius
2213 4295 2442 4352 nomine
2487 4296 2679 4366 tertia,
2712 4297 2770 4353 id
2818 4303 2907 4355 est
2940 4312 2993 4367 n,
3042 4311 3342 4356 numerum
3374 4296 3628 4356 ostendit

1973 4383 2535 4457 quinquagesimum.
2568 4386 2827 4457 Denique
2869 4399 2939 4442 ex
2972 4392 3180 4444 nostra
3226 4386 3485 4443 civitatis
3513 4399 3627 4443 no-

1977 4473 2126 4529 mine
2151 4481 2374 4545 quarta,
2405 4475 2462 4531 id
2489 4481 2577 4533 est
2610 4492 2650 4546 1,
2681 4475 2992 4536 decimum,
3020 4480 3085 4533 ut
3121 4490 3315 4546 supra,
3348 4473 3623 4545 exprimit

1975 4575 2293 4620 numerum.
2348 4563 2453 4620 Sed
2501 4569 2558 4623 et
2620 4569 2821 4622 vestra
2870 4564 3133 4622 civitatis
3177 4563 3382 4635 quinta
3428 4563 3622 4620 littera

1975 4650 2163 4720 ipsius
2205 4653 2476 4723 nominis,
2507 4653 2564 4710 id
2592 4658 2677 4715 est
2719 4654 2794 4725 Υ,
2843 4652 3472 4725 quadringentesimum
3508 4665 3618 4722 ap-

1976 4738 2173 4808 probat
2199 4755 2518 4797 numerum.
2542 4743 2640 4799 Est
2675 4742 2849 4798 etiam
2887 4755 3041 4801 nunc
3069 4740 3313 4798 indictio
3342 4754 3421 4797 x1.
3448 4740 3621 4800 Addi-

1968 4828 2163 4885 dimus
2190 4830 2427 4901 insuper
2458 4832 2907 4904 nonagenarium
2939 4844 3150 4888 nonum
3174 4829 3617 4901 numerum,qui

1968 4919 2281 4976 secundum
2311 4919 2504 4977 Graca
2528 4920 2804 4979 elementa
2848 4919 3140 4992 signiﬁcat
3184 4933 3357 4978 mnu.
3387 4920 3619 4977 Summa

1969 5021 2100 5064 vero
2126 5008 2308 5065 totius
2334 5009 2556 5065 numeri
2586 5009 2646 5066 in
2671 5008 2866 5065 o'mnia
2889 5008 3055 5066 ducti
3099 5008 3346 5079 complet
3386 5022 3611 5067 ucxtv1.

1969 5096 2096 5152 Hac
2119 5102 2308 5155 autem
2354 5097 2547 5157 omnia
2590 5096 2937 5168 requirenda
2992 5101 3129 5156 sunt
3180 5097 3510 5171 diligenter,
3557 5101 3616 5152 et

1967 5200 2097 5242 cum
2128 5187 2285 5245 omni
2315 5186 2557 5245 cautela.
2585 5188 2726 5243 Data
2762 5200 2861 5243 v11.
2896 5187 3180 5246 Kalendas
3218 5186 3502 5247 Octobris.

2036 5311 2303 5383 (Indictio
2323 5324 2406 5378 x1,
2428 5310 3138 5383 episcopatuslleidilonis
3152 5316 3209 5368 et
3226 5308 3488 5378 Didonis,
3514 5321 3611 5366 an-

1969 5381 2103 5443 num
2128 5382 2343 5438 Christi
2361 5382 2686 5464 designant
2711 5381 2836 5464 892.
2882 5385 3113 5464 summa
3139 5393 3307 5451 porro
3337 5392 3613 5464 numero-.-

1968 5469 2116 5525 rum,
2139 5468 2266 5534 qua
2285 5453 2394 5534 sub
2421 5453 2587 5510 ﬁnem
2610 5455 2861 5534 ascripta
2883 5460 2971 5512 est
2997 5465 3197 5534 uchw
3230 5464 3301 5508 ex
3319 5453 3610 5534 communi

1968 5525 2471 5605 numerogducitur
2496 5538 2656 5596 nccx,
2704 5531 2760 5581 et
2788 5540 2857 5581 ex
2901 5525 3132 5605 proprio
3154 5533 3472 5605 .ccchxcw,
3505 5537 3609 5605 qui

1958 5598 2022 5653 tlt
2060 5610 2129 5653 ex
2160 5595 2375 5653 litteris
2401 5610 2455 5665 ε,
2498 5610 2538 5667 1,
2591 5592 2721 5668 11,1,
2783 5610 2832 5664 γ,
2886 5592 3107 5663 adjeCta
3152 5592 3471 5661 indictione
3499 5594 3612 5666 x1.)
