4076 6174
448 273 585 332 4395

1209 675 1346 730 VIII.

448 769 754 852 Heidilonis
785 774 1025 842 ejusdem
1046 781 1283 848 episcopi
1313 782 1682 837 Noviomensis
1707 783 1783 837 ad
1801 784 2098 852 Rodulfum

518 842 936 925 Laudnnensem
989 842 1088 925 pro
1139 842 1365 925 Rotge—ro
1410 853 1655 925 diacono,
1711 858 1808 925 qui
1849 858 1908 909 in
1943 842 2097 909 iilius

511 914 831 982 parochiam
864 914 1158 986 transferri
1185 914 1500 992 expetierat.

525 1020 585 1072 In
619 1021 848 1077 nomine
876 1023 1064 1080 Patris
1115 1026 1191 1097 II,
1219 1033 1276 1083 et
1317 1029 1453 1085 Filii
1487 1030 1558 1100 Υ,
1589 1036 1643 1087 et
1667 1031 1923 1102 Spiritus
1959 1045 2100 1087 san-

449 1105 526 1160 cti
568 1121 624 1178 A,
675 1109 899 1168 Heidilo
931 1128 1176 1183 superna
1220 1117 1471 1186 ejusdem
1505 1121 1709 1188 Patris,
1764 1127 1819 1176 et
1845 1120 2007 1192 Filii,
2041 1123 2098 1175 et

450 1194 704 1264 Spiritus
750 1200 954 1269 sancti,
985 1201 1208 1260 favente
1259 1206 1580 1277 clementia,
1631 1209 2094 1265 Noviomensium

457 1280 697 1340 humilis
745 1287 1066 1361 episcopus,
1126 1298 1321 1350 sancto
1375 1301 1430 1351 et
1476 1297 1789 1352 venerabili
1838 1311 1903 1352 ac
1955 1297 2098 1352 cha—

459 1372 689 1430 rissimo
714 1377 883 1432 nobis
904 1379 1148 1438 Rodulfo
1179 1389 1391 1439 sanctae
1418 1386 1813 1442 Laudunensis
1835 1386 2099 1442 Ecclesiae

455 1461 741 1606 episcopo,
799 1468 1080 1538 geminam
1131 1471 1190 1526 in
1240 1472 1468 1530 Christo
1515 1488 1702 1543 pacem
1770 1479 1998 1545 exaptat
2046 1481 2101 1532 et

455 1564 712 1606 nonam.

453 1564 712 1620 gloriam.

526 1640 736 1696 Vestrae
787 1644 1047 1701 intuetur
1077 1650 1498 1720 magnitudinis
1529 1653 1902 1722 experientia,
1949 1655 2101 1710 hunc

457 1736 786 1796 praesentem
819 1733 1091 1790 clericum
1124 1739 1353 1795 nomine
1391 1741 1718 1812 Rotgerum,
1751 1757 1782 1798 a
1811 1743 1976 1800 nobis
2005 1759 2101 1814 per
2132 1738 2186 1800 Β
2215 1733 2226 1814 ξ

457 1815 720 1888 singulos
735 1821 1112 1879 ecclesiastici
1134 1825 1371 1884 honoris
1387 1830 1599 1900 gradus
1615 1830 1684 1885 ad
1703 1845 1850 1887 onus
1868 1832 2099 1889 diaconi

458 1903 577 1961 fore
608 1915 948 1976 promotum.
979 1913 1276 1984 Isdemque
1301 1915 1474 1972 frater
1504 1918 1574 1974 ob
1607 1920 1699 1975 sui
1749 1922 2098 1977 commodam

459 1991 784 2052 facultatem
824 2013 857 2054 a
909 2006 1103 2057 nostra
1156 2003 1532 2061 saluberrime
1571 2014 1626 2062 et
1667 2008 1832 2076 juxte
1862 2010 2103 2078 expetiit

457 2081 850 2140 mediocritate
880 2085 1116 2144 licentia
1165 2091 1236 2146 ad
1294 2105 1392 2147 vos
1437 2094 1639 2163 eundi,
1692 2100 1747 2149 et
1819 2095 1878 2150 in
1918 2103 2103 2152 vestra

459 2171 728 2239 parochia
758 2179 1169 2246 commorandi,
1224 2192 1290 2235 ac
1334 2182 1564 2250 penitus
1605 2183 1956 2239 discedendi.
1990 2186 2103 2240 Nos

459 2258 652 2330 itaque
709 2263 976 2330 petitioni
1033 2266 1178 2336 ejus,
1227 2281 1397 2338 quam
1460 2284 1573 2326 non
1625 2271 1946 2343 subdolam,
2007 2272 2101 2328 sed

455 2362 662 2420 veram,
681 2353 1039 2423 agnovimus,
1063 2353 1306 2412 libenter
1321 2370 1617 2415 assensum
1656 2361 2026 2432 praebuimus,
2051 2365 2108 2417 et

451 2435 711 2494 effectum
736 2440 958 2508 justum
990 2447 1045 2498 et
1075 2457 1390 2515 congruum
1419 2448 1656 2504 minime
1679 2449 2102 2522 denegavimus.

454 2527 732 2595 Quocirca
749 2531 889 2586 totis
904 2531 1132 2588 viribus
1151 2535 1676 2608 conquiniscentes,
1703 2539 2104 2596 celsitudinem

455 2621 696 2671 vestram
715 2617 1016 2675 humiliter
1031 2620 1396 2679 obsecramus
1422 2631 1627 2680 uteum
1658 2633 1841 2682 vestra
1872 2635 2104 2698 paterna

455 2705 788 2762 sollicitudo
817 2708 1124 2779 dignanter
1148 2711 1421 2782 excipiat,
1453 2719 1509 2767 et
1531 2720 1592 2768 ut
1620 2715 1752 2783 pius
1773 2722 1828 2770 et
1855 2717 2104 2785 prudens

453 2799 646 2862 pastor
661 2807 725 2848 ac
748 2802 905 2863 pater
928 2796 987 2849 in
1011 2797 1226 2864 gremio
1258 2803 1455 2853 vestrae
1481 2800 1814 2856 dilectionis
1833 2804 2098 2873 accipite.

443 2881 580 2935 Vita
605 2894 735 2935 vero
761 2887 817 2936 et
840 2882 1096 2936 moribus
1117 2883 1392 2940 hactenus
1427 2886 1577 2941 inter
1602 2895 1828 2947 nostros
1858 2892 2096 2960 probum

451 2966 913 3057 laudabilemque
953 2968 1184 3024 sciatis:
1221 2972 1478 3029 scientiae
1507 2974 1568 3044 [f.
1604 2977 1864 3036 scientia.
1901 2980 2098 3057 Hann]

1332 286 1620 342 APPEND.
1661 289 1751 344 AD
1787 289 1946 344 SJEC.
1989 289 2086 345 IX.
2125 318 2199 332 —
2225 293 2578 354 AUCTORES
2617 300 2949 363 ΑΝΟΝΥΜΙ.

3713 313 3844 372 4396

2985 429 3079 484 IX.

2204 528 2439 583 Ratbodi
2457 530 2799 614 grevirensis
2814 534 3205 612 archiepiscopi.
3219 544 3296 598 ad
3313 544 3627 598 Rotbertum
3647 545 3849 614 episco-

2270 616 2406 684 puin
2449 604 2763 684 Metensem,
2802 625 2906 679 pro
2957 604 3255 669 G'islcinaro
3296 616 3638 684 presbytero,
3668 604 3762 669 ἠε
3805 617 3851 668 εἰ

2279 673 2530 744 deinceps
2549 683 2609 730 in
2653 673 2829 748 ipsius
2848 687 3111 756 parochia
3137 673 3328 755 degere
3355 673 3532 740 licent.

2275 807 2337 861 In
2393 807 2620 863 nomine
2664 808 2719 862 Π
2781 811 2988 883 Patris,
3021 818 3076 868 et
3103 812 3155 866 Υ
3192 812 3351 880 Filii,
3402 818 3459 868 et
3505 813 3552 868 Α
3600 813 3852 882 Spiritus

2206 896 2412 963 sancti,
2464 897 2756 954 Ratbodus
2809 906 3018 956 sanctae
3056 902 3420 958 Treverensis
3475 902 3741 957 Ecclesia:
3790 916 3848 957 ac

2207 983 2390 1052 plebis
2423 985 2609 1055 ipsius
2667 987 2908 1044 humilis
2939 988 3210 1055 famulus,
3251 990 3520 1046 Rotberto
3549 992 3856 1046 reverenda

2205 1077 2413 1128 sanctae
2443 1075 2712 1131 Metensis
2735 1077 3001 1133 Ecclesiae
3029 1079 3333 1149 antistitis,
3365 1080 3421 1134 in
3452 1079 3683 1135 Christo
3705 1081 3855 1148 prin-

2205 1161 2332 1231 cipe
2359 1167 2650 1232 pastorum
2683 1179 3009 1222 mansuram
3040 1181 3168 1222 cum
3205 1167 3416 1238 gaudio
3451 1169 3850 1238 prosperitatis

2206 1261 2270 1303 ac
2295 1251 2714 1322 perpetuitatis,
2739 1253 3000 1325 gloriam.

2278 1338 2510 1394 Decreta
2569 1347 2895 1397 sanctorum
2952 1349 3333 1399 II‘BCBIIIOI'UID
3381 1344 3570 1399 decem
3633 1348 3690 1398 et
3736 1349 3856 1399 OCIO

2203 1427 2439 1484 Patrum
2458 1429 2658 1485 Nicaeae
2675 1432 3124 1488 constitutorum
3149 1432 3526 1488 saluberrima
3550 1440 3852 1496 servantes,

2208 1517 2322 1572 Deo
2345 1517 2576 1588 dignam
2603 1519 2868 1589 piamque
2890 1518 3304 1576 fraternitatem
3323 1527 3564 1576 vestram
3588 1521 3855 1576 canonice

2210 1606 2595 1677 aggredimur,
2624 1612 2680 1662 et
2715 1607 2822 1663 sub
2855 1609 3083 1664 nomine
3117 1608 3371 1664 formatae
3407 1610 3666 1679 epistolae
3701 1624 3856 1665 reve—

2213 1701 2402 1750 renter
2427 1701 2666 1750 vestram
2705 1697 3063 1752 sanctitatem
3098 1699 3359 1753 adimus:
3397 1697 3560 1754 vobis
3596 1697 3858 1752 videlicet

2215 1783 2579 1854 initimando,
2597 1785 2733 1856 quia
2758 1787 3022 1855 praesenti
3044 1787 3370 1856 presbytero
3395 1793 3612 1857 nostro,
3633 1789 3858 1842 nomine

2210 1872 2553 1945 Gislemaro,
2587 1875 2690 1930 has
2727 1875 3093 1931 dimissorias
3123 1876 3391 1933 dedimus
3417 1876 3662 1944 litteras,
3698 1891 3854 1946 quem

2214 1964 2274 2018 in
2303 1968 2497 2018 nostra
2522 1963 2757 2020 dioecesi
2784 1965 3171 2021 ecclesiastice
3201 1967 3527 2033 educatum,
3559 1966 3633 2020 de
3663 1965 3858 2020 ordine

2211 2051 2518 2109 clericatus
2549 2054 2615 2108 ad
2651 2053 3074 2124 presbyteratus
3106 2055 3468 2124 proveximus
3493 2054 3754 2126 gradum.
3791 2053 3855 2107 Ut

2215 2141 2308 2197 his
2330 2141 2626 2198 canonicis
2647 2143 2906 2199 munitus
2936 2144 3223 2214 apicibus,
3245 2159 3374 2200 cum
3409 2149 3599 2199 nostra
3628 2143 3857 2199 licentia

2213 2229 2265 2285 ei
2296 2229 2355 2284 in
2403 2234 2587 2286 vestra
2643 2231 2912 2300 parochia
2961 2231 3070 2288 sub
3111 2231 3440 2288 defensione
3468 2245 3535 2287 ac
3583 2231 3858 2302 regimine

2216 2324 2414 2374 vestrm
2439 2332 2582 2374 carae
2625 2319 2958 2376 dilectionis
2996 2322 3198 2393 degere
3233 2321 3438 2376 liceat:
3474 2320 3758 2391 illumque
3801 2321 3855 2375 in

2217 2408 2352 2463 sinu
2383 2415 2590 2464 sanctae
2636 2411 2838 2466 matris
2879 2411 3132 2466 ecclesiae
3162 2411 3434 2466 canonice
3469 2409 3774 2466 fovendum
3798 2425 3855 2465 ac

2219 2499 2522 2566 regendum
2551 2497 2714 2555 vobis
2747 2499 3182 2555 committimus.
3210 2501 3362 2555 Hanc
3400 2513 3535 2570 ergo
3561 2500 3854 2568 epistolam

2214 2587 2426 2643 Graecis
2457 2588 2670 2644 litteris
2702 2588 2836 2643 hinc
2862 2588 2993 2643 inde
3025 2589 3249 2644 munire
3272 2577 3651 2649 decrevimus,
3675 2594 3729 2642 et
3753 2601 3857 2641 an-

2214 2676 2350 2731 nulo
2394 2677 2647 2732 ecclesia:
2701 2682 2906 2733 nostra:
2949 2677 3172 2733 bullare
3212 2676 3562 2732 censuimus.
3596 2677 3855 2731 Christus

2215 2769 2506 2833 pastorum
2540 2768 2825 2836 princeps,
2861 2767 3184 2822 interventu
3217 2765 3365 2820 beati
3399 2767 3573 2834 Petri,
3607 2765 3705 2820 cui
3730 2779 3855 2834 spe—

2212 2851 2442 2908 cialiter
2462 2854 2611 2910 ovile
2639 2854 3001 2910 Dominlcum
3046 2854 3414 2908 commissum
3446 2859 3553 2923 est,
3583 2852 3852 2908 fraterni—

2214 2947 2385 2997 tatem
2431 2949 2671 2998 vestram
2703 2943 2770 2998 ad
2804 2944 3124 3000 custodiam
3167 2943 3258 2998 sui
3307 2943 3497 3014 gregis
3544 2943 3653 2998 diu
3698 2941 3855 2997 nobis

449 3055 698 3126 denique
725 3031 903 3126 cap-ax
952 3057 1264 3115 ministerii
1323 3061 1437 3117 sibi
1469 3031 1782 3138 commissi,
1822 3031 2098 3138 quantuni
2128 3072 2174 3134 C
2210 3039 2502 3138 ffnffr‘le"
2516 3032 2877 3138 T021“???
2895 3032 3310 3138 ῗῗίθδζὲῗωωδ
3325 3031 3528 3088 horum
3543 3044 3851 3086 “mxulx'

450 3151 839 3217 autumamus,
885 3147 1135 3204 ofﬁcium
1165 3151 1313 3207 scire
1343 3153 1726 3226 dignoscitur.
1782 3161 1895 3215 Nos
1924 3160 2096 3217 etiam

453 3248 608 3292 more
647 3236 926 3294 cononico
955 3237 1098 3293 hanc
1123 3238 1176 3294 ei
1209 3237 1508 3298 formatam
1538 3246 1861 3319 epistolam,
1889 3261 2100 3304 secun—

448 3325 585 3381 dum
615 3325 839 3381 decreta
880 3325 1096 3381 Nicaeni
1127 3329 1364 3384 concilii
1412 3332 1626 3388 Graecis
1670 3334 2100 3393 characteribus

450 3412 812 3485 insignitam,
829 3413 992 3470 vobis
1007 3413 1366 3472 deferendam
1385 3422 1792 3492 concessimus,
1815 3437 1912 3494 per
1929 3439 2098 3496 quam

452 3502 640 3572 ipsum
673 3509 870 3558 vestrae
898 3504 1136 3560 tuitioni
1169 3506 1604 3580 committimus,
1645 3518 1700 3568 et
1727 3525 1759 3567 a
1785 3520 1979 3571 nostra
2011 3529 2101 3586 pa-

453 3591 651 3646 rochia
686 3591 917 3660 penitus
942 3598 1386 3662 sequestramus.
1439 3599 1500 3652 In
1531 3613 1643 3669 qua
1673 3601 1926 3672 quidem,
1973 3609 2101 3674 post

453 3679 666 3736 onlica
697 3680 968 3750 superius
1014 3680 1291 3739 elementa
1323 3684 1382 3740 in
1433 3689 1840 3757 supputatione
1894 3692 2096 3764 Patris,

446 3776 503 3824 et
537 3769 673 3825 Filii
713 3775 770 3825 et
811 3769 1065 3840 Spiritus
1095 3773 1301 3842 sancti,
1328 3782 1640 3844 assumpta,
1686 3777 1835 3832 Petri
1873 3794 2098 3850 quoque

453 3859 702 3927 primum
735 3858 1076 3916 elementum
1108 3874 1170 3930 11,
1210 3867 1274 3918 ut
1319 3876 1421 3917 nos
1467 3863 1639 3918 corde
1691 3865 1856 3921 fidem
1889 3875 2097 3925 sanctae

448 3947 752 4003 Trinitatis
783 3947 1072 4019 habentes,
1104 3949 1478 4006 conﬁteamur
1497 3967 1594 4009 ore
1618 3954 1685 4009 ad
1713 3954 1974 4029 salutem,
2001 3973 2099 4028 per

449 4037 702 4105 ejusdem
732 4036 1018 4106 principis
1055 4038 1444 4106 apostolorum
1480 4041 1822 4115 doctrinam,
1856 4047 2099 4104 rationa-

452 4125 559 4179 bili
589 4125 793 4180 ordine
821 4123 1259 4181 subnexuimus.
1287 4129 1357 4183 Et
1385 4143 1454 4185 ne
1478 4130 1675 4202 aliqua
1718 4132 1875 4191 fraus
1928 4135 2100 4192 falsi—

453 4213 589 4268 tatis
618 4214 678 4267 in
697 4226 763 4268 ea
793 4212 980 4269 locum
1003 4214 1260 4272 obtinere
1287 4219 1604 4290 praevaleat,
1632 4223 1886 4279 nominis
1913 4228 2094 4282 nostri

449 4301 550 4370 qui
581 4301 894 4358 scribimus
931 4303 1172 4372 primam
1213 4305 1462 4364 litteram
1500 4311 1565 4375 II,
1589 4311 1685 4366 cui
1708 4312 1988 4370 scribitur
2016 4329 2098 4372 se-

2207 3119 2283 3184 H,
2313 3120 2384 3184 Υ,
2416 3121 2487 3184 Α,
2519 3121 2584 3185 Ρ,
2609 3121 2680 3185 O,
2705 3122 2770 3185 Σ,
2805 3121 2877 3185 Υ,
2906 3121 2976 3185 Θ,
3005 3135 3177 3176 auus.

2276 3211 2414 3264 Data
2437 3210 2696 3265 Treveris
2741 3210 2940 3267 Idibus
2988 3209 3273 3280 Octobris,
3331 3222 3483 3266 anno
3544 3210 3854 3266 Dominica:

2209 3297 2628 3354 incarnationis
2656 3296 2781 3369 906,
2827 3298 3146 3356 indictione
3176 3313 3255 3354 1x.

2279 3423 2546 3495 (lndictio
2577 3439 2637 3480 Ix
2667 3425 2866 3482 Idibus
2916 3425 3182 3481 Octobris
3227 3431 3282 3481 et
3310 3425 3681 3494 episcopatus
3734 3425 3850 3478 Rat-

2211 3495 2345 3551 bodi
2373 3502 2701 3567 congruunt
2746 3510 2896 3552 anno
2941 3497 3156 3552 Christi
3188 3495 3310 3552 905.
3345 3499 3577 3552 Summa
3605 3509 3853 3550 numero-

2211 3581 2336 3622 rum
2361 3582 2487 3637 quze
2505 3567 2610 3623 sub
2635 3569 2800 3624 ﬁnem
2822 3569 3070 3638 ascripta
3087 3574 3193 3638 est,
3213 3567 3512 3637 colligitur
3528 3581 3598 3622 ex
3622 3579 3850 3622 numero

2209 3639 2500 3694 communi
2537 3652 2669 3693 DCLX
2695 3646 2750 3694 et
2779 3652 2847 3693 ex
2900 3641 3131 3708 proprio
3189 3651 3480 3707 DCCLXXIX,
3538 3639 3640 3709 qui
3701 3638 3848 3693 ﬁte:

2210 3709 2424 3766 litteris
2445 3724 2496 3779 ι),
2528 3723 2580 3779 ο,
2610 3709 2676 3779 Σ,
2709 3709 2779 3776 Υ,
2807 3715 2864 3764 et
2902 3711 3219 3766 indictione
3241 3724 3320 3766 1x.
3350 3710 3669 3781 Utriusque
3705 3709 3846 3764 enim

2209 3781 2434 3837 numeri
2465 3795 2706 3851 summa,
2741 3781 3076 3854 MCDXXXIX.)

2987 3924 3059 3979 Χ.

2214 4048 2451 4102 Dadonis
2495 4049 2729 4118 episcopi
2774 4048 3138 4103 Virdunensis
3179 4047 3254 4100 ad
3296 4047 3602 4102 Ratbodum
3631 4047 3848 4118 iTreci-

2278 4135 2506 4181 rense-m,
2559 4117 2681 4188 pro
2719 4120 2974 4173 Λειναίηο
3031 4119 3345 4187 presbytero
3385 4123 3465 4178 ut,
3505 4119 3556 4170 ei
3609 4117 3852 4186 deincejx

2280 4192 2336 4244 in
2376 4192 2550 4260 ipsius
2573 4191 2840 4260 parochia
2881 4205 3098 4243 manere
3136 4205 3198 4242 ac
3228 4191 3432 4243 censeri
3459 4190 3636 4242 liceat.

2277 4278 2753 4335 Reverentissimo
2803 4284 2859 4334 et
2915 4278 3279 4334 sanctissimo
3335 4276 3590 4332 Ratbodo
3646 4282 3850 4331 sancta

449 4365 694 4446 cundum
723 4391 788 4461 Ο,
823 4365 996 4448 vestri
1050 4395 1274 4450 tandem
1306 4397 1407 4466 qui
1451 4365 1997 4468 accipitisﬂterti—awm
2017 4365 2091 4475 λ,
2124 4405 2178 4466 D
2208 4365 3851 4475 ῗῖηυξ

447 4479 706 4536 civitatis
737 4486 944 4537 nostrae
1003 4483 1240 4554 insuper
1267 4485 1539 4543 addentes
1587 4495 1846 4559 quartam
1895 4507 1935 4562 1,
1963 4507 2093 4549 cum

450 4568 768 4626 indictione
793 4583 848 4624 v.
876 4572 1059 4641 Hujus
1090 4573 1272 4643 igitur
1296 4574 1700 4633 calculationis
1724 4594 2001 4637 summam
2036 4583 2095 4638 in

450 4671 626 4714 unum
656 4659 871 4728 pariter
901 4662 1384 4732 comprehensam,
1429 4665 1508 4721 ita
1532 4666 1876 4739 diligentius
1909 4671 2098 4728 adno-

450 4751 570 4801 tare
599 4747 969 4818 studuimus;
998 4749 1075 4821 H,
1117 4765 1306 4823 Lxxx;
1337 4751 1409 4824 Υ,
1441 4766 1588 4810 cccc:
1615 4770 1668 4825 Α,
1701 4771 1748 4826 1;
1792 4758 1866 4830 Π,
1904 4773 2092 4830 Lxxx;

452 4835 514 4903 ll,
565 4848 667 4889 V111
692 4853 707 4904 ς
737 4836 802 4907 O,
846 4852 992 4906 Lxx,
1027 4839 1091 4910 Δ,
1140 4853 1231 4911 1v;
1290 4855 1328 4911 1,
1365 4855 1422 4896 Χ.
1457 4842 1805 4901 Addidimus
1825 4854 2096 4918 praeterea

453 4927 898 4994 nonagenarium
925 4933 980 4984 et
1023 4943 1235 4986 nonum
1281 4945 1603 5004 numerum,
1647 4937 1745 5005 qui
1779 4938 2092 4994 secundum

447 5013 641 5068 Graeca
665 5013 940 5072 elementa
979 5019 1433 5076 sacratissimum
1464 5022 1693 5078 Domini
1740 5026 1921 5081 nostri
1962 5027 2096 5083 Jesu

447 5099 666 5157 Christi
699 5103 991 5174 signiﬁcat
1025 5107 1417 5176 juramentum
1446 5103 1479 5178 ί)
1511 5123 1596 5164 xc.
1626 5111 1676 5166 Θ
1706 5126 1788 5168 1x.
1819 5113 2095 5185 Optamus

447 5188 780 5246 felicitatem
810 5199 1052 5250 vestram
1078 5196 1262 5253 valere
1294 5198 1388 5254 hic
1417 5205 1474 5254 et
1504 5199 1562 5254 in
1605 5215 1803 5258 aevum.

514 5315 780 5396 (lndictio
811 5331 865 5386 v,
897 5331 1028 5373 cum
1055 5319 1460 5396 Heidiloniset
1487 5323 1775 5393 Rodulphi
1802 5327 2096 5396 episcOpo-

446 5401 572 5441 rum
611 5389 780 5443 annis
806 5395 1152 5458 comparata,
1183 5390 1396 5448 Christi
1430 5407 1643 5449 annum
1676 5389 1918 5454 'indicat
1963 5389 2088 5457 902.

443 5460 822 5514 Numerorum
857 5459 956 5530 qui
977 5473 1045 5516 ex
1078 5462 1332 5530 propriis
1375 5461 1629 5520 formatae
1653 5467 1806 5523 notis
1830 5471 2093 5526 conﬂan-

445 5535 560 5602 tur,
592 5543 824 5602 summa
845 5536 932 5586 est
978 5544 1150 5595 xcvu,
1181 5545 1304 5602 quae
1352 5537 1640 5591 communi
1669 5551 1906 5597 numero
1952 5555 2088 5600 DCLI

443 5599 682 5670 adjecta,
715 5600 1020 5670 utriusque
1052 5599 1333 5660 summam
1362 5604 1552 5661 reddit
1575 5609 1840 5679 nccevu.)

2212 4458 2406 4513 nensis
2446 4457 2715 4512 Ecclesiae
2741 4457 2978 4512 devotus
3020 4456 3212 4527 gregis
3235 4455 3449 4510 Christi
3484 4453 3759 4523 famulus,
3792 4453 3846 4508 in

2205 4545 2446 4602 Domino
2471 4560 2601 4602 vero
2632 4560 2865 4602 summae
2893 4543 3193 4601 felicitatis
3235 4543 3669 4600 beatitudinem.

2275 4636 2413 4692 Cum
2441 4641 2637 4692 sancta
2665 4635 2949 4691 catholica
3001 4634 3252 4690 Ecclesia
3285 4640 3542 4703 prompta
3575 4633 3656 4688 sit
3684 4631 3844 4702 sequi

2204 4724 2545 4780 documenta
2574 4724 2919 4796 evangelica,
2961 4737 3087 4794 qua:
3113 4723 3350 4778 dicunt:
3386 4723 3491 4788 Qui
3514 4724 3707 4792 recipit
3726 4735 3847 4789 pro-

2196 4815 2417 4884 phetam
2483 4816 2544 4868 in
2598 4815 2812 4868 nomine
2858 4814 3154 4884 prophetae,
3223 4812 3518 4868 mercedem
3574 4810 3842 4881 propheta

2203 4905 2448 4973 accipiet,
2472 4908 2523 4958 et
2542 4904 2640 4972 qui
2657 4905 2850 4972 recipit
2857 4903 3076 4971 justum
3098 4905 3159 4958 in
3197 4905 3411 4958 nomine
3420 4901 3586 4970 justi,
3614 4905 3724 4957 etc.
3748 4917 3763 4966 ς
3791 4903 3842 4950 et

2202 4991 2734 5061 Apostolusjubeat
2777 4990 3225 5061 hospitalitatem
3277 4989 3507 5059 sectari,
3561 4995 3620 5044 et
3650 5000 3839 5044 neces-

2203 5081 2429 5136 sitatem
2479 5087 2805 5136 sanctorum
2859 5080 3114 5138 virorum
3157 5080 3624 5137 communicare:
3663 5087 3833 5133 tamen

2204 5177 2434 5241 prepter
2457 5183 2554 5225 eos
2583 5169 2683 5240 qui
2712 5169 3082 5226 cauteriatam
3106 5168 3350 5226 habeant
3371 5181 3535 5225 suam
3557 5168 3835 5225 conscien-

2204 5259 2363 5328 tiam,
2395 5257 2649 5314 dicentes
2674 5271 2734 5313 se
2783 5271 2906 5314 esse
2952 5257 3265 5328 simplices,
3321 5271 3452 5314 cum
3482 5257 3834 5314 sint-astutia

2199 5346 2487 5403 diabolica
2513 5345 2734 5416 repleti,
2773 5353 2829 5402 et
2855 5360 2956 5416 pro
2985 5360 3154 5417 opere
3191 5347 3428 5417 pietatis
3455 5347 3663 5403 dicunt
3690 5360 3750 5402 se
3775 5345 3836 5400 de

2200 5435 2324 5493 loco
2338 5435 2407 5491 ad
2429 5435 2616 5492 locum
2641 5434 2910 5497 transire.
2933 5449 3063 5492 cum
3089 5435 3209 5492 sint
3231 5449 3335 5492 sua
3356 5435 3580 5492 malitia
3602 5422 3841 5491 faciente

2201 5523 2456 5597 fugitivi,
2487 5523 2768 5581 etdicunt
2800 5538 2861 5581 se
2886 5537 3008 5582 esse
3058 5524 3384 5582 ministerio
3422 5536 3586 5581 sacro
3619 5523 3843 5591 inserti,

2199 5627 2329 5669 cum
2357 5625 2467 5668 non
2511 5612 2664 5670 sint:
2693 5616 2972 5670 statutum
3001 5617 3090 5670 est
3122 5626 3156 5670 a
3186 5613 3403 5670 sanctis
3444 5611 3716 5668 Patribus
3741 5623 3888 5680 119-,
