4054 6192
199 269 332 329 4397

1515 269 1859 326 EPISTOLIE
1919 267 2281 326 FORMATIE.

3473 265 3612 326 4398

201 393 405 449 minem
428 389 706 448 clericum
727 391 979 447 alienum
998 395 1052 447 et
1073 392 1330 464 ignotum
1355 391 1623 462 recipiab
1643 389 1928 462 aliqqu
1957 397 2066 447 tem
2126 397 2181 448 et
2227 392 2605 463 accipientem
2655 393 2777 448 fieri
2831 395 3094 462 Oportet;
3154 396 3440 462 quatenus
3500 391 3605 446 hac

201 481 485 551 episcopo,
551 484 607 535 et
664 480 1044 536 inthronizari
1121 481 1181 535 in
1235 494 1339 536 sua
1395 480 1668 551 Ecclesia,
1726 479 1840 535 nisi

201 569 404 626 habeat
432 582 463 624 a
497 568 734 639 pr0prio
763 569 1030 639 episcopo
1060 569 1382 641 epistolam,
1417 584 1542 640 qua:
1575 570 1631 624 in
1663 581 1844 624 cano-

200 657 370 714 nibus
403 657 737 712 nominatur
767 655 1028 712 formata.
1069 658 1198 712 Ideo
1230 661 1425 712 notum
1459 656 1704 712 facimus
1738 669 1844 727 pa—

201 746 454 802 ternitati
489 751 708 816 vestra},
742 747 892 815 quod
921 759 1169 816 praesens
1195 745 1370 802 frater
1399 752 1609 812 noster,
1640 746 1841 801 harum

203 836 522 890 litterarum
550 835 815 904 portitor,
851 834 1082 890 nomine
1112 834 1428 905 Adruinus,
1464 848 1576 890 non
1611 848 1708 903 pro
1739 847 1843 890 sua

201 923 457 993 nequitia
510 922 787 992 expulsus
832 927 918 978 est
963 937 994 978 a
1044 923 1230 992 nobis,
1275 923 1368 978 sed
1415 922 1845 992 postulantibus

198 1010 476 1067 fratribus
520 1011 757 1067 nostris.
809 1025 874 1066 eo
923 1012 1072 1081 quod
1116 1025 1183 1066 ex
1215 1009 1439 1066 familia
1473 1017 1666 1066 nostra
1708 1008 1840 1079 fuit,

196 1100 465 1155 dedimus
493 1100 546 1154 ei
580 1099 902 1154 libertatem
939 1104 1218 1169 receptam
1246 1113 1278 1154 a
1303 1113 1483 1156 cornu
1513 1099 1716 1154 altaris
1744 1112 1846 1153 ca-

200 1189 424 1257 nonice,
456 1193 511 1243 et
537 1188 934 1244 ordinavimus
954 1201 1083 1244 eum
1114 1189 1183 1244 ad
1213 1189 1450 1260 gradum
1480 1187 1842 1258 presbyterii.

193 1278 297 1333 Cui
331 1279 503 1333 etiam
539 1277 640 1333 has
663 1278 1031 1334 dimissorias
1061 1279 1181 1333 sive
1210 1278 1710 1334 commendatitias
1739 1277 1848 1332 lit-

197 1371 349 1420 teras
382 1365 644 1435 fecimus,
673 1371 728 1420 et
754 1380 882 1421 eum
915 1367 983 1421 ad
1018 1372 1260 1422 vestram
1288 1367 1554 1421 dilectam
1585 1365 1846 1421 fraterni-

196 1459 370 1511 tatem
402 1455 736 1526 dirigimus,
773 1460 836 1510 ut
878 1455 935 1508 in
963 1461 1149 1510 vestra
1195 1455 1464 1525 parochia
1509 1454 1616 1510 sub
1659 1458 1844 1510 vestro

196 1557 363 1599 sacro
389 1544 668 1615 regimine
692 1548 748 1598 et
768 1542 1100 1599 defensione
1125 1544 1441 1599 consistere
1470 1543 1671 1598 valeat.
1704 1544 1840 1614 Ego,

194 1631 458 1703 inquam,
494 1632 550 1686 in
596 1632 826 1688 nomine
858 1631 910 1685 II
939 1633 1143 1701 Patris,
1176 1637 1233 1687 et
1262 1631 1312 1684 Υ
1339 1631 1497 1702 Filii,
1545 1636 1600 1686 et
1629 1644 1663 1685 Α
1706 1630 1845 1700 Spi—

1952 482 2295 538 auctoritate
2320 496 2578 552 securus,
2603 483 2735 552 jure
2760 486 2958 537 vestrae
2991 480 3202 536 ditioni
3248 480 3462 549 subjici
3496 494 3601 536 va-

1955 569 2095 624 leret
2131 571 2309 640 Cujus
2340 570 2723 641 petitionibus
2747 575 3083 638 annuentes,
3114 568 3402 624 mittimus
3429 569 3603 625 nobi—v

1956 658 2107 713 litati
2149 664 2346 715 vestrae
2391 660 2536 715 hanc
2578 658 2876 730 epistolam
2909 658 3182 713 canonica
3219 657 3593 714 institutione

1954 746 2276 820 formatam,
2312 755 2376 806 ut
2397 763 2563 819 quem
2591 747 2921 804 sanctitatis
2945 753 3150 802 vestrae
3177 748 3380 804 amodo
3399 753 3602 804 custo—

1953 836 2063 892 diae
2095 839 2348 910 rogando
2375 838 2813 904 committimus,
2844 850 2973 891 eum
3005 835 3185 891 libera
3227 841 3421 891 nostra
3459 849 3604 892 con—

1953 926 2214 982 cessione
2234 927 2722 997 adquodcunque
2753 923 3027 992 ofﬁcium,
3057 937 3157 979 seu
3188 923 3254 978 ad
3287 937 3606 993 quemcun—

1956 1030 2065 1086 que
2095 1017 2333 1087 gradum
2375 1017 2560 1071 visum
2604 1014 2802 1085 fuerit,
2847 1012 3251 1083 promoveatis,
3287 1017 3343 1066 et
3383 1025 3604 1068 omnem

1955 1117 2124 1173 quam
2169 1118 2302 1175 erga
2326 1118 2456 1160 eum
2502 1103 2779 1158 hactenus
2819 1105 3153 1171 potestatem
3201 1099 3368 1156 nobis
3410 1100 3602 1169 licuit,
3701 1144 3710 1152 .

1955 1205 2216 1248 exercere
2255 1193 2334 1248 sit
2371 1192 2536 1248 vobis
2576 1191 2822 1247 licitum.
2869 1192 2936 1245 Et
2976 1193 3040 1244 ut
3085 1188 3283 1245 nullus
3326 1188 3382 1243 in
3415 1193 3604 1244 vestro

1955 1281 2148 1336 animo
2195 1280 2508 1350 scrupulus
2559 1277 2943 1334 haesitationis
2983 1279 3292 1345 remaneat,
3331 1289 3396 1330 ea
3439 1274 3605 1346 signa

1957 1384 2082 1439 quae
2125 1370 2308 1424 sancti
2349 1373 2539 1439 patres
2582 1368 2639 1422 in
2684 1368 2914 1422 Nicaeno
2954 1365 3204 1421 concilio
3245 1368 3497 1420 statuere
3542 1364 3600 1419 in

1957 1457 2290 1526 hujusmodi
2317 1457 2584 1527 epistolis
2614 1454 2937 1524 scribenda,
2968 1454 3028 1508 in
3055 1451 3265 1523 primis
3293 1458 3348 1508 et
3373 1451 3602 1508 ultimis

1954 1547 2381 1602 adnotavimus.
2427 1559 2600 1600 AMUN.

2027 1632 2271 1704 (Litterae
2316 1633 2491 1688 fronti
2533 1631 2776 1702 praefixa:
2812 1644 2923 1685 non
2961 1629 3104 1684 satis
3132 1629 3367 1698 integrae
3396 1627 3604 1682 viden—

194 1720 351 1776 ritus
381 1722 586 1789 sancti,
630 1726 685 1776 et
725 1721 782 1775 in
819 1721 1036 1776 unitate
1067 1726 1273 1776 sanctae
1304 1720 1591 1790 Ecclesize,
1636 1720 1694 1774 in
1734 1732 1844 1791 qua
1875 1719 1927 1780 B
1957 1709 2072 1791 “31'.
2131 1711 2188 1791 ei
2241 1705 2580 1791 ευράῖᾳεεηὶ
2609 1715 2854 1791 ΔΡῼΨῩΗ
2900 1711 3601 1791 ληριιξμθξρξξξῇιξηωηεεξξιι

194 1810 364 1863 Petro
394 1809 588 1865 datum
623 1814 709 1865 est
729 1810 826 1878 jus
853 1809 1072 1880 ligandi
1105 1818 1275 1880 atque
1305 1808 1582 1878 solvendi,
1613 1808 1846 1863 absolvo

190 1898 357 1953 Dado
399 1897 642 1953 humilis
670 1898 975 1968 episcopus
1005 1898 1394 1968 presbyterum
1423 1897 1747 1952 Adruinum
1778 1897 1848 1952 de

192 1987 438 2041 civitate
469 1987 838 2055 Virdunensi,
880 1986 1198 2041 indictione
1237 1999 1317 2055 1x,
1362 1991 1417 2040 et
1450 1985 1743 2040 licentiam
1773 1986 1847 2040 do

191 2075 386 2145 vobis,
416 2075 686 2139 Ratbode,
715 2075 1062 2130 venerabilis
1083 2073 1532 2144 archiepiscope,
1564 2073 1849 2129 inthroni-

192 2163 372 2219 zandi
404 2177 529 2218 eum
567 2165 625 2219 in
659 2177 1000 2234 quacunque
1029 2163 1269 2219 ecclesia
1302 2163 1484 2218 vultis
1512 2167 1712 2217 vestrae
1741 2175 1848 2239 pa:-

189 2252 444 2308 rochim.
497 2252 771 2308 Dilectam
823 2253 1222 2322 paternitatem
1270 2256 1515 2307 vestram
1564 2251 1846 2306 virtutum

190 2340 446 2396 floribus
500 2340 859 2412 insignitam,
906 2341 1268 2411 omnipotens
1326 2341 1476 2396 Deus
1517 2352 1850 2396 conservare

191 2429 495 2500 dignetur.

267 2550 444 2591 AMHN.
505 2549 837 2590 ncccxxvm.
891 2535 965 2598 Π,
1009 2535 1078 2590 Υ.
1114 2535 1277 2607 Δ.ξΠ.
1314 2537 1375 2590 Δ.
1407 2536 1468 2589 Δ.
1497 2537 1558 2589 Δ.
1589 2534 1658 2590 Θ.
1688 2528 1740 2606 ι).
1774 2533 1842 2589 Θ.

273 2627 413 2679 Data
450 2625 655 2695 quinto
692 2625 828 2680 Idus
862 2625 1020 2695 Maii,
1053 2638 1202 2681 anno
1231 2624 1544 2681 Dominicze
1577 2624 1850 2679 incarna—

191 2713 384 2769 tionis
407 2711 533 2782 906,
565 2713 882 2768 indictione
914 2727 993 2768 1x.

275 2834 544 2903 (lndictio
574 2848 631 2888 1x
679 2847 870 2888 mense
907 2833 1076 2904 Maio,
1104 2838 1164 2904 et
1189 2833 1554 2904 episcopatus
1596 2832 1847 2888 Dadonis

189 2919 352 2960 anno
400 2906 618 2960 Christi
673 2910 1003 2973 competunt
1053 2903 1176 2960 906.
1227 2903 1603 2960 Numerorum
1659 2910 1845 2960 autem

190 2990 442 3046 summa,
485 2990 611 3046 qua:
639 2975 746 3031 sub
778 2976 946 3030 tinem
991 2975 1359 3044 exprimitur,
1388 2981 1444 3030 et
1480 2975 1695 3030 Graecis
1741 2975 1848 3029 lit-

1959 1768 2255 1832 obscuram
2301 1775 2458 1830 facit.
2491 1777 2569 1829 De
2609 1779 2859 1842 tempore
2898 1775 3086 1825 autem
3129 1769 3382 1842 formata:
3411 1768 3606 1836 conji-

1958 1861 2083 1902 cere
2112 1848 2244 1901 licet
2269 1860 2336 1901 ex
2373 1846 2534 1900 obitu
2570 1840 2852 1910 Durandi,
2879 1855 3045 1912 quem
3074 1840 3352 1912 incidisse
3377 1844 3603 1912 constat

1959 1917 2018 1972 in
2061 1932 2273 1972 annum
2319 1915 2475 1986 4095,
2518 1915 2625 1969 sub
2664 1909 3189 1986 initium—Aconcilii
3230 1909 3608 1986 Arvernensis

1954 1988 2168 2043 Urbani
2237 1990 2302 2042 lI.
2368 1979 2650 2041 Hactenus
2715 1997 2848 2055 ergo
2909 1981 3287 2037 formularum
3351 1979 3605 2048 exempla

1958 2059 2224 2115 undecim
2275 2072 2399 2128 qua:
2454 2068 2952 2128 proposueramus,
3004 2056 3315 2128 auctorum
3371 2064 3604 2128 suorum

1957 2123 2646 2198 nominibus‘insignita:
2697 2125 2910 2198 quibus
2953 2123 3109 2198 addi‘
3136 2127 3319 2198 potest
3356 2127 3607 2198 extremo

1958 2201 2081 2256 loco
2106 2207 2162 2256 et
2190 2200 2349 2270 aliud
2394 2191 2854 2270 geherale,_quod
2891 2196 3040 2250 inter
3082 2191 3361 2270 fo’rmnulas
3389 2196 3606 2270 veteres

1960 2262 2442 2396 ggigﬁarculfum
2467 2270 2652 2326 editas
2678 2262 2892 2339 legitur
2916 2278 3154 2321 numero
3183 2262 3266 2320 12.
3296 2263 3390 2319 Sic
3409 2267 3601 2318 autem

1999 2341 2128 2398 abet
2150 2342 2187 2415 :)

2207 2430 2462 2484 Fonnula
2504 2427 2776 2496 generalis
2812 2425 3047 2495 epistola:
3087 2424 3354 2490 formatae.

2032 2538 2091 2592 In
2148 2536 2247 2591 Dei
2308 2534 2536 2590 nomine
2589 2531 2955 2587 sanctissimo
3007 2542 3074 2584 ac
3125 2527 3600 2584 reverendissimo

1959 2623 2126 2679 fratri
2165 2625 2259 2678 Illi
2303 2623 2590 2692 episcopo,
2643 2620 2741 2674 Ille
2778 2619 2939 2673 Illius
2971 2615 3136 2673 urbis
3165 2615 3490 2686 episcOpus,
3539 2614 3600 2670 in

1957 2713 2200 2768 Domino
2232 2711 2634 2780 sempiternam
2663 2707 2926 2764 salutem.

2027 2800 2343 2872 Cognoscat
2389 2797 2720 2853 fraternitas
2757 2810 2858 2850 seu
2911 2793 3164 2849 charitas
3209 2796 3414 2862 vestra,
3465 2790 3604 2861 quia

1960 2889 2068 2944 iste
2113 2901 2360 2958 pra'sens
2390 2885 2683 2956 presbyter
2714 2883 2946 2938 nomine
2987 2882 3107 2945 Ille,
3142 2881 3202 2936 in
3245 2879 3518 2950 parochia
3547 2884 3604 2934 et

1958 2978 2017 3032 in
2049 2977 2288 3032 ecclesia
2317 2983 2512 3031 nostra
2542 2972 2724 3028 sacris
2754 2971 2970 3025 litteris
2989 2971 3266 3025 educatus
3291 2967 3427 3038 fuit,
3458 2971 3514 3022 et
3532 2965 3604 3022 ab

192 3048 342 3103 ῐθνίδ
379 3047 736 3132 “Signinum
782 3047 843 3102 θί
867 3060 942 3132 (ἐξ
980 3059 1229 3132 ηυειξθτρ
1262 3047 1551 3132 ἵδρῖωηυηῇ
1593 3059 1750 3132 ρειξν
1787 3050 1848 3132 Pl
1876 3058 1924 3120 C
1959 3063 2204 3120 infantia
2239 3062 2353 3119 fuit
2391 3062 2541 3132 apud
2575 3074 2699 3128 nos,
2732 3073 2832 3113 seu
2874 3057 3316 3127 praedecessores
3355 3059 3601 3125 nostros,

193 3132 270 3173 ex
298 3115 532 3187 proprio
558 3115 755 3183 cxvm,
788 3131 952 3188 quem
989 3117 1244 3188 reddunt
1266 3117 1473 3172 littera:
1501 3116 1576 3185 A,
1607 3130 1660 3186 Α,
1696 3130 1744 3185 r,
1768 3115 1842 3183 A,

197 3203 334 3244 cum
383 3189 701 3331 indict)ione
740 3187 819 3244 ixi
861 3188 1133 3244 Omnium
1159 3187 1312 3243 enim
1359 3201 1472 3243 una
1497 3201 1719 3243 summa
1761 3193 1846 3242 est

202 3272 542 3316 ncccxxvm.

202 3272 542 3316 DCCLXXVIII.

975 3383 1074 3437 XI.

206 3507 278 3569 Π,
301 3507 427 3568 Υ,Α
453 3507 526 3570 ΙΙ,
563 3508 625 3569 Δ,
662 3521 716 3568 Α,
747 3506 817 3568 (Α),
851 3519 907 3568 Η,
952 3521 1013 3568 Μ,
1055 3521 1113 3561 x.
1163 3506 1420 3564 Durandi
1456 3507 1692 3576 episcopi
1725 3504 1849 3560 Ar—

271 3595 560 3632 vernorum
597 3579 672 3632 ad
709 3579 1013 3645 Radulfum
1060 3580 1442 3639 Tu-ronensem,
1470 3593 1572 3647 pro
1610 3577 1848 3632 subdia-

272 3666 402 3704 cono
434 3650 691 3718 quodam,
723 3665 878 3719 quem
911 3649 1029 3717 ejus
1055 3665 1198 3703 curae
1226 3651 1524 3703 committit.

273 3773 582 3829 Durandus
608 3774 709 3828 Dei
757 3773 940 3845 gratia
986 3774 1363 3830 Arvernensis
1391 3775 1697 3844 episcopus
1729 3774 1846 3829 Ro-

203 3861 368 3918 dulfo
419 3862 904 3918 excellentissimo
951 3863 1328 3918 Turonicensi
1377 3863 1844 3932 archiepiscopo,

205 3951 354 4022 quod
391 3951 448 4005 in
477 3957 626 4005 terra
654 3949 888 4006 felicius
918 3950 1003 4005 vel
1036 3951 1262 4005 beatius
1289 3951 1347 4005 in
1374 3951 1535 4006 coelo.

271 4039 596 4108 Comperiat
622 4038 860 4093 dilectio
890 4046 1075 4094 vestra
1111 4037 1261 4108 quod
1300 4037 1396 4092 hic
1431 4051 1680 4108 praesens
1705 4037 1850 4093 sub—

202 4128 504 4197 diaconus,
545 4141 710 4198 quem
744 4141 913 4182 manu
947 4127 1178 4198 propria
1218 4127 1695 4196 consecravimus,
1733 4125 1851 4180 mi-

203 4217 576 4273 sericorditer
605 4214 905 4271 formatam
930 4229 961 4270 a
985 4215 1152 4270 nobis
1183 4214 1425 4284 expetiit
1443 4214 1766 4284 epistolam,
1795 4221 1850 4268 et

203 4319 426 4363 omnem
470 4306 868 4362 auctoritatem
911 4305 1265 4374 canonicam,
1313 4304 1468 4360 sicut
1511 4304 1661 4360 inter
1701 4303 1851 4360 dan-

1956 3153 2168 3209 bonum
2216 3152 2429 3208 habens
2468 3148 2886 3209 testimonium,
2933 3145 3253 3214 bonamque
3295 3142 3606 3198 continen-

1957 3244 2119 3313 tiam,
2151 3247 2206 3298 et
2239 3241 2594 3297 innocentem
2641 3237 2814 3293 vitam
2857 3234 3164 3290 deducens.
3197 3231 3355 3286 Unde
3387 3229 3608 3300 placuit

1959 3331 2050 3386 illi
2105 3331 2271 3386 modo
2325 3334 2390 3385 ut
2433 3329 2502 3383 ad
2547 3327 2716 3382 aliam
2764 3321 3074 3380 Ecclesiam
3120 3333 3180 3375 se
3231 3322 3602 3387 converteret,

1957 3419 2151 3475 volens
2206 3417 2319 3473 sibi
2373 3428 2627 3486 quaerere
2683 3411 2984 3478 seniorem,
3045 3407 3145 3478 qui
3194 3419 3254 3462 se
3305 3405 3376 3460 de
3433 3403 3604 3460 rebus

1955 3501 2370 3573 temporalibus
2393 3499 2642 3568 adjuvet,
2674 3503 2730 3552 et
2750 3497 2844 3553 cui
2873 3496 2972 3552 ille
2995 3495 3307 3552 secundum
3332 3494 3604 3550 ministe—

1958 3592 2132 3652 rium,
2184 3590 2333 3660 quod
2380 3587 2494 3643 sibi
2545 3587 2868 3656 injunctum
2913 3589 3021 3656 est,
3068 3583 3408 3654 obsequium
3450 3595 3603 3652 prae-

1956 3681 2102 3736 beat.
2141 3679 2298 3735 Unde
2339 3682 2580 3732 vestram
2614 3674 3028 3730 fraternitatem
3063 3678 3407 3743 compertam
3450 3669 3604 3726 faci-

1959 3783 2105 3836 mus,
2141 3774 2204 3824 ut
2227 3767 2553 3836 cuicunque
2587 3764 2866 3834 placuerit
2892 3777 3020 3820 eum
3048 3763 3359 3831 suscipere,
3387 3759 3602 3830 absque

1959 3859 2078 3914 ulla
2099 3856 2478 3926 ambiguitate
2499 3854 2604 3909 hoc
2627 3851 2820 3923 faciat,
2847 3852 3035 3908 sciens
3056 3851 3220 3907 illum
3243 3855 3299 3906 et
3320 3848 3455 3905 boni
3479 3861 3602 3903 esse

1956 3945 2298 4015 testimonii,
2327 3950 2382 4000 et
2401 3957 2431 3998 a
2459 3942 2626 3998 nobis
2655 3941 2768 3997 sibi
2791 3941 2862 3997 ab
2891 3940 3165 4009 Ecclesia,
3192 3953 3318 4010 quae
3345 3937 3512 3993 nobis
3531 3935 3599 3990 ad

1959 4033 2264 4106 regendum
2317 4044 2582 4086 concessa
2628 4037 2734 4099 est,
2782 4029 3068 4101 migrandi
3115 4026 3406 4082 licentiam
3437 4037 3606 4079 acce—

1962 4124 2131 4193 pisse.
2169 4122 2236 4174 Et
2265 4123 2330 4176 ut
2361 4119 2445 4173 ha:
2477 4119 2683 4174 littera:
2706 4118 3017 4173 firmiorem
3043 4115 3339 4171 obtineant
3359 4111 3612 4183 dignita-

1962 4219 2094 4280 tem,
2131 4208 2451 4279 meliusque
2480 4207 2566 4262 eis
2607 4208 2746 4264 fides
2796 4206 3160 4275 adhibeatur,
3196 4215 3369 4259 manu
3413 4204 3607 4258 nostra

1960 4315 2056 4358 eas
2076 4295 2651 4356 subtertlrmavimus.
