4054 6192
207 282 333 342 4404

1660 286 2066 343 BENEDICTIO
2119 288 2254 344 DEI.

3467 289 3606 350 4402

272 410 386 466 Alii
414 423 566 481 vero,
596 410 721 483 qui,
748 410 898 483 quod
930 411 1103 482 pudet
1129 411 1339 484 dicere,
1370 411 1542 470 etiam
1567 412 1843 484 episcOpi,
1872 414 1929 472 A
1963 425 2089 469 mus
2141 412 2341 470 laudes
2387 426 2516 470 eum
2578 428 2800 471 summo
2854 416 3050 473 studio
3105 418 3351 474 creatori
3405 424 3605 475 nostro

206 505 317 557 tota
345 499 440 555 die
464 500 749 555 conviviis
775 505 831 555 et
860 500 1083 570 poculis
1107 507 1390 573 vacantes,
1420 506 1477 557 et
1504 515 1642 572 pene
1668 515 1850 573 usque

205 592 263 647 in
299 590 486 647 noctis
526 589 776 646 medium
816 589 901 644 vel
951 604 1130 662 usque
1165 592 1234 647 ad
1275 591 1557 663 gallorum
1595 596 1846 663 cantum,

202 685 316 747 aut,
368 693 434 736 eo
475 679 745 749 amplius,
790 680 1041 736 diversis
1081 681 1313 736 student
1354 680 1688 752 potionibus
1731 695 1848 737 suae

202 767 528 825 satisfacere
565 768 846 825 voluntati
876 787 892 840 ;
923 770 1138 840 quibus
1177 770 1444 826 convenit
1478 769 1647 839 illud,
1696 772 1844 841 quod

200 858 351 913 dixit
372 857 627 926 Spiritus
655 862 889 912 sanctus
921 871 1018 926 per
1044 858 1399 914 Salomonem
1426 876 1439 912 :
1471 858 1571 913 Cui
1597 874 1678 913 cz
1696 861 1725 913 ?
1743 874 1849 913 cu-

190 946 285 1013 jus
306 947 465 1015 patri
504 960 585 999 v2
611 948 639 998 Σ)
663 946 753 998 cui
792 947 931 999 rima:
959 949 988 1000 ?
1015 948 1105 1000 cui
1131 950 1299 1014 fovea:
1327 949 1355 1000 ?
1383 948 1472 1000 cui
1517 948 1635 1002 sine
1680 962 1847 1002 causa

198 1035 425 1088 vulnera
453 1038 482 1087 ?
500 1035 591 1087 cui
617 1034 848 1102 suffusio
882 1035 1158 1089 oculorum
1186 1038 1214 1090 ?
1241 1037 1431 1092 Nonne
1456 1037 1539 1091 his
1571 1039 1669 1106 qui
1698 1053 1849 1091 com-

197 1126 479 1176 morantur
524 1123 584 1175 in
625 1124 771 1185 vino,
818 1126 869 1175 et
914 1123 1135 1177 student
1189 1124 1446 1179 calicibus
1496 1126 1780 1195 epotandis
1818 1128 1847 1180 ?

196 1213 373 1279 (Prov.
427 1224 597 1272 χχιιι,
646 1208 736 1279 29,
788 1208 899 1282 30.)
940 1213 1009 1266 Et
1063 1212 1208 1268 illud
1260 1214 1587 1283 prophetae:
1623 1213 1847 1268 Cithara

196 1305 243 1353 et
281 1301 407 1367 lyra
450 1303 497 1352 et
542 1304 880 1369 tympanum,
922 1305 971 1353 et
1016 1301 1152 1354 tibia
1179 1304 1229 1355 et
1270 1304 1459 1355 vinum
1488 1304 1547 1356 in
1586 1304 1844 1356 conviviis

193 1390 385 1442 uestris
430 1406 447 1454 ;
495 1392 545 1441 et
595 1403 730 1457 opus
770 1390 994 1442 Domini
1042 1404 1149 1442 non
1200 1391 1490 1458 respicitis,
1541 1406 1636 1444 nec
1682 1406 1843 1459 opera

192 1494 457 1532 manuum
502 1478 621 1545 ejus
682 1478 1041 1531 consideratis
1084 1480 1215 1545 (Isu.
1271 1492 1326 1548 v,
1376 1477 1478 1550 42).
1528 1480 1625 1534 Isti
1680 1479 1839 1547 tales,

196 1567 377 1635 magis
442 1566 737 1622 studentes
804 1566 1139 1621 hominibus
1200 1567 1419 1635 placere
1482 1581 1652 1637 quam
1708 1569 1841 1637 Deo,

193 1654 533 1723 priusquam
564 1654 880 1709 dormitum
916 1660 1068 1722 eant,
1097 1662 1402 1710 nocturnas
1423 1655 1655 1726 vigilias
1682 1655 1847 1711 desi-

1960 500 2187 558 referre.
2226 503 2364 557 Nam
2392 502 2628 573 reliquae
2655 503 2807 559 horae
2841 505 3057 561 nostris
3086 506 3291 563 usibus
3317 510 3454 563 sunt
3478 521 3607 564 con-

1957 604 2146 646 cessae.
2189 590 2343 660 Quas
2373 591 2423 647 si
2462 591 2829 663 negligimus,
2873 599 3201 650 sanctorum
3242 596 3474 651 Patrum
3506 596 3607 650 in—

1956 680 2183 737 stitutis
2211 681 2586 752 contraimus,
2627 681 2843 752 quibus
2887 683 3172 739 contraire
3217 684 3602 754 periculosum

1955 775 2058 825 est.
2079 771 2272 840 Neque
2286 770 2439 825 enim
2460 776 2699 840 possunt
2719 770 3176 826 communionem
3200 777 3406 828 sanctae
3422 773 3607 828 Eccle-

1955 858 2056 913 sia:
2083 858 2308 927 habere,
2339 860 2438 929 qui
2463 860 2591 928 ejus
2621 859 2912 929 instituta,
2942 860 3052 915 etsi
3080 874 3193 916 non
3224 860 3433 932 verbis,
3464 875 3607 931 ope-

1956 946 2121 1001 ribus
2141 960 2272 1002 vero
2292 960 2621 1018 oppugnare
2644 948 2912 1002 nituntur
2936 965 2948 1002 :
2974 948 3132 1017 dum,
3156 950 3307 1020 quod
3333 950 3606 1019 permaxi-

1956 1048 2111 1091 mum
2154 1042 2259 1106 est,
2313 1035 2371 1090 in
2421 1042 2616 1091 sancta
2662 1035 2915 1091 Ecclesia
2956 1034 3026 1104 (si
3068 1050 3198 1093 cum
3241 1038 3525 1094 charitate
3554 1045 3610 1093 et

1955 1123 2149 1179 studio
2174 1123 2404 1193 pietatis
2428 1123 2765 1196 peragatur),
2794 1124 2847 1179 id
2872 1129 2976 1193 est,
3003 1124 3195 1180 laudis
3214 1125 3427 1181 divinae
3450 1126 3609 1197 psal-

1956 1212 2145 1268 modia
2190 1212 2500 1281 modulata,
2532 1216 2587 1267 et
2618 1212 2922 1268 missarum
2974 1212 3271 1284 solemnia,
3326 1227 3428 1269 nec
3458 1218 3609 1270 tem—

1956 1301 2194 1370 poribus
2217 1300 2509 1372 congruis,
2535 1314 2635 1356 nec
2657 1300 2950 1368 religiosis
2974 1301 3264 1357 celebrant
3284 1301 3602 1358 affectibus.
3656 1310 3661 1315 '

1952 1391 2076 1445 Non
2101 1390 2252 1445 enim
2286 1389 2425 1444 talia
2454 1387 2747 1445 referendo
2778 1404 2877 1445 vos
2907 1390 3177 1445 denotare
3207 1390 3353 1460 volo,
3389 1390 3508 1461 sed,
3540 1404 3608 1446 ne

1954 1477 2049 1532 his
2070 1477 2494 1547 participemini
2517 1477 2819 1533 admonere
2840 1491 3061 1533 summa
3086 1477 3440 1534 humilitatis
3461 1477 3609 1534 sub—

1952 1567 2201 1635 jectione
2248 1581 2526 1634 prazsumo
2566 1585 2578 1619 :
2618 1567 2858 1635 ideoque
2900 1567 2991 1621 SS.
3042 1568 3294 1636 Patrum,
3342 1581 3468 1637 qua:
3512 1581 3608 1622 se-

1955 1660 2236 1725 quuntur,
2281 1655 2435 1710 dicta
2477 1669 2655 1724 pauca
2694 1655 2879 1710 obtuli
2928 1659 3008 1720 ut,
3056 1655 3259 1712 horum
3300 1655 3611 1711 divitantes

189 1741 356 1798 diose
416 1742 817 1812 persolventes,
887 1748 1072 1798 stratu
1126 1756 1253 1797 mox
1313 1742 1617 1809 decebant,
1666 1744 1844 1799 donec
1874 1742 1922 1802 Β
1955 1757 2203 1798 errorem
2247 1749 2301 1797 et
2343 1743 2585 1799 istorum
2625 1749 2927 1812 sequentes
2967 1743 3309 1814 exe.uplum,
3356 1744 3613 1813 irrepre—

193 1832 405 1887 iterum
438 1836 661 1900 tempus
693 1831 1074 1887 manducandi
1106 1837 1160 1887 et
1190 1831 1421 1887 bibendi
1457 1832 1664 1887 redeat.
1697 1832 1846 1888 Sur-

188 1925 393 1991 gentes
420 1933 550 1975 vero
593 1919 730 1975 dum
763 1933 822 1974 se
861 1919 1117 1975 vestibus
1156 1920 1427 1989 induunt,
1467 1920 1678 1976 diurna
1711 1935 1847 1990 per—

185 2014 372 2079 agunt
401 2007 605 2077 otﬁcia,
640 2013 905 2078 putantes
936 2007 1049 2063 sibi
1082 2007 1339 2064 sufficere
1379 2022 1541 2078 posse
1566 2009 1616 2064 si
1644 2008 1846 2064 saltem

187 2110 430 2167 quoquo
485 2096 651 2151 modo
703 2096 803 2151 illa
860 2095 1163 2152 decantent
1194 2114 1209 2167 ;
1246 2096 1433 2167 ignari
1503 2096 1641 2167 quia
1694 2097 1847 2152 hora:

185 2191 331 2241 sunt
359 2185 415 2240 in
440 2191 633 2240 sancta
664 2184 916 2240 Ecclesia
946 2185 1298 2256 constitutae,
1332 2184 1545 2255 quibus
1573 2199 1671 2255 per
1694 2185 1846 2241 diem

183 2279 240 2328 et
280 2279 503 2330 noctem
535 2274 747 2330 divinae
779 2273 1075 2329 servitutis
1113 2272 1297 2329 ofﬁcia
1337 2273 1755 2345 persolvuntur,
1789 2275 1843 2331 id

182 2368 297 2431 est,
335 2362 703 2431 matutinum,
734 2361 937 2430 prima,
963 2361 1151 2432 tertia,
1185 2367 1363 2424 sexta,
1394 2375 1560 2431 nona,
1594 2376 1851 2434 vespera,

182 2451 656 2520 completorium.
692 2451 768 2504 De
800 2448 1071 2503 bis’enim
1103 2449 1255 2505 dixit
1294 2448 1613 2519 Propheta:
1644 2451 1850 2522 Septies

187 2542 245 2593 in
278 2540 366 2592 die
398 2538 616 2592 laudem
653 2538 776 2590 diri
810 2538 911 2589 tibi
937 2538 1103 2604 (Psal.
1135 2550 1333 2607 CXVIII,
1363 2537 1468 2610 63).
1503 2539 1581 2594 De
1611 2545 1854 2596 noctur—

193 2628 292 2683 uis
316 2639 449 2682 vero
475 2624 699 2695 vigiliis
730 2625 813 2679 ait
846 2643 857 2677 :
890 2626 1071 2678 Media
1109 2630 1259 2679 nocte
1295 2628 1581 2693 surgebam
1618 2628 1694 2681 ad
1717 2643 1855 2683 con-

187 2715 458 2786 ﬁtendum
485 2714 586 2766 tibi
608 2714 798 2780 {Ibid.,
823 2710 929 2782 62).
958 2713 1060 2767 Sed
1091 2718 1146 2767 et
1166 2714 1236 2769 de
1262 2715 1565 2770 matutinis
1590 2715 1731 2771 alibi
1753 2716 1855 2772 di-

189 2805 283 2861 cit
324 2820 338 2857 :
386 2804 449 2856 In
488 2801 778 2854 matutinis
829 2799 1133 2853 meditabor
1180 2802 1238 2853 in
1286 2805 1354 2863 te,
1409 2803 1541 2871 quia
1593 2806 1653 2855 tu
1691 2805 1857 2871 fuisti

191 2892 427 2960 adjutor
469 2904 618 2943 meus
662 2889 834 2957 (Psal.
878 2901 1018 2959 LXII,
1071 2884 1143 2960 7).
1195 2889 1256 2943 In
1304 2889 1435 2944 istis
1477 2889 1631 2945 enim
1678 2890 1858 2946 debe—

1957 1830 2323 1886 hensibiliter
2345 1843 2534 1885 coram
2556 1831 2669 1885 Deo
2690 1836 2747 1885 et
2768 1830 3104 1887 hominibus
3128 1831 3464 1888 Divinitatis
3487 1844 3613 1901 ope-

1956 1926 2018 1973 ra
2060 1917 2283 1973 divinis
2337 1917 2513 1989 digna
2571 1916 2978 1985 conspectibus
3039 1922 3271 1973 strenue
3320 1918 3379 1973 in
3426 1924 3613 1974 vestra

1956 2004 2206 2060 Ecclesia
2233 2005 2647 2075 persolvuntur,
2673 2009 2976 2075 quatenus,
3001 2005 3307 2061 sicutaliis
3330 2005 3612 2061 mirandis

1956 2102 2011 2149 et
2054 2094 2493 2165 magniﬁcandis
2547 2093 2805 2164 prazclari
2854 2093 2994 2148 estis
3049 2093 3343 2164 operibus,
3398 2094 3458 2149 in
3504 2094 3612 2150 hoc

1957 2183 2130 2238 etiam
2160 2183 2293 2239 sitis
2335 2182 2640 2253 perlucidi,
2675 2187 2739 2238 ut
2776 2182 3033 2252 exemplo
3071 2187 3258 2238 vestro
3287 2182 3613 2254 corrigatur

1959 2271 2424 2341 supradictorum
2471 2270 2717 2342 ignavia.

2030 2361 2174 2429 Haec,
2207 2359 2439 2415 domine
2478 2360 2659 2427 Pater,
2695 2374 2820 2429 qua:
2865 2357 2987 2414 solo
3031 2358 3339 2414 charitatis
3363 2363 3420 2414 et
3448 2372 3614 2414 amo-

1962 2448 2044 2504 ris
2076 2448 2356 2503 instinctu
2391 2462 2568 2517 pauca
2601 2447 2805 2518 collegi
2836 2462 2902 2502 ex
2937 2446 3225 2518 pluribus,
3260 2448 3396 2505 licet
3427 2453 3616 2503 vestra

1961 2538 2244 2609 sagacitas
2276 2537 2518 2605 potiora.
2561 2535 2713 2592 sicut
2743 2541 2879 2591 sunt
2911 2536 2967 2590 in
2999 2536 3178 2591 dictis
3216 2538 3443 2592 Patrum
3474 2549 3610 2591 san--

1960 2632 2205 2695 ciorum,
2228 2625 2410 2680 valeat
2434 2626 2708 2689 invenire,
2734 2625 3065 2695 gratissimo
3086 2626 3365 2696 suscipite
3386 2626 3612 2688 affectu,

1965 2720 2029 2769 ut
2070 2728 2228 2769 meus
2267 2712 2427 2768 labor
2466 2719 2651 2768 vestro
2693 2713 3023 2782 perﬁciatur
3065 2713 3281 2770 studio.
3329 2714 3473 2770 Bene
3519 2727 3619 2769 vos

1962 2802 2149 2858 valere
2173 2815 2393 2872 semper
2413 2808 2547 2871 Opto
2566 2802 2623 2856 in
2644 2802 2886 2857 Domino
2918 2802 3090 2857 vestri
3115 2801 3358 2873 benigne
3381 2816 3612 2859 memor.

2554 3063 2639 3069 --.α-
2654 3064 2673 3069 μ
2694 3063 2795 3069 .—-—
2804 3058 3591 3069 __..——————————~v———-———

882 3225 1007 3294 DE
1112 3224 1415 3296 LAUDE
1514 3212 2297 3297 PSALMORUM‘ET
2411 3225 2954 3316 PSALTERH,

1164 3378 1282 3440 Ea;
1312 3375 1721 3458 pmfatione
1769 3377 2163 3442 Cassiodori
2207 3379 2287 3442 in
2324 3379 2655 3443 Psalmos.

279 3659 549 3731 Repulsis
569 3660 882 3733 aliquando
904 3661 964 3718 in
990 3662 1303 3718 Ravennati
1332 3662 1473 3718 urbe
1497 3662 1858 3720 sollicitudi—
1889 3664 1937 3725 C
2038 3656 2264 3734 Sed,’ut
2294 3664 2528 3735 quidam
2558 3664 2628 3721 de
2654 3664 2897 3719 Homero
2925 3662 3010 3718 ait
3040 3677 3054 3715 :
3089 3660 3253 3717 Tales
3281 3663 3367 3716 est
3396 3658 3467 3715 de
3496 3658 3623 3727 ejus

213 3749 387 3804 nibus
409 3750 776 3821 dignitatum,
805 3758 862 3806 et
882 3750 1042 3806 curis
1064 3750 1439 3807 saecularibus
1462 3751 1635 3807 noxio
1658 3763 1860 3820 sapore

211 3837 486 3901 conditis,
529 3852 656 3894 cum
702 3839 968 3899 Psalterii
1022 3839 1272 3895 cmlestis
1318 3839 1642 3895 animarum
1694 3839 1859 3896 mella

211 3932 546 3997 gustassem,
574 3927 629 3983 id
662 3927 812 3999 quod
845 3926 1031 3983 solent
1053 3926 1445 3983 desiderantes
1469 3927 1705 3999 efﬁcere,
1732 3928 1863 3983 avi—

208 4015 319 4071 dus
345 4029 431 4071 me
459 4022 848 4086 perscrutator
878 4017 1115 4087 ingessi,
1150 4026 1214 4073 ut
1236 4017 1392 4072 dicta
1418 4016 1696 4072 salutaria
1720 4030 1862 4073 sua—

153 4135 161 4143 -
210 4104 357 4159 viter
386 4103 720 4160 imbiberem
754 4112 880 4175 post
908 4106 1304 4161 amurissimas
1330 4105 1605 4161 actiones.
1638 4106 1742 4161 Sed
1770 4104 1863 4159 fa—

215 4193 463 4249 miliaris
480 4193 888 4251 inchoantibus
905 4195 1157 4251 occurrit
1173 4194 1516 4263 obscuritas,
1540 4208 1664 4266 qua:
1684 4194 1863 4249 variis

211 4288 295 4336 est
336 4282 549 4338 intexta
583 4284 842 4353 personis
866 4289 923 4339 et
953 4283 1135 4339 velata
1163 4283 1470 4355 parabolis.
1513 4285 1638 4339 llaec
1674 4284 1732 4339 in
1762 4284 1864 4339 di—

211 4370 322 4425 ctis
348 4370 625 4427 vitalibus
651 4372 821 4427 noxia
851 4372 1320 4428 dissimulatione
1352 4373 1696 4442 praeteritur,
1724 4373 1859 4429 dum

212 4472 358 4528 saepe
382 4458 526 4515 illud
558 4461 795 4530 reperiri
824 4461 969 4517 solet
992 4460 1347 4532 ambiguum,
1376 4461 1526 4531 quod
1554 4461 1740 4531 magni
1764 4475 1861 4516 sav

212 4548 487 4603 cramenti
519 4554 703 4621 gestat
720 4562 1012 4605 arcanum.
1036 4549 1195 4604 Tunc
1224 4549 1291 4604 ad
1316 4548 1628 4619 Augustini
1658 4547 1864 4604 facun—

210 4637 442 4694 dissimi
476 4637 663 4693 Patris
690 4636 921 4709 confugi
955 4637 1414 4708 opinatissimam
1448 4636 1769 4707 lectionem,
1804 4639 1862 4691 in

213 4740 327 4796 qua
356 4732 513 4783 tanta
542 4734 665 4782 erat
695 4726 859 4796 copia
889 4732 1156 4797 congesta
1186 4726 1496 4795 dictorum,
1532 4730 1594 4780 ut
1626 4726 1860 4782 retineri

213 4813 308 4870 vix
332 4817 515 4885 pos.~.it
536 4817 828 4884 relectum,
856 4815 1007 4885 quod
1025 4814 1250 4870 abunde
1270 4813 1499 4869 videtur
1518 4815 1858 4883 expositum.

212 4902 413 4972 Credo,
444 4918 573 4960 cum
605 4905 785 4961 nimis
814 4904 1013 4959 avidos
1044 4903 1285 4973 populos
1313 4902 1726 4959 ecclesiasticis
1755 4905 1866 4959 da—

1969 3766 2140 3808 sensu
2185 3752 2408 3823 aliquid
2453 3752 2770 3822 subripere,
2814 3750 2983 3822 quale
3029 3750 3259 3806 Herculi
3308 3749 3521 3805 clavam
3552 3747 3623 3803 dc

1971 3854 2140 3896 manu
2167 3842 2385 3898 tollere.
2416 3843 2513 3897 Est
2535 3842 2688 3897 enim
2716 3841 3039 3896 litterarum
3066 3839 3320 3895 omnium
3352 3837 3624 3909 magister

1968 3930 2234 3999 egregius
2263 3948 2278 3997 ;
2309 3937 2385 3997 et,
2419 3930 2567 4001 quod
2604 3930 2663 3985 in
2696 3928 2952 3985 ubertate
2980 3941 3175 3983 rarum
3205 3933 3311 3995 est,
3345 3925 3625 3981 cautissi—

1972 4031 2099 4072 mus
2123 4018 2470 4087 disputator.
2503 4018 2772 4074 Decurrit
2803 4017 3015 4088 quippe
3045 4023 3319 4087 tanquam
3351 4014 3479 4070 fons
3511 4029 3625 4083 pu—

1972 4107 2262 4175 rissimus,
2289 4107 2446 4162 nulla
2474 4106 2606 4162 faece
2627 4107 2904 4177 pollutus,
2930 4106 3027 4162 sed
3057 4107 3116 4162 in
3141 4105 3470 4177 integritate
3492 4102 3620 4160 ﬁdei

1975 4208 2356 4265 perseverans.
2388 4196 2583 4250 Nescit
2621 4195 2911 4251 haereticis
2939 4195 3096 4265 dare,
3131 4195 3282 4250 unde
3313 4208 3372 4249 se
3404 4193 3626 4264 possint

1971 4272 2167 4353 aliqua
2211 4282 2618 4340 colluctatione
2672 4281 2993 4338 defendere.
3048 4284 3227 4339 Totus
3279 4282 3620 4337 catholicus.

1974 4379 2128 4429 totus
2157 4373 2512 4428 orthodoxus
2553 4372 2882 4427 invenitur:
2917 4376 2974 4426 et
3007 4370 3065 4424 in
3098 4370 3353 4425 Ecclesia
3393 4369 3621 4425 Domini

1973 4462 2318 4517 suavissimo
2346 4461 2531 4516 nitore
2558 4459 2944 4530 resplendens,
2974 4459 3209 4529 superni
3240 4457 3481 4514 luminis
3500 4456 3625 4511 cla—

1976 4551 2144 4606 ritate
2177 4550 2384 4606 radiat.

2045 4640 2312 4710 Quazdam
2344 4652 2476 4695 vero
2507 4638 2729 4694 noviter
2772 4637 3020 4704 inventa,
3056 4640 3182 4707 post
3215 4641 3329 4691 tam
3378 4634 3613 4691 mirabit-

1976 4728 2084 4784 lem
2111 4728 2470 4800 magistrum,
2499 4726 2620 4783 sola
2643 4726 2872 4784 Domini
2907 4725 3351 4796 przesumptione
3381 4723 3622 4794 subjeci,

1976 4817 2077 4887 qui
2113 4816 2368 4886 parvulis
2396 4815 2821 4884 conﬁdentiam,
2852 4814 3019 4871 caecis
3050 4813 3259 4884 visum,
3289 4813 3468 4870 mutis
3497 4826 3625 4871 ser-

1976 4918 2218 4976 monem,
2251 4904 2448 4960 surdis
2480 4908 2709 4973 praestat
2736 4902 3020 4958 auditum.

217 4990 390 5061 pibus
417 4994 643 5064 explere
683 4993 865 5064 cupit,
900 4991 1224 5048 necessario
1261 4991 1473 5048 ﬂuenta
1502 4995 1617 5047 tam
1651 5006 1862 5064 magna:
1893 5026 1943 5086 Ι)
2044 4994 2220 5064 Quem
2264 4997 2418 5049 enim
2460 4992 2713 5048 codicem
2757 4990 2927 5046 etiam
2973 5005 3071 5061 per
3113 4988 3184 5048 50
3218 4991 3466 5063 psalmos
3494 5004 3622 5047 cum

218 5079 645 5148 pradicationis
672 5081 974 5137 emanavit.
1017 5080 1317 5150 Quocirca,
1366 5093 1580 5136 memor
1610 5080 1861 5136 inﬁrmi-

217 5167 357 5222 tatis
383 5181 534 5239 meai,
568 5184 720 5226 mare
752 5170 939 5240 ipsius
964 5168 1339 5240 quorumdam
1372 5169 1720 5239 psalmorum
1747 5167 1865 5225 fou-

216 5256 377 5313 tibus
421 5258 735 5331 profusum,
782 5259 981 5316 divina
1029 5258 1428 5314 misericordia
1472 5258 1771 5329 largiente,
1805 5258 1882 5316 in.

217 5345 439 5403 rivulos
465 5348 723 5418 vadosos,
755 5346 1158 5417 compendiosa
1188 5345 1466 5402 brevitate
1490 5345 1725 5416 deduxi,
1753 5360 1865 5402 uno

213 5436 411 5494 codice
441 5443 554 5494 tam
584 5438 796 5495 diffusa
823 5436 1223 5506 complectens,
1257 5448 1384 5506 quae
1410 5433 1511 5490 ille
1541 5434 1600 5490 in
1625 5434 1866 5492 decadas

215 5526 544 5594 quindecim
578 5526 928 5583 mirabiliter
963 5522 1292 5593 explicavit.

1978 5081 2412 5154 praefationibus
2441 5081 2566 5137 suis
2592 5080 2743 5136 trina
2774 5092 2901 5134 sum
2926 5079 3215 5137 divisione
3247 5080 3528 5151 partitus:
3563 5084 3622 5133 ut

1975 5176 2031 5228 et
2054 5171 2288 5227 claritas
2310 5169 2516 5225 litterae
2536 5167 2870 5224 sanioribus
2890 5168 3078 5225 oculis
3098 5182 3158 5224 se
3180 5168 3481 5239 pulchrius
3502 5179 3622 5235 ape-

1977 5260 2138 5331 riret,
2166 5265 2223 5315 et
2245 5256 2533 5314 desiderio
2556 5255 2864 5328 legentium
2892 5254 3132 5313 fratrum
3161 5253 3449 5312 numerosi
3473 5253 3625 5309 codi-

1975 5349 2063 5405 cis
2092 5360 2329 5417 corpora
2373 5349 2745 5416 prasstarent:
2784 5344 2864 5400 ita
2893 5350 2949 5401 et
2977 5345 3044 5401 ad
3086 5341 3449 5399 bibliothecae
3476 5355 3622 5397 cau—

1976 5438 2146 5493 telam
2192 5450 2343 5492 unus
2373 5434 2612 5490 relictus
2641 5438 2747 5504 est,
2780 5438 2837 5489 et
2885 5437 3113 5503 propter
3160 5429 3622 5501 congregationis
3670 5484 3679 5494 ,

1975 5525 2234 5582 studium
2264 5522 2726 5581 commodissime
2755 5519 2997 5578 forsitan
3026 5529 3148 5573 esse
3177 5516 3439 5574 noscitur
3461 5517 3622 5574 divi-
