4076 6174
446 313 469 368 4
480 312 584 370 403

1311 312 1598 367 APPEND.
1644 309 1735 364 AD
1788 304 1948 362 SIEC.
1993 303 2086 358 IX.
2147 329 2219 341 -—
2258 298 2612 355 AUCTORES
2647 298 2981 355 ΑΝΟΝΥΜΙ.

3707 291 3846 350 4404

475 456 562 496 us.
600 440 956 510 QuaprOpter
995 443 1260 500 mandato
1293 445 1521 500 Domini
1556 442 1923 512 conﬁdentes,
1968 455 2091 496 coe—
2113 422 2366 504 Aderet,
2405 429 2462 484 in
2493 444 2602 487 Lxx
2634 430 2850 502 psalmo
2874 429 3140 486 dicturus
3169 430 3256 484 est
3283 445 3295 481 :
3331 427 3448 497 Ego
3479 426 3670 481 autem
3703 437 3845 479 con—

443 531 608 587 lestis
640 532 894 601 mysterii
936 532 1186 589 claustra
1218 535 1531 603 pulsemus,
1563 538 1624 590 ut
1655 534 1873 603 aperiat
1897 533 2091 589 sensi-

442 620 551 676 bus
580 621 795 675 nostris
825 621 1102 678 tloriferas
1129 625 1309 689 sedes,
1343 629 1626 694 quatenus
1658 625 1716 678 in
1742 623 1844 678 illo
1872 623 2088 678 caelesti

446 709 708 778 paradiso
731 710 1064 766 salutariter
1091 712 1426 782 introducti,
1458 712 1745 781 spiritalia
1781 725 1937 780 poma
1966 712 2090 767 sine

441 796 637 866 aliqua
661 799 832 866 primi
861 800 1112 856 hominis
1137 801 1589 872 transgressione
1607 814 1924 870 carpamus.
1950 802 2089 854 Vere

441 900 716 943 coruscus
759 887 922 954 liber,
974 903 1157 946 sermo
1206 891 1536 961 lampabilis
1563 901 1592 931 α
1622 933 1635 959 ,
1664 904 1800 947 cura
1844 888 2085 946 sauciati

441 977 633 1032 cordis
668 976 826 1033 favus
860 979 1157 1035 interioris
1185 981 1455 1048 hominis,
1488 982 1659 1050 pinax
1689 978 2086 1048 spiritualium

444 1079 833 1136 personarum,
880 1069 1232 1125 occultarum
1275 1069 1473 1142 lingua
1507 1070 1785 1125 virtutum
1816 1088 1828 1123 :
1857 1069 1954 1139 qui
1991 1069 2093 1123 in-

441 1155 620 1210 clinat
642 1157 916 1227 superbos
939 1159 1280 1225 humilitati,
1307 1161 1832 1231 regespauperibus
1855 1160 2083 1216 subdit:

401 1317 406 1321 ν
441 1243 780 1301 affabilitate
803 1249 1070 1315 parvulos
1088 1251 1292 1304 nutrit.
1312 1251 1532 1319 Quanta
1553 1251 1705 1304 enim
1727 1251 1849 1304 illic
1865 1255 1950 1305 est
1970 1249 2089 1318 pul-

441 1333 711 1390 chritudo
727 1349 1018 1400 sensuum,
1035 1338 1448 1394 etstillantium
1465 1339 1746 1394 medicina
1763 1339 2084 1403 verborum,

444 1428 506 1477 ut
535 1424 738 1480 merito
766 1425 861 1479 hic
893 1425 1036 1481 illud
1065 1427 1384 1483 Salomonis
1415 1432 1642 1497 aptetur
1672 1429 1818 1498 quod
1851 1428 2003 1483 dixit
2029 1427 2086 1482 in

439 1512 673 1567 Cantico
686 1514 1038 1570 canticorum
1057 1533 1069 1568 :
1090 1536 1115 1566 «
1129 1518 1339 1572 Hortus
1356 1518 1683 1588 conclusus,
1699 1517 2091 1587 etfoussigna—

442 1605 555 1666 tus,
583 1603 884 1668 paradisus
907 1604 1108 1671 plenus
1130 1606 1386 1660 omnium
1410 1620 1700 1675 pomorum
1732 1605 1909 1673 (Cant.
1936 1605 2030 1675 IV).
2059 1621 2084 1653 »

443 1688 604 1741 Modo
630 1689 782 1742 enim
813 1691 1040 1758 quidam
1067 1693 1419 1748 Psalmorum
1448 1694 1688 1748 salutari
1719 1693 2088 1749 institutione

2204 524 2404 580 ﬁtebor
2451 524 2560 579 tibi
2613 524 2673 578 in
2720 521 2872 578 vasis
2923 521 3270 591 psalmorum
3319 517 3613 572 veritatem
3665 521 3840 571 tuam.

2199 613 2428 681 Revera,
2457 627 2587 669 vasa
2616 611 2897 680 veritatis,
2929 625 3052 683 qua:
3083 615 3167 666 tot
3194 609 3438 664 virtutes
3471 607 3728 675 capiunt,
3763 610 3848 662 tot

2198 703 2418 761 divinis
2457 701 2733 759 odoribus
2775 701 3119 768 farciuntur,
3153 702 3238 754 tot
3267 696 3558 752 thesauris
3590 695 3848 751 celesti-

2199 793 2309 848 bus
2337 792 2724 849 cumulantur.
2767 790 3012 860 Hydrite,
3054 802 3180 859 qua:
3209 787 3408 842 vinum
3440 774 3666 840 caeleste
3692 785 3845 839 reci-

2201 885 2438 954 pientes,
2484 881 2788 951 puritatem
2834 880 2959 948 ejus
3003 891 3224 947 semper
3257 877 3315 932 in
3355 877 3602 932 novitate
3640 880 3846 929 custo—

2195 973 2382 1028 diunt.
2406 971 2656 1028 Dulcedo
2679 969 2985 1038 mirabilis,
3010 982 3135 1038 quae
3157 966 3350 1022 sarculi
3375 963 3849 1034 corruptionibus

2199 1077 2308 1119 non
2335 1062 2547 1119 acescit
2575 1080 2589 1131 ;
2622 1061 2715 1117 sed
2747 1062 2805 1116 in
2828 1074 2931 1116 sua
2965 1071 3298 1128 permanens
3325 1056 3633 1128 dignitate,
3662 1054 3845 1125 gratia

2195 1166 2418 1222 semper
2477 1151 2802 1222 purissima:
2860 1149 3166 1206 suavitatis
3230 1150 3491 1216 augetur.
3560 1143 3844 1213 Apotheca

2197 1242 2360 1298 valde
2389 1243 2638 1312 copiosa,
2667 1241 2737 1297 de
2767 1254 2878 1311 qua
2908 1253 3034 1295 cum
3068 1238 3270 1293 bibant
3294 1242 3406 1291 tam
3441 1233 3634 1304 magni
3661 1238 3846 1287 terra-

2201 1347 2325 1388 rum
2360 1332 2578 1402 populi,
2613 1331 2844 1387 ubertas
2872 1331 2996 1399 ejus
3021 1329 3204 1383 nescit
3226 1324 3489 1396 expendi.
3522 1324 3707 1392 Quam
3739 1322 3848 1376 mi—

2199 1422 2405 1479 rabilis
2428 1428 2614 1477 autem
2637 1435 2704 1476 ex
2727 1421 2872 1490 ipsis
2895 1418 3130 1489 profluit
3155 1415 3444 1472 suavitas!
3469 1413 3843 1469 Dulcisonum

2199 1524 2477 1582 organum
2539 1510 2809 1565 humanis
2851 1507 3090 1564 vocibus
3141 1505 3506 1561 aemulantur.
3559 1501 3845 1557 Tubarum

2199 1602 2426 1657 sonitus
2469 1599 2870 1671 grandiloquis
2899 1596 3248 1653 clamoribus
3289 1594 3556 1650 reddunt.
3589 1591 3842 1645 Vocalem

2200 1690 2478 1746 citharam
2505 1689 2819 1745 viventium
2846 1687 3188 1743 chordarum
3215 1683 3588 1752 permistione
3613 1693 3848 1747 compo-

442 1773 694 1844 formati,
727 1777 992 1834 turbidos
1021 1787 1076 1834 et
1107 1786 1518 1849 tempestuosos
1543 1783 1766 1837 animos
1796 1783 2088 1836 declinant
2120 1775 2170 1835 Β
2203 1787 2366 1837 nunt.
2391 1782 2459 1835 Et
2482 1779 2764 1850 quidquid
2788 1781 2919 1833 ante
2942 1774 3345 1831 instrumentis
3368 1771 3613 1826 musicis
3630 1767 3845 1823 videba-

440 1862 508 1917 ad
539 1862 836 1932 limpidam
867 1871 923 1921 et
953 1869 1496 1938 tranquillissimam
1528 1870 1722 1925 vitam.
1753 1871 1915 1926 Modo
1950 1883 2088 1938 pro-

443 1951 732 2008 mittentes
761 1955 935 2009 Deum
969 1963 1199 2026 propter
1227 1958 1466 2014 salutem
1499 1959 1854 2014 credentium
1885 1959 2089 2014 visua—

442 2037 576 2094 liter
618 2039 1067 2114 humanandum,
1107 2051 1163 2100 et
1199 2047 1266 2101 ad
1307 2047 1683 2116 judicandum
1729 2047 1919 2102 orbem
1966 2060 2088 2102 esse

443 2133 764 2201 venturum,
809 2132 973 2188 modo
1015 2141 1374 2190 commonent
1413 2136 1680 2205 lacrymis
1723 2140 1946 2206 peccata
1985 2135 2088 2190 di-

441 2215 616 2286 luere,
645 2218 1019 2290 eleemosynis
1049 2223 1259 2279 delicta
1290 2238 1510 2294 curare,
1547 2225 1710 2280 modo
1741 2226 1922 2280 sacris
1948 2237 2086 2279 ora-

439 2305 699 2362 tionibus
727 2316 1044 2366 reverenter
1073 2313 1328 2383 attoniti,
1361 2314 1525 2370 modo
1547 2314 1763 2369 Hebrwi
1795 2312 2082 2383 alphabeti

439 2393 652 2451 virtute
684 2397 974 2470 profundi,
1011 2402 1176 2456 modo
1200 2402 1269 2457 de
1301 2403 1564 2471 passione
1588 2408 1643 2458 et
1668 2402 2087 2458 resurrectione

437 2482 665 2539 Domini
701 2487 976 2543 salutaria
1019 2491 1411 2561 praedicantes,
1455 2493 1619 2548 modo
1653 2491 2084 2546 lamentantium

437 2571 830 2641 deploratione
880 2579 1154 2650 piissimi,
1208 2583 1372 2638 modo
1417 2597 1683 2638 versuum
1723 2581 2082 2650 repetitione,

440 2663 695 2731 quaedam
731 2666 898 2723 nobis
937 2677 1285 2726 sacramenta
1329 2672 1654 2741 pandentes,
1690 2672 1855 2726 modo
1893 2669 2088 2724 canti-

438 2763 634 2807 corum
695 2756 974 2823 graduum
1033 2761 1367 2814 ascensione
1428 2760 2086 2827 mirabiles;postremo

437 2841 707 2905 supernis
737 2841 1006 2899 laudibus
1037 2845 1287 2900 feliciter
1317 2847 1678 2912 inhaerentes,
1708 2847 1866 2901 beata
1899 2845 2082 2914 copia,

438 2925 844 2994 inexplicabile
864 2931 1238 3004 desiderium,
1262 2935 1538 3003 stupenda
1563 2934 1940 3004 profunditas.
1963 2935 2084 2990 Non

442 3017 625 3078 potest
652 3015 881 3073 animus
922 3018 1109 3076 ﬁdelis
1148 3022 1362 3092 expleri
1403 3024 1502 3093 qui
1535 3024 1772 3094 coeperit
1813 3025 1946 3081 inde
1985 3038 2086 3080 sa-

437 3100 593 3156 tiari.

506 3191 716 3248 Psalmi
745 3200 878 3250 sunt
901 3196 1168 3269 denique,
1195 3199 1295 3270 qui
1320 3199 1486 3256 nobis
1506 3205 1696 3271 gratas
1717 3200 1938 3257 faciunt
1960 3215 2082 3257 esse

435 3279 688 3352 vigilias,
730 3286 956 3353 quando
996 3287 1191 3342 silenti
1227 3294 1406 3359 nocte,
1455 3289 1834 3359 psallentibus
1863 3291 2077 3361 choris,

437 3367 830 3429 humana.vox
869 3375 1120 3444 erumpit
1159 3377 1216 3430 in
1259 3378 1535 3433 musicam
1569 3397 1582 3448 ;
1615 3378 1919 3448 verbisque
1958 3384 2080 3434 arte

435 3459 767 3529 modulatis,
812 3462 880 3517 ad
916 3463 1081 3519 illum
1124 3465 1311 3522 redire
1355 3465 1512 3535 facit,
1546 3481 1576 3522 a
1609 3483 1722 3538 quo
1763 3482 1864 3538 pro
1897 3468 2080 3523 salute

437 3546 669 3602 humani
689 3551 914 3619 generis
933 3552 1196 3610 divinum
1219 3555 1702 3627 veniteloquium.
1721 3557 1951 3624 Cantus,
1977 3557 2077 3626 qui

432 3649 600 3691 aures
631 3637 895 3710 oblectat,
929 3646 984 3696 et
1008 3643 1231 3699 animas
1259 3645 1517 3713 instruit,
1552 3646 1613 3701 ﬁt
1644 3659 1747 3701 vox
1777 3660 1888 3700 una
1919 3645 2080 3716 psal—

435 3723 694 3794 lentium,
731 3732 785 3782 et
813 3743 940 3784 cum
980 3731 1202 3800 angelis
1230 3733 1351 3800 Dei,
1387 3748 1530 3803 quos
1559 3734 1762 3789 audire
1802 3748 1912 3789 non
1939 3749 2080 3804 pos-

431 3826 652 3882 sumus,
689 3814 921 3872 laudum
963 3819 1130 3874 verba
1167 3820 1492 3888 miscemus,
1528 3834 1626 3888 per
1658 3820 1821 3875 illum
1855 3821 2080 3877 scilicet

432 3900 533 3967 qui
582 3902 736 3956 venit
784 3918 852 3958 ex
895 3907 1111 3962 semine
1159 3908 1356 3973 David,
1408 3909 1713 3963 Dominum
1761 3909 2075 3979 Christum,

431 3987 585 4043 sicut
611 3989 730 4058 ipse
757 3990 816 4044 in
836 3991 1176 4063 Apocalypsi
1203 3994 1378 4049 dicit:
1402 3997 1514 4062 Ego
1534 4011 1650 4050 sum
1668 3997 1834 4051 radiat
1858 4003 1909 4052 et
1932 4000 2080 4065 origo

433 4077 610 4130 David
639 4076 829 4147 (Apoc.
868 4093 1012 4150 xxu,
1050 4079 1133 4152 46)
1161 4100 1174 4145 ς
1199 4095 1231 4136 a
1261 4097 1372 4152 quo
1403 4088 1458 4138 et
1489 4084 1823 4156 religionem
1856 4087 2083 4142 saluta—

433 4177 549 4219 rem
595 4167 940 4234 accepimus,
985 4175 1041 4224 et
1078 4169 1131 4224 S.
1175 4171 1480 4229 Trinitatis
1528 4175 1796 4244 mysteria
1839 4175 2081 4230 revelata

432 4253 853 4322 cognoscimus.
903 4256 1060 4313 Unde
1104 4260 1308 4317 merito
1350 4261 1436 4317 eis
1475 4263 1678 4332 Patris,
1725 4269 1780 4320 et
1823 4264 1982 4333 Filii,
2025 4268 2081 4319 et

431 4340 686 4410 Spiritus
717 4345 900 4400 sancti
935 4360 1045 4402 una
1078 4349 1261 4419 gloria
1291 4351 1566 4421 sociatur,
1605 4356 1670 4407 ut
1700 4351 1946 4422 perfecta
1976 4365 2079 4407 eo-

434 4445 558 4486 rum
600 4433 883 4502 praeconia
920 4437 1382 4506 comprobentur.
1414 4440 1527 4508 Ipsi
1564 4441 1717 4496 enim
1745 4441 1900 4496 diem
1933 4455 2079 4496 ven-

431 4525 626 4576 turum
656 4522 936 4578 matutina
967 4525 1350 4582 exsultatione
1389 4528 1724 4599 conciliant,
1765 4529 1877 4599 ipsi
1911 4529 2078 4586 nobis

434 4609 672 4676 primam
702 4609 896 4666 horam
925 4611 1043 4667 diei
1069 4613 1355 4685 dedicant,
1386 4616 1498 4685 ipsi
1534 4615 1701 4672 nobis
1727 4616 1922 4674 horam
1955 4623 2078 4673 ter—

429 4697 568 4752 tiam
600 4704 954 4771 consecrant,
993 4701 1103 4770 ipsi
1137 4709 1350 4758 sextam
1393 4705 1452 4760 in
1485 4706 1651 4775 panis
1689 4705 2077 4763 confractione

432 4784 740 4848 laetificant,
788 4787 899 4857 ipsi
946 4789 1112 4845 nobis
1156 4805 1302 4847 nona
1336 4793 1559 4863 jejunia
1603 4795 1916 4866 resolvunt,
1963 4796 2075 4866 ipsi

429 4872 524 4927 die
573 4880 852 4941 postrema
895 4878 1267 4950 concludunt,
1313 4881 1425 4951 ipsi
1471 4883 1657 4939 noctis
1699 4883 1965 4953 adventu,
2008 4898 2078 4939 ne

433 4973 590 5016 mens
620 4968 811 5018 nostra
846 4966 1190 5038 tenebretur,
1222 4969 1477 5026 eﬁiciunt
1501 4973 1654 5028 sicut
1685 4973 1796 5042 ipsi
1828 4972 2070 5030 dicunt:

428 5051 553 5106 No.1:
573 5050 906 5106 illuminatio
923 5071 1042 5109 mea
1066 5059 1126 5110 in
1151 5059 1360 5112 deliciis
1389 5061 1540 5123 meis,
1568 5063 1826 5130 quoniam
1847 5066 2077 5122 tenebrae

429 5154 538 5192 non
575 5139 1002 5195 tenebrabuntu-r
1051 5146 1148 5199 abs
1191 5152 1259 5209 te,
1304 5149 1527 5204 Domine
1574 5149 1742 5218 (Psal.
1794 5165 2073 5224 cxxxvm,

434 5224 516 5296 11,
568 5225 651 5300 42)
683 5245 698 5297 ;
727 5233 790 5285 ut
822 5230 1023 5287 merito
1064 5246 1121 5287 se
1147 5247 1179 5289 a
1221 5249 1350 5292 vera
1395 5237 1510 5293 vita
1555 5239 1748 5296 credat
1795 5241 2070 5316 alienum,

429 5317 699 5389 quisquis
748 5319 924 5389 hujus
976 5323 1232 5378 muneris
1269 5325 1634 5393 jucunditate
1677 5342 1790 5386 non
1834 5329 2069 5390 fruitur.

2200 1877 2297 1926 tur
2333 1871 2449 1942 agi,
2494 1883 2645 1926 nunc
2689 1867 2962 1938 probatur
3009 1879 3106 1935 per
3143 1861 3455 1920 rationales
3493 1857 3845 1916 substantias

2197 1960 2493 2030 explicari.
2522 1960 2942 2023 Verumtamen,
2971 1967 3327 2025 nequaquam
3351 1951 3539 2020 nobis,
3565 1957 3630 2005 ut
3653 1948 3845 2018 psitta-

2195 2049 2281 2105 cis
2309 2047 2661 2118 merulisque
2700 2046 3048 2101 vernandum
3075 2048 3179 2113 est,
3215 2042 3337 2112 qui,
3371 2042 3509 2097 dum
3536 2038 3706 2094 verba
3738 2051 3844 2092 uo—

2196 2143 2310 2193 stra
2343 2143 2625 2192 conantur
2656 2135 2896 2203 imitari,
2931 2131 3069 2204 quid
3103 2138 3290 2187 tamen
3328 2133 3555 2196 canant,
3591 2139 3845 2182 noscun—

2196 2233 2292 2282 tur
2321 2225 2507 2281 modis
2536 2225 2804 2281 omnibus
2832 2224 3113 2296 ignorare.
3149 2222 3324 2277 Melos
3353 2217 3645 2288 siquidem
3674 2215 3844 2269 blan—

2195 2316 2330 2371 dum
2361 2314 2586 2370 animos
2625 2314 2910 2380 oblectat;
2940 2312 3035 2367 sed
3071 2324 3180 2366 non
3219 2306 3514 2377 compellit
3541 2306 3612 2361 ad
3654 2304 3845 2372 lacry—

2197 2417 2317 2459 mas
2360 2402 2703 2459 fructuosas.
2749 2401 3067 2456 Permulcet
3108 2412 3295 2467 aures,
3337 2396 3434 2452 sed
3475 2409 3589 2450 non
3631 2394 3698 2448 ad
3740 2407 3841 2447 su—

2197 2507 2369 2562 perna
2399 2493 2575 2564 erigit
2603 2493 2920 2548 audientes.
2953 2489 3130 2545 Corde
3159 2496 3346 2543 autem
3377 2484 3835 2554 compungimur,

2195 2582 2244 2636 si
2274 2582 2420 2651 quod
2457 2595 2552 2636 ore
2580 2581 2852 2650 dicimus,
2880 2577 3328 2635 animadvertere
3353 2574 3666 2638 valeamus,
3693 2571 3838 2625 sicut

2198 2670 2258 2724 in
2301 2671 2580 2726 Psalterio
2618 2670 2830 2740 legitur
2864 2687 2876 2722 :
2907 2670 3107 2722 Beatus
3144 2664 3403 2736 populus,
3451 2664 3551 2731 qui
3586 2660 3838 2725 intelligit

2185 2759 2573 2827 jubilationem
2606 2758 2775 2826 (Psal.
2817 2771 3026 2824 Lxxxv,
3059 2755 3142 2825 46)
3169 2773 3184 2824 ς
3211 2761 3267 2808 et
3295 2754 3504 2808 iterum
3534 2769 3546 2804 :
3577 2749 3832 2814 Quoniam

2196 2863 2296 2900 rea:
2327 2850 2501 2900 omnis
2536 2851 2694 2902 terra
2719 2849 2881 2909 Deus,
2923 2845 3142 2915 psallite
3176 2844 3450 2912 sapienter
3480 2839 3655 2908 (Psal.
3687 2850 3831 2900 XLVI,

2193 2935 2265 3007 8).
2290 2936 2593 3006 Philippus
2615 2949 2842 3007 quoque
2857 2934 3152 3005 apostolus
3175 2947 3301 2988 cum
3326 2930 3537 3002 regina?
3558 2928 3837 2982 Candaces

2194 3027 2521 3082 eunuchum
2552 3026 2755 3082 Isaiam
2791 3026 2974 3097 legere
3009 3023 3387 3095 cognovisset,
3427 3019 3762 3088 Scripturas
3788 3015 3832 3068 ei

2109 3109 2158 3172 C
2193 3119 2418 3169 sanctas
2456 3119 2839 3183 competenter
2874 3113 3158 3182 exposuit.
3200 3111 3310 3180 Qui
3355 3114 3658 3178 postquam
3691 3103 3832 3174 quod

2193 3201 2411 3274 legebat
2438 3203 2701 3270 advertit,
2735 3203 2928 3258 statim
2961 3201 3200 3273 gratiam
3234 3197 3599 3268 baptismatis
3629 3194 3838 3264 exqui-

2192 3292 2348 3363 sivit,
2389 3296 2444 3346 et
2478 3305 2605 3347 mox
2635 3290 2880 3361 perfecte
2920 3303 3153 3346 munera
3191 3287 3400 3343 salutis
3436 3285 3660 3354 accepit
3691 3284 3828 3350 (Act.

2189 3394 2316 3450 vm,
2342 3377 2430 3449 27,
2456 3377 2562 3452 39).
2587 3383 2646 3436 In
2674 3380 2978 3452 Evangelio
3001 3379 3172 3434 etiam
3198 3376 3475 3432 Dominus
3497 3374 3586 3429 ait
3612 3393 3625 3428 :
3653 3373 3830 3427 Omnis

2189 3471 2286 3538 qui
2313 3470 2472 3523 audit
2493 3469 2715 3523 verbum
2741 3471 2915 3535 regni,
2943 3473 2992 3522 et
3015 3483 3123 3521 non
3152 3466 3428 3533 intelligit,
3458 3465 3608 3517 venit
3636 3462 3830 3522 malus,

2189 3562 2241 3612 et
2285 3560 2431 3626 rapit
2480 3559 2625 3626 quod
2666 3559 2990 3612 seminatum
3028 3562 3105 3610 est
3142 3558 3198 3608 in
3244 3554 3401 3608 corde
3444 3553 3563 3621 ejus
3613 3551 3828 3615 (Matth.

2188 3661 2315 3718 xm,
2348 3645 2451 3718 49).
2478 3647 2636 3703 Unde
2658 3660 2908 3717 congrue
2931 3647 3103 3702 datur
3128 3643 3377 3714 intelligi
3405 3641 3522 3696 hzec
3551 3641 3679 3696 illis
3704 3653 3830 3709 pro—

2187 3736 2382 3793 venire
2433 3749 2543 3791 non
2610 3749 2791 3805 posse,
2855 3735 2951 3806 qui
3013 3734 3341 3802 Scripturas
3396 3737 3627 3785 sanctas
3699 3740 3834 3797 puro

2188 3827 2356 3882 corde
2405 3829 2693 3881 merentur
2738 3825 3047 3880 advertere.
3103 3825 3180 3878 De
3229 3836 3340 3892 qua
3390 3819 3630 3889 pulchre
3679 3819 3837 3872 Pater

2189 3915 2567 3985 Hieronymus
2603 3914 2687 3968 ait
2723 3930 2786 3964 :«
2823 3913 3193 3983 Margaritum
3242 3909 3524 3982 quoddam
3571 3914 3656 3963 est
3697 3905 3836 3962 Scri-

2194 4008 2358 4072 ptura
2398 4003 2616 4074 divina,
2661 4007 2718 4058 et
2747 4016 2815 4058 ex
2855 4001 3054 4057 multis
3100 3999 3363 4070 partibus
3405 3996 3583 4053 forari
3634 4001 3830 4064 potest.

2189 4092 2487 4163 Quocirca,
2543 4093 2707 4146 Pater
2763 4089 3093 4160 apostolice,
3147 4089 3248 4159 qui
3311 4085 3568 4143 caelestes
3617 4085 3836 4139 litteras

2191 4182 2407 4237 sanctis
2440 4179 2697 4236 moribus
2727 4177 3034 4235 reddidisti
3067 4181 3369 4248 praestante
3398 4176 3531 4242 Deo,
3567 4181 3665 4228 tua
3699 4171 3834 4226 imi-—

2190 4270 2406 4324 tatione
2452 4271 2808 4338 provocatus,
2849 4266 3084 4336 abyssos
3117 4264 3348 4320 divinos
3386 4261 3701 4333 ingrediar,
3738 4258 3831 4329 qui

2188 4357 2436 4412 clemens
2469 4361 2655 4412 errata
2685 4355 2953 4426 corrigis,
2988 4367 3088 4410 nec
3118 4366 3348 4409 severus
3379 4351 3651 4420 imputas,
3686 4346 3830 4417 quod

2110 4435 2470 4500 Demendas.
2522 4461 2548 4493 »
2603 4444 2706 4499 Sed
2769 4448 3071 4513 antequam
3137 4440 3444 4510 apothecas
3499 4435 3834 4507 spirituales

2185 4533 2484 4605 attingam,
2521 4533 2775 4602 quaedam
2819 4531 3026 4586 divisis
3055 4529 3366 4599 capitibus,
3411 4527 3511 4597 qui
3556 4531 3695 4581 sunt
3721 4539 3834 4579 nu—

2186 4635 2342 4678 mero
2392 4621 2584 4678 decem
2633 4626 2689 4676 et
2739 4625 2973 4690 septem,
3027 4619 3248 4674 aestimo
3305 4614 3724 4688 praegustanda,
3775 4619 3831 4666 ut

2186 4725 2316 4767 cum
2372 4724 2566 4766 earum
2619 4722 2806 4765 rerum
2854 4708 3014 4764 locus
3056 4721 3115 4764 se
3159 4706 3443 4774 intulerit,
3493 4703 3686 4773 magni
3734 4715 3833 4756 ue—

2186 4801 2364 4857 ctaris
2395 4805 2562 4870 potus
2591 4798 2958 4855 suavissimis
2991 4794 3474 4854 delectationibus
3507 4793 3825 4849 hauriatur.

2257 4892 2297 4945 Ι.
2339 4890 2418 4945 De
2461 4887 2772 4958 prophetia:
2813 4886 3061 4942 diversis
3099 4884 3399 4955 speciebus
3447 4881 3831 4938 nihilominus

2183 4987 2268 5035 est
2288 4978 2595 5035 dicendum
2615 4982 2697 5047 ut,
2719 4990 2844 5047 quae
2865 4976 2944 5032 sit
2966 4976 3077 5032 ista
3094 4974 3387 5043 Davidica,
3415 4971 3706 5043 possimus
3724 4969 3832 5024 dis-

2185 5069 2428 5124 tinctius
2457 5066 2701 5123 edoceri.

2255 5160 2320 5213 Il.
2353 5157 2467 5213 Cur
2493 5156 2554 5211 in
2586 5155 2933 5226 psalmorum
2965 5153 3178 5223 titulis,
3211 5151 3376 5224 quasi
3408 5157 3713 5207 auctorum
3743 5162 3824 5203 no-

2182 5247 2341 5319 mina
2369 5245 2595 5302 diversa
2625 5244 3012 5314 reperiuntur.

2255 5337 2346 5392 Ill.
2379 5333 2528 5404 Quid
2570 5333 2857 5404 signiﬁcet
2885 5334 2945 5386 in
2973 5335 3155 5401 ﬁnem,
3184 5329 3333 5401 quod
3377 5328 3708 5399 frequenter
3742 5327 3830 5381 in—

427 5405 680 5474 Quorum
705 5408 970 5480 virtutes,
995 5414 1060 5466 ut
1085 5408 1335 5467 breviter
1358 5413 1595 5472 divinus
1624 5431 1810 5474 sermo
1841 5423 2083 5479 conclu-
2183 5425 2412 5481 venitur
2442 5423 2502 5478 in
2529 5421 2740 5478 titulis.

497 5588 528 5618 a
557 5579 636 5632 Ita
669 5593 771 5636 ms.
814 5588 869 5638 et
902 5582 1216 5654 impressus
1253 5600 1480 5659 quoque
1517 5589 1893 5648 Cassiodorus
1929 5591 2012 5648 ait
2039 5604 2073 5646 a
2103 5590 2380 5665 lampade,
2412 5594 2578 5666 quasi
2610 5607 2796 5652 sermo
2828 5594 3060 5652 lucidus
3093 5591 3450 5650 illuminans.
