4054 6192
217 261 355 322 4405

1614 244 2024 308 BENEDICTIO
2062 248 2199 303 DEI.

3478 240 3618 303 4406

284 383 373 440 IV.
400 384 548 454 Quid
570 385 649 442 sit
664 384 1028 455 Psalterium,
1045 382 1133 440 vel
1154 379 1359 453 psalmi
1377 391 1554 452 quare
1571 376 1859 435 dicantur.
1885 420 1887 431 .

1995 384 2248 453 itarcum,
2273 382 2330 438 in
2372 381 2497 438 loco
2521 380 2619 438 ubi
2656 379 2740 436 ait
2766 380 2837 436 de
2866 380 3114 435 Joanne:
3150 393 3177 426 α
3207 340 3368 431 Vidit
3390 379 3618 443 apertos

286 475 347 529 V.
375 474 523 543 Quid
558 475 637 530 sit
668 475 940 544 psalmus.

286 564 374 618 VI.
404 562 553 632 Quid
587 564 664 619 sit
692 562 1001 617 canticum.

286 652 400 707 VII.
433 652 582 721 Quid
611 656 689 707 stt
711 648 1244 721 psalmocanticum.

290 742 430 796 VIII.
452 740 600 809 Quid
633 740 713 796 sit
742 739 1031 796 canticum
1065 736 1367 808 psalmum.

291 831 386 885 IX.
419 831 499 886 De
530 828 937 901 quinquefaria
968 827 1285 884 divisione.

289 919 361 974 X.
394 920 475 974 De
505 918 675 975 unica
709 917 1090 988 inscriptione
1120 914 1442 971 titulorum.

287 1008 385 1063 XI.
412 1007 561 1077 Quid
593 1006 671 1063 sit
689 1005 1028 1077 diapsalma.
1756 1043 1761 1049 .

290 1098 413 1153 XII.
456 1096 656 1152 Utrum
697 1095 757 1151 in
797 1095 1057 1165 quinque
1083 1090 1480 1149 voluminibus
1520 1088 1869 1159 psalmorum

220 1185 300 1243 sit
333 1184 573 1242 secanda
626 1184 936 1255 contextio,
969 1196 1042 1239 an
1088 1187 1240 1239 certe
1288 1194 1440 1237 unus
1486 1178 1633 1235 liber
1673 1175 1874 1233 debeat

221 1273 565 1344 nuncupari.

292 1364 440 1419 XIII.
499 1362 982 1432 Quemadmodum
1034 1360 1095 1416 in
1139 1358 1378 1430 psalmis
1420 1358 1498 1414 sit
1548 1356 1618 1413 de
1645 1354 1875 1411 Christo

150 1488 169 1494 -
220 1452 465 1509 Domino
496 1452 878 1507 sentiendum.

294 1542 440 1597 XIV.
488 1540 974 1611 Quemadmodum
1026 1539 1105 1596 sit
1152 1536 1435 1609 expositio
1463 1535 1685 1607 digesta
1717 1531 1878 1603 psal—

228 1645 471 1689 morum.

297 1719 420 1776 XV.
451 1721 530 1776 De
554 1719 879 1791 eloquentia
900 1718 1081 1775 totius
1102 1716 1247 1788 legis
1281 1714 1513 1771 divina.

298 1811 444 1867 XVI.
475 1811 554 1866 De
586 1810 817 1880 propria
847 1807 1176 1880 eloquentia
1197 1803 1482 1862 Psalterii.

299 1902 467 1957 XVII.
499 1902 645 1955 Laus
672 1898 958 1955 Ecclesia.

299 1991 463 2046 Nunc
493 1989 562 2046 ad
589 1988 944 2060 pramissum
967 1986 1247 2055 ordinem,
1288 1982 1531 2041 Domino
1553 1981 1875 2052 prastante,

230 2079 552 2136 veniamus.
1128 2114 1135 2115 κ

814 2169 857 2222 Ι.
898 2168 975 2222 De
1000 2164 1308 2235 prophetia.

302 2256 607 2327 Prophetia
626 2259 713 2312 est
735 2254 1012 2325 aspiratio
1036 2254 1254 2322 divina,
1285 2264 1409 2321 qua
1429 2253 1663 2305 eventus
1688 2255 1879 2301 rerum

231 2350 334 2402 aut
377 2359 475 2415 per
503 2342 651 2400 facta
693 2349 793 2400 aut
840 2356 939 2413 per
979 2342 1136 2398 dicta
1178 2338 1553 2410 quorumdam
1595 2332 1880 2391 immobili

231 2435 474 2490 veritate
531 2431 889 2503 pronuntiat,
933 2430 1004 2486 de
1056 2442 1168 2500 qua
1214 2428 1356 2483 bene
1394 2425 1627 2497 quidam
1683 2423 1877 2479 dixit:

236 2522 536 2593 Prophetia
565 2526 652 2577 est
680 2519 877 2576 suavis
917 2519 1100 2574 dictio
1128 2515 1378 2573 calestis
1408 2512 1686 2570 doctrina
1725 2510 1883 2567 favos

233 2619 291 2669 et
315 2610 512 2668 dulcia
554 2609 741 2666 divini
784 2607 1002 2678 eloquii
1036 2606 1204 2662 mella
1250 2614 1615 2673 componens.
1646 2600 1804 2656 Unde
1826 2603 1884 2654 et

236 2700 359 2769 ipse
402 2698 578 2753 David
626 2696 686 2752 in
739 2695 958 2766 psalmo
996 2707 1169 2749 cxv111
1217 2692 1485 2748 dicturus
1540 2693 1652 2744 est:
1711 2687 1884 2752 Quam

238 2788 424 2841 dulcia
445 2787 701 2853 faucibus
735 2786 869 2839 meis
907 2784 1121 2853 eloquia
1148 2786 1266 2851 tua,
1293 2777 1578 2848 supermel
1606 2780 1657 2830 et
1671 2778 1880 2843 favum,

236 2878 321 2931 ori
355 2890 489 2930 meo.
521 2874 719 2931 Multis
751 2877 938 2930 autem
997 2871 1184 2928 modis
1214 2869 1412 2941 gratia
1444 2866 1619 2923 istius
1648 2875 1884 2920 munera

240 2962 683 3036 prastabantur;
713 2961 832 3032 sed,
861 2961 1003 3018 utde
1029 2958 1300 3030 plurimis
1321 2968 1497 3026 pauca
1518 2953 1880 3023 complectar,

236 3058 363 3110 acta
417 3056 503 3109 est
546 3065 643 3122 per
696 3050 1055 3121 Operationes
1094 3046 1426 3114 hominum;
1470 3046 1537 3099 ut
1590 3041 1705 3098 fuit
1754 3052 1885 3097 arca

238 3146 373 3213 Noe,
427 3145 483 3197 et
510 3140 856 3197 sacriﬁcium
924 3136 1184 3205 Abraha,
1234 3140 1292 3190 et
1355 3132 1637 3189 transitus
1711 3130 1887 3187 maris

241 3231 439 3288 Rubri.
472 3231 576 3285 Per
610 3228 940 3285 nativitates
980 3237 1207 3298 quoque
1251 3222 1608 3296 geminorum
1654 3221 1803 3276 Esau
1832 3225 1888 3275 et

237 3319 428 3389 Iacob,
460 3318 561 3388 qui
591 3316 919 3373 futurarum
963 3327 1151 3370 rerum
1183 3316 1538 3369 sacramenta
1567 3307 1886 3381 gestabant.

239 3411 343 3465 Per
396 3405 648 3478 angelos,
710 3404 863 3459 sicut
914 3402 1094 3459 locuti
1135 3405 1273 3457 sunt
1316 3398 1576 3468 Abraha,
1628 3396 1714 3452 vel
1764 3398 1885 3467 Lot,

238 3496 524 3554 Zacharia
570 3501 628 3550 et
667 3492 877 3551 Maria.
933 3493 1038 3547 Per
1082 3490 1357 3560 visiones,
1419 3487 1573 3543 sicut
1617 3485 1779 3541 Isaia
1828 3488 1891 3546 et

240 3584 545 3655 Ezechieli,
573 3591 630 3640 et
643 3582 865 3639 cateris
889 3579 1124 3637 sanctis.
1159 3581 1263 3634 Per
1286 3577 1527 3646 somnia,
1561 3577 1715 3632 sicut
1741 3573 1891 3630 Salo-

242 3675 398 3732 moni
446 3679 505 3730 et
546 3672 791 3729 Danieli.
848 3671 951 3726 Per
1002 3668 1209 3724 nubem
1263 3672 1321 3723 et
1367 3679 1557 3722 vocem
1607 3666 1678 3721 de
1724 3663 1887 3733 calo,

242 3763 400 3818 sicut
425 3760 646 3831 lMoysi.
694 3758 851 3813 Unde
879 3761 1131 3825 constat,
1171 3755 1483 3812 secundum
1530 3753 1731 3817 David,
1778 3764 1889 3808 non

247 3863 348 3921 per
374 3847 733 3919 operationes
759 3844 1078 3916 hominum,
1104 3857 1217 3900 non
1249 3856 1348 3913 per
1373 3841 1695 3898 nativitatis
1720 3839 1895 3913 gemi-

244 3951 470 4007 norum,
501 3949 612 3992 non
648 3947 745 4005 per
779 3932 1031 4005 angelos,
1066 3946 1176 3989 non
1209 3944 1310 4002 per
1343 3930 1616 3999 visiones,
1651 3943 1763 3986 non
1794 3943 1893 3999 per

243 4027 552 4086 somnium.
609 4037 719 4080 non
752 4036 851 4094 per
893 4022 1099 4079 nubem
1149 4026 1207 4078 et
1234 4033 1424 4078 vocem
1463 4018 1535 4074 de
1577 4018 1738 4086 calo,
1790 4031 1892 4073 nec

247 4130 345 4187 per
380 4115 529 4173 alios
555 4125 927 4185 quoscunque
966 4111 1182 4180 modos,
1238 4110 1357 4182 sed,
1401 4106 1617 4165 caelesti
1662 4105 1895 4175 aspira-

247 4207 402 4262 tione
440 4202 621 4259 fuisse
666 4200 1033 4271 completum,
1082 4200 1237 4256 sicut
1286 4198 1356 4255 de
1404 4197 1530 4267 ipso
1573 4194 1785 4267 legitur
1833 4192 1891 4248 in

250 4296 268 4348 1
302 4294 515 4363 Regum
562 4289 869 4347 volumine.
901 4290 972 4344 Et
1008 4288 1247 4343 directus
1284 4291 1364 4342 est
1412 4286 1651 4356 Spiritus
1679 4281 1897 4337 Domini

249 4384 306 4436 in
332 4358 512 4435 Dauid
532 4396 568 4433 a
596 4379 685 4433 die
702 4379 804 4432 illa
832 4382 883 4432 et
912 4378 1181 4446 deinceps.
1213 4378 1335 4445 Ipse
1360 4386 1588 4446 quoque
1615 4370 1895 4427 Dominus
1912 4358 1964 4419 ἰ)

252 4471 309 4526 in
360 4467 668 4539 Evangelio
716 4466 894 4523 dicit:
954 4465 1069 4521 «Si
1121 4464 1299 4520 David
1353 4463 1412 4519 in
1462 4460 1677 4531 spiritu
1733 4464 1895 4515 vocat

249 4556 714 4625 eumDominum,
734 4554 1018 4626 quomodo
1034 4552 1236 4609 dicitis
1248 4552 1396 4623 quod
1414 4549 1572 4606 illius
1586 4549 1713 4618 ejus
1727 4546 1890 4604 est?»

249 4642 460 4716 (Matth.
491 4658 636 4714 χχιι,
664 4641 776 4715 45.)
802 4643 926 4714 Quo
954 4642 1111 4699 dicto
1148 4639 1608 4713 recognoscimus
1652 4636 1896 4693 eviden—

249 4741 334 4792 ter
362 4748 463 4806 per
489 4734 772 4805 Spiritum
826 4736 1086 4789 sanctum
1138 4728 1320 4786 fuisse
1350 4728 1597 4800 psalmos
1645 4724 1896 4797 prOphe—

247 4829 415 4880 tatos.
439 4822 747 4879 Sciendum
775 4827 861 4878 est
886 4833 1020 4877 sane
1044 4819 1193 4891 quod
1244 4817 1433 4875 omnis
1454 4815 1756 4887 pr0phetia
1793 4820 1900 4871 aut

246 4912 318 4968 de
334 4912 641 4982 praterito,
671 4917 774 4968 aut
799 4910 871 4967 de
892 4908 1177 4980 prasenti,
1203 4912 1305 4964 aut
1325 4906 1396 4963 de
1424 4904 1621 4962 futuro
1647 4910 1899 4976 tempore

251 4999 540 5071 loquatur,
566 5006 666 5057 aut
685 5005 816 5072 agat
842 4998 1089 5070 aliquid.

318 5087 900 5146 Animadvertendum
930 5092 1017 5145 est
1053 5098 1281 5159 quoque
1306 5083 1589 5155 Spiritum
1634 5085 1895 5153 sanctum

249 5177 337 5236 sic
364 5175 547 5234 fuisse
580 5178 873 5248 prophetis
906 5175 1293 5234 sanctissimis
1318 5173 1685 5241 attributum,
1714 5176 1779 5227 ut
1804 5175 1897 5226 ta—

252 5281 377 5325 men
406 5266 477 5323 ad
510 5271 753 5336 tempus,
779 5280 881 5337 pro
912 5265 1246 5322 infirmitate
1272 5263 1467 5321 carnis
1494 5267 1551 5319 et
1574 5260 1900 5318 contrarie-

250 5362 364 5413 tate
390 5355 631 5427 peccati,
650 5354 723 5411 ab
744 5355 891 5426 ipsis
933 5354 1183 5412 offensus
1210 5353 1573 5423 abscederet;
1599 5357 1656 5409 et
1687 5352 1896 5409 iterum

252 5448 530 5517 placatus,
589 5444 699 5503 sub
740 5445 1169 5516 opportunitate
1235 5442 1511 5514 temporis
1579 5442 1892 5499 adveniret.

251 5536 409 5594 Unde
436 5540 494 5593 et
518 5540 752 5593 sanctus
774 5535 1152 5606 Hieronymus
1177 5546 1466 5605 exponens
1491 5530 1896 5604 evangelistam

1902 1682 1960 1746 B

1914 3004 1963 3069 C

1976 472 2149 529 caelos
2186 477 2242 528 et
2273 470 2553 543 Spiritum
2592 476 2859 540 tanquam
2902 470 3221 526 columbam
3265 468 3620 539 descenden—

1977 567 2087 618 tem
2126 566 2184 617 et
2209 568 2524 617 manentem
2558 562 2616 617 in
2650 561 2774 630 ipso
2803 559 3019 629 (Matth.
3056 573 3145 630 111,
3183 556 3286 630 l6).
3326 575 3353 608 »
3384 559 3465 613 Ita
3492 556 3615 613 evi—

1976 652 2134 710 denti
2168 651 2387 707 ratione
2419 649 2705 721 tractavit,
2746 654 2807 705 ut
2844 662 3008 725 nemo
3045 654 3242 704 contra
3279 646 3616 703 sententiam

1980 743 2170 813 ipsius
2212 741 2407 797 venire
2439 744 2762 810 prasumat.
2794 741 2856 794 In
2901 738 3117 809 psalmo
3158 749 3383 808 quoque
3420 750 3450 792 1.
3475 737 3622 791 Pro—

1981 831 2149 902 pheta
2171 835 2298 901 post
2326 830 2657 901 prophetam
2680 832 2873 900 rogat:
2907 828 3175 896 Spiritum
3196 830 3442 881 sanctum
3469 829 3623 879 tuum

1978 937 2047 976 ne
2089 923 2313 989 auferas
2351 936 2387 975 a
2422 935 2522 975 me.
2565 921 2703 974 Nam
2759 918 2809 974 si
2860 930 3099 987 semper,
3159 921 3225 972 ut
3286 916 3373 972 ait
3424 914 3625 970 beatus

1978 1009 2355 1080 Hieronymus
2399 1009 2458 1064 in
2503 1007 2816 1079 prophetis,
2869 1010 3017 1062 esset
3061 1018 3246 1061 sermo
3296 1003 3533 1060 divinus
3570 1006 3626 1058 et

1976 1098 2112 1169 juge
2134 1099 2192 1154 in
2225 1104 2448 1169 pectore
2475 1110 2671 1153 eorum
2703 1095 2935 1151 haberet
2957 1093 3297 1164 hospitium,
3330 1103 3623 1162 nunquam

1980 1187 2180 1244 crebro
2213 1188 2472 1245 Ezechiel
2506 1189 2768 1257 poneret:
2823 1185 2895 1239 Et
2942 1186 3124 1252 factus
3174 1186 3252 1236 est
3302 1195 3474 1235 sermo
3510 1182 3627 1235 Do—

1980 1280 2119 1332 mini
2158 1278 2234 1332 ad
2256 1295 2359 1342 me,
2405 1279 2588 1333 dicens
2612 1276 2818 1349 (Ezech.
2863 1274 3040 1347 v1,1;
3103 1287 3202 1341 v11,
3264 1271 3330 1344 4).
3384 1274 3443 1327 In
3478 1272 3627 1327 libro

1986 1366 2127 1437 quin
2153 1367 2323 1422 etiam
2358 1368 2602 1438 Regum:
2645 1367 2888 1423 Elisaus
2916 1366 3189 1435 propheta
3226 1362 3373 1418 dicit
3401 1361 3472 1416 de
3495 1374 3629 1416 mu—

1984 1452 2144 1523 liere,
2178 1456 2346 1524 cujus
2372 1455 2530 1512 illius
2560 1460 2873 1512 extremum
2895 1454 3179 1511 clauserat
3203 1452 3388 1507 diem:
3412 1449 3631 1504 Dimitte

1983 1558 2101 1597 eam
2141 1546 2275 1612 quia
2293 1546 2355 1597 in
2388 1546 2758 1599 amaritudine
2783 1550 2899 1608 est;
2943 1547 2993 1597 et
3016 1543 3277 1597 Dominus
3306 1540 3501 1593 celavit
3526 1552 3629 1597 me,

1986 1637 2037 1686 et
2072 1648 2183 1685 non
2232 1632 2500 1687 indicavit
2549 1634 2686 1687 mihi
2725 1631 2830 1701 (IV
2874 1635 3001 1699 Reg.
3055 1644 3133 1698 1v,
3163 1626 3273 1700 27).
3326 1626 3634 1697 Apostolus

1987 1734 2214 1792 quoque
2237 1720 2416 1777 dicit:
2459 1723 2534 1775 De
2563 1722 2884 1789 Virginibus
2915 1724 3243 1790 praceptum
3268 1716 3487 1772 Domini
3524 1729 3635 1768 non

1984 1810 2187 1874 habeo;
2232 1810 2518 1864 consilium
2562 1815 2743 1863 autem
2802 1810 2869 1863 do
2910 1806 2959 1878 (Ι
3010 1808 3134 1863 Cor.
3178 1820 3281 1877 v11,
3331 1802 3439 1875 25).
3496 1803 3633 1858 Item

1987 1898 2111 1968 ipse
2142 1903 2575 1954 commemorat:
2619 1919 2645 1950 ‹‹
2672 1899 2787 1953 Hoc
2819 1910 2922 1969 ego
2949 1895 3241 1965 pracipio,
3292 1906 3405 1949 non
3430 1891 3637 1947 Domi—

1991 2001 2100 2043 nus
2129 1989 2180 2051 (I
2207 1987 2322 2042 Cor.
2358 2001 2461 2052 v11,
2487 1984 2571 2056 40)
2599 1982 2810 2059 [Vulg.,
2832 1984 3103 2055 pracipio
3127 1996 3241 2039 non
3258 1995 3381 2051 ego,
3405 1980 3502 2036 sed
3532 1980 3638 2035 Do-

1992 2073 2230 2150 minus].
2246 2075 2438 2132 Etalio
2453 2076 2577 2133 loco
2592 2076 2677 2132 sic
2691 2075 2979 2131 meminit.-
3000 2095 3026 2126 α
3049 2073 3183 2143 Qua
3202 2072 3406 2143 loquor
3421 2065 3632 2143 [Vulg.,

1991 2180 2117 2235 qua
2144 2178 2256 2222 non
2288 2163 2513 2239 loquor]
2555 2165 2866 2222 secundum
2896 2166 3074 2219 Deum
3108 2160 3184 2232 (II
3211 2161 3329 2217 Cor.
3365 2173 3447 2230 x1,
3479 2154 3583 2229 l7).
3607 2174 3633 2207 ››
3729 2214 3735 2227 ι

1993 2256 2148 2312 Unde
2180 2255 2455 2311 similiter
2476 2254 2648 2311 etiam
2684 2253 2908 2310 cateris
2938 2251 3253 2323 prOphetis,
3276 2249 3474 2319 aliqua
3496 2245 3639 2318 qui-

1989 2346 2116 2401 dem
2159 2344 2437 2401 Dominus
2489 2344 2716 2401 locutus
2767 2347 2871 2409 est,
2922 2346 2979 2398 et
3029 2354 3140 2397 non
3195 2337 3524 2409 propheta;
3584 2338 3642 2391 et

1991 2433 2187 2504 aliqua
2219 2433 2525 2502 pr0pheta,
2554 2437 2609 2489 et
2635 2447 2747 2489 non
2779 2432 3074 2487 Dominus.
3100 2430 3212 2484 Nec
3238 2426 3384 2483 illud
3413 2424 3642 2495 specia-

1993 2523 2126 2578 liter
2188 2523 2260 2578 de
2328 2522 2570 2579 Domino
2627 2524 2760 2578 Jesu
2828 2521 3059 2576 Christo
3119 2518 3335 2575 diceret
3397 2516 3640 2570 Joannes

1992 2611 2275 2680 Baptista:
2306 2632 2332 2663 α
2354 2612 2464 2681 Qui
2498 2612 2663 2666 misit
2683 2624 2769 2665 me
2794 2609 3102 2675 baptizare,
3131 2606 3254 2673 ipse
3278 2603 3431 2659 dixit
3455 2600 3600 2657 mihi
3622 2617 3634 2653 ε

1990 2700 2172 2769 Super
2226 2714 2393 2770 quem
2442 2700 2658 2755 videris
2702 2698 2981 2768 Spiritum
3031 2698 3287 2751 sanctum
3336 2692 3399 2747 in
3452 2688 3642 2760 specie

1992 2787 2269 2844 columba
2315 2788 2746 2844 descendentem
2804 2792 2860 2841 et
2909 2787 3229 2839 manentem
3277 2781 3339 2836 in
3398 2792 3484 2844 eo,
3539 2776 3636 2833 hic

1992 2881 2079 2932 est
2118 2876 2217 2946 qui
2275 2875 2529 2944 baptizat
2572 2876 2631 2930 in
2688 2874 2911 2943 Spiritu
2941 2877 3139 2928 sancto
3185 2868 3360 2940 (Joan.
3393 2881 3435 2930 1,
3466 2863 3581 2935 33).
3614 2881 3639 2914 »

1990 2964 2295 3034 Nunquam
2329 2964 2482 3019 enim
2511 2962 2808 3033 pr0prium
2844 2966 2993 3017 esset
3023 2960 3083 3015 in
3111 2957 3355 3014 Domino
3391 2954 3643 3021 Christo,

1996 3053 2145 3125 quod
2199 3051 2469 3121 additur;
2518 3056 2574 3107 et
2614 3054 2932 3106 manentem
2976 3049 3036 3103 in
3086 3060 3173 3113 eo,
3216 3046 3334 3101 nisi
3390 3044 3463 3099 ab
3508 3042 3646 3098 aliis

1993 3154 2403 3211 nonnunquam
2441 3139 2698 3195 recedere
2740 3137 3098 3208 probaretur.
3140 3136 3203 3190 In
3231 3133 3461 3189 Christo
3490 3130 3641 3187 enim

1995 3231 2329 3302 permansit,
2362 3228 2499 3299 quia
2531 3231 2821 3297 peccatum
2847 3238 2959 3280 non
2986 3222 3209 3280 habuit.
3243 3221 3328 3277 Ab
3356 3220 3494 3276 aliis
3513 3220 3646 3289 jure

1994 3319 2283 3385 discessit,
2334 3318 2471 3388 quia
2527 3315 2867 3387 pollutionis
2923 3312 3203 3369 maculam
3252 3311 3643 3381 perceperunt.

1995 3407 2243 3476 Spiritui
2290 3406 2443 3461 enim
2492 3411 2688 3461 sancto
2735 3417 2847 3459 non
2902 3404 3086 3472 potest
3149 3412 3276 3456 esse
3319 3394 3648 3454 communio

1998 3509 2124 3551 cum
2148 3494 2414 3551 delictis:
2439 3508 2564 3550 nam
2582 3494 2672 3549 sic
2703 3492 2982 3562 scriptum
3007 3494 3094 3546 est
3132 3489 3191 3544 in
3224 3487 3375 3545 libro
3403 3484 3649 3554 Sapien—

1998 3584 2094 3640 tia
2132 3583 2491 3640 Salomonis:
2566 3583 2805 3653 Spiritus
2866 3582 3010 3635 enim
3070 3581 3291 3633 sanctus
3344 3574 3651 3644 disciplina

1999 3672 2219 3741 effugiet
2273 3675 2475 3741 ﬁctum,
2533 3675 2584 3726 et
2625 3673 2839 3738 auferet
2885 3684 2940 3723 se
2986 3684 3023 3722 a
3050 3664 3484 3736 cogitationibus,
3532 3676 3650 3731 qua

1999 3765 2129 3819 sunt
2149 3762 2262 3815 sine
2289 3760 2564 3815 intellectu
2602 3757 2753 3830 (Sap.
2791 3773 2832 3829 1,
2862 3756 2934 3830 5).

2068 3849 2170 3905 Est
2184 3854 2373 3905 autem
2400 3848 2698 3919 prophetia
2735 3845 3104 3919 magnificum
3136 3843 3317 3899 nimis
3349 3845 3407 3897 et
3432 3838 3651 3895 verilo-

2001 3951 2179 4008 quum
2200 3936 2429 3993 dicendi
2462 3950 2659 4008 genus,
2686 3950 2797 3993 non
2839 3935 3086 3990 humana
3113 3932 3403 3989 voluntate
3431 3940 3652 3997 compo-

2000 4025 2200 4092 situm,
2233 4024 2327 4079 sed
2354 4024 2553 4079 divina
2591 4023 2974 4094 inspiratione
3025 4020 3341 4093 profusum,
3390 4018 3544 4075 sicut
3571 4015 3655 4071 ait

1999 4113 2201 4168 Petrus
2273 4111 2622 4181 apostolus:
2672 4114 2795 4168 Non
2867 4113 3010 4165 enim
3063 4112 3340 4164 voluntate
3415 4108 3657 4161 humana

1999 4202 2176 4256 allata
2222 4205 2301 4255 est
2351 4198 2655 4269 aliquando
2690 4199 2997 4269 prophetia,
3046 4199 3142 4253 sed
3200 4198 3416 4268 Spiritu
3468 4198 3657 4250 sancto

2000 4292 2282 4360 inspirati,
2320 4290 2485 4343 locuti
2524 4291 2653 4342 sunt
2702 4290 2881 4341 sancti
2943 4288 3037 4340 Dei
3090 4287 3329 4340 homines
3376 4284 3454 4354 (II
3507 4286 3654 4339 Petr.

2001 4394 2043 4449 1,
2075 4377 2181 4451 34).
2232 4380 2371 4434 Nam
2396 4382 2452 4433 et
2488 4375 2702 4432 Paulus
2729 4374 3025 4446 apostolus
3070 4373 3251 4429 dicit:
3283 4373 3388 4438 Qui
3413 4373 3658 4442 prophe—

2001 4472 2103 4530 tat,
2152 4467 2459 4522 hominibus
2489 4466 2733 4535 loquitur
2782 4464 2856 4518 ad
2896 4463 3327 4532 aediﬁcationem,
3372 4466 3424 4515 et
3452 4460 3659 4515 exhor-

2000 4558 2276 4619 tationem,
2322 4560 2373 4610 et
2422 4554 2842 4609 consolationem
2891 4550 2944 4621 (Ι
2971 4550 3089 4606 Cor.
3126 4563 3238 4617 x1v,
3271 4545 3341 4620 4).
3372 4550 3441 4603 Et
3485 4548 3658 4622 paulo

2003 4649 2179 4714 post:
2262 4644 2368 4710 Qui
2416 4643 2709 4713 prophetat
2757 4641 3057 4695 Ecclesium
3111 4638 3361 4707 aediﬁcat.
3418 4635 3470 4705 (Ι
3532 4636 3653 4691 Cor.

2002 4729 2529 4805 x1v,i4).1Edificat
2557 4730 2742 4800 plane,
2789 4728 3019 4801 quando
3065 4740 3156 4782 res
3183 4724 3529 4797 incognitas,
3558 4725 3660 4781 ni-

2010 4822 2232 4892 misque
2257 4819 2610 4877 necessarias
2631 4815 3064 4889 pralocutionis
3084 4813 3359 4871 beneﬂcio
3381 4812 3660 4871 facitesse

2007 4909 2359 4966 notissimas.
2414 4909 2550 4964 Nam
2583 4911 2640 4963 et
2678 4906 2894 4978 quibus
2940 4905 3071 4960 data
3117 4908 3204 4960 est
3245 4901 3490 4960 facultas
3518 4902 3659 4960 bene

2008 4997 2393 5069 intelligendi,
2419 4996 2503 5053 vel
2545 4993 2959 5065 interpretandi
2989 4992 3315 5064 Scripturas
3352 4992 3599 5063 divinas,
3625 5006 3659 5048 a

2010 5099 2240 5144 munere
2265 5083 2577 5156 prophetia
2605 5097 2719 5140 non
2748 5083 3021 5140 videntur
3048 5082 3289 5152 excepti,
3321 5080 3473 5137 sicut
3500 5079 3661 5149 Apo-

2006 5177 2192 5235 stolus
2218 5175 2303 5231 ait
2340 5174 2400 5233 in
2440 5173 2683 5244 epistola
2724 5172 2795 5229 ad
2838 5171 3170 5229 Corinthios
3221 5173 3275 5227 I:
3330 5190 3356 5221 α
3404 5168 3658 5238 Spiritus

2008 5265 2413 5337 prOphetarum
2446 5260 2741 5333 prophetis
2766 5260 3061 5331 subjectus
3098 5264 3204 5316 est.
3240 5276 3266 5308 ιο

2075 5354 2203 5415 Sed.
2250 5351 2520 5422 quoniam
2565 5351 2637 5407 de
2680 5350 2993 5421 prophetia
3037 5344 3375 5404 muneribus
3427 5357 3660 5415 compe—

2010 5446 2193 5500 tenter
2214 5439 2477 5508 forsitan,
2500 5453 2627 5510 qua
2649 5439 2938 5511 leguntur,
2976 5434 3334 5509 agnovimus,
3359 5446 3514 5491 nunc
3535 5448 3661 5506 qua:

1998 5533 2216 5592 restant
2239 5526 2490 5587 sollicite
2524 5533 2971 5600 perscrutemur.
