4076 6174
416 231 439 290 4
451 229 556 290 407

1294 226 1563 282 APPEND
1631 222 1724 279 AD
1757 220 1916 276 SIEC.
1969 219 2066 275 IX.
2089 247 2158 260 --
2199 213 2558 272 AUCTORES
2607 211 2942 269 ANONYMI.

3673 201 3826 263 1408

410 361 478 417 II.
508 359 618 416 Cur
643 360 704 414 in
731 359 1071 431 psalmorum
1094 360 1290 423 titulis,
1324 361 1485 430 quasi
1520 358 1805 410 auctorum
1831 351 2054 406 nomina
2081 341 2141 402 A
2164 346 2257 404 Sic
2281 347 2434 405 enim
2472 346 2761 403 dicimus:
2813 341 3042 401 ﬁnitum
3091 339 3306 431 cibum,
3349 335 3454 408 qui
3485 330 3684 431 sedula
3711 343 3827 386 co—

924 431 1142 486 dicersa
1164 432 1530 500 repeﬁuntur.

417 557 430 567 ο
483 523 545 578 lu
588 532 627 576 r
654 520 803 578 libro
873 520 1344 590 Paralipomenon
1405 519 1659 590 legitur:
1719 514 1858 571 Cum
1918 516 2111 582 pro—‘

417 609 582 678 pheta
605 608 778 665 David
810 608 1009 665 devota
1039 609 1281 665 Domino
1297 610 1461 663 aetate
1482 606 1786 674 senuisset,
1811 606 2058 672 quatuor

416 688 892 767 milliajuvenuni
915 711 983 754 ex
1021 697 1337 754 Israelitico
1375 695 1585 766 populo
1625 693 1922 764 delegisse,
1956 689 2055 760 qui

418 787 684 858 psalmos,
734 801 878 856 quos
905 787 1026 856 ipse
1068 786 1298 843 Domini
1326 785 1677 856 aspiratione
1721 779 2056 852 protulerat,

413 878 667 951 organis,
695 876 960 948 citharis,
993 876 1200 946 nablis,
1230 875 1534 946 tympanis,
1557 871 1854 944 cymbalis,
1880 869 2056 938 tubis,

416 966 763 1037 propriaque
819 979 971 1037 voce,
1027 967 1084 1021 in
1155 979 1356 1038 magna
1400 963 1763 1034 jucunditate
1803 970 2062 1030 superna:

415 1055 613 1126 gratia:
669 1060 1056 1125 personarent.
1117 1055 1252 1124 Quae
1303 1053 1496 1109 suavis
1552 1049 1826 1107 adunatio
1875 1047 2065 1103 tribus

419 1143 681 1212 partibus
709 1143 898 1199 divisa
929 1143 1246 1200 constabat.
1300 1140 1620 1198 Rationalis
1655 1137 1974 1210 pertinebat
1993 1136 2062 1192 ad

419 1233 726 1289 humanam
748 1246 975 1302 vocem;
1011 1233 1397 1299 irrationalis,
1422 1245 1486 1286 ae
1523 1231 1900 1285 instrumenta
1932 1239 2066 1280 mu—

417 1321 557 1376 sica.
589 1321 922 1376 Communis
961 1325 1152 1376 autem
1179 1321 1248 1376 de
1284 1319 1588 1390 utriusque
1615 1315 1876 1386 partibus
1899 1317 2068 1383 apta—

417 1407 604 1478 batur,
631 1415 695 1465 ut
719 1415 776 1464 et
803 1423 910 1464 vox
931 1409 1197 1465 hominis
1217 1409 1390 1464 certis
1415 1403 1908 1464 modulationibus
1931 1401 2070 1457 ede-—

418 1503 593 1565 retur,
613 1503 669 1553 et
696 1499 1208 1553 instrumentorum
1235 1497 1410 1552 melos
1430 1508 1675 1551 consona
1695 1506 1753 1549 se
1773 1491 2071 1546 vicinitate

418 1587 806 1655 conjungeret.
841 1585 954 1655 Sic,
993 1586 1196 1640 suavis
1228 1585 1329 1640 illa
1353 1590 1408 1639 et
1429 1583 1683 1651 jucunda
1711 1579 1927 1635 musica
1957 1580 2069 1633 Ec—

419 1673 650 1729 clesiam
677 1673 1016 1728 catholicam
1045 1672 1148 1727 tali
1175 1677 1304 1727 actu
1325 1670 1684 1740 prmdicebat,
1721 1683 1846 1738 quae
1873 1681 1941 1722 ex
1969 1667 2070 1722 di-

420 1759 602 1815 versis
635 1760 873 1831 linguis,
899 1761 1175 1831 varioque
1205 1766 1482 1815 concentu
1505 1760 1561 1813 in
1587 1771 1755 1814 unam
1791 1756 1920 1812 ﬁdei
1943 1769 2071 1814 con-

421 1848 673 1904 cordiam
695 1853 836 1919 erat,
868 1849 1113 1905 Domino
1154 1853 1475 1918 praestante,
1505 1847 1818 1903 creditura.

490 1937 573 1992 Ex
599 1949 712 2007 quo
740 1950 995 2000 numero,
1022 1936 1210 1994 indita
1232 1937 1464 1993 nomina
1495 1935 1821 2006 frequenter
1851 1935 1912 1990 in
1939 1933 2073 1988 titu-

424 2023 500 2080 lis
525 2025 872 2096 invenimus,
901 2032 986 2096 ut,
1012 2025 1271 2095 Idithun,
1296 2025 1507 2096 Asaph,
1539 2023 1646 2080 ﬁlii
1679 2023 1879 2092 Chore,
1901 2027 1958 2078 et
1977 2021 2070 2077 his

423 2113 661 2170 similia.
688 2115 811 2170 Non
847 2113 984 2184 quia
1015 2115 1152 2184 ipsi,
1191 2119 1257 2170 ut
1281 2114 1514 2184 quidam
1541 2112 1779 2182 ,jvolunt,
1810 2118 2073 2167 auctores

424 2199 990 2273 fuerefpsalmorum';
1015 2203 1110 2258 sed
1135 2201 1609 2273 quemadmodum
1627 2199 1920 2272 praepositi
1940 2199 2072 2255 arti-

427 2287 654 2363 ﬁcibus,
703 2291 1217 2346 administratores
1265 2304 1460 2347 earum
1514 2303 1703 2348 rerum
1754 2288 2078 2360 probabiles

425 2379 794 2450 exstiterunt,
841 2384 907 2436 ut
950 2379 1220 2436 honorem
1271 2381 1342 2436 de
1388 2378 1488 2435 tali
1543 2377 2078 2435 commemoratione

426 2473 735 2538 sumerent,
779 2469 877 2539 qui
909 2467 1097 2524 oﬁicio
1137 2473 1330 2524 sancto
1369 2467 1592 2524 devotis
1634 2465 1922 2523 mentibus
1953 2479 2076 2520 ser—

427 2555 672 2628 viebant,
711 2558 974 2626 maxime,
1012 2557 1148 2628 quia
1175 2564 1231 2612 et
1260 2557 1488 2612 nomina
1522 2569 1717 2612 eorum
1751 2554 2078 2610 intellectus

429 2657 615 2699 rerum
697 2659 984 2717 congruos
1034 2645 1292 2700 indicare
1358 2651 1693 2700 noscuntur.
1743 2645 1864 2698 Non
1923 2643 2072 2697 enim

427 2733 747 2799 supradicti
769 2733 880 2788 viri
909 2733 976 2787 ad
1015 2734 1262 2802 psalmos
1298 2732 1587 2788 faciendos
1609 2731 1775 2786 electi
1799 2736 1952 2800 sunt,
1977 2729 2070 2785 sed

424 2833 521 2875 eos
569 2827 942 2890 congregatos
1001 2825 1223 2874 tantum
1291 2820 1537 2890 legimus
1599 2819 1670 2875 ad
1723 2818 2074 2889 canendum;

427 2905 900 2976 psalmographos
933 2912 1123 2962 autem
1153 2905 1332 2963 fuisse
1353 2906 1598 2962 historia
1625 2906 1782 2962 nulla
1813 2911 2074 2962 testatur.

2167 437 2442 492 mestione
2477 438 2853 504 consumptus
2888 439 3016 497 est;
3063 429 3283 487 ﬁnitam
3333 423 3657 497 pecuniam,
3693 433 3828 490 qua:

2165 525 2404 580 docetur
2430 535 2694 593 expensa,
2723 527 2779 576 et
2805 525 3027 588 caetera,
3059 531 3182 588 qua:
3212 516 3319 572 hoc
3363 513 3532 568 modo
3567 508 3817 580 proban-

2169 617 2264 668 tur
2279 612 2450 668 edici.
2477 611 2771 668 Secundus
2790 609 3011 668 dicitur
3032 606 3166 663 ﬁnis
3189 603 3478 675 perfectus
3501 605 3674 670 atque
3702 609 3833 666 per-

2171 706 2394 771 petuus,
2429 714 2595 772 quem
2624 700 2789 756 modo
2806 697 3158 770 quaerimus;
3191 693 3292 765 qui
3324 698 3448 747 tum
3483 687 3651 744 nobis
3679 698 3828 754 pro—

2171 789 2326 846 tendi
2359 789 2542 860 magis
2567 802 2634 844 ac
2653 787 2888 844 dilatari
2915 785 3143 856 incipit,
3167 781 3396 861 quando
3419 779 3486 834 ad
3510 789 3638 833 eum
3659 787 3830 829 mens

2169 881 2368 937 devota
2423 878 2760 949 pervenerit.
2825 876 2988 933 Finis
3035 887 3171 946 ergo
3213 871 3361 944 legis
3404 882 3472 924 ac
3523 863 3827 936 plenitudo

2171 971 2448 1027 Dominus
2475 974 2665 1024 noster
2695 972 2780 1024 est
2798 966 3084 1033 Christus,
3116 963 3270 1018 sicut
3295 955 3605 1028 Apostolus
3634 953 3815 1008 dicit:

2173 1061 2326 1114 Finis
2375 1061 2519 1114 enim
2544 1058 2675 1125 legis
2721 1061 2799 1111 est
2828 1055 3074 1110 Christus
3114 1051 3191 1106 ad
3215 1049 3498 1118 justitiam
3525 1045 3672 1098 omni
3700 1057 3826 1096 cre-

2175 1149 2326 1225 denti
2351 1145 2516 1218 (Rom.
2549 1162 2606 1218 x,
2644 1143 2712 1218 4).
2747 1145 2828 1202 Ad
2873 1157 3037 1214 quem
3068 1142 3206 1198 dum
3234 1135 3679 1225 pervenerimus,
3727 1131 3832 1225 ni-

2179 1221 2258 1292 hil
2283 1237 2436 1294 ultra
2467 1236 2882 1306 perquiremus,
2915 1232 3009 1288 sed
3055 1231 3112 1286 in
3157 1230 3282 1299 ipso
3308 1222 3694 1282 beatitudinis
3719 1221 3832 1276 ﬁne

2175 1325 2448 1396 contenti,
2471 1325 2804 1396 plenissima
2830 1320 3196 1392 jucunditate
3241 1313 3619 1386 perfruemur.
3651 1309 3830 1377 Cujus

2180 1419 2400 1470 tantum
2434 1427 2593 1470 amor
2624 1411 2869 1483 proﬁcit,
2904 1413 3180 1480 quantum
3236 1403 3565 1460 intellectus
3617 1404 3824 1454 noster.

2177 1503 2418 1558 Domino
2462 1506 2782 1572 prtestante,
2843 1497 3128 1554 clarescit.
3187 1495 3256 1548 Et
3303 1492 3450 1558 ideo,
3500 1487 3731 1559 quoties
3771 1485 3826 1538 in

2177 1591 2370 1646 titulis
2395 1591 2739 1660 psalmorum
2766 1591 2926 1656 ﬁnem
2947 1584 3181 1654 reperis,
3209 1581 3276 1637 ad
3301 1578 3608 1634 Dominum
3631 1574 3830 1630 Salva-

2100 1675 2146 1734 B
2180 1682 2354 1734 torem
2383 1679 2562 1734 aciem
2601 1677 2850 1744 intende,
2899 1673 3110 1744 quiest
3150 1671 3285 1726 ﬁnis
3311 1669 3437 1724 sine
3481 1665 3615 1734 ﬁne,
3641 1668 3699 1718 et
3723 1663 3831 1718 bo—

2183 1781 2382 1823 norum
2403 1766 2658 1822 omnium
2683 1763 3018 1834 completiva
3047 1758 3342 1831 perfectio.

2183 1860 2270 1914 IV.
2322 1857 2464 1924 Quid
2491 1857 2562 1911 sit
2611 1856 2958 1915 Psalterium,
2989 1853 3074 1907 vel
3106 1851 3312 1922 psalmi
3343 1861 3514 1918 quare
3557 1845 3826 1898 dicantur.

2255 1945 2594 2002 Psalterium
2624 1947 2731 2013 est,
2765 1949 2829 1998 ut
2850 1941 3231 2010 Hieronymus
3259 1938 3364 2007 ait,
3400 1935 3460 1990 iu
3488 1933 3720 1988 modum
3747 1930 3832 1986 lit-

2188 2039 2320 2090 tera:
2342 2037 2385 2087 Δ
2406 2032 2636 2089 formati
2661 2031 2804 2102 ligni
2827 2042 3034 2086 sonora
3054 2025 3401 2092 concavitas,
3433 2021 3678 2078 obesum
3697 2032 3832 2073 ven-

2190 2127 2330 2178 trem
2380 2122 2440 2178 in
2482 2120 2882 2191 superioribus
2922 2117 3153 2186 habens,
3201 2113 3301 2170 ubi
3347 2111 3698 2168 chordarum
3744 2106 3832 2161 ﬁla

2188 2211 2446 2284 religata,
2469 2208 2984 2280 disciplinabiliter
3004 2207 3219 2276 plectro
3240 2212 3531 2272 percussa,
3565 2193 3838 2254 suavissi-

2191 2313 2334 2355 mam
2360 2300 2639 2356 dicuntur
2659 2297 2889 2353 reddere
2909 2294 3274 2350 cantilenam.
3309 2290 3452 2346 Huic
3477 2286 3723 2343 cithara:
3753 2297 3837 2354 po-

2187 2388 2324 2445 sitio
2355 2388 2584 2444 videtur
2619 2400 2742 2442 esse
2769 2383 3077 2452 contraria,
3109 2380 3267 2442 dum,
3305 2377 3456 2450 quod
3497 2377 3613 2432 ista
3641 2375 3700 2430 in
3729 2374 3838 2427 imo

2187 2477 2474 2548 continet;
2520 2475 2666 2532 illud
2705 2486 2974 2532 conversa
2999 2473 3120 2527 vice
3148 2473 3334 2542 gestat
3374 2468 3437 2522 in
3485 2465 3696 2535 capite.
3730 2462 3840 2516 Hoc

2187 2571 2374 2622 autem
2407 2579 2585 2638 genus
2605 2563 2805 2633 organi
2833 2573 3102 2617 canorum
3145 2563 3316 2630 atque
3345 2555 3650 2627 singulare
3677 2557 3840 2621 apta—

2189 2659 2284 2710 tur
2315 2653 2542 2722 corpori
2567 2651 2796 2708 Domini
2830 2647 3162 2717 Salvatoris,
3190 2645 3464 2716 quoniam
3491 2643 3650 2699 sicut
3688 2639 3838 2694 istud

2188 2741 2257 2796 de
2285 2740 2595 2796 altioribus
2618 2743 2802 2806 sonat,
2825 2737 2930 2808 sic,
2957 2741 3014 2792 et
3045 2734 3187 2790 illud
3211 2733 3476 2806 gloriosae
3507 2727 3839 2786 institutio—

2189 2829 2280 2885 nis
2296 2842 2542 2898 superna
2566 2826 2940 2886 concelebrat.
2969 2825 3126 2880 sicut
3157 2823 3279 2893 ipse
3318 2822 3378 2876 in
3404 2817 3723 2890 Evangelio
3748 2815 3838 2871 di-

2189 2917 2303 2973 cit:
2331 2919 2435 2984 Qui
2467 2921 2545 2972 est
2581 2916 2647 2970 de
2689 2919 2855 2984 terra,
2897 2913 2962 2968 de
2992 2917 3141 2967 terra
3179 2916 3275 2981 est,
3303 2913 3354 2964 et
3377 2909 3443 2962 de
3473 2913 3625 2962 terra
3663 2906 3838 2974 loqui-

430 2995 498 3048 Et
546 2999 1066 3064 praesumptuosum
1121 2999 1208 3051 est
1254 2995 1446 3052 dicere
1492 2996 1642 3067 quod
1693 2995 1854 3052 nulla
1898 2995 2083 3065 possit
2107 3001 2155 3063 ε]
2189 3011 2282 3062 ίαν
2302 3026 2319 3074 ς
2351 3009 2450 3076 qui
2479 3011 2659 3062 autem
2683 3005 2748 3059 de
2779 3003 2904 3058 cauo
2945 3003 3116 3065 venit,
3151 3015 3274 3070 qua:
3309 2999 3471 3061 uidit,
3509 3001 3563 3050 et
3610 2994 3840 3054 audivit,

427 3081 769 3138 auctoritate
795 3083 1030 3140 ﬁrmari.
1061 3084 1314 3141 Psalmos
1338 3085 1490 3141 enim
1515 3085 1584 3140 ad
1617 3085 1804 3140 solum
1822 3083 2082 3154 prophe—

429 3178 546 3226 tam
587 3171 764 3227 David
815 3173 1120 3244 pertinere,
1195 3174 1370 3230 certis
1433 3173 1761 3230 declaratur
1819 3173 2078 3228 indiciis.

427 3259 685 3330 Denique
717 3261 775 3316 in
805 3260 1168 3334 Apocalypsi,
1211 3262 1407 3320 volens
1447 3262 1603 3318 istud
1635 3276 1780 3332 opus
1807 3261 2078 3333 intelligi,

430 3347 615 3428 solius
645 3349 910 3406 meminit
943 3351 1175 3407 dicens:
1209 3353 1336 3406 Haec
1377 3352 1512 3406 dicit
1538 3352 1770 3406 Sanctus
1800 3354 1852 3404 et
1889 3351 2082 3412 Verus,

431 3439 528 3506 qui
568 3439 730 3494 habet
765 3440 968 3494 clauem
1008 3441 1207 3503 David,
1240 3443 1338 3510 qui
1379 3442 1559 3511 aperit
1596 3445 1646 3494 et
1673 3455 1824 3494 nemo
1853 3439 2083 3500 claudit,

429 3527 640 3582 claudit
677 3531 728 3582 et
778 3543 930 3582 nemo
971 3531 1148 3598 aperit
1175 3527 1364 3599 (Apoc.
1417 3545 1502 3582 ιιι.
1552 3525 1625 3600 7).
1673 3530 1736 3584 In
1777 3526 2084 3600 Evangelia

433 3629 660 3686 quoque
717 3616 1023 3674 Pharisaeis
1076 3619 1197 3688 ipse
1242 3617 1522 3674 Dominus
1561 3617 1710 3673 dicit
1749 3634 1762 3670 :
1813 3615 2084 3682 Quomodo

432 3719 558 3772 ergo
600 3705 780 3758 David
824 3707 884 3760 in
915 3707 1118 3776 spiritu
1153 3711 1308 3761 uocat
1347 3722 1467 3760 eum
1511 3707 1818 3767 Dominum,
1859 3705 2082 3758 dicens:

432 3794 587 3846 Dicit
641 3795 904 3848 Dominus
959 3796 1186 3849 Domino
1249 3809 1384 3861 meo,
1457 3799 1564 3848 etc.
1643 3789 1857 3862 (Matth.
1936 3805 2083 3861 xxu,

435 3877 523 3948 4-3,
547 3877 652 3952 44).
685 3881 842 3936 Unde
876 3881 1150 3950 probatur
1174 3882 1472 3938 universos
1502 3879 1748 3950 psalmos
1791 3893 1902 3935 non
1930 3879 2088 3934 mul-

437 3974 624 4026 torum
650 3969 918 4038 existere,
964 3970 1061 4026 sed
1092 3975 1310 4026 tantum
1351 3969 1556 4040 ipsius,
1599 3982 1764 4040 quem
1791 3981 1822 4024 a
1847 3969 2089 4024 Domino

435 4062 658 4114 constat
691 4071 815 4113 esse
842 4058 1224 4114 nominatum.
1258 4057 1409 4114 Usus
1441 4071 1670 4130 quoque
1695 4057 1961 4114 Ecclesiae
1990 4069 2093 4112 ca—

436 4144 685 4211 tholicae,
712 4145 968 4214 Spiritus
1005 4146 1188 4202 sancti
1233 4146 1640 4218 inspiratione,
1675 4147 2016 4218 generaliter
2037 4149 2094 4202 et

394 4283 397 4285 .
440 4231 814 4288 immobiliter
852 4237 1021 4304 tenet,
1058 4239 1120 4291 ut
1165 4235 1500 4307 quicunque
1551 4248 1747 4291 eorum
1774 4233 2092 4290 cantandus

439 4319 639 4390 fuerit,
665 4320 765 4392 qui
795 4321 1022 4380 diverso
1048 4323 1276 4380 nomine
1299 4322 1708 4394 praenotantur,
1734 4323 1910 4378 lector
1929 4321 2088 4378 aliud

441 4411 748 4480 praedicare
792 4425 904 4468 non
929 4412 1154 4480 audeat,
1191 4413 1305 4469 nisi
1343 4413 1597 4482 psalmos
1620 4412 1818 4468 David.
1858 4411 2018 4481 Quod
2040 4410 2089 4466 si

437 4502 627 4554 essent
652 4499 894 4569 proprii.
926 4505 1026 4555 aut
1053 4499 1310 4567 Idithun,
1347 4505 1449 4555 aut
1483 4499 1736 4556 ﬁliorum
1759 4497 1958 4562 Chore,
1992 4499 2102 4554 aut”

438 4587 648 4657 .tsaph,
691 4593 791 4644 aut
819 4589 1022 4658 Moysi,
1071 4601 1268 4644 eorum
1307 4588 1540 4644 nomina
1579 4587 1780 4658 utique
1811 4586 2094 4656 praedica-

443 4680 658 4746 rentur,
683 4676 836 4732 sicut
855 4682 912 4731 et
937 4676 997 4732 in
1023 4676 1351 4748 Evangeliis
1386 4676 1467 4744 ﬁt,
1500 4675 1730 4746 quando
1758 4680 1859 4730 aut
1895 4673 2090 4744 Marci,

441 4764 543 4813 aut
561 4761 743 4830 Lucae,
771 4763 1120 4818 autJoannis
1140 4762 1418 4820 vocabulo
1438 4762 1907 4832 pronuntiantur.
1931 4760 2090 4830 Quod

441 4844 613 4900 etiam
645 4856 876 4905 secutus
896 4852 1060 4906 Pater
1085 4851 1469 4924 Augustinus,
1502 4854 1882 4922 congruenter
1899 4860 2094 4904 omnes

445 4933 692 5002 psalmos
715 4938 862 4994 dicit
881 4952 1004 4996 esse
1031 4939 1354 4997 Davidicos.

445 5041 532 5096 III.
565 5039 713 5108 Quid
738 5043 1019 5112 signiﬁcet,
1055 5046 1114 5100 in
1147 5043 1338 5114 ﬁnem,
1369 5044 1521 5114 quod
1539 5046 1856 5114 frequenter
1892 5043 2095 5098 inveni-

1063 5121 1155 5169 tur
1177 5119 1236 5170 in
1265 5117 1463 5172 titulis.

514 5219 708 5276 Finem
751 5218 979 5277 duobus
1023 5220 1282 5278 dicimus
1333 5221 1538 5279 modis.
1583 5219 1811 5276 Primus
1851 5223 1938 5276 est
1987 5219 2094 5276 iste

445 5309 767 5366 communis
787 5315 960 5380 atque
995 5309 1274 5381 mortalis,
1300 5311 1528 5382 quando
1561 5324 1649 5366 res
1669 5308 1864 5379 aliqua
1905 5309 1976 5365 ad
2007 5321 2087 5364 ex-

447 5404 688 5453 tremum
709 5398 953 5455 deducta
982 5397 1322 5470 pervenerit,
1353 5411 1454 5452 nec
1484 5397 1736 5454 ulterius
1767 5401 1950 5468 potest
1975 5411 2095 5468 pro-

445 5484 607 5556 dire;
645 5487 747 5556 qui
796 5491 984 5544 motus
1013 5486 1106 5545 sui
1140 5486 1451 5544 terminum
1496 5485 1776 5556 probatur
1817 5485 2117 5556 accipere...

2190 3099 2421 3150 testatur
2449 3095 2624 3164 (Joan.
2668 3104 2877 3160 χχχιιι,
2909 3087 3019 3161 32).

2261 3183 2419 3240 Unde
2441 3182 2673 3253 quidam
2703 3181 2808 3238 hoc
2833 3193 2977 3250 opus
3013 3175 3355 3232 Davidicum
3381 3171 3636 3244 psalmos
3667 3169 3846 3226 dictos

2193 3286 2316 3330 esse
2343 3271 2693 3344 praeﬁniunt,
2726 3268 2884 3338 quia,
2915 3267 2987 3324 de
3016 3277 3264 3336 superno
3292 3261 3552 3319 culmine
3584 3269 3846 3315 resonare

2196 3364 2532 3418 noscuntur.
2562 3359 2848 3430 Cognosce
2875 3370 3008 3412 vero
3037 3355 3188 3427 quod
3225 3354 3324 3410 isti
3353 3356 3577 3408 tantum
3614 3361 3726 3419 pro
3751 3359 3847 3401 ex-

2193 3447 2458 3506 cellentia
2478 3446 2573 3502 sui
2593 3445 2864 3502 dicantur
2889 3443 3118 3515 psalmi,
3137 3442 3238 3515 qui
3263 3441 3370 3497 hoc
3389 3437 3692 3495 volumine
3716 3447 3848 3490 con—

2195 3538 2470 3595 tinentur.
2499 3537 2638 3590 Nam
2664 3539 2720 3590 et
2747 3533 3110 3604 Psalterium,
3136 3545 3318 3604 genus
3340 3541 3463 3586 esse
3489 3525 3839 3582 musicorum

2195 3622 2753 3698 [instrumentorum]
2826 3621 3028 3677 Daniel
3099 3619 3375 3690 propheta
3435 3621 3714 3680 testatur,
3773 3610 3842 3664 in-

2195 3714 2437 3784 quiens:
2498 3713 2700 3768 Vocem
2731 3709 2901 3780 tubae,
2949 3709 3174 3772 ﬁstulae,
3225 3706 3530 3769 sambucas,
3591 3702 3844 3757 cithara.

2198 3801 2455 3872 psalterii
2495 3805 2551 3856 et
2597 3799 2972 3870 symphoniae,
3006 3797 3310 3867 omnisque
3347 3793 3573 3866 generis
3609 3790 3847 3846 musico-

2200 3903 2345 3946 rum.
2377 3890 2514 3945 Nam
2535 3887 3072 3958 etParalipomenon
3092 3901 3124 3940 v
3145 3881 3400 3954 exponit,
3429 3895 3561 3938 cum
3591 3879 3772 3942 dicit,
3787 3876 3848 3932 dc

2201 3978 2379 4051 lignis
2407 3977 2646 4048 thyinis,
2671 3989 2797 4047 qua:
2825 3975 2994 4046 vulgo
3031 3973 3251 4029 evelina
3282 3969 3520 4045 [πεύκινα]
3551 3973 3845 4030 vocantur,

2199 4067 2406 4135 gradus
2441 4068 2616 4134 factos
2656 4067 2714 4119 in
2752 4064 2908 4118 domo
2936 4064 3174 4125 Domini,
3219 4065 3270 4115 et
3313 4062 3374 4114 in
3398 4059 3551 4113 domo
3592 4059 3757 4124 regia
3781 4055 3843 4108 ci-

2201 4155 2390 4210 tharas
2434 4169 2665 4224 quoque,
2709 4157 2759 4208 et
2803 4151 3070 4223 psalteria
3117 4149 3428 4205 cantoribus
3476 4147 3554 4216 (II
3607 4147 3740 4200 Par.
3774 4155 3846 4205 ιι,

2200 4240 2310 4314 31).
2331 4243 2447 4300 Hoc
2473 4242 2624 4312 apud
2655 4241 2918 4297 Hebraeos
2949 4239 3170 4296 dicitur
3199 4237 3451 4304 nablum,
3479 4233 3640 4305 quod
3674 4238 3848 4289 tamen

2205 4332 2264 4388 in
2307 4331 2698 4402 suprascripto
2751 4328 2904 4384 libro
2953 4325 3240 4399 frequenti
3291 4323 3636 4396 repetitione
3667 4321 3850 4391 vulga-

2204 4427 2322 4478 tum
2349 4425 2452 4476 est.

2273 4512 2461 4579 Ipsum
2505 4521 2635 4564 vero
2668 4507 2948 4578 psalmum
2977 4505 3237 4562 Graecum
3285 4515 3408 4559 esse
3445 4505 3680 4558 constat
3708 4509 3851 4554 voca-

2207 4597 2438 4668 bulum;
2476 4609 2642 4666 quem
2671 4595 2892 4650 dictum
2933 4593 3170 4665 quidam
3199 4592 3427 4660 volunt,
3469 4583 3570 4642 οὶπό
3598 4593 3694 4641 τοῦ
3737 4585 3843 4656 ei}.

2200 4687 2320 4755 λειν,
2357 4687 2462 4744 hoc
2485 4689 2591 4750 est,
2619 4696 2658 4740 a'
2681 4683 2984 4754 tangendo.
3028 4685 3168 4738 Nam
3213 4686 3270 4737 et
3296 4677 3620 4751 psalterias,
3665 4675 3852 4732 citha—

2204 4775 2389 4832 ruedas
2417 4787 2705 4844 vocamus,
2727 4773 2895 4830 docto
2923 4771 3130 4844 pollice
3163 4767 3583 4826 modulationes
3606 4766 3852 4823 musicas

2203 4864 2605 4935 exprimentes.

2347 5011 2353 5016 _
2701 4951 2760 5005 V.
2793 4950 2938 5018 Quid
2988 4951 3062 5005 sit
3075 4949 3349 5022 psalmus.

2273 5031 2533 5096 Ps'almus
2552 5043 2656 5108 est,
2681 5051 2811 5094 cum
2833 5052 2902 5094 ex
2924 5039 3049 5108 ipso
3069 5037 3194 5094 solo
3217 5037 3601 5093 instrumento
3613 5029 3842 5088 musico.

2207 5129 2264 5186 id
2283 5134 2389 5200 est,
2413 5127 2706 5199 psalterio,
2729 5125 3046 5184 modulatio
3073 5125 3330 5198 quaedam
3349 5121 3542 5180 dulcis
3567 5126 3627 5178 et
3651 5130 3844 5176 canora

2207 5216 2596 5289 profunditur.

2685 5305 2772 5361 VI.
2807 5303 2951 5370 Quid
2973 5304 3046 5359 sit
3071 5305 3358 5358 canticum.

2273 5393 2570 5452 Canticum
2621 5398 2727 5463 est,
2778 5393 2926 5465 quod
3001 5391 3070 5449 ad
3122 5391 3390 5448 honorem
3453 5391 3559 5448 Dei
3607 5389 3848 5448 canitur.

2207 5484 2435 5557 quando
2465 5484 2569 5556 qui
2599 5482 2866 5541 libertate
2895 5481 3140 5552 propria:
3185 5479 3344 5536 vocis
3375 5480 3602 5536 utitur:
3635 5491 3738 5534 nec
3764 5476 3850 5532 lo—
