4054 6192
215 323 238 379 l
250 321 355 381 409

1655 320 2058 377 BENEDICTIO
2094 322 2227 377 DEI.

3482 327 3619 387 4410

215 447 385 518 quaci
416 447 804 503 instrumento
846 448 1116 517 cuiquam
1147 445 1368 502 musico
1396 458 1645 501 consona
1674 445 1868 499 modu-
1892 446 1945 505 A
1980 443 2169 500 stinus
2195 458 2380 502 rerum
2430 445 2801 503 obscurarum
2847 450 3268 507 subtilissimus
3298 452 3617 524 indagator,

216 536 433 591 latione
450 537 728 592 sociatur.
755 538 869 591 Hoc
889 539 994 605 est,
1022 535 1169 606 quod
1194 534 1365 589 etiam
1397 547 1549 589 nunc
1577 534 1635 588 in
1662 531 1870 588 divini-

217 625 355 680 tatis
380 624 658 680 laudibus
692 625 907 695 agitur.

577 715 688 768 VII.
729 712 873 778 Quid
915 714 987 766 sit
1009 712 1513 781 psalmocantieum.

286 802 808 857 Psalmocanticum
841 805 981 867 erat,
1030 814 1155 856 cum
1212 800 1594 854 instrumento
1648 788 1869 851 musico

218 892 583 962 pracinente,
626 905 836 946 canens
875 891 1085 945 chorus
1129 888 1366 944 sociatis
1416 886 1655 943 vocibus
1679 883 1872 940 accla—

221 981 431 1050 mabat,
455 979 676 1035 divinis
705 980 991 1034 duntaxat
1020 977 1259 1033 vocibus
1280 976 1612 1031 obsecutus.

251 1070 388 1124 Vill.
416 1068 562 1134 Quid
584 1070 658 1122 sit
676 1070 952 1121 canticum
973 1067 1253 1136 psalmum
1281 1059 1832 1137 [canticopsalmum].

288 1155 875 1226 Canticumpsalmum
917 1160 1059 1225 erat,
1100 1167 1249 1223 cum,
1285 1152 1458 1208 choro
1486 1151 1868 1214 antecedente,

216 1260 313 1301 ars
337 1245 708 1301 instrumenti
745 1243 950 1299 musici
984 1243 1042 1297 in
1076 1255 1246 1298 unam
1284 1240 1739 1296 convenientiam
1770 1252 1874 1293 co-

220 1335 391 1390 miter
415 1332 739 1402 aptabatur,
763 1331 1053 1401 verbaque
1100 1329 1295 1400 hymni
1326 1328 1513 1385 divini
1554 1327 1749 1384 suavis
1770 1339 1873 1381 co—

219 1422 356 1493 pula
406 1419 767 1491 personabat.

578 1509 674 1563 IX.
702 1510 780 1561 De
811 1508 1205 1577 quinquefaria
1230 1506 1513 1560 divisione.

293 1600 446 1653 Hanc
470 1602 682 1666 autem,
717 1608 891 1666 quam
917 1595 1200 1664 diximus,
1232 1591 1694 1663 quinquefariam
1726 1590 1870 1646 divi-

220 1687 462 1755 sionem,
490 1691 658 1755 prout
680 1696 1042 1754 unaquaque
1077 1695 1270 1738 earum
1303 1680 1656 1737 Psalmorum
1680 1678 1872 1734 titulis

1983 532 2132 587 inter
2149 534 2328 589 ardua
2355 535 2478 589 sine
2509 534 2821 591 offensione
2844 537 3196 611 discurrens,
3232 540 3377 615 hanc
3427 542 3620 611 potius

1982 627 2191 689 partem
2223 623 2463 694 elegisse
2513 625 2897 694 cognoscitur,
2937 632 3001 681 ut
3036 629 3216 699 magis
3258 630 3471 685 divisio
3499 644 3621 686 esse

1979 709 2259 778 videatur,
2284 711 2536 766 nominis
2564 712 2749 780 ipsius
2780 712 3102 769 discutiens
3128 716 3481 788 qualitatem,
3507 736 3623 788 σνμ-

1978 796 2151 866 ψαλμα
2174 796 2573 870 (sympsalma),
2607 800 2818 869 quippe
2850 801 3071 856 dicitur
3105 804 3298 859 Graco
3327 805 3618 875 vocabulo,

1980 897 2177 939 vocum
2251 886 2496 941 adunata
2566 882 2875 957 cOpulatio,
2938 889 3194 959 διαψαλμα
3238 888 3623 963 (diapsalma)

1982 986 2111 1028 vero
2140 986 2463 1029 sermonum
2496 980 2662 1044 rupta
2693 977 3053 1032 continuatio
3092 977 3321 1048 docens,
3371 980 3626 1036 ubicun—

1983 1074 2092 1130 que
2144 1068 2429 1131 repertum
2483 1060 2678 1134 fuerit,
2729 1071 2826 1119 aut
2881 1078 3252 1134 personarum
3302 1072 3403 1122 aut
3436 1081 3622 1124 rerum

1984 1150 2105 1204 ﬁeri
2137 1152 2629 1219 permutationem.
2682 1154 2883 1209 Merito
2912 1168 3046 1225 ergo
3094 1155 3206 1210 tale
3258 1169 3460 1212 nomen
3502 1157 3627 1213 illic

1986 1239 2387 1309 interponitur,
2411 1241 2509 1295 ubi
2528 1241 2612 1295 vel
2632 1254 2855 1310 sensus,
2879 1241 2962 1297 vel
2997 1256 3237 1312 persona
3267 1244 3451 1299 dividi
3480 1260 3628 1300 com-

1987 1326 2316 1397 probantur,
2344 1328 2499 1383 Unde
2517 1333 2571 1384 et
2594 1343 2696 1385 nos
2711 1330 3027 1386 divisiones
3049 1345 3297 1402 congrue
3322 1332 3618 1405 faciemus,

1987 1415 2312 1486 ubicunque
2333 1416 2391 1471 in
2415 1417 2651 1486 psalmis
2667 1418 2982 1488 diapsalma
3003 1420 3254 1489 potuerit
3282 1421 3552 1477 inveniri.

2052 1503 2325 1574 Reliquas
2340 1511 2550 1577 autem,
2576 1515 2745 1576 prout
2765 1508 2960 1563 datum
2984 1506 3179 1580 fuerit,
3202 1509 3623 1581 indagabimus,

1985 1590 2080 1645 ubi
2139 1596 2321 1647 tamen
2352 1595 2668 1650 auctoritas
2722 1595 2896 1665 hujus
2944 1597 3198 1652 nominis
3234 1610 3345 1653 non
3378 1600 3630 1668 potuerit

1985 1680 2257 1734 inveniri.

224 1775 478 1846 Ροῐῑιθτίῐ
506 1774 828 1842 convenire:
861 1772 1006 1828 Ῑοσίδ
1034 1770 1358 1860 θρίξίδείῐηίε
1399 1767 1733 1860 ἓξίωοηίῖδον
1771 1767 1867 1823 “bi
1907 1778 1955 1839 Β
1984 1785 2102 1839 ΧΠ.
2140 1787 2331 1860 Utrum
2360 1789 2419 1841 in
2463 1788 2705 1856 quinque
2755 1789 3123 1844 voluminibus
3166 1792 3509 1860 psalmorum
3557 1796 3629 1850 sit

218 1862 674 1935 significantiam
712 1861 1015 1932 quamdam
1046 1857 1533 1930 subsequentibus
1563 1856 1735 1912 rebus
1762 1870 1872 1927 my-

218 1955 368 2010 stica
414 1951 886 2021 interpretatione
931 1948 1293 2005 contradunt.
1328 1947 1432 2003 Sed
1487 1947 1624 2017 quia
1653 1949 1790 2001 sunt
1817 1951 1874 1999 et

220 2042 351 2097 alia
372 2037 710 2096 multifaria
728 2038 1269 2109 superscriptiones,
1291 2049 1434 2106 quas
1452 2034 1874 2105 praetereundus

220 2144 349 2186 esse
380 2142 493 2185 non
536 2127 810 2200 arbitror,
845 2127 1095 2183 breviter
1134 2126 1192 2180 in
1226 2138 1397 2181 unam
1442 2124 1870 2180 conclusionem

221 2219 446 2276 astimo
457 2216 828 2289 colligendas.
848 2222 929 2285 ut,
958 2229 1060 2271 nec
1074 2214 1372 2270 fastidium
1392 2214 1570 2269 lector
1593 2213 1871 2279 incurrat,

227 2322 327 2363 nec
356 2307 416 2361 in
468 2306 676 2362 damno
723 2304 1123 2375 intelligentia
1176 2302 1495 2359 necessaria
1526 2300 1673 2358 forte
1725 2313 1876 2371 prae—

225 2399 420 2452 tereat.
1178 2382 1185 2387 ’

510 2484 582 2538 Χ.
610 2485 687 2537 De
713 2483 876 2536 unica
910 2484 1263 2552 inscriptione
1286 2482 1585 2536 titulorum.

295 2572 579 2641 Quasdam
636 2571 1157 2641 superscriptiones
1208 2570 1556 2641 psalmorum
1592 2582 1689 2639 per
1717 2567 1878 2623 allu-

226 2663 447 2718 sionem
478 2660 838 2716 consimilem
865 2665 1089 2716 constat
1127 2658 1514 2735 spiritualiter
1544 2658 1868 2713 intuendae.

226 2750 391 2821 Quia,
422 2751 471 2807 si
535 2750 788 2805 litteram
822 2762 935 2804 non
979 2750 1326 2818 consideres,
1375 2754 1709 2803 extraneum
1763 2753 1868 2815 est,

228 2852 358 2893 cum
386 2852 497 2893 non
526 2852 591 2893 ea
621 2838 881 2894 invenias
913 2837 972 2892 in
1005 2837 1244 2908 psalmis
1269 2851 1395 2907 qua
1421 2837 1793 2891 continentur
1816 2835 1875 2890 in

230 2925 440 2981 titulis.
471 2926 530 2981 Si
576 2940 707 2983 vero
737 2926 1040 2981 trahantur
1082 2926 1151 2981 ad
1185 2925 1468 2995 tropicum
1497 2924 1873 2995 intellectum,

232 3014 406 3070 ni‘mis
433 3014 701 3071 videntur
728 3015 1185 3082 accommodata,
1219 3019 1282 3070 ut
1315 3019 1401 3069 est
1430 3013 1574 3069 illud
1601 3032 1613 3067 :
1654 3015 1754 3069 Ubi
1790 3031 1875 3069 res

2052 1857 2285 1940 secanda
2321 1860 2604 1922 contentio,
2633 1874 2707 1913 an
2737 1865 2875 1915 certe
2904 1876 3046 1913 unus
3073 1857 3210 1915 liber
3243 1863 3434 1918 debeat
3474 1879 3630 1920 nun-

2052 1943 2265 1997 cupari.

2054 2016 2257 2071 Beatus
2283 2016 2661 2087 Hieronymus
2687 2018 3043 2088 prophetiam
3077 2019 3425 2089 psalmorum
3468 2022 3634 2093 quin-

1985 2119 2093 2175 que
2125 2104 2294 2160 libris
2334 2107 2558 2175 putavit
2603 2120 2726 2162 esse
2767 2106 3155 2177 dividendam,
3190 2109 3327 2178 quia
3382 2110 3441 2165 in
3474 2115 3633 2168 textu

1984 2194 2174 2263 operis
2222 2194 2398 2263 hujus
2449 2201 2653 2265 quarto
2706 2195 2946 2267 legitur:
2995 2199 3112 2267 ﬁat,
3167 2200 3284 2267 ﬁat,
3338 2198 3475 2254 dum
3526 2200 3632 2256 hoc

1985 2282 2153 2338 verbo
2200 2283 2605 2355 intercedente,
2658 2284 2934 2340 nonnulla
2983 2298 3041 2340 se
3098 2286 3361 2343 videatur
3405 2289 3631 2358 aperire

1985 2372 2218 2429 divisio.
2252 2372 2396 2428 Huic
2422 2370 2562 2428 favit
2598 2387 2829 2429 assensa
2869 2375 3196 2444 posteritas.
3256 2377 3456 2445 Credo,
3489 2377 3627 2433 dum

1987 2460 2098 2516 sibi
2148 2462 2479 2544 consultum
2522 2462 2839 2531 judicavit:
2897 2463 3048 2532 quod
3083 2463 3144 2518 in
3200 2464 3411 2521 multas
3441 2471 3632 2536 partes

1986 2550 2321 2607 curtabatur
2367 2552 2601 2608 tadiosa
2652 2552 3065 2623 longinquitas.
3142 2553 3398 2609 Hilarius
3440 2560 3628 2611 autem

1991 2639 2696 2711 Pietaviensisepiscopus,
2712 2641 3041 2696 divinarum
3056 2655 3243 2698 rerum
3258 2644 3633 2701 acutissimus

1986 2734 2043 2783 et
2081 2726 2570 2797 profundissimus
2595 2728 2938 2800 exquisitor,
2969 2733 3385 2802 congruentius
3415 2732 3630 2789 librum

1985 2816 2234 2872 astimat
2273 2816 2390 2871 dici
2436 2817 2641 2873 debere
2689 2818 3072 2887 psalmorum;
3128 2819 3265 2890 quia
3299 2821 3358 2875 in
3405 2821 3633 2879 Hebrao

1990 2919 2165 2961 unum
2197 2905 2460 2961 volumen
2486 2911 2591 2977 est,
2625 2912 2680 2962 et
2715 2907 2979 2977 maxime,
3001 2921 3130 2963 cum
3156 2909 3215 2963 in
3240 2909 3480 2966 Actibus
3508 2923 3635 2980 apo-

1986 2995 2263 3051 stolorum
2289 2995 2766 3066 legaturdictum,
2795 2999 2855 3050 in
2892 2998 3029 3051 libro
3050 2998 3392 3053 Psalmorum
3413 3000 3563 3068 (Act.
3583 3003 3631 3064 Ι,

225 3108 384 3168 gesta
424 3105 822 3173 signiﬁcantur,
867 3104 925 3160 id
973 3108 1079 3166 est,
1126 3119 1244 3157 cum
1271 3104 1419 3170 fugit
1446 3119 1479 3155 a
1503 3105 1645 3170 facie
1685 3103 1877 3158 Absa—
1907 3103 1956 3166 C
1986 3083 2099 3155 30%
2122 3084 2478 3154 Quapropter
2510 3085 2712 3140 merito
2744 3098 2895 3141 unus
2926 3085 3074 3141 liber
3102 3086 3323 3143 diem"
3349 3090 3450 3159 qui
3481 3094 3634 3146 tanta

226 3192 332 3245 Ion.
367 3192 468 3245 Ubi
497 3192 664 3255 locus,
698 3197 763 3248 ut
791 3198 907 3248 est:
952 3208 1071 3246 cum
1100 3196 1239 3246 esset
1266 3192 1324 3244 in
1362 3190 1568 3245 deserto
1597 3192 1870 3247 Idumaa.

232 3281 331 3334 Ubi
367 3280 501 3351 dies,
536 3281 688 3336 sicut
710 3285 835 3337 est:
886 3282 945 3335 in
968 3297 1153 3349 prima
1197 3280 1448 3335 Sabbati.
1516 3280 1620 3334 Ubi
1645 3282 1875 3335 Hebraa

224 3372 463 3433 nomina,
497 3370 652 3425 sicut
678 3375 802 3425 est:
830 3370 1076 3424 Idithun.
1115 3370 1216 3423 Ubi
1251 3370 1403 3436 facta
1434 3373 1512 3423 est
1536 3371 1874 3438 comparatio

222 3464 512 3524 gestorum,
549 3460 606 3514 id
637 3464 744 3520 est,
791 3475 912 3513 cum
950 3460 1185 3512 mutavit
1229 3458 1441 3512 vultum
1483 3473 1641 3512 suum
1689 3474 1869 3514 coram

224 3547 553 3605 Abimelech.
611 3548 705 3603 Vel
759 3547 1078 3617 specierum
1139 3546 1472 3615 consilium,
1525 3547 1581 3602 id
1626 3552 1731 3615 est,
1775 3564 1875 3618 pro

224 3637 606 3692 torcularibus.
639 3637 994 3706 Quapropter
1031 3636 1092 3691 in
1118 3635 1718 3705 superscriptionibus
1741 3637 1879 3693 titu-

224 3722 410 3779 lorum
440 3741 452 3776 :
509 3724 629 3778 sive
665 3725 960 3792 psalmum,
989 3724 1109 3779 sive
1137 3726 1430 3786 canticum,
1463 3724 1584 3779 sive
1623 3725 1879 3793 psalmo-

223 3811 519 3870 canticum,
551 3810 671 3864 sive
699 3812 1259 3881 canticumpsalmum,
1293 3811 1413 3866 sive
1440 3812 1500 3865 in
1526 3815 1706 3881 ﬁnem,
1756 3813 1878 3867 sive

223 3896 449 3966 aliquid
478 3897 549 3951 de
580 3903 754 3967 sexta,
782 3912 949 3967 quam
977 3899 1255 3971 diximus,
1284 3899 1698 3970 complexione,
1725 3914 1881 3970 repe-

224 3985 341 4040 rire
360 3985 649 4055 potueris;
673 3991 772 4040 aut
791 3986 1116 4058 sigillatim,
1141 3993 1242 4044 aut
1264 4003 1463 4059 unum,
1487 3989 1601 4044 duo
1628 3989 1714 4045 vel
1742 3992 1875 4058 tria,

223 4076 342 4129 sive
376 4079 627 4144 quatuor
652 4087 718 4129 ex
745 4074 830 4129 eis
857 4075 1072 4132 inserta
1101 4076 1457 4147 cognoveris,
1485 4076 1554 4130 ad
1590 4076 1723 4131 illas
1752 4078 1878 4131 vir—

227 4168 376 4231 tutes
407 4163 589 4232 trahe,
620 4163 776 4233 quia,
813 4176 1006 4219 rerum
1033 4166 1271 4221 istarum
1315 4165 1778 4221 commemoratio
1805 4166 1873 4220 ad

223 4252 671 4308 similitudinem
697 4253 935 4308 occulta
956 4254 1353 4325 intelligentia
1377 4254 1561 4325 posita
1579 4254 1877 4311 subtiliter

227 4341 539 4397 invenitur.
574 4344 684 4397 Ista
705 4342 857 4396 enim
886 4350 1015 4398 ante
1040 4342 1191 4399 fores
1224 4343 1568 4413 psalmorum
1604 4348 1873 4413 tanquam

1985 3172 2327 3230 auctoritate
2358 3173 2639 3229 ﬁrmatur.

1987 3282 2129 3336 Xlll.
2166 3279 2626 3346 Quemadmodum
2654 3282 2714 3334 in
2733 3280 2959 3350 psalmis
2983 3282 3056 3336 sit
3076 3280 3141 3336 de
3171 3280 3383 3337 Christo
3406 3284 3634 3339 Domino

2552 3352 2914 3407 sentiendum.

2054 3457 2265 3513 Tribus
2289 3458 2477 3513 modis
2492 3458 2696 3527 psalmi
2721 3458 3041 3529 loquuntur
3053 3459 3122 3515 de
3141 3472 3380 3529 persona
3402 3461 3631 3517 Domini

1983 3550 2113 3603 Jesu
2138 3547 2377 3618 Christi,
2406 3562 2506 3617 pro
2530 3548 2913 3603 instructione
2939 3547 3215 3604 ﬁdelium.
3239 3550 3513 3619 Primum,
3539 3563 3638 3621 per

1990 3636 2044 3690 id
2070 3636 2220 3706 quod
2247 3637 2316 3692 ad
2360 3636 2778 3691 humanitatem
2800 3636 2925 3705 ejus
2948 3637 3208 3693 noscitur
3250 3638 3551 3711 pertinere,
3574 3644 3638 3696 ut

1987 3731 2072 3779 cst
2098 3725 2244 3781 illud
2287 3725 2521 3781 secundi
2560 3725 3141 3795 psalmizAstiterunt
3189 3743 3340 3795 reges
3388 3733 3543 3782 terra
3588 3734 3638 3783 et

1983 3815 2258 3883 principes
2299 3820 2662 3868 convenerunt
2707 3817 2767 3868 in
2806 3830 2977 3868 unum
3015 3816 3276 3870 adversus
3327 3818 3635 3881 Dominum,

1986 3907 2035 3956 et
2081 3904 2346 3956 adversus
2380 3903 2656 3957 Christum
2691 3904 2829 3971 ejus.
2859 3904 2926 3958 Et
2965 3904 3024 3959 in
3059 3918 3135 3958 xx
3180 3905 3435 3974 psalmo:
3475 3908 3638 3961 Desi—

1986 3991 2195 4043 derium
2234 3991 2351 4056 ejus
2399 3992 2643 4045 tribuisti
2690 3993 2758 4053 ei,
2792 3996 2842 4045 et
2896 3993 3177 4047 voluntate
3221 3994 3488 4048 labiorum
3519 3995 3636 4063 ejus

1986 4093 2092 4132 non
2120 4077 2406 4142 fraudasti
2446 4093 2584 4132 eum.
2636 4080 2915 4150 Secundo,
2974 4082 3123 4151 quod
3157 4082 3399 4152 aqualis
3428 4086 3484 4138 et
3534 4097 3639 4139 co-

1985 4173 2232 4220 aternus
2287 4166 2615 4220 ostenditur
2647 4168 2820 4234 Patri,
2878 4174 2941 4224 ut
2973 4179 3060 4225 est
3118 4171 3263 4226 illud
3314 4173 3567 4241 ejusdem
3596 4187 3634 4228 ιι

1990 4254 2221 4322 psalmi:
2256 4255 2517 4307 Dominus
2563 4254 2705 4307 dia-it
2742 4256 2817 4307 ad
2860 4273 2978 4311 me:
3014 4260 3191 4313 Filius
3240 4277 3389 4315 meus
3433 4279 3487 4316 es
3538 4266 3637 4329 tu;

1984 4357 2076 4408 ego
2106 4342 2264 4395 hodie
2281 4342 2446 4408 genui
2483 4344 2549 4394 te.
2576 4342 2645 4395 Et
2695 4341 2753 4395 in
2782 4343 3001 4411 psalmo
3035 4358 3124 4399 CXI
3151 4364 3168 4399 :
3198 4350 3389 4402 Tecum
3407 4352 3638 4417 princi—

224 4435 444 4486 sacrata
481 4430 602 4486 vela
635 4431 882 4500 pendent
906 4449 921 4501 ;
955 4445 1054 4501 per
1080 4446 1225 4503 qua,
1258 4433 1309 4488 si
1335 4433 1516 4488 aciem
1544 4432 1751 4487 mentis
1780 4433 1875 4487 in—
1909 4448 1958 4508 ι)
1979 4433 2135 4501 pium
2158 4432 2219 4483 in
2240 4430 2328 4484 die
2345 4431 2566 4484 virtutis
2591 4433 2718 4500 tua,
2737 4432 2795 4482 in
2816 4431 3197 4499 splendoribus
3217 4440 3547 4506 sanctorum,
3572 4453 3640 4491 ea:

229 4520 441 4591 tendas,
472 4520 901 4575 rarescentibus
928 4521 1276 4591 quibusdam
1310 4522 1447 4592 ﬁlis,
1483 4521 1653 4577 facile
1675 4535 1873 4578 eorum

230 4608 539 4677 penetralia
572 4609 900 4665 contueris.
936 4610 1080 4679 Quis
1105 4611 1257 4666 enim
1297 4624 1517 4679 causas,
1548 4615 1633 4667 tot
1677 4610 1876 4665 diver-

225 4695 423 4753 sitates
452 4698 749 4754 nominum
775 4702 936 4768 putat
960 4699 1219 4756 otiosas?
1243 4714 1371 4755 cum
1417 4698 1573 4755 nefas
1619 4700 1716 4770 sit,
1744 4713 1877 4756 cre—

223 4784 374 4855 dere,
397 4787 728 4857 Scripturas
757 4786 988 4844 divinas
1031 4788 1253 4859 aliquid
1286 4802 1702 4858 supervacuum
1731 4802 1876 4846 con-

226 4873 427 4931 tinere.
460 4877 694 4947 Legitur
732 4877 916 4932 enim:
952 4877 1151 4942 Amen,
1191 4894 1348 4932 amen
1395 4879 1514 4932 dico
1551 4878 1700 4932 vobis
1731 4881 1876 4948 quod

224 4963 336 5016 iota
362 4978 551 5029 unum,
584 4971 684 5022 aut
707 4982 852 5021 unus
885 4983 1028 5036 apex
1064 4982 1174 5021 non
1196 4967 1502 5036 praeteribit
1537 4984 1571 5021 a
1596 4968 1728 5035 lege,
1768 4968 1870 5022 ἀο-

226 5066 320 5106 nec
348 5056 527 5109 omnia
573 5056 947 5126 compleantur
976 5053 1199 5125 (Matth.
1248 5069 1304 5115 v,
1340 5053 1443 5128 48).

649 5146 748 5201 ΧΙ.
791 5145 938 5210 Quid
984 5146 1055 5200 sit
1108 5145 1443 5214 diapsalma.

291 5230 448 5287 Inter
471 5235 829 5304 expositores
851 5234 1199 5304 psalmorum
1228 5234 1299 5291 de
1322 5236 1426 5292 hoc
1452 5236 1683 5292 nomine
1712 5250 1875 5307 qua—

219 5316 352 5374 dam
402 5323 662 5381 noscitur
706 5324 1038 5394 provenisse
1085 5323 1414 5380 diversitas.
1473 5326 1869 5396 Hieronymus,

224 5407 510 5466 Hebraica
540 5412 754 5485 lingua
775 5412 1154 5468 doctissimus
1182 5412 1517 5484 inquisitor,
1561 5416 1875 5470 continua—

225 5495 435 5554 tionem
456 5499 714 5570 Spiritus
743 5501 930 5557 sancti
957 5514 1083 5557 esse
1104 5502 1406 5559 conﬁrmat
1432 5521 1446 5574 ;
1473 5503 1545 5559 ob
1579 5504 1705 5574 hoc,
1735 5504 1871 5573 quia

219 5584 542 5659 diapsalmo
571 5590 865 5664 signiﬁcet
888 5603 1132 5662 semper.
1180 5590 1387 5650 Beatus
1430 5598 1621 5654 autem
1667 5593 1874 5665 Augu—

1984 4525 2134 4575 utero
2167 4524 2294 4574 ante
2351 4520 2639 4586 luciferum
2674 4521 2839 4586 genui
2886 4523 2954 4574 te.
3009 4520 3222 4582 Tertio,
3282 4535 3316 4577 a
3366 4523 3639 4581 membris

1985 4608 2267 4678 Ecclesia,
2322 4609 2490 4678 cujus
2521 4608 2643 4677 ipse
2680 4608 2799 4663 dux
2840 4612 2895 4663 et
2942 4611 3114 4677 caput
3138 4612 3225 4663 est
3252 4608 3537 4681 Christus,
3574 4619 3638 4669 ut

1982 4702 2068 4753 est
2099 4698 2243 4753 illud
2278 4710 2372 4752 xxr
2402 4696 2647 4752 Psalmi:
2683 4697 2861 4764 Longe
2896 4712 2930 4750 α
2955 4697 3133 4751 salute
3161 4712 3280 4751 mea
3319 4700 3483 4753 verba
3502 4700 3635 4755 deli-

1983 4792 2189 4841 ctorum
2210 4801 2467 4841 meorum.
2501 4786 2569 4841 Et
2599 4785 2658 4840 in
2690 4785 2906 4855 psalmo
2954 4798 3132 4841 LXVIII
3160 4802 3172 4838 :
3208 4788 3374 4850 Deus,
3420 4792 3482 4842 tu
3530 4792 3636 4847 scis

1982 4877 2356 4945 insipientiam
2389 4890 2581 4943 meam,
2613 4879 2663 4928 et
2692 4875 2890 4928 delicta
2922 4890 3041 4928 mea
3070 4890 3105 4927 a
3144 4878 3194 4928 te
3221 4890 3330 4929 non
3355 4882 3482 4932 sunt
3501 4879 3637 4933 abs-

1984 4968 2243 5032 rondita;
2301 4964 2451 5035 quod
2507 4964 2726 5019 dictum
2791 4976 2891 5032 pro
2966 4977 3317 5035 unoquoque
3378 4966 3633 5024 ﬁdelium

1983 5055 2254 5111 debemus
2277 5055 2551 5123 accipere.
2585 5052 2861 5107 Caterum
2909 5050 3123 5107 delicta
3151 5066 3184 5109 a
3212 5054 3443 5111 Christo
3492 5070 3633 5126 pro-

1987 5145 2196 5199 bantur
2226 5143 2491 5199 funditus
2518 5141 2726 5196 aliena.
2778 5139 2934 5195 Unde
2977 5141 3314 5214 Tichonius,
3366 5144 3425 5199 in
3465 5143 3634 5198 libris

1986 5233 2352 5304 Regularum,
2384 5231 2559 5286 latius
2609 5229 3034 5301 diligenterque
3077 5231 3376 5287 disseruit.
3414 5233 3544 5297 Hoc,
3579 5231 3629 5287 si

1983 5322 2175 5376 animo
2205 5320 2527 5388 condimus,
2563 5318 2721 5373 nulla
2771 5317 3111 5376 confusione
3141 5319 3460 5384 turbamur,
3494 5319 3632 5388 quia

1983 5425 2145 5466 error
2175 5409 2459 5465 maximus
2494 5407 2625 5463 inde
2664 5408 2941 5478 nascitur,
2978 5407 3202 5478 quando
3236 5406 3637 5463 inconvenien-

1985 5507 2069 5555 ter
2094 5498 2355 5554 redditur
2369 5496 2511 5552 alibi
2536 5498 2683 5567 quod
2706 5497 2926 5552 dictum
2945 5500 3168 5550 constat
3188 5494 3256 5549 ad
3284 5494 3466 5551 aliud.
3493 5497 3630 5551 Nam

1982 5590 2033 5647 si
2066 5602 2181 5646 uno
2210 5587 2376 5646 modo
2407 5583 2613 5644 fuisset
2643 5586 2888 5654 locutus,
2918 5584 3052 5656 quis
3081 5583 3207 5655 ejus
3240 5584 3527 5655 potuisset
3550 5598 3638 5659 ge-
