4076 6174
505 231 638 288 MM
1379 227 1668 282 APPEND.
1711 227 1804 282 AD
1839 225 2000 281 SEC.
2045 221 2142 279 IX.

2279 219 2634 277 AUCTORES
2670 217 3006 276 ΑΝΟΝΥΜΙ.
3812 211 3940 269 Ml?

503 355 713 411 minam
761 355 1140 411 substantiam
1197 365 1534 424 agnoscere;
1594 364 1723 406 cum
1770 349 1942 404 etiam
1991 342 2426 404 nuncAvitate
2485 342 2946 413 complectemur,
3019 344 3120 398 aut
3202 342 3402 397 contra
3479 339 3756 396 hmreses
3832 339 3935 393 ali-

505 441 1520 500 intamevidentissimadistinctione
1543 435 2145 495 naturamdivinitatis
2253 435 2393 503 quid
2445 433 2704 489 dicemus
2749 432 3144 489 destruendas.
3203 433 3328 501 Ipsa
3378 435 3462 486 est
3491 430 3662 485 enim
3700 428 3930 484 Domini

501 539 556 589 et
579 534 955 589 humanitatis
975 531 1201 588 Domini
1232 528 1956 600 Christi,aliquinitantur
1977 524 2147 580 sacri-
2253 536 2381 578 vera
2418 521 2687 577 dilectio:
2741 521 3103 578 adversarios
3144 520 3268 589 ejus
3320 519 3456 575 odio
3513 518 3753 574 habere
3812 531 3933 587 per-

501 622 625 694 lega
645 622 936 677 voluntate
977 619 1322 676 confundere
1339 618 1367 671 ‘?

575 709 750 766 Multa
807 723 1033 779 quoque
1084 708 1398 764 secundum
1470 705 1720 760 litteram
1795 705 2144 771 commonet;

505 799 682 854 multa
724 797 1068 867 spiritaliter
1105 795 1300 865 jubet;
1337 807 1610 863 personas
1663 791 1856 847 subito
1884 791 2148 845 decenter

505 888 787 956 immutat,
818 891 880 941 ut
909 899 1062 940 nunc
1089 884 1356 938 Christus
1393 884 1562 950 Deus,
1607 881 1846 936 Verbum
1876 879 2147 934 incarna-

503 979 655 1042 tum;
697 981 753 1029 et
792 975 958 1028 homo
991 972 1193 1043 factus,
1249 978 1420 1040 caput
1467 971 1766 1038 Ecclesiae;
1817 981 1969 1024 nunc
2023 967 2146 1036 ipsa

507 1062 961 1132 Ecclesia;nunc
1009 1061 1172 1116 homo
1198 1061 1429 1130 justus;
1478 1073 1628 1115 nunc
1662 1058 1941 1128 paenitens
1989 1055 2144 1125 loqui

502 1151 780 1220 videatur,
808 1157 870 1205 ut
895 1150 1086 1205 omnia
1126 1149 1449 1204 necessaria
1483 1153 1676 1218 tangat
1704 1152 1877 1216 atque
1905 1144 2149 1200 conclu-

501 1239 616 1293 dat.
644 1238 866 1308 Ubique
906 1237 1303 1307 plenissimum
1325 1237 1644 1292 caelestium
1675 1248 1861 1290 rerum
1889 1238 2148 1288 sanctum

503 1327 688 1382 vibrat
716 1327 1034 1398 eloquium,
1061 1331 1118 1382 et
1158 1326 1447 1395 muliplici
1479 1324 1814 1380 diversitate
1843 1322 2145 1392 virtutum,

505 1419 733 1485 pr0pter
763 1415 997 1471 humani
1030 1414 1255 1486 generis
1285 1413 1634 1484 largiendam
1677 1411 1939 1478 salutem,
1987 1408 2147 1480 regni

501 1504 594 1560 sui
639 1503 926 1559 adoranda
973 1504 1241 1574 mysteria
1291 1503 1424 1572 pius
1477 1502 1816 1570 Redemptor
1869 1499 2146 1553 insinuat.

501 1593 626 1646 llaec
653 1592 779 1646 ideo
811 1590 1029 1660 praefati
1063 1605 1264 1646 sumus
1309 1596 1392 1659 ut,
1421 1603 1548 1645 cum
1597 1594 1828 1643 ventum
1860 1585 2037 1642 fuerit
2080 1585 2146 1640 ad

2257 610 2420 668 fecto.

2468 700 2586 755 XV.
2629 702 2704 754 De
2747 699 3057 768 eloquentia
3085 699 3249 752 totius
3290 698 3420 764 legis
3463 697 3717 751 divinae.

2326 788 2664 858 Eloquentia
2699 787 2842 859 legis
2871 788 3082 843 divinae
3109 787 3379 842 humanis
3409 799 3518 841 non
3550 792 3650 841 est
3686 783 3928 841 formata

2256 877 2638 947 sermonibus,
2673 890 2855 946 neque
2885 875 3143 932 confusis
3179 876 3398 930 incerta
3435 873 3630 929 fertur
3659 873 3928 943 ambagi-

2257 967 2384 1037 bus,
2421 972 2482 1022 ut
2512 971 2612 1022 aut
2641 979 2673 1020 a
2717 965 2887 1020 rebus
2935 965 3247 1034 prmterltis
3289 963 3591 1018 oblivione
3639 961 3924 1024 discedat,

2256 1062 2356 1111 aut
2382 1055 2744 1126 praesentium
2773 1052 3108 1110 confusione
3139 1052 3423 1121 turbet-ur,
3457 1058 3562 1107 aut
3586 1050 3922 1106 futurorum

2254 1144 2454 1199 dubiis
2474 1145 2705 1199 casibus
2724 1143 3026 1212 cludatur;
3049 1142 3143 1197 sed
3167 1141 3352 1211 cordi,
3383 1154 3495 1196 non
3513 1139 3926 1209 corporalibus

2255 1231 2498 1288 auribus
2536 1233 2796 1302 loquens,
2833 1245 3030 1302 magna
3061 1231 3320 1297 veritate,
3355 1243 3558 1299 magna
3603 1229 3922 1298 praescien—

2259 1320 2353 1375 tiae
2376 1320 2644 1375 firmitate
2659 1325 2864 1376 cuncta
2887 1319 3242 1388 dijudicans,
3261 1317 3531 1372 Auctoris
3562 1317 3664 1372 sui
3686 1317 3919 1370 veritate

2259 1409 2546 1464 consistit.
2577 1409 2672 1463 Sic
2696 1408 2848 1463 enim
2884 1407 2944 1463 in
2974 1406 3300 1477 Evangelio,
3328 1406 3400 1460 de
3437 1404 3676 1460 Domini
3701 1404 3912 1459 Christi

2261 1498 2666 1569 praedicatione
2713 1497 2932 1554 dictum
2976 1501 3091 1552 est:
3153 1496 3502 1565 Loquebatur
3545 1500 3737 1548 autem
3782 1495 3913 1548 sicut

2254 1591 2574 1657 potestatem
2611 1587 2834 1649 habens,
2883 1602 2992 1640 non
3016 1587 3158 1640 sicut
3190 1585 3388 1639 Scriba:
3413 1599 3597 1637 eorum
3625 1587 3681 1636 et
3707 1583 3912 1636 Phari-

502 1679 624 1734 loca
653 1679 812 1747 talia,
849 1679 1172 1748 intrepidus
1211 1678 1388 1734 lector
1429 1677 1631 1732 audire
1663 1676 1863 1746 possit,
1897 1675 2047 1745 quod
2093 1687 2152 1730 se
2180 1663 2231 1724 Β
2261 1679 2357 1732 soci
2395 1676 2613 1745 (Matth.
2663 1690 2765 1745 vn,
2814 1674 2928 1739 Q6).
2974 1675 3075 1730 llle
3108 1673 3429 1730 indubitata
3480 1672 3768 1742 loquitur,
3817 1673 3906 1727 cui

494 1767 611 1835 jam
638 1765 950 1822 salubriter
974 1767 1255 1822 didicisse
1279 1765 1630 1837 c0gnoverit.
1660 1765 1806 1820 Illud
1839 1770 2025 1819 tamen
2058 1777 2155 1819 au-

500 1855 766 1910 ctoritate
799 1856 1049 1924 Patrum,
1083 1859 1140 1909 et
1167 1855 1430 1909 veritatis
1464 1854 1650 1923 ipsius
1673 1853 2038 1908 attestatione
2064 1851 2155 1907 tir-

503 1943 760 1998 missima
791 1942 1132 1998 credulitate
1165 1943 1469 1997 tenendum
1518 1948 1634 1997 est:
1684 1942 1868 1997 Unum
1920 1941 1991 1996 de
2019 1941 2156 1995 Tri—

504 2034 701 2101 nitate,
757 2032 877 2087 sive
926 2045 1096 2087 unam
1149 2045 1218 2086 ex
1268 2031 1550 2086 Trinitate
1608 2044 1925 2102 personam,
1975 2031 2150 2086 Deum

508 2121 766 2191 Verbum,
813 2121 1178 2176 miseratione
1220 2120 1546 2176 mortalium
1587 2133 1654 2174 ex
1697 2121 1876 2175 Maria
1920 2119 2154 2190 Virgine

506 2211 791 2266 hominem
834 2209 1045 2266 factum
1095 2215 1406 2278 spontanea
1435 2209 1668 2279 virtute,
1702 2223 1813 2264 non
1847 2208 2152 2263 ministra-

503 2299 652 2354 toria
683 2299 1038 2369 necessitate,
1068 2299 1204 2369 quia
1238 2312 1338 2354 nec
1368 2306 1586 2355 natura:
1607 2313 1723 2353 sua:
1756 2298 1930 2352 ullam
1960 2303 2152 2352 muta—

503 2387 786 2444 bilitatem
801 2388 1103 2454 sustinuit,
1121 2401 1222 2443 nec
1241 2388 1633 2456 assumptione
1645 2387 1855 2456 carnis,
1871 2399 2153 2458 augmen—

501 2483 623 2532 tum
656 2476 961 2532 Trinitatis
980 2476 1185 2546 effecit,
1215 2478 1332 2547 sed,
1363 2478 1516 2532 sicut
1538 2477 1770 2547 quidam
1797 2477 1916 2531 ait:
1952 2478 2151 2531 Macu—

504 2567 588 2621 las
610 2571 834 2621 nostras
860 2565 1000 2620 lavit
1022 2566 1081 2620 in
1105 2567 1405 2636 sanguine,
1439 2579 1611 2636 rugas
1635 2566 1808 2620 etiam
1830 2565 2074 2620 tetendit
2091 2564 2148 2618 in

502 2668 690 2710 cruce.
731 2656 864 2724 Hoc,
905 2668 1035 2709 cum
1085 2656 1163 2709 sit
1192 2655 1313 2723 spei
1360 2661 1566 2709 nostrae
1603 2654 1899 2724 singulare
1944 2653 2150 2722 praesi-

501 2743 687 2813 dium,
713 2741 1007 2796 beatitudo
1037 2742 1415 2808 credentium,
1452 2740 1699 2794 felicitas
1731 2753 1932 2810 magna
1956 2741 2152 2808 justo-

505 2845 652 2900 rum,
688 2844 800 2885 non
833 2830 1108 2884 desinunt
1136 2829 1391 2899 haeretici
1427 2828 1603 2898 impia
1634 2828 1926 2884 voluntate
1951 2841 2154 2884 corro-

503 2919 656 2988 dere,
700 2930 812 2987 quo
854 2917 1102 2973 humano
1129 2917 1322 2987 generi
1360 2918 1567 2974 salutis
1593 2931 1821 2974 causam
1848 2917 2156 2989 cognosci-

505 3013 601 3062 tur
632 3005 987 3076 praestitisse.

509 3097 648 3153 XIV.
682 3095 1141 3162 Quemadmodum
1165 3097 1238 3150 sit
1265 3098 1526 3166 expositio
1557 3097 1766 3164 digesta
1793 3097 2149 3166 psalmorum.

577 3186 767 3241 Primo
809 3185 976 3242 nobis
1014 3186 1083 3241 de
1129 3184 1435 3241 titulorum
1468 3185 1868 3256 inscriptione,
1912 3185 2154 3242 Domino

499 3275 751 3345 juvante,
803 3275 1109 3330 dicendum
1139 3279 1243 3330 est.
1292 3274 1464 3341 Unde,
1512 3275 1668 3330 velut
1718 3273 1992 3331 uberibus
2048 3289 2156 3331 ex-

508 3364 740 3434 pressis,
772 3363 986 3418 lacteus
1007 3376 1212 3418 sensus
1231 3362 1416 3418 dvinae
1449 3363 1878 3432 praedicationis
1902 3369 2148 3419 emanat.

505 3454 664 3521 Tum,
701 3452 1102 3521 unusquisque
1123 3453 1378 3522 psalmus
1409 3466 1507 3522 pro
1538 3466 1642 3508 sua
1665 3453 1943 3523 qualitate
1961 3453 2154 3510 viden-

504 3543 614 3598 dus
633 3546 736 3611 est,
767 3554 836 3596 ne
867 3541 1033 3596 nobis
1061 3541 1414 3597 intellectum
1441 3543 1778 3612 permisceat
1801 3548 1902 3598 aut
1931 3542 2154 3598 occulta

508 3631 750 3686 mutatio
777 3643 985 3699 rerum,
1014 3634 1114 3685 aut
1143 3630 1388 3685 varietas
1411 3631 1739 3687 introducta
1772 3631 2151 3701 loquentium.

504 3719 716 3789 Tertio,
759 3731 1031 3774 arcanum
1074 3719 1299 3788 psalmi,
1336 3720 1566 3789 partim,
1617 3719 1929 3774 secundum
1970 3720 2156 3788 spiri-

507 3807 674 3861 talem
708 3807 1166 3878 intelligentiam,
1212 3807 1419 3877 partim
1461 3807 1774 3862 secundum
1819 3807 2153 3863 historicam

507 3895 828 3964 lectionem,
896 3897 1124 3965 partim,
1173 3895 1484 3949 secundum
1540 3895 1840 3964 mysticum
1899 3909 2150 3967 sensum,

505 3983 863 4039 subtilitates
893 3998 1084 4038 rerum
1123 3983 1464 4052 discutiens,
1501 3984 1991 4055 proprietatesque
2021 3999 2156 4042 ver—

506 4071 728 4141 borum,
782 4078 951 4141 prout
1003 4085 1335 4127 concessum
1378 4071 1574 4143 fuerit,
1620 4074 1868 4130 conabor
1908 4076 2150 4145 aperire.

505 4161 738 4230 Quarto,
773 4167 943 4230 prout
969 4161 1128 4216 locus
1158 4161 1409 4233 exegerit
1443 4164 1714 4218 virtutem
1741 4165 1866 4233 ejus
1908 4164 2156 4221 breviter

505 4251 897 4306 demonstrare
926 4253 1291 4320 contendam,
1321 4241 1613 4322 quatenus
1658 4253 1903 4310 intentio
1941 4255 2152 4325 digesti

505 4340 802 4410 carminis,
852 4341 1050 4396 divino
1094 4354 1343 4410 munere,
1377 4342 1563 4397 oculis
1595 4342 1973 4399 interioribus
2023 4344 2156 4400 elu-

506 4434 712 4484 cescat.
743 4429 1022 4486 Virtutem
1044 4430 1246 4500 psalmi
1265 4431 1396 4486 dico
1417 4430 1855 4500 inspirationem
1875 4433 2150 4501 divinam,

508 4532 620 4588 qua
651 4518 818 4575 nobis
844 4519 1089 4576 intentio
1129 4533 1376 4590 superna
1426 4526 1730 4591 reseratur,
1777 4528 1854 4592 et,
1898 4535 2156 4579 sermone

506 4610 797 4680 Davidico,
833 4623 864 4665 a
895 4610 1060 4664 vitiis
1085 4623 1189 4665 nos
1220 4615 1483 4677 removet,
1516 4615 1572 4665 et
1598 4615 1746 4665 recte
1773 4611 1940 4667 nobis
1970 4613 2158 4670 vivere

510 4702 829 4771 persuadet.
844 4700 1077 4769 Quinto,
1091 4699 1161 4754 de
1185 4698 1387 4754 ordine
1401 4699 1624 4754 numeri
1642 4699 2009 4780 psalmorum,
2025 4717 2155 4758 cum

508 4804 598 4847 res
619 4789 888 4862 exegerit,
915 4788 1388 4858 memorabimus;
1419 4787 1519 4858 qui
1551 4790 2154 4848 reverendissimarum

511 4893 697 4935 rerum
733 4880 945 4934 honore
982 4883 1240 4933 sacratus
1283 4883 1388 4933 est.
1436 4879 1547 4932 Hoc
1575 4878 1727 4933 enim
1770 4893 1867 4948 per
1894 4880 2156 4952 singulos

511 4981 768 5039 quosque
803 4968 1050 5036 psalmos
1071 4965 1256 5022 facere
1281 4966 1449 5022 nobis
1472 4965 1706 5022 difﬁcile
1730 4967 1909 5024 fuisse
1934 4971 2157 5040 proﬁte-

513 5071 660 5127 mur,
713 5056 862 5127 quod
911 5055 1408 5112 indeterminatum
1461 5063 1630 5126 atque
1661 5071 2001 5126 suspensum
2043 5062 2154 5116 Pa-

510 5155 662 5203 trum
693 5144 864 5201 etiam
898 5143 1137 5213 reliquit
1164 5147 1500 5202 auctoritas.
1533 5145 1807 5216 Reliquos
1827 5154 2012 5204 autem
2037 5149 2149 5205 sibi

511 5236 763 5292 calculos
814 5233 1066 5304 diligens
1118 5242 1503 5302 perscrutator
1551 5236 1836 5306 exquirat.
1871 5237 2151 5306 Quoniam

513 5325 692 5381 multa
736 5337 967 5380 accessu
1007 5322 1281 5391 temporis
1313 5325 1370 5378 in
1422 5324 1739 5395 Scripturis
1768 5325 1987 5383 divinis
2020 5328 2156 5384 ﬁent

509 5414 684 5485 clara,
717 5428 844 5485 quae
872 5427 1022 5470 nunc
1046 5413 1316 5468 videntur
1353 5412 1707 5470 abscondita.
1733 5417 1792 5470 In
1819 5416 2156 5474 conclusio-

512 5503 685 5559 nibus
736 5517 886 5575 vero,
919 5507 1018 5558 aut
1049 5515 1328 5559 summam
1378 5501 1559 5557 totius
1599 5503 1801 5572 psalmi
1855 5504 1963 5562 sub
2020 5506 2158 5565 bre-

2263 1766 2454 1822 omnia
2481 1766 2780 1834 praesentia
2797 1770 2954 1836 sunt,
2991 1768 3048 1820 et
3070 1776 3257 1819 rerum
3279 1763 3467 1817 exitus
3484 1760 3762 1830 probatur
3781 1773 3910 1815 esse

2263 1856 2575 1926 subjectus.
2609 1855 2949 1925 Eloquentia
2979 1845 3268 1924 siquidem
3308 1857 3396 1907 est
3423 1852 3492 1906 ad
3511 1862 3897 1920 unamquam-

2264 1961 2374 2016 que
2416 1960 2529 2002 rem
2564 1951 2910 2015 competens,
2950 1949 3006 2000 et
3041 1944 3245 1998 decora
3288 1942 3522 1998 locutio.
3554 1941 3680 1994 Hazc
3723 1939 3903 2009 igitur

2261 2041 2435 2105 casta,
2465 2037 2594 2105 lixa,
2633 2049 2800 2090 verax
2846 2038 2902 2090 et
2941 2040 3151 2090 aeterna
3193 2031 3536 2101 praedicatio,
3577 2027 3755 2084 nimis
3786 2041 3902 2096 pu-

2263 2124 2495 2178 rissimo
2519 2124 2663 2178 nitet
2687 2123 2951 2193 eloquio;
2983 2123 3152 2190 cujus
3178 2119 3405 2175 utilitas
3435 2119 3611 2187 lucet;
3647 2114 3904 2186 magniﬁ-

2260 2213 2448 2268 centia
2503 2212 2740 2268 virtutis
2787 2209 3345 2282 apparet:operatio
3407 2207 3610 2262 salutis
3663 2204 3898 2267 arridet,

2261 2302 2414 2357 sicut
2441 2305 2497 2357 et
2529 2301 2588 2356 in
2623 2314 2797 2356 cxvm
2853 2300 3089 2370 psalmo,
3121 2299 3389 2355 dicturus
3438 2303 3553 2352 est:
3607 2295 3736 2363 quia
3790 2293 3902 2346 elo-—

2259 2394 2450 2460 quium
2477 2396 2630 2446 tuum
2663 2375 2957 2460 viviﬁcabit
2980 2405 3091 2455 me;
3121 2394 3178 2443 et
3205 2388 3446 2443 iterum:
3485 2406 3509 2435 α
3534 2384 3786 2439 Lucerna
3818 2394 3899 2450 pe-

2258 2481 2434 2537 dibus
2459 2481 2602 2536 meis
2631 2481 2864 2536 verbum
2891 2484 3075 2551 tuum,
3104 2477 3364 2538 Domine,
3382 2479 3439 2531 et
3469 2475 3657 2529 lumen
3682 2469 3898 2528 semitiS

2262 2571 2423 2626 meis.
2459 2589 2485 2620 »
2538 2571 2746 2625 Revera
2795 2569 3007 2637 lumen,
3051 2567 3189 2637 quia
3217 2578 3439 2634 semper
3485 2562 3683 2618 vitalia
3719 2559 3888 2629 jubet,

2263 2660 2434 2715 noxia
2456 2659 2738 2729 prohibet,
2775 2662 3000 2713 terrena
3021 2660 3288 2724 removet,
3307 2653 3558 2710 caelestia
3582 2649 3888 2720 persuadet.

2330 2749 2476 2802 Hinc
2495 2752 2551 2802 et
2580 2749 2785 2802 Doctor
2805 2745 3061 2817 gentium
3091 2745 3150 2799 in
3177 2741 3432 2814 Epistola
3449 2744 3469 2796 l
3489 2740 3554 2795 ad
3574 2736 3889 2794 Corinthios

2263 2836 2468 2891 scribit
2507 2853 2519 2889 :
2571 2837 2694 2893 Non
2719 2837 2862 2890 enim
2902 2836 2963 2887 in
2995 2848 3236 2889 sermone
3289 2837 3367 2886 est
3403 2845 3627 2897 regnum
3666 2827 3777 2890 Dei,
3806 2823 3886 2877 scd

2263 2927 2322 2980 in
2347 2926 2565 2980 virtute.
2610 2926 2758 2981 Idem
2790 2924 2860 2979 ad
2891 2922 3250 2978 Timotheum
3291 2920 3343 2974 Π
3387 2921 3453 2988 ll,
3501 2915 3758 2973 meminit
3801 2911 3888 2966 di—

2187 2990 2236 3052 α
2264 3029 2427 3071 cens:
2456 3014 2639 3070 Omnis
2661 3014 2967 3083 Scriptura,
3009 3011 3278 3065 divinitus
3306 3011 3602 3078 inspirata,
3649 3005 3791 3058 utilis
3820 3005 3887 3055 est

2263 3106 2339 3160 ad
2377 3105 2698 3166 docendum,
2737 3103 2814 3158 ad
2863 3101 3224 3169 urguendum,
3283 3098 3358 3152 ad
3409 3095 3777 3162 erudiendum,
3823 3090 3890 3143 ad

2263 3194 2643 3262 corrigendum
2692 3195 2751 3246 in
2789 3192 3107 3261 disciplina,
3169 3204 3285 3259 quae
3309 3192 3388 3242 est
3413 3187 3664 3256 justitue,
3703 3185 3762 3236 ut
3781 3195 3889 3249 per-

2260 3285 2436 3350 fectus
2467 3284 2538 3337 sit
2566 3283 2718 3336 homo
2757 3282 2857 3334 Dei
2885 3280 2960 3334 ad
3001 3295 3155 3334 omne
3192 3292 3324 3348 opus
3362 3276 3558 3330 bonum
3586 3274 3886 3326 instructus.

2263 3375 2408 3439 Haec,
2451 3372 2605 3427 sicut
2651 3371 2839 3427 Patris
2891 3367 3220 3439 Hieronymi
3279 3369 3522 3422 testatur
3567 3359 3884 3418 auctoritas

2262 3463 2414 3532 apud
2445 3462 2706 3518 Hebraeos
2737 3473 2814 3531 ιν,
2847 3463 2947 3515 aut
2975 3459 3262 3528 rhythmo,
3296 3460 3397 3511 aut
3423 3453 3662 3509 metrica
3682 3453 3887 3505 constat

2265 3551 2386 3623 lege
2415 3550 2750 3620 composita,
2775 3562 2920 3619 quae,
2948 3553 3013 3603 ut
3034 3547 3146 3616 ipsi
3175 3545 3399 3612 dicunt,
3425 3541 3687 3597 fastutiis
3714 3536 3883 3594 conti-

2266 3647 2453 3696 netur.
2483 3637 2802 3694 Fastutium
2839 3637 2991 3692 enim
3022 3641 3109 3690 est
3137 3648 3236 3704 per
3280 3635 3560 3688 commata
3605 3626 3882 3698 procedens
3975 3626 3977 3706 χ

2262 3729 2330 3784 ad
2345 3728 2790 3796 depromendum
2809 3737 3037 3781 sensum
3057 3723 3276 3778 naviter
3287 3719 3571 3790 explicata
3595 3714 3877 3784 conceptio.

2262 3817 2440 3886 Cujus
2478 3816 2528 3871 si
2559 3815 2830 3871 virtutem
2881 3813 3060 3869 lector
3091 3811 3343 3882 diligens
3373 3806 3743 3878 percrutaris,
3770 3800 3874 3856 audi

2262 3905 2598 3976 Apostolum
2650 3904 2719 3960 ad
2767 3902 3027 3959 Hebraeos
3073 3901 3395 3956 dicentem:
3444 3898 3617 3951 Vivus
3646 3900 3724 3951 est
3766 3892 3870 3946 enim
3976 3951 3977 3976 ᾗ

2263 3997 2361 4050 Dei
2384 4010 2554 4050 sermo
2582 3998 2632 4048 et
2655 3995 2872 4062 efﬁcam,
2909 3996 2960 4046 et
2993 3992 3172 4045 acrior
3201 3990 3348 4043 omni
3367 3987 3558 4055 gladio
3583 3985 3815 4054 ancipiti,
3840 3986 3871 4032 et
3976 4007 3977 4062 ἦ

2255 4086 2573 4153 pertingens
2621 4097 2795 4151 usque
2831 4081 2907 4135 ad
2957 4080 3276 4134 divisionem
3319 4077 3517 4131 animae
3561 4091 3625 4129 ac
3665 4073 3869 4142 spiritus,

2263 4187 2578 4242 compagum
2618 4185 2828 4239 quoque
2857 4185 2920 4222 ac
2947 4167 3311 4222 medullarum
3350 4169 3400 4219 et
3428 4164 3692 4218 discretor
3727 4156 3869 4225 cogni-

2264 4265 2472 4317 tionum
2495 4266 2546 4315 et
2572 4262 2936 4315 intentionum
2973 4257 3171 4311 cordis.
3220 4255 3536 4323 Scriptura;
3588 4259 3764 4309 autem
3799 4245 3871 4300 di—

2265 4351 2411 4407 vina:
2442 4354 2636 4405 sancta
2667 4347 3030 4418 profunditas
3069 4344 3208 4399 adeo
3251 4356 3588 4399 communes
3629 4345 3867 4396 sermones

2268 4439 2436 4494 habet
2462 4443 2526 4494 ut
2553 4451 2675 4493 eam
2717 4436 2972 4492 universi
3001 4435 3400 4493 incunctanter
3445 4431 3728 4486 admittat.
3756 4425 3866 4479 Sen-

2267 4543 2366 4584 sus
2381 4532 2570 4583 autem
2593 4525 2854 4582 recondit
2875 4525 3134 4582 veritatis
3157 4536 3418 4592 arcanos,
3449 4526 3513 4576 ut
3546 4522 3604 4575 in
3633 4517 3763 4588 ipsis
3779 4517 3865 4567 stu-

2260 4610 2595 4674 diosissime
2637 4615 2835 4671 vitalis
2874 4615 3157 4671 sententia
3189 4612 3392 4668 debeat
3435 4607 3718 4681 indagari.
3759 4603 3860 4656 Nam

2265 4721 2386 4765 eam
2410 4719 2600 4762 revera
2619 4718 2743 4761 esse
2756 4704 3010 4760 divinam
3031 4704 3167 4759 hinc
3186 4702 3430 4759 maxime
3445 4699 3620 4755 datur
3637 4687 3857 4758 intelligi,

2268 4797 2417 4868 quod
2478 4795 2696 4851 indocti
2769 4792 3176 4863 subtilissima,
3255 4787 3600 4860 temporales
3672 4789 3856 4840 aeterna.

2265 4884 2499 4941 nonnisi
2521 4884 2719 4940 divino
2737 4882 2938 4953 repleti
2963 4881 3206 4952 Spiritu,
3237 4879 3495 4950 potuisse
3512 4875 3746 4942 tradere,
3770 4876 3855 4922 sen-

2264 4975 2510 5031 tiuntur.

2335 5064 2623 5118 Postremo
2653 5066 2792 5131 quot
2819 5061 3097 5116 miracula
3121 5059 3342 5131 jugiter
3367 5056 3513 5114 facta
3546 5058 3695 5122 sunt,
3719 5048 3850 5105 donec

2262 5151 2559 5220 Scriptura
2581 5150 2725 5221 ipsa,
2748 5149 2946 5206 mundi
2965 5148 3244 5204 ambitum
3267 5146 3562 5217 divulgata
3580 5137 3847 5208 compleret,

2265 5240 2418 5296 sicut
2438 5239 2715 5309 scriptum
2737 5243 2858 5294 est:
2888 5258 2914 5290 ‹‹
2937 5240 2997 5293 In
3021 5251 3243 5293 omnem
3281 5241 3491 5292 terram
3530 5231 3696 5289 exivit
3719 5229 3849 5280 sonus

2261 5342 2481 5398 eorum,
2499 5333 2556 5384 et
2569 5328 2627 5383 in
2647 5327 2786 5382 ﬁnes
2798 5327 2957 5405 orbis
2969 5333 3134 5383 terrae
3145 5326 3310 5382 verba
3325 5324 3540 5381 eorum!
3557 5318 3711 5392 (’Psal.
3725 5319 3841 5405 mlh

2264 5416 2344 5489 5.)
2376 5436 2402 5468 »
2426 5418 2583 5474 Unde
2611 5416 2679 5472 ad
2708 5402 3102 5488 probationem
3135 5415 3382 5486 pertinet
3411 5415 3717 5474 maximam,
3742 5402 3843 5469 quia

2268 5488 2358 5564 lex
2399 5507 2598 5563 divina
2629 5519 2727 5577 per
2769 5509 3004 5563 cunctas
3056 5504 3254 5561 mundi
3307 5509 3494 5575 partes
3541 5488 3846 5569 cognoscitur
