4054 6192
182 217 217 272 τί
238 217 367 275 443

1648 221 1778 276 BEN
1783 219 2054 277 EDICTIO
2090 222 2221 276 DEI.

3497 227 3633 285 1444

176 340 414 398 fuisse
440 349 720 412 suscepta.
743 343 871 398 Hinc
897 341 1100 398 multis
1127 342 1312 398 modis
1342 355 1544 414 genera
1574 357 1692 399 suae
1728 344 1881 398 locu-
1903 345 1958 402 Α
1992 341 2175 396 inesse
2200 341 2584 398 nihilominus
2604 345 2816 400 virtute
2836 347 3135 404 sentimus.
3161 351 3298 405 Nam
3323 356 3380 406 et
3399 353 3633 423 Aposto-

179 430 413 486 tionis
441 436 663 487 exercet
687 429 1128 486 deﬁnitionibus
1153 431 1464 500 succincta,
1489 431 1878 486 schematibus

172 518 453 588 decora,
471 520 887 589 verborumque
900 518 1245 587 proprietate
1263 519 1505 589 signata,
1522 519 1877 590 syllogismo-

181 599 349 663 rum
378 607 876 678 complexionibus
892 608 1176 678 expedita,
1198 607 1871 677 disciplinisirrutilans,

179 710 331 753 non
354 702 579 753 tantum
609 697 679 752 ab
696 697 781 752 eis
797 697 1087 765 accipiens
1107 702 1436 752 extraneum
1463 697 1741 764 decorem,
1775 696 1872 751 sed

179 786 422 855 potius
477 785 600 840 illis
653 786 941 855 propriam
995 783 1292 840 conferens
1335 784 1696 855 dignitatem.
1748 785 1873 838 Hmc

176 875 374 928 enim
403 875 634 944 quando
667 874 724 929 in
761 874 982 929 divinis
1019 873 1341 942 Scripturis
1372 873 1689 942 splendent,
1719 878 1872 926 certa

175 967 394 1033 atque
414 963 725 1032 purissima
753 967 905 1016 sunt.
929 963 1067 1016 Cum
1094 976 1224 1017 vero
1254 961 1322 1016 ad
1355 961 1655 1030 opiniones
1679 960 1874 1014 homi-

182 1063 358 1105 num
400 1057 460 1106 et
496 1051 841 1121 quaestiones
889 1050 1261 1105 inanissimas
1292 1049 1548 1118 veniunt,
1578 1048 1870 1118 ambiguis

181 1137 663 1195 altercationum
719 1139 992 1195 ﬂuctibus
1029 1139 1302 1210 agitatur,
1356 1142 1419 1192 ut
1460 1137 1608 1206 quod
1645 1137 1738 1191 hic
1785 1141 1871 1191 est

182 1227 553 1282 ﬁrmissime
591 1241 812 1292 semper
839 1241 1031 1282 verum
1064 1225 1388 1296 frequenter
1421 1225 1563 1281 alibi
1598 1225 1869 1281 reddatur

181 1317 526 1372 incertum.
557 1316 652 1371 Sic
677 1320 733 1371 et
765 1316 822 1371 in
861 1315 1059 1386 lingua
1086 1319 1300 1385 nostra,
1323 1316 1459 1370 dum
1492 1314 1866 1384 psalmodiam

180 1405 394 1475 canit,
430 1404 732 1460 nobilitate
762 1404 1025 1460 veritatis
1076 1410 1331 1460 ornatur.
1373 1404 1512 1459 Cum
1543 1404 1612 1459 ad
1641 1401 1866 1457 fabulas

185 1495 444 1563 ineptas
487 1498 544 1548 et
586 1493 915 1563 blasphema
945 1507 1004 1548 se
1029 1493 1198 1548 verba
1242 1493 1606 1562 converterit,
1657 1491 1726 1546 ab
1755 1491 1866 1546 ho—

185 1595 352 1638 nore
375 1581 682 1652 probitatis
711 1581 1062 1651 excluditur,
1109 1583 1264 1636 sicut
1299 1580 1596 1650 apostolus
1621 1579 1864 1634 Jacobu's

1991 428 2081 483 lus
2112 435 2261 485 vetat
2308 445 2411 486 nos
2440 431 2635 487 seduci
2678 446 2778 500 per
2802 446 3000 488 vanam
3033 437 3374 505 sapientiam
3429 441 3627 496 mundi

1987 513 2197 585 (Ephcs.
2230 533 2282 572 v.
2312 518 2400 590 6);
2445 520 2555 575 ista
2583 533 2714 576 vero
2746 533 2858 576 non
2898 521 3136 594 abnegat
3178 525 3237 580 in
3264 525 3479 583 litteris
3506 542 3630 585 esse

1985 604 2222 660 divinis.

2053 693 2213 748 Certe
2250 696 2587 752 accedamus
2635 697 2704 752 ad
2767 697 3032 766 psalmos,
3087 705 3143 754 et
3188 701 3624 778 interrOgemus,

1985 795 2110 849 quae
2128 783 2282 836 omni
2304 783 2698 852 disputatione
2725 787 2904 854 major
2919 792 3005 840 est
3032 801 3219 842 rerum
3248 790 3430 846 fidem.
3468 794 3622 849 Istud

1981 881 2115 939 ergo
2161 871 2496 942 principale,
2543 874 2864 944 virgineum
2915 883 2972 929 et
3025 875 3274 932 salutare
3314 879 3626 937 locutionis

1982 970 2178 1026 genus,
2223 959 2557 1030 plerumque
2583 975 2672 1017 res
2701 962 2932 1032 aliquas
2965 963 3155 1033 refert,
3187 971 3242 1020 et
3289 981 3435 1036 saepe
3462 968 3625 1040 longe

1979 1044 2112 1115 alia,
2142 1062 2263 1117 qua:
2288 1050 2608 1104 audiuntur
2628 1053 2879 1119 exponit.
2904 1053 3258 1122 Simplicitas
3277 1056 3517 1124 duplex;
3545 1063 3621 1120 et,

1979 1134 2104 1188 sine
2132 1135 2263 1191 dolo
2290 1135 2651 1208 bilinguitas,
2681 1139 2835 1194 sicut
2878 1138 3012 1194 fecit
3034 1142 3276 1211 Joseph;
3328 1145 3449 1213 qui,
3485 1145 3621 1200 dum

1980 1220 2183 1279 fratres
2209 1239 2344 1280 suos
2386 1233 2618 1296 aspectu
2647 1229 2770 1297 ipso
2819 1234 2875 1284 et
2901 1243 3160 1285 sermone
3192 1233 3378 1299 patrio
3404 1247 3620 1304 cogno-

1977 1311 2171 1382 visset,
2217 1314 2296 1369 ita
2325 1316 2409 1371 eis
2441 1315 2740 1371 videbatur
2769 1316 2951 1388 loqui,
2989 1324 3051 1373 ut
3075 1319 3404 1376 nullatenus
3431 1326 3621 1390 posset

1975 1402 2206 1471 agnosci
2235 1402 2382 1472 (Gen.
2415 1418 2551 1474 XLII,
2583 1403 2674 1477 8);
2707 1407 2858 1475 quod
2904 1421 3013 1461 non
3046 1413 3132 1463 est
3161 1408 3230 1463 ad
3262 1409 3620 1478 deceptionis

1975 1490 2232 1546 studium
2265 1499 2576 1564 sumptum,
2603 1494 2697 1548 sed
2733 1495 2802 1549 ad
2830 1497 3187 1552 commodum
3222 1511 3436 1568 magnae
3462 1498 3622 1554 utili-

1974 1578 2112 1634 tatis
2175 1579 2454 1636 eii'ectum.
2520 1581 2782 1638 Hebraeos
2833 1597 3120 1639 sermones
3171 1585 3426 1654 adhibet,
3476 1601 3621 1642 cau-

180 1669 392 1725 dicit:
433 1691 459 1721 ‹‹
482 1671 563 1724 Ex
590 1671 715 1740 ipso
741 1683 838 1726 ore
854 1669 1253 1725 benedicimus
1275 1671 1452 1724 Deum
1472 1673 1528 1723 et
1546 1670 1784 1735 Patrem,
1809 1671 1864 1721 et
1898 1678 1946 1737 Β
1974 1680 2067 1722 sas
2113 1666 2597 1736 profundissimas
2630 1670 2950 1725 innuentes.
3004 1672 3182 1726 Unam
3232 1687 3345 1727 rem
3379 1673 3438 1727 in
3472 1674 3620 1730 malo

184 1772 273 1813 ex
300 1759 434 1828 ipso
459 1772 555 1814 ore
572 1759 968 1815 maledicimus
994 1758 1301 1828 hominem,
1336 1759 1436 1826 qui
1463 1757 1530 1812 ad
1559 1757 1861 1828 imaginem

185 1851 259 1901 et
294 1847 746 1903 similitudinem
787 1849 885 1903 Dei
931 1846 1116 1903 factus
1157 1851 1244 1902 est
1270 1848 1401 1912 (Jac.
1445 1859 1531 1916 IIl,
1565 1844 1640 1915 9).
1679 1864 1704 1895 »
1738 1847 1864 1901 Haec

195 1936 633 1992 mundanarum
677 1937 890 1993 artium
919 1937 1087 2006 periti
1120 1935 1284 2006 (quos
1324 1941 1510 1990 tamen
1543 1936 1722 1990 multo
1757 1951 1866 2005 po-

189 2024 432 2079 sterius
459 2024 529 2079 ab
577 2026 812 2081 exordio
846 2025 1175 2080 divinorum
1227 2023 1506 2078 librorum
1547 2025 1860 2094 exstitisse,

193 2112 583 2169 manifestum
605 2114 708 2187 est)
737 2115 804 2170 ad
833 2114 1199 2170 collectiones
1218 2118 1702 2183 argumentorum,
1738 2127 1864 2183 quae

186 2201 393 2256 Graeci
430 2204 616 2270 topica
667 2203 890 2272 dicunt,
940 2209 995 2257 et
1040 2203 1108 2258 ad
1158 2209 1334 2257 artem
1382 2201 1766 2272 dialecticam,
1807 2207 1862 2257 et

187 2290 557 2345 rhetoricam
606 2292 1044 2359 transtulerunt,
1088 2296 1148 2346 ut
1178 2291 1404 2346 cunctis
1439 2291 1729 2346 evidenter
1751 2305 1860 2361 ap—

191 2384 426 2448 pareat,
458 2379 620 2448 prius
641 2381 709 2434 ad
736 2380 1159 2448 exprimendam
1177 2381 1467 2434 veritatem
1486 2380 1663 2449 justis
1695 2393 1860 2434 men—

188 2466 600 2535 tibusdatum,
627 2467 775 2537 quod
805 2473 992 2536 postea
1017 2468 1258 2539 gentiles
1277 2468 1537 2523 humanae
1560 2468 1856 2538 sapientiae

189 2555 520 2626 aptandum
549 2569 671 2610 esse
705 2562 1062 2624 putaverunt.

273 2648 407 2701 Haec
437 2645 495 2699 in
527 2645 874 2701 lectionibus
899 2647 1098 2716 sacris,
1135 2651 1403 2718 tanquam
1430 2647 1752 2703 clarissima
1783 2648 1857 2703 si-

192 2735 366 2802 dera,
414 2733 690 2804 relucent,
723 2738 779 2788 et
824 2734 1244 2804 signiﬁcantias
1278 2749 1468 2790 rerum
1517 2736 1856 2791 utilissimis

196 2823 568 2892 compendiis
591 2822 854 2877 decenter
897 2822 1232 2878 illuminant
1257 2841 1271 2894 ;
1301 2838 1427 2893 quae
1480 2837 1582 2879 nos
1608 2823 1854 2880 breviter

199 2911 358 2966 locis
397 2911 720 2980 aptissimis
761 2910 1215 2967 admonebimus.
1268 2912 1548 2980 Quoniam
1594 2926 1684 2968 res
1716 2913 1852 2982 ipsae

197 2978 670 3056 commodissime
714 3000 1069 3056 deducentur
1124 3001 1194 3056 ad
1245 2978 1519 3070 medium,
1564 3014 1663 3070 per
1710 2978 1852 3071 quas
1881 2978 1929 3040 (ἶ

193 3090 465 3158 concepti
511 3103 714 3145 sensus
761 3088 980 3144 clarius
1025 3087 1355 3144 elucebunt.
1399 3091 1538 3144 Nam
1587 3094 1643 3144 et
1691 3091 1852 3144 Pater

196 3177 585 3248 Augustinus,
624 3178 683 3233 in
717 3178 866 3234 libro
888 3192 976 3249 IlI,
1007 3178 1077 3234 de
1103 3178 1376 3234 Doctrina
1395 3179 1743 3248 Christiana,
1772 3179 1851 3234 ita

199 3265 499 3336 professus
513 3272 600 3322 est
614 3286 626 3322 :
655 3288 681 3320 α
703 3267 897 3322 Sciant
921 3272 1108 3323 autem
1131 3267 1373 3322 litterati
1393 3267 1577 3322 modis
1592 3268 1849 3322 omnium

201 3355 584 3426 locutionum,
619 3369 762 3425 quos
792 3355 1150 3426 grammatici
1177 3355 1371 3412 Graaco
1403 3356 1632 3412 nomine
1659 3360 1852 3425 tropos

199 3448 426 3514 vocant,
455 3451 717 3500 auctores
737 3451 962 3500 nostros
988 3459 1124 3501 usos
1149 3443 1348 3502 fuisse.
1376 3463 1401 3496 n
1435 3448 1502 3501 Et
1533 3446 1703 3516 paulo
1727 3449 1856 3514 post

202 3533 488 3604 sequitur,
513 3553 539 3587 α
563 3547 707 3604 quos
731 3538 914 3590 tamen
942 3539 1155 3608 tropos,
1182 3536 1239 3591 id
1263 3541 1367 3607 est,
1398 3535 1594 3591 modos
1616 3536 1853 3591 locutio-

204 3636 339 3678 num
373 3621 475 3691 qui
508 3629 804 3693 noverunt,
833 3630 1150 3696 agnoscunt
1177 3625 1236 3679 in
1269 3626 1482 3680 litteris
1499 3624 1733 3694 sanctis,
1766 3637 1853 3680 eo-

206 3725 448 3782 rumque
478 3711 745 3781 scientia,
774 3713 843 3768 ad
869 3727 964 3768 eas
984 3714 1390 3785 intelligendas
1419 3713 1848 3785 aliquantulum

205 3801 567 3869 adjuvantur.
593 3819 618 3849 n
637 3800 814 3869 Cujus
833 3802 914 3856 rei
937 3809 992 3856 et
1013 3803 1072 3856 in
1094 3803 1231 3857 aliis
1247 3803 1546 3858 codicibus
1567 3803 1691 3858 suis
1717 3801 1854 3857 fecit

206 3889 694 3946 evidentissimam
735 3891 1100 3946 mentionem.
1145 3895 1208 3947 In
1238 3891 1410 3946 libris
1440 3893 1671 3962 quippe,
1707 3907 1852 3970 quos

207 3979 512 4048 appellavit
549 3981 618 4035 de
649 3979 834 4036 modis
868 3981 1265 4051 Locutionum,
1312 3981 1536 4037 diversa
1566 3983 1854 4038 schemata

209 4068 570 4124 saecularium
609 4069 932 4125 litterarum
968 4070 1214 4126 inveniri
1249 4071 1506 4140 probavit
1555 4072 1613 4126 in
1641 4071 1854 4129 litteris

213 4159 404 4214 sacris.
421 4159 584 4215 Alios
599 4164 784 4215 autem
801 4160 1064 4228 proprios
1083 4160 1276 4215 modos
1296 4160 1585 4216 indivinis
1601 4161 1852 4232 eloquiis

215 4258 329 4302 esse
390 4249 720 4319 declaravit,
780 4262 922 4318 quos
970 4249 1350 4319 grammatici,
1419 4250 1538 4306 sive
1597 4252 1852 4309 rhetores

1973 1761 2030 1810 et
2079 1756 2136 1810 in
2185 1756 2333 1811 bono
2399 1757 2734 1828 plerumque
2793 1759 2972 1829 ponit,
3043 1765 3126 1830 ut,
3177 1762 3328 1830 quod
3389 1763 3620 1819 nomine

1974 1843 2202 1899 videtur
2245 1857 2368 1900 esse
2391 1859 2726 1916 commune;
2771 1847 3042 1915 probetur
3072 1848 3456 1917 qualitatibus
3489 1850 3618 1906 dis-

1974 1945 2223 2001 crepare.
2287 1933 2551 1988 leestia
2623 1936 2868 1989 terrenis
2929 1943 3241 2005 comparat,
3299 1945 3380 2005 ut,
3464 1939 3614 2010 quod

1977 2021 2578 2090 incomprehensibilis
2623 2023 2958 2093 magnitudo
2996 2028 3148 2079 vetat
3197 2025 3467 2097 intelligi,
3520 2041 3618 2096 per

1974 2110 2307 2165 notissimas
2356 2111 2774 2166 similitudines
2819 2113 2998 2181 possit
3043 2113 3278 2168 adverti.
3318 2117 3379 2168 In
3429 2115 3617 2171 verbis

1971 2206 2158 2254 autem
2193 2201 2449 2256 serendis
2482 2201 2626 2255 mira
2663 2202 2915 2270 potentia
2959 2209 3065 2272 est,
3099 2209 3162 2258 ut
3202 2203 3395 2259 subito
3420 2211 3613 2274 Operta

1973 2287 2139 2343 nobis
2208 2294 2379 2357 atque
2446 2290 3054 2359 incomprehensibilia
3101 2293 3328 2348 duobus
3387 2293 3613 2349 tribus-

1969 2389 2079 2444 que
2127 2378 2490 2432 sermonibus
2519 2379 2896 2448 explicentur.
2940 2380 3088 2448 Quid
3122 2380 3354 2436 brevius
3377 2381 3562 2437 dicam
3585 2383 3614 2436 ?

1968 2462 2293 2534 frequenter
2335 2466 2528 2535 etiam,
2581 2481 2693 2522 una
2724 2467 2939 2536 syllaba
2995 2468 3336 2524 ineliabilem
3381 2471 3610 2526 Domini

1966 2558 2227 2608 naturam
2253 2555 2622 2623 demonstrat,
2659 2561 2722 2611 ut
2741 2561 2825 2610 est
2858 2556 3000 2612 illud
3033 2575 3044 2610 :
3076 2558 3180 2622 Qui
3225 2563 3321 2627 est,
3354 2561 3503 2612 misit
3532 2575 3614 2614 me

1964 2641 2158 2711 (Exod.
2191 2655 2277 2710 III,
2314 2639 2416 2714 44).
2449 2644 2626 2712 Cujus
2653 2658 2818 2699 omne
2841 2645 3073 2701 verbum
3101 2647 3397 2702 subtiliter
3424 2647 3614 2718 inqui-

1964 2732 2139 2787 situm
2166 2732 2417 2801 copiosis
2443 2733 2710 2789 sensibus
2741 2735 3001 2790 scaturit.
3036 2737 3195 2806 Nam,
3225 2736 3378 2792 sicut
3408 2735 3614 2792 fecun-

1961 2822 2243 2877 dissimus
2266 2835 2400 2892 ager
2433 2822 2751 2878 odoriferas
2801 2824 3004 2879 herbas
3032 2825 3208 2880 saluti
3241 2831 3448 2882 nostrae
3473 2841 3612 2895 pro-

1960 2910 2124 2965 ducit
2143 2911 2552 2978 accommodas,
2577 2911 2663 2965 sic
2680 2911 2851 2966 lectio
2871 2913 3234 2982 divina,cum
3261 2928 3358 2983 per
3383 2915 3611 2986 singula

1961 2998 2128 3053 verba
2149 2998 2488 3068 requiritur,
2514 3011 2736 3067 semper
2759 2999 2883 3054 illic
2900 3014 3038 3056 cura
3066 3004 3274 3057 mentis
3299 3004 3509 3059 saucia:
3532 3019 3613 3061 re-

1963 3088 2202 3158 peritur.
2232 3089 2308 3142 De
2329 3088 2500 3155 cujus
2528 3087 2872 3157 eloquentia:
2900 3089 3084 3144 modis
3118 3091 3284 3146 multi
3318 3093 3511 3148 Patres
3536 3093 3612 3149 la-

1961 3178 2080 3232 tins
2099 3176 2500 3246 prolixiusque
2518 3177 2822 3248 dixerunt;
2845 3191 3089 3247 quorum
3111 3179 3342 3234 nomina
3363 3181 3420 3234 in
3441 3181 3611 3236 libris

1963 3265 2907 3322 introductoriiscommemoranda
2927 3267 3338 3337 perspeximus.
3354 3269 3457 3324 Sed
3481 3268 3610 3325 fons

1964 3354 2062 3410 ille
2089 3354 2358 3426 caelestis,
2386 3359 2664 3425 quantum
2694 3355 2925 3411 assidue
2954 3362 3178 3412 constat
3205 3357 3449 3427 hauriri,
3476 3363 3612 3413 tan-

1962 3449 2081 3500 tum
2109 3444 2291 3499 nescit
2315 3444 2575 3513 expendi.
2611 3445 2689 3499 Ac
2714 3458 2783 3499 ne
2806 3445 3034 3500 diutius
3065 3445 3123 3501 in
3144 3446 3507 3518 generalibus
3528 3459 3610 3503 re-

1963 3547 2268 3605 moremur,
2303 3533 2577 3602 specialia
2604 3533 2893 3605 Psalterii,
2920 3535 3164 3590 Domino
3196 3536 3454 3608 juvante,
3482 3536 3608 3592 tin—

1962 3637 2180 3695 gamus.
2214 3623 2493 3692 Quoniam
2526 3623 2651 3693 ipsa
2677 3637 2765 3679 res
2785 3624 3076 3684 evidenter
3100 3626 3454 3697 agnoscitur,
3481 3639 3606 3696 qua:

1960 3712 2363 3771 communibus
2381 3712 2549 3768 rebus
2571 3712 2906 3785 praemissis,
2927 3718 3119 3783 postea
3136 3713 3244 3770 sub
3260 3714 3457 3785 aliqua
3485 3727 3610 3784 pro-

1964 3805 2203 3874 prietate
2227 3801 2598 3857 describitur.

2212 3893 2353 3948 XVI.
2399 3895 2472 3946 De
2496 3892 2726 3961 propria
2751 3892 3054 3960 eloquentia
3077 3893 3355 3948 Psalterii.

2033 3984 2286 4038 Primum
2317 3987 2423 4048 est,
2454 3982 2602 4052 quod
2637 3981 2750 4051 ipsi
2802 3985 3019 4037 tantum
3071 3981 3274 4051 psalmi
3317 3982 3602 4054 singulari

1964 4074 2191 4128 nomine
2213 4071 2574 4139 vocitantur;
2603 4085 2748 4141 quos
2773 4085 2876 4126 nos
2895 4070 3178 4126 adhibitis
3195 4071 3368 4140 hujus
3389 4072 3603 4143 lingua:

1963 4159 2356 4230 peritissimis,
2382 4172 2511 4213 cum
2538 4172 2732 4214 eorum
2760 4159 3050 4214 volumine
3072 4157 3446 4231 conferentes,
3475 4174 3605 4216 ser-—

1960 4256 2088 4306 vato
2129 4263 2237 4304 usu
2282 4247 2668 4317 psallentium,
2716 4248 2840 4302 suis
2884 4248 3144 4302 versibus
3193 4249 3605 4305 aestimavimus

220 4336 535 4393 nullatenus
559 4336 1191 4409 attigerunt.Dixerunt
1231 4341 1336 4396 hoc
1358 4342 1507 4410 apud
1542 4354 1644 4398 nos
1664 4349 1719 4397 et
1746 4342 1852 4398 alii
1877 4335 1929 4396 D
1959 4355 2080 4397 esse
2110 4338 2445 4406 reddendos,
2480 4349 2549 4391 ne
2587 4349 2646 4391 se
2679 4336 2737 4389 in
2771 4341 3176 4404 praesumptum
3203 4337 3461 4392 ordinem
3492 4351 3604 4392 au-

217 4423 524 4481 doctissimi
559 4428 770 4497 Patres,
819 4427 876 4483 id
921 4432 1024 4498 est,
1060 4429 1455 4499 Hieronymus,
1487 4430 1846 4503 Ambrosius,

223 4512 478 4585 Hilarius,
500 4520 563 4571 ut
581 4529 938 4588 nequaquam
954 4531 1058 4575 nos
1080 4523 1520 4590 prasumptores
1544 4521 1718 4590 hujus
1741 4522 1844 4593 rei,

219 4602 302 4656 sed
330 4605 651 4675 pedissequi
682 4607 992 4664 videamur.

278 4691 375 4747 Sed
397 4693 540 4749 dicit
561 4695 810 4764 aliquis:
836 4699 948 4752 Nec
981 4702 1168 4768 partes
1197 4699 1332 4769 ipsa:
1357 4699 1843 4772 syllogismorum,

223 4788 313 4833 nec
330 4784 553 4839 nomina
571 4785 942 4858 schematum,
966 4801 1068 4843 nec
1084 4788 1357 4844 vocabula
1377 4789 1844 4862 disciplinarum,

228 4877 316 4921 nec
341 4870 447 4926 alia
468 4872 863 4943 hujuscemodi
897 4876 1184 4933 ullatenus
1213 4878 1588 4934 inveniuntur
1618 4879 1677 4934 in
1707 4879 1850 4948 psal-

230 4955 340 5010 mis.
371 4961 742 5020 Inveniuntur
771 4965 936 5035 plane
983 4965 1041 5020 in
1072 4966 1286 5022 virtute
1317 4981 1608 5039 sensuum,
1638 4982 1750 5024 non
1786 4969 1843 5024 in

225 5041 462 5106 eﬂ‘atione
480 5052 802 5109 verborum.
826 5055 918 5110 Sic
939 5054 1091 5110 enim
1115 5055 1246 5110 vina
1266 5055 1322 5111 in
1344 5056 1582 5128 vitibus,
1611 5071 1844 5113 messem

229 5133 279 5189 in
304 5140 526 5211 semine,
583 5141 814 5199 frondes
852 5144 912 5199 in
941 5144 1256 5214 radicibus,
1305 5143 1530 5202 fructus
1557 5146 1615 5200 in
1645 5147 1840 5217 ramis,

225 5223 430 5284 arbores
461 5230 613 5297 ipsas
652 5247 824 5289 sensu
857 5235 1310 5304 contemplamur
1343 5236 1400 5290 in
1430 5236 1670 5292 nucleis.
1704 5239 1840 5293 Nam

224 5313 350 5369 etde
375 5319 825 5386 profundissima
858 5323 1062 5394 abysso
1091 5323 1406 5380 deliciosus
1451 5325 1628 5394 piscis
1656 5327 1843 5382 attin-

226 5399 376 5475 gitur,
418 5409 517 5478 qui
567 5415 755 5467 tamen
803 5418 934 5468 ante
981 5413 1301 5484 captionem
1358 5428 1519 5470 suam
1571 5415 1840 5472 humanis

229 5491 384 5550 oculis
409 5510 522 5554 non
550 5500 807 5558 videtur.
845 5503 1047 5560 Merito
1076 5516 1210 5576 ergo
1255 5517 1378 5562 esse
1401 5505 1674 5578 dicimus,
1709 5519 1836 5578 quae

1959 4429 2196 4486 ctoritas
2227 4425 2498 4496 permista
2522 4423 2910 4480 confunderet.
2939 4422 3170 4493 Deinde,
3196 4425 3345 4492 quod
3375 4425 3600 4480 nullum

1957 4519 2116 4575 aliud
2139 4531 2283 4587 opus
2314 4514 2679 4571 auctoritatis
2707 4513 2918 4568 divinae
2951 4510 3052 4568 450
3076 4512 3431 4568 sectionibus
3457 4527 3602 4569 con—

1956 4610 2193 4665 tinetur.
2227 4605 2333 4660 Ubi
2366 4605 2516 4660 enim
2545 4608 2629 4659 tot
2659 4601 2818 4657 tituli
2849 4601 3075 4657 diversa
3106 4601 3377 4673 leguntur
3406 4602 3601 4658 varie-

1957 4703 2070 4754 tate
2085 4694 2397 4765 conscripti
2420 4693 2446 4747 ?
2467 4693 2559 4748 hic
2582 4692 2726 4747 illud
2750 4691 3003 4746 votivum
3026 4704 3248 4760 nomen,
3295 4691 3521 4746 alleluia
3541 4691 3597 4747 in

1955 4782 2547 4857 superscriptionibus
2577 4780 2911 4851 inchoavit;
2970 4779 3083 4850 hic,
3137 4781 3599 4837 commemoratio

1957 4876 2214 4933 historiae
2241 4875 2311 4929 de
2339 4873 2590 4943 Regnum
2623 4875 2801 4925 tracta
2822 4869 3132 4938 volumine,
3159 4868 3216 4923 in
3242 4869 3366 4938 ipso
3396 4868 3599 4926 limine

1956 4966 2141 5037 posita
2187 4965 2430 5020 virtutes
2478 4959 2740 5015 noscitur
2771 4957 3026 5012 indicare
3070 4957 3420 5026 psalmorum
3454 4976 3467 5026 ;
3502 4959 3595 5014 hic

1954 5056 2144 5122 etiam,
2177 5051 2555 5122 diapsalmata
2586 5053 2806 5103 tantum
2837 5045 3132 5114 interiecta
3164 5051 3593 5118 monstrantur;

1955 5146 2068 5213 hic,
2095 5142 2297 5214 psalmi
2330 5140 2641 5196 secundum
2673 5137 2917 5192 virtutes
2941 5149 3095 5207 suas,
3122 5149 3488 5192 numerorum
3509 5149 3594 5190 or-

1951 5236 2117 5291 dines
2144 5235 2355 5288 tenent.
2391 5228 2556 5284 Liber
2584 5227 2862 5282 inchoans
2889 5239 2921 5281 a
2953 5226 3310 5282 beatitudine
3350 5224 3592 5296 Christi,

1948 5323 2088 5380 Novi
2120 5327 2176 5376 et
2206 5318 2423 5376 Veteris
2467 5317 2808 5372 Testamenti
2851 5320 3200 5371 sacramenta
3233 5325 3588 5382 percurrens.

1949 5411 2220 5469 laudibus
2242 5409 2422 5464 sacris
2449 5411 2505 5462 et
2530 5412 2721 5462 sancta
2747 5405 3092 5474 jubilatione
3112 5400 3496 5470 concluditur,
3528 5406 3592 5458 ut

1950 5502 2152 5558 merito
2178 5512 2238 5556 se
2266 5497 2368 5554 tali
2396 5509 2628 5552 munere
2655 5493 2982 5551 consoletur
3007 5488 3262 5546 Ecclesia
3290 5508 3306 5561 ς
3340 5504 3465 5562 qua:
3493 5490 3587 5547 hic
