4054 6192
208 276 341 339 4447

1612 262 2022 323 BENEDICTIO
2054 263 2189 320 DEI.

3462 267 3603 328 4448

277 407 335 461 In
356 400 621 472 secunda,
657 404 861 456 natura
890 397 1126 456 deitatis
1151 396 1344 468 ipsius
1364 394 1661 452 subtiliter
1687 391 1851 448 indi—
1876 389 1931 450 A
1958 407 2156 445 morem
2200 407 2394 447 meum.
2451 392 2702 449 Dicendo
2747 394 2898 450 enim
2933 412 2946 450 :
2987 396 3165 452 Verba
3210 411 3330 452 mea
3376 398 3607 453 auribus

205 500 459 637 La'tl‘lelrtia
492 578 908 648 multiplicatos
937 575 1084 632 dicit
1111 573 1369 646 populos,
1405 573 1505 646 qui
1532 586 1658 629 eum
1693 572 1852 627 nite-

204 670 412 726 bantur
438 668 821 739 exstinguere.

272 760 499 829 Quarta,
548 757 825 827 PrOpheta
870 756 928 811 in
976 754 1189 811 eisdem
1231 753 1468 810 monitis
1507 755 1843 823 perseverat,

205 857 267 906 ut
285 849 549 905 desinant
575 846 754 902 Judmi
784 844 928 900 mala
954 845 1206 916 cogitare
1229 842 1315 898 vel
1343 841 1545 913 facere,
1575 840 1846 912 quoniam

201 951 262 995 se
294 938 554 993 noverint
582 935 803 992 divinis
832 933 1152 990 virtutibus
1180 931 1575 989 destruendos.

275 1028 334 1082 In
366 1027 586 1097 quinta,
620 1024 899 1081 Dominus
927 1023 1192 1079 Christus
1216 1021 1423 1077 clamat
1447 1021 1759 1081 adPatrem
1782 1022 1849 1075 ut

200 1118 327 1187 ejus
370 1115 643 1177 audiatur
689 1114 875 1169 oratio
920 1130 933 1166 :
982 1117 1038 1167 et
1082 1112 1141 1167 in
1191 1109 1608 1167 resurrectione
1660 1107 1849 1179 ipsius

202 1204 415 1260 mundo
447 1200 745 1274 profutura
775 1202 1062 1257 concedat.

272 1294 455 1361 Sexta,
487 1305 585 1362 per
608 1296 788 1347 totum
821 1290 1100 1361 psalmum
1126 1288 1295 1345 verba
1326 1293 1461 1345 sunt
1492 1287 1845 1359 pmnitentis,

201 1381 296 1439 cui
319 1382 643 1452 junguntur
671 1380 925 1450 ejusdem
956 1379 1106 1435 modi
1137 1379 1240 1434 alii
1274 1392 1369 1433 sex
1399 1378 1539 1449 ;qui
1572 1383 1756 1433 tamen
1788 1376 1847 1430 in

200 1469 569 1528 conclusione
604 1482 633 1525 L
677 1469 881 1539 psalmi
923 1468 1197 1539 descripti
1241 1472 1395 1524 sunt.

274 1562 335 1615 In
368 1560 609 1629 septima
638 1564 794 1629 parte
821 1558 1088 1614 Christus
1115 1557 1417 1613 humiliter
1446 1556 1677 1627 quidem
1707 1554 1849 1625 petit

204 1652 268 1704 ut
296 1647 347 1703 ei
386 1648 761 1703 subveniatur
789 1661 821 1702 a
847 1649 1028 1716 Patre,
1060 1646 1153 1703 sed
1184 1646 1353 1701 habet
1377 1645 1645 1701 ﬁduciam
1682 1648 1848 1700 recta:

1950 483 2191 551 percipe,
2230 482 2351 537 oris
2388 481 2681 553 signiﬁcat
2727 483 3120 553 psalmodiam.
3165 486 3608 558 Sequitur:in-
3672 515 3684 529 ι

1956 571 2137 639 tellige
2166 571 2451 626 clamorem
2486 587 2681 636 meum,
2714 577 2779 629 ut
2807 572 3068 630 aﬁ‘ectum
3109 576 3303 633 cordis
3334 576 3602 647 aperiret.

1956 659 2074 715 Vox
2098 660 2250 716 enim
2285 661 2416 733 ista,
2445 674 2556 717 non
2585 666 2708 717 erat
2734 661 3017 720 labiorum
3043 665 3316 739 crepitus,
3345 666 3440 722 sed
3468 679 3606 724 cor-

1956 748 2050 803 dis
2078 747 2332 806 aﬁ'ectus.

2026 840 2310 903 Emaltare,
2360 842 2603 903 Domine,
2650 843 2708 895 in
2753 844 2953 897 virtute
2997 848 3141 910 tua;
3173 845 3512 900 cantabimus
3555 850 3607 901 et

1948 930 2249 1001 psallcmus
2272 932 2502 985 uirtutes
2522 936 2663 987 tuas.
2691 932 2931 988 Cantare
2954 938 3041 989 est
3062 933 3231 990 verba
3256 935 3485 990 Domini
3509 948 3606 991 ore

1959 1018 2226 1089 proferre.
2261 1020 2507 1077 Psallere
2534 1028 2745 1093 autem,
2780 1023 3041 1078 mandata
3067 1023 3264 1079 divina
3286 1024 3455 1081 bonis
3478 1037 3608 1095 ope-

1957 1108 2283 1165 rationibus
2302 1115 2628 1166 constanter
2646 1110 2902 1182 implere.
2927 1113 3052 1167 Haec
3072 1112 3225 1167 enim
3250 1113 3387 1183 duo,
3409 1113 3606 1168 omni-

1957 1200 2142 1255 modis
2163 1212 2193 1255 a
2218 1200 2383 1255 nobis
2408 1207 2773 1271 expetuntur,
2803 1208 2867 1257 ut
2889 1203 3086 1257 laudes
3104 1202 3332 1258 Domini
3358 1202 3606 1259 ﬁdeliter

1956 1300 2052 1343 ore
2090 1294 2402 1361 cantemus,
2444 1296 2499 1345 et
2537 1303 2704 1360 Opere
2748 1297 2941 1348 nostro
2981 1291 3171 1362 ipsius
3208 1290 3472 1347 mandata
3510 1290 3604 1347 fa-

1954 1388 2196 1432 ClﬂmUS.

2027 1466 2133 1531 Qui
2173 1467 2371 1521 timet-is
2416 1469 2727 1529 Dominum,
2783 1468 3005 1523 laudate
3053 1484 3193 1523 eum.
3248 1468 3354 1534 Qui
3403 1468 3601 1523 timetis

1954 1556 2263 1619 Dominum,
2303 1556 2467 1626 dicit,
2512 1558 2647 1627 quia
2687 1557 2861 1614 timor
2901 1557 3185 1615 humanus
3223 1572 3335 1614 non
3377 1558 3603 1614 laudem

1958 1644 2226 1715 parturit,
2257 1646 2349 1701 sed
2374 1645 2873 1716 vituperationem.
2902 1646 3000 1702 Dei
3027 1650 3213 1703 autem
3244 1647 3435 1717 timor,
3465 1646 3604 1717 quia

201 1737 656 1793 conversationis
687 1755 702 1807 ς
731 1737 881 1808 quod
918 1713 1099 1809 magis
1129 1736 1198 1792 ad
1228 1738 1354 1806 ejus
1386 1736 1633 1806 pertinet
1656 1734 1849 1790 deita-
1876 1713 1932 1774 Β
1952 1713 2147 1804 justus
2177 1713 2233 1789 et
2272 1739 2462 1791 rectus
2504 1713 2610 1806 est,
2654 1735 2877 1792 laudem
2920 1741 3168 1809 generat,
3208 1713 3457 1793 amorem
3484 1713 3606 1792 tri-

202 1832 333 1882 tem.
368 1828 472 1883 Sed
508 1841 661 1883 more
701 1827 1081 1883 humanitatis
1117 1831 1422 1896 assumpta:
1452 1825 1567 1881 sibi
1601 1824 1851 1895 postulat

202 1917 519 1983 subveniri,
544 1930 613 1971 ne
632 1916 900 1972 diabolus
918 1916 1167 1971 animam
1188 1917 1332 1986 ejus,
1358 1916 1561 1986 iniqua
1586 1927 1853 1986 praesum-

205 2005 400 2075 ptione
418 2005 682 2075 diripiat,
707 2010 762 2060 et
787 2004 971 2077 gloria
1000 2005 1186 2075 ipsius
1213 2005 1271 2060 in
1296 2004 1583 2076 pulverem
1610 2004 1854 2061 deducta

203 2095 515 2164 dispereat.

278 2186 336 2239 In
365 2188 579 2253 octava,
614 2182 903 2253 parabolis
933 2187 988 2240 et
1020 2183 1263 2254 tropicis
1291 2182 1683 2239 allusionibus
1713 2194 1858 2238 con—

206 2273 476 2345 gregatis,
506 2272 859 2342 subsequens
888 2274 1084 2329 drama
1120 2273 1469 2344 decurritur,
1498 2278 1554 2329 et
1588 2286 1687 2342 per
1710 2270 1858 2326 alle—

206 2363 432 2434 goricas
452 2362 873 2419 similitudines
894 2363 1085 2419 omnia
1109 2362 1435 2418 referuntur
1453 2363 1522 2418 ad
1550 2361 1854 2417 Dominum

205 2452 519 2507 Christum.
558 2449 693 2519 Qua:
724 2452 1009 2507 schemata
1044 2466 1147 2509 nos
1187 2452 1329 2508 locis
1372 2451 1695 2522 aptissimis
1731 2450 1861 2506 evi—

208 2542 547 2598 dentissime
576 2556 1020 2611 commonemus,
1058 2547 1122 2597 ut
1151 2541 1348 2599 lectori
1381 2543 1643 2599 studioso
1668 2540 1862 2597 ambi-

212 2631 406 2702 guitas
434 2635 639 2687 cuncta
673 2631 928 2687 tollatur.

280 2723 457 2789 Nona,
506 2724 633 2790 post
680 2719 1030 2788 multiplicia
1089 2720 1393 2791 prteconia,
1447 2735 1572 2790 qua:
1622 2719 1787 2775 modo
1828 2732 1862 2774 a

210 2809 442 2877 deitate,
472 2809 635 2864 modo
658 2807 728 2863 ab
762 2808 1119 2864 humanitate
1154 2809 1360 2879 ipsius,
1395 2809 1634 2865 mutatis
1662 2822 1863 2879 perso-

212 2898 307 2952 nis
336 2903 390 2952 et
412 2898 602 2953 titulis
625 2898 859 2967 ponitur
887 2898 1159 2970 Alleluia,
1190 2898 1341 2969 quod
1370 2899 1698 2970 signiﬁcat:
1723 2899 1863 2952 Lau-

212 2986 340 3040 date
369 2988 670 3041 Dominum.

1958 1822 2105 1893 buit,
2136 1822 2394 1878 ardorem
2422 1823 2725 1879 charitatis
2758 1825 3091 1895 inﬂammat,
3127 1825 3263 1895 quia
3287 1828 3463 1881 Deum
3491 1838 3605 1882 non

1961 1917 2211 1967 meretur
2253 1912 2581 1983 prmdicare,
2625 1913 2741 1969 nisi
2775 1914 2874 1984 qui
2900 1914 3269 1985 cognoscitur
3296 1919 3353 1969 et
3382 1914 3606 1970 timere.

1960 2002 2091 2057 Ideo
2119 2000 2273 2056 dixit
2304 2019 2316 2056 :
2346 2004 2445 2071 qui
2480 2004 2699 2067 timetis,
2739 2001 2980 2058 laudate.

2032 2090 2203 2161 Apud
2250 2095 2299 2144 te
2339 2091 2459 2145 laus
2504 2107 2623 2146 mea
2670 2094 2729 2146 in
2771 2093 3012 2147 Ecclesia
3049 2108 3298 2161 magna;
3328 2097 3453 2148 vota
3490 2107 3609 2149 mea

1962 2179 2192 2234 reddam
2219 2182 2279 2233 in
2303 2185 2584 2251 conspectu
2615 2183 2921 2237 timentium
2949 2197 3085 2237 eum.
3115 2182 3277 2253 Apud
3305 2183 3481 2238 Deum
3504 2182 3612 2238 de-

1965 2269 2059 2325 bet
2086 2283 2209 2325 esse
2253 2273 2446 2325 nostra
2491 2269 2636 2339 laus,
2672 2270 2728 2327 id
2760 2275 2865 2341 est,
2896 2271 2967 2327 de
3008 2272 3142 2343 Deo,
3172 2276 3229 2327 et
3273 2271 3379 2329 hoc
3410 2271 3470 2327 in
3500 2272 3615 2327 Ec-

1964 2359 2139 2416 clesia
2160 2359 2463 2429 catholica,
2490 2366 2552 2415 ut
2572 2364 2697 2417 vota
2722 2364 2914 2418 nostra
2939 2360 3315 2431 acceptabilia
3341 2361 3460 2417 sint
3478 2362 3611 2432 Deo,

1968 2465 2092 2523 quae
2122 2450 2459 2506 exhibemus
2487 2464 2677 2507 coram
2708 2451 3050 2508 timentibus
3080 2466 3158 2508 se.

2044 2542 2111 2596 Ut
2143 2540 2371 2595 audiam
2402 2556 2579 2595 vocem
2619 2541 2802 2596 laudis
2837 2546 2962 2604 tuae,
2990 2546 3041 2597 et
3073 2557 3321 2597 enarrem
3357 2543 3616 2596 universa

1864 2685 1879 2687 Α
1968 2630 2250 2684 mirabilia
2282 2634 2399 2684 tua.
2430 2630 2630 2685 Vocem
2668 2630 3022 2688 laudationis
3060 2630 3218 2687 illam
3252 2631 3617 2688 desiderabat

1972 2715 2117 2774 forte
2145 2718 2368 2788 audire,
2402 2732 2514 2789 qua
2543 2720 2732 2792 angeli
2763 2720 2992 2776 Domini
3024 2720 3261 2777 laudant
3288 2724 3483 2793 Deum,
3516 2720 3619 2778 di-

1972 2814 2213 2864 centes:
2263 2808 2517 2871 Sanclus,
2568 2814 2813 2873 sanctus,
2867 2816 3109 2875 sanctus,
3163 2814 3426 2867 Dominus
3480 2813 3623 2867 Deus

1972 2898 2200 2952 sabaoth
2228 2896 2359 2967 (Isa.
2398 2911 2477 2969 tv,
2507 2896 2561 2971 3)
2589 2916 2604 2969 ς
2633 2912 2803 2969 quam
2847 2900 3016 2956 hodie
3046 2905 3243 2957 sancta
3274 2901 3528 2957 Ecclesia
3564 2901 3624 2957 in

1973 2986 2356 3042 celebratione
2398 2988 2587 3043 missa:
2638 2988 2919 3061 decantat,
2977 2990 3205 3061 quando
3247 2991 3400 3046 enim
3454 2992 3627 3047 istam

660 3040 667 3041 ,
2981 3040 3199 3061 -.η-,η
3252 3040 3400 3046 ----_.
3456 3040 3626 3047 πη-

283 3075 1579 3149 Decima:sequunturgradales,quianimum
1603 3040 2364 3134 nostrumclaudationem
2425 3075 2624 3131 devote
2680 3077 2963 3147 canimus,
3022 3078 3355 3151 angelorum
3423 3079 3626 3149 procul

212 3166 281 3221 ad
306 3167 605 3222 Dominum
629 3165 970 3223 Salvatorem
999 3182 1142 3238 pura
1163 3167 1445 3224 ethumili
1470 3167 1867 3224 satisfactione

216 3256 349 3325 perd
362 3259 561 3311 ucunt.

285 3344 613 3413 Undecima,
648 3346 887 3402 variatis
911 3346 1124 3419 verbis,
1154 3347 1362 3403 iterum
1389 3346 1588 3403 laudes
1610 3346 1863 3418 Domini,

217 3433 544 3504 hymnidica
587 3435 971 3492 exsultatione
1010 3437 1392 3507 concelebrat,
1447 3436 1611 3493 modo
1657 3436 1863 3507 Patris,

217 3523 385 3578 modo
422 3522 578 3593 Filii,
614 3524 777 3580 modo
806 3524 1064 3595 Spiritus
1098 3526 1280 3582 sancti
1320 3539 1556 3597 precans
1598 3526 1871 3595 majesta-

219 3616 350 3681 tem,
387 3617 451 3668 ut
480 3612 625 3668 nulli
658 3614 735 3669 sit
763 3615 1029 3687 dubium,
1073 3622 1325 3672 sanctam
1369 3616 1706 3672 Trinitatem
1739 3616 1872 3671 sin-

218 3701 503 3773 gulariter
540 3703 985 3775 omnipotentem
1028 3721 1154 3778 qum
1183 3706 1308 3763 vult
1336 3704 1519 3763 facere
1550 3707 1608 3763 in
1641 3705 1784 3763 cmlo
1814 3710 1870 3762 et

221 3790 282 3844 in
317 3796 489 3845 terra.
1252 3808 1258 3815 -

288 3878 633 3936 Duodecima
676 3886 887 3953 septem
936 3885 1140 3956 psalmi
1182 3885 1595 3957 relinquuntur
1636 3886 1694 3941 in
1736 3884 1865 3957 ﬁne,

216 3968 314 4037 qui
334 3967 827 4029 exsultationibus
846 3974 1196 4045 hymnidicis
1213 3979 1385 4032 totam
1400 3975 1641 4048 gloriam
1661 3979 1868 4030 sancta;

212 4058 524 4113 Trinitatis
571 4063 912 4131 generaliter
959 4065 1158 4121 devota
1216 4070 1401 4122 mente
1448 4063 1863 4121 concelebrant.

213 4147 305 4202 Sic
347 4152 541 4203 textus
584 4150 765 4206 totius
808 4153 1072 4210 Psalterii
1103 4168 1184 4211 xu
1228 4155 1491 4226 partibus
1527 4155 1772 4221 divisus,
1806 4154 1867 4208 in

216 4236 607 4307 apostolorum
641 4253 899 4315 numero,
926 4245 1071 4300 mira
1098 4244 1265 4302 laude
1294 4245 1681 4316 concluditur,
1717 4257 1871 4315 qua—

217 4333 381 4383 tenus
400 4332 454 4383 et
477 4327 584 4383 iste
604 4327 746 4384 illud
765 4336 895 4401 agat
915 4335 1064 4403 quod
1087 4335 1303 4391 Christi
1324 4335 1646 4405 discipulos
1667 4332 1870 4391 fecisse

1973 3165 2154 3222 dubio
2184 3165 2421 3222 vocibus
2449 3166 2857 3223 admiscemur.

2045 3257 2289 3319 Domine,
2323 3256 2495 3310 dilexi
2523 3257 2763 3321 decorem
2792 3257 2983 3312 domus
3008 3263 3132 3322 tum,
3160 3262 3213 3314 et
3237 3258 3411 3313 locum
3438 3258 3633 3314 taber—

1975 3346 2164 3400 naculi
2190 3346 2379 3412 gloria?
2411 3350 2534 3400 tuae.
2568 3347 2836 3402 Decorem
2874 3347 3081 3403 domus
3122 3347 3289 3419 dicit,
3337 3362 3448 3405 non
3490 3345 3631 3419 pul-

1976 3435 2364 3491 chritudinem
2391 3434 2691 3505 parietum.
2715 3442 2814 3491 aut
2842 3436 3297 3494 ministeriorum
3321 3436 3632 3508 pretiosis-

1977 3524 2156 3580 simos
2184 3529 2513 3595 apparatus,
2550 3526 2645 3581 sed
2673 3524 3009 3595 qualitatem
3041 3526 3322 3584 bonorum
3355 3531 3586 3583 actuum
3612 3542 3628 3597 ;

1978 3627 2104 3683 quae
2139 3618 2363 3669 constat
2391 3614 2449 3669 in
2482 3613 2830 3683 psalmorum
2863 3613 3293 3686 jubilationem,
3320 3620 3376 3670 et
3402 3615 3461 3671 in
3495 3627 3637 3686 pre-

1977 3716 2107 3758 cum
2125 3705 2507 3773 sanctitatem,
2528 3708 2583 3760 et
2602 3704 2661 3760 in
2678 3704 2995 3761 Christiani
3020 3704 3220 3776 populi
3242 3704 3630 3767 humillimam

1977 3793 2354 3849 devotionem.
3598 3842 3603 3851 ,

2048 3883 2271 3937 Psallite
2306 3884 2552 3945 Domino,
2585 3886 2764 3938 sancti
2804 3883 2943 3953 ejus,
2976 3887 3026 3939 et
3066 3885 3396 3955 conﬁtemini
3421 3899 3631 3939 memo-

1976 3973 2075 4026 ria:
2101 3973 2410 4026 sanctitatis
2449 3973 2588 4041 ejus.
2632 3973 2744 4043 Qui
2777 3973 2961 4030 sancti
2998 3978 3153 4045 sunt,
3198 3973 3534 4045 praecipitur
3568 3976 3634 4030 ut

1977 4059 2224 4130 psallant
2261 4061 2527 4131 Domino,
2566 4063 2705 4132 quia
2747 4078 2855 4117 non
2891 4066 2969 4117 est
3007 4065 3245 4134 speciosa
3284 4064 3405 4117 laus
3437 4065 3498 4116 in
3542 4077 3633 4115 ore

1966 4151 2267 4221 peccatoris
2305 4149 2494 4219 (Eccli.
2538 4163 2633 4219 xv,
2671 4149 2744 4223 9).
2779 4151 3108 4208 Conﬁtenda
3142 4158 3198 4208 et
3224 4152 3506 4209 laudanda
3546 4155 3635 4207 est

1979 4239 2248 4295 memoria
2271 4239 2598 4295 sanctitatis
2621 4240 2765 4309 ejus,
2788 4254 2913 4311 qum
2937 4240 3175 4296 humani
3202 4241 3428 4313 generis
3451 4241 3629 4296 mise—

1978 4329 2286 4387 ricorditer
2333 4329 2637 4386 recordans
2681 4327 2854 4385 eﬁlcit
2901 4330 3053 4401 quod
3102 4343 3207 4385 nos
3254 4329 3472 4385 salvare
3518 4341 3626 4398 po-

218 4417 603 4488 cognovimus.
640 4418 739 4474 Est
763 4420 935 4476 etiam
964 4422 1216 4492 ejusdem
1246 4425 1325 4481 rei
1357 4426 1515 4481 aliud
1545 4424 1869 4481 evidentius
1896 4418 1956 4483 D
1980 4419 2205 4477 luisset.

218 4511 657 4577 sacramentum,
702 4514 843 4578 quot
883 4507 983 4566 450
1020 4512 1228 4570 diebus
1265 4514 1488 4571 diluvio
1523 4514 1871 4585 superducto

218 4594 565 4652 criminibus
611 4596 737 4652 suis
777 4603 926 4655 terra
965 4601 1155 4659 diluta
1184 4608 1290 4660 est.
1330 4605 1423 4660 Sic
1451 4610 1508 4660 et
1538 4604 1597 4660 hi
1640 4604 1866 4675 psalmi,

219 4684 318 4740 tali
370 4699 612 4742 numero
666 4687 955 4761 producti,
1014 4706 1194 4763 genus
1254 4693 1565 4751 humanum
1623 4697 1871 4765 peccatis

218 4774 340 4830 suis
370 4775 676 4848 pollutum,
710 4780 1111 4837 convenienter
1140 4782 1387 4839 reddunt
1415 4783 1764 4841 absolutum.

287 4863 492 4919 Servite
531 4866 759 4919 Domino
789 4868 847 4921 in
884 4871 1091 4923 timo-re.
1129 4871 1321 4927 Brevis
1350 4877 1406 4928 et
1437 4872 1603 4943 plana
1632 4880 1719 4931 est
1758 4875 1870 4931 ista

219 4955 610 5026 commonitio,
646 4969 759 5026 qua
790 4956 1087 5016 hortamur
1116 4961 1357 5018 Domino
1386 4962 1500 5019 Deo
1530 4976 1643 5020 non
1669 4965 1867 5022 servili

221 5042 314 5097 sed
341 5044 573 5101 amabili
603 5046 810 5103 timore
836 5049 1069 5105 servire.
1100 5051 1168 5106 Et
1194 5064 1263 5107 ne
1292 5053 1593 5110 servitium
1620 5054 1719 5110 Dei
1750 5054 1871 5112 du-

218 5131 512 5190 rissimum
546 5133 694 5192 t‘orte
736 5141 1053 5210 putaretur,
1088 5139 1392 5210 subjunxit
1425 5161 1437 5197 :

287 5224 354 5277 Et
384 5226 653 5281 exsultate
691 5228 759 5290 ei,
804 5227 941 5298 quia
973 5228 1147 5285 timor
1176 5231 1404 5287 Domini
1440 5246 1551 5288 non
1586 5233 1656 5290 ad
1690 5234 1871 5290 mise-

221 5310 382 5381 riam,
428 5315 523 5370 sed
570 5315 641 5371 ad
691 5316 967 5387 gaudium
1011 5318 1195 5374 ducit.
1242 5320 1308 5375 Et
1358 5321 1589 5392 iterum,
1635 5336 1703 5378 ne
1752 5322 1870 5379 haec

220 5402 526 5460 exsultatio
570 5404 867 5477 negligens
906 5407 1256 5479 redderetur,
1302 5409 1565 5466 addidit:
1599 5427 1719 5465 cum
1754 5417 1872 5467 tre-

221 5503 379 5545 more.

295 5580 473 5637 Verba
508 5598 632 5640 meu
661 5584 894 5639 auribus
922 5586 1162 5656 percipe,
1192 5588 1436 5654 Domine,
1475 5589 1719 5659 intellige
1747 5590 1871 5646 cla—

652 5682 886 5739 PATROL.
929 5682 1182 5741 CXXIX.

2047 4511 2336 4566 Emsultate
2352 4510 2500 4581 justi
2526 4512 2584 4565 in
2611 4511 2856 4565 Domino.
2898 4509 3106 4579 Injusti
3133 4508 3403 4564 exsultent
3430 4509 3490 4563 in
3515 4524 3627 4564 sw-

1978 4602 2114 4656 culo.
2161 4601 2351 4657 Finito
2398 4601 2608 4658 sacculo
2653 4600 2855 4657 ﬁnitur
2900 4600 3244 4670 injustorum
3289 4597 3620 4656 exsultatio.

1976 4691 2278 4748 Exsultent
2305 4697 2491 4746 autem
2515 4690 2661 4761 justi
2691 4690 2751 4745 in
2781 4689 3042 4761 Domino,
3071 4688 3228 4760 quia,
3259 4692 3624 4759 permanente

1976 4782 2239 4851 Domino,
2274 4780 2624 4852 permanebit
2649 4781 2938 4851 justorum
2969 4777 3296 4835 exsultatio.
3327 4777 3623 4834 Exsultate

1976 4878 2166 4928 autem
2186 4872 2245 4927 in
2260 4869 2521 4942 Domino,
2542 4871 2621 4927 ita
2638 4869 2980 4927 convenitut
2997 4868 3297 4925 laudemus
3313 4867 3500 4940 illum,
3518 4867 3622 4941 qui

1977 4963 2137 5020 solus
2176 4975 2288 5019 non
2321 4961 2487 5018 habet
2516 4959 2668 5032 quod
2697 4957 2862 5015 nobis
2894 4957 3220 5029 displiceat.
3259 4960 3445 5014 Rectos
3475 4958 3627 5014 decet

1977 5051 2305 5107 collaudatio
2347 5051 2516 5123 (Psal.
2560 5063 2746 5119 xxxu,
2776 5046 2857 5123 4):
2898 5048 2987 5104 illi
3030 5053 3166 5106 sunt
3203 5051 3366 5122 recti,
3396 5048 3495 5121 qui
3523 5061 3623 5104 se—

1977 5142 2227 5197 cundum
2254 5139 2600 5197 voluntatem
2630 5138 2729 5194 Dei
2755 5138 3018 5211 dirigunt
3050 5153 3169 5210 cor,
3195 5147 3251 5196 et
3283 5140 3341 5195 in
3379 5149 3623 5209 prospe-

1978 5230 2147 5286 ritate
2175 5233 2233 5284 et
2263 5229 2321 5285 in
2353 5228 2728 5285 tribulatione
2758 5227 2996 5285 laudant
3024 5230 3219 5287 Deum.

2048 5319 2386 5389 Co‘nfltemini
2420 5319 2646 5373 Domino
2687 5320 2748 5373 in
2786 5319 3018 5382 cithara,
3059 5322 3118 5373 iu
3148 5316 3410 5388 psalterio
3440 5314 3618 5370 decem

1976 5409 2302 5465 chordarum
2312 5409 2536 5479 psallite
2548 5409 2655 5463 illi.
2672 5408 2904 5464 Cithara
2924 5407 3168 5463 inferius
3190 5404 3357 5460 habet
3373 5404 3619 5479 lignum,

1977 5498 2072 5557 cui
2100 5500 2460 5569 superjacent
2479 5499 2726 5573 chordae,
2752 5512 2876 5571 qua:
2900 5502 3060 5553 tacta:
3086 5501 3370 5552 resonant.
3397 5494 3623 5551 Psalte—

1982 5591 2134 5649 rium
2174 5601 2304 5647 vero
2350 5589 2410 5645 in
2453 5590 2750 5661 superiore
2793 5586 2959 5643 habet
2999 5584 3186 5657 ipsum
3232 5582 3478 5657 lignum.
3518 5585 3624 5643 Per

3344 5680 3416 5740 45
