4054 6192
380 210 520 272 1419

1244 211 1532 270 ΑΡΡΕΝΙ).
1573 209 1668 266 ΑΙ)
1711 207 1890 285 ΒΕοκ
1931 205 2029 263 IX.
2053 235 2128 250 συ-
2150 205 2503 264 AUCTORES
2551 205 2890 264 ANONYMI.

3644 203 3790 265 4420

373 337 653 394 citharam
678 335 1032 408 intelligitur
1051 337 1274 391 terrena
1302 333 1673 405 prosperitas,
1695 331 1817 388 sive
1837 330 2032 386 adver-
2056 329 2110 389 A
2138 329 2394 399 exemplo
2421 329 2594 386 datur
2625 329 2899 402 intelligi,
2935 328 3034 386 ubi
3065 329 3184 386 ait:
3215 351 3243 382 α
3276 332 3340 386 In
3369 344 3458 387 me
3482 335 3620 388 sunt
3651 332 3806 388 Deus

373 427 538 484 sitas.
563 427 902 497 Confitemini
916 441 1039 494 ergo
1058 427 1118 479 in
1135 424 1370 488 cithara,
1392 423 1446 480 id
1467 428 1571 493 est,
1593 421 1711 478 sive
1728 420 1836 476 tibi
1855 419 2030 476 abun-

376 517 472 572 det
490 515 715 589 aliquid
743 521 1051 582 terrenum,
1082 515 1302 587 gratias
1326 527 1428 584 age
1451 513 1540 568 illi
1569 511 1668 582 qui
1691 509 1886 580 dedit;
1911 509 2031 564 sive

373 605 486 662 tibi
505 606 674 678 desit,
693 606 781 662 vel
805 604 948 662 forte
965 605 1174 660 damno
1189 602 1504 673 auferatur,
1526 601 1575 658 si
1587 599 1801 656 aniliter
1815 599 2031 671 gratias

377 708 498 768 age.
542 697 665 751 Non
704 702 789 751 est
817 695 969 750 enim
1010 693 1120 750 tibi
1158 693 1384 748 ablatus
1417 690 1517 762 qui
1560 689 1742 761 dedit,
1789 688 1923 744 licet
1952 687 2032 744 sit

377 783 631 841 ablatum
683 784 832 855 quod
877 783 1083 852 dedit;
1119 786 1322 852 potens
1363 787 1449 837 est
1478 779 1588 836 tibi
1633 777 1681 835 si
1712 777 1835 835 vult
1865 777 2030 848 plura

372 872 603 946 largiri.
637 874 742 930 Per
771 871 1110 944 psalterium
1142 885 1274 927 vero
1304 868 1710 942 signiﬁcantur
1753 871 2029 938 praecepta

379 962 612 1019 caelitus
659 961 996 1018 hominibus
1039 961 1173 1016 data
1206 977 1222 1032 ς
1255 960 1404 1032 quod
1459 957 1794 1028 psalterium
1837 957 2028 1012 decem

379 1051 723 1108 chordarum
772 1049 992 1107 dicitur
1038 1047 1176 1120 quia
1224 1048 1416 1105 decem
1465 1053 1601 1104 sunt
1647 1045 1813 1103 verba
1862 1044 2026 1116 legis,

379 1154 526 1212 qua},
550 1139 600 1195 si
624 1139 948 1209 implemus,
978 1135 1221 1208 perfecte
1241 1140 1354 1193 Deo
1375 1137 1431 1193 in
1451 1135 1722 1208 psalterio
1743 1134 2023 1191 canimus.

380 1228 718 1298 Conﬂtemini
760 1229 987 1282 Domino
1025 1228 1086 1280 in
1134 1227 1368 1289 cithara,
1402 1231 1507 1282 etc.
1552 1225 1652 1281 Isti
1695 1229 1831 1280 sunt
1859 1222 2028 1294 justi,

381 1330 526 1387 quos
550 1315 820 1386 superius
848 1315 1001 1372 dixit
1029 1316 1128 1386 qui
1161 1315 1378 1371 sanctis
1405 1313 1634 1370 actibus
1666 1313 1890 1368 laudem
1911 1313 2031 1368 D0-

382 1404 522 1460 mini
576 1406 777 1461 devota
829 1396 1222 1460 modulatione
1274 1405 1596 1460 decantant.
1649 1401 1881 1458 Cithara
1920 1406 2024 1472 est,

377 1494 533 1549 sicut
563 1494 623 1550 in
669 1491 1002 1564 praefatione
1041 1493 1157 1564 jam
1187 1492 1408 1549 dictum
1439 1496 1545 1562 est,
1591 1490 1768 1562 lignei
1812 1489 2030 1545 ventris

376 1583 682 1640 immodica
727 1582 1070 1652 concavitas,
1115 1596 1240 1653 quae
1283 1595 1513 1638 sursum
1558 1579 1901 1636 chordarum
1933 1578 2028 1634 ﬁla

2139 423 2288 490 vota,
2329 433 2450 490 quae
2483 415 2711 474 reddam
2751 417 2952 474 laudes
2990 417 3101 474 tibi
3139 419 3312 489 (Psal.
3347 433 3438 490 LV,
3473 417 3578 493 42).
3615 439 3642 470 ι
3675 421 3803 476 Haec

2137 512 2327 562 autem
2352 514 2409 564 et
2432 509 2672 580 similia,
2707 509 2862 565 sicut
2891 523 3040 580 saepe
3066 509 3348 582 diximus,
3379 510 3624 580 trepicis
3642 511 3804 567 allu-

2141 595 2406 653 sionibus
2435 593 2763 654 edicuntur.

2211 686 2436 742 Cantate
2459 691 2509 742 ei
2529 691 2802 742 canticum
2823 704 3044 752 novum,
3079 689 3206 743 bene
3225 689 3453 760 psallite
3477 691 3529 743 ei
3551 691 3611 743 in
3632 691 3802 758 jubi-

2142 778 2358 832 latione.
2409 779 2642 834 Cautate
2679 777 2963 834 canticum
3023 791 3252 848 novum,
3305 779 3498 834 exuite
3535 785 3802 836 vetusta-

2141 872 2270 922 tem.
2306 870 2424 923 Non
2459 869 2707 938 pertinet
2737 867 3024 923 canticum
3069 881 3277 924 novum
3317 867 3388 924 ad
3437 873 3653 924 veteres
3685 869 3802 926 ho-

2143 955 2344 1011 mines.
2391 957 2535 1012 Bene
2575 955 2806 1026 psallite
2845 957 2898 1012 ei
2934 955 2993 1012 in
3034 957 3226 1028 corde,
3266 961 3323 1012 et
3351 971 3504 1024 voce,
3538 971 3608 1012 ne
3651 957 3798 1014 forte

2142 1044 2231 1100 illi
2273 1045 2594 1116 displiceat.
2643 1047 2765 1102 Non
2807 1045 2963 1102 enim
3007 1046 3130 1102 vult
3173 1047 3324 1102 Deus
3366 1044 3578 1101 otfendi
3626 1060 3800 1102 aures

2141 1147 2294 1189 suas.
2337 1135 2774 1204 lnjubilatione
2803 1135 2980 1205 canit,
3015 1135 3115 1206 qui
3164 1139 3380 1190 tantam
3422 1134 3650 1191 laudem
3693 1137 3794 1192 Dei

2139 1237 2268 1278 cum
2315 1230 2613 1280 servatore
2645 1224 2704 1279 in
2743 1223 2912 1280 corde
2953 1223 3345 1294 amplectitur,
3394 1231 3458 1280 ut
3495 1237 3619 1280 eam
3665 1239 3800 1280 voce

2139 1309 2366 1382 explere
2415 1326 2524 1368 non
2568 1312 2770 1382 possit.
2821 1315 2882 1368 ln
2924 1326 3035 1384 qua
3071 1312 3422 1382 jubilatione
3451 1326 3566 1369 non
3614 1320 3800 1383 potest

2140 1399 2281 1456 bene
2307 1399 2571 1471 psallere,
2599 1401 2714 1458 nisi
2743 1400 2843 1472 qui
2869 1401 3029 1458 bonae
3055 1401 3313 1458 studium
3338 1400 3800 1458 conversationis

2138 1489 2488 1557 adjunxerit.

2209 1578 2532 1634 Benedicam
2599 1579 2890 1634 Dominum
2950 1581 3007 1632 in
3063 1581 3211 1634 onmi
3269 1583 3526 1649 tempore,
3591 1595 3796 1650 semper

374 1669 1616 1740 transmittens,sonisdulcissimispercussa
1635 1667 2024 1739 perloquitur;
2054 1659 2107 1722 B
2140 1668 2260 1722 laus
2292 1667 2409 1737 ejus
2447 1669 2508 1723 in
2537 1684 2625 1723 ore
2653 1685 2786 1724 meo.
2830 1670 2948 1724 Non
2983 1667 3169 1724 solum
3203 1668 3433 1739 quando
3461 1668 3530 1724 ad
3565 1668 3795 1726 laudem

378 1775 504 1831 quae
543 1761 670 1816 ideo
708 1759 821 1816 tale
855 1773 1057 1815 nomen
1098 1759 1338 1830 accepit,
1381 1759 1651 1830 quoniam
1693 1757 1808 1813 cita
1846 1757 2026 1812 itera—

375 1852 530 1906 tione
575 1849 916 1920 percutitur.
967 1848 1112 1904 lluic
1165 1849 1370 1904 merito
1412 1852 1818 1918 comparantur
1854 1859 2024 1917 Opera

374 1953 502 2011 quae
530 1938 777 1994 terrenis
802 1937 972 1995 rebus
997 1937 1064 1993 ad
1099 1951 1402 2008 supernam
1431 1937 1672 2010 gratiam
1709 1936 2026 2008 porrigun-

370 2034 486 2094 tur,
514 2028 569 2086 id
601 2033 708 2100 est,
737 2028 874 2084 dum
906 2027 1250 2084 esurientem
1294 2028 1606 2098 pascimus,
1631 2027 1768 2083 dum
1802 2026 2021 2083 nudum

371 2118 669 2190 vestimus,
715 2118 851 2175 dum
895 2131 1110 2189 (egrum
1154 2117 1479 2189 visitamus,
1527 2123 1658 2190 etc.,
1710 2130 1854 2188 quae,
1888 2115 2024 2171 licet

368 2207 674 2264 videantur
715 2205 990 2278 carnalia,
1037 2206 1366 2263 divinitatis
1413 2212 1600 2262 tamen
1646 2219 1839 2262 amore
1887 2218 2022 2276 per-

369 2304 642 2354 aauntur.

445 2313 642 2354 untur.

407 2313 858 2442 gCitharizamus
878 2399 1104 2458 quoque
1125 2400 1255 2442 cum
1278 2385 1649 2458 passionibus
1672 2384 1906 2456 nostris,
1931 2383 2016 2439 vel

271 2543 282 2546 _
364 2475 594 2532 damnis
621 2489 819 2532 secure
849 2489 914 2532 ac
945 2475 1060 2532 laeti
1087 2475 1338 2532 dicimus
1367 2495 1378 2531 :
1412 2477 1676 2550 Dominus
1705 2475 1875 2538 dedit,
1901 2476 2020 2528 Do-

364 2567 546 2620 minus
577 2565 844 2630 abstulit;
871 2567 1012 2620 sicut
1039 2567 1264 2619 Domino
1287 2566 1523 2636 placuit,
1555 2567 1636 2620 ita
1659 2567 1869 2632 factum
1897 2568 2014 2629 est;

361 2655 437 2708 sit
478 2669 668 2709 nomen
722 2655 938 2709 Domini
987 2653 1322 2708 benedictum
1379 2655 1498 2722 (Job
1539 2667 1581 2724 ι,
1629 2650 1736 2725 21).
1793 2653 2016 2708 Psalte-

395 2742 516 2799 ium
548 2756 679 2799 vero
716 2741 1134 2798 decachordum
1166 2755 1290 2796 esse
1318 2741 1596 2811 diximus,
1631 2741 1782 2811 quod
1813 2741 2017 2797 ordine

359 2844 633 2885 converso
694 2829 885 2893 alvum
951 2828 1190 2884 citharae
1244 2829 1303 2884 in
1357 2828 1760 2898 superioribus
1823 2829 2011 2902 habet,

362 2917 514 2973 unde
542 2917 612 2972 ad
646 2915 974 2973 inferiorem
1010 2923 1224 2988 partem
1257 2929 1464 2974 canora
1496 2917 1591 2974 ﬁla
1619 2918 2011 2992 descendunt;

2135 1756 2234 1812 Dei
2269 1753 2585 1814 faciendam
2625 1757 2972 1827 accedimus,
3007 1757 3101 1812 sed
3143 1757 3298 1812 omni
3340 1763 3590 1828 tempore
3615 1757 3799 1817 debes

2135 1845 2370 1902 laudare
2398 1851 2454 1902 et
2493 1846 2825 1903 benedicere
2861 1849 3060 1916 Deum,
3097 1846 3152 1901 id
3185 1852 3290 1915 est,
3324 1844 3491 1901 talem
3524 1851 3578 1902 te
3615 1847 3797 1902 exhi—

2134 1934 2284 2007 bere,
2315 1941 2398 2002 ut,
2426 1937 2477 1992 si
2511 1935 2708 2008 lingua
2741 1941 2906 2008 tacet,
2939 1937 3058 1992 vita
3088 1943 3186 1992 tua
3215 1935 3412 1992 laudet
3433 1937 3634 1992 Deum.
3660 1937 3794 1992 Sive

2131 2023 2192 2079 in
2224 2025 2617 2096 prosperitate,
2648 2026 2767 2082 sive
2789 2026 2849 2081 in
2869 2025 3215 2082 adversitate
3239 2023 3342 2092 sis,
3367 2038 3589 2094 semper
3616 2024 3793 2082 lauda

2131 2115 2327 2170 Deum.
2349 2115 2490 2170 Cum
2519 2113 2625 2170 tibi
2653 2120 2739 2170 est
2763 2120 2986 2170 terrena
3016 2113 3366 2184 prosperitas
3391 2113 3562 2169 lauda
3584 2115 3788 2184 Deum,

2132 2203 2231 2274 qui
2286 2204 2464 2260 dedit.
2518 2204 2658 2260 Cum
2710 2217 2843 2260 vero
2889 2202 3226 2274 adversitas,
3281 2201 3558 2258 similiter
3617 2203 3792 2259 lauda

2130 2293 2330 2363 Deum,
2360 2293 2528 2363 cujus
2553 2293 2711 2363 justo
2737 2293 2964 2362 judicio
3001 2292 3198 2364 agitur
3231 2297 3292 2348 ut
3324 2291 3430 2346 tibi
3464 2291 3792 2348 adversitas

2129 2381 2442 2453 contingat.
2494 2381 2594 2437 llle
2635 2381 2833 2438 laudat
2873 2383 3051 2438 Deum
3085 2381 3142 2436 in
3185 2379 3649 2451 omnitempore,
3683 2381 3784 2452 qui

2131 2471 2372 2527 humilis
2396 2476 2500 2526 est.
2529 2471 2679 2541 Quid
2707 2475 2794 2527 est
2818 2485 2940 2528 esse
2963 2470 3238 2526 humilem
3264 2471 3290 2522 l
3309 2469 3473 2526 Nolle
3499 2471 3558 2526 in
3586 2485 3647 2527 se
3669 2471 3794 2526 lau-

2125 2560 2273 2616 dari.
2305 2559 2415 2629 Qui
2444 2560 2503 2616 in
2531 2575 2590 2616 se
2619 2561 2743 2616 vult
2773 2560 3020 2631 laudari,
3051 2559 3332 2630 superbus
3359 2565 3448 2615 est
3480 2561 3621 2630 ;qui
3655 2574 3788 2618 vero

2127 2645 2410 2719 superbus
2438 2654 2544 2721 est,
2576 2664 2685 2707 non
2719 2655 2904 2721 potest
2933 2649 3169 2706 laudare
3197 2649 3501 2708 Dominum
3531 2649 3590 2704 in
3625 2651 3784 2706 omni

2128 2745 2396 2810 tempore.

2194 2831 2335 2885 Bene
2371 2831 2623 2886 nuntiari
2645 2831 2929 2900 justitiam
2969 2835 3117 2885 tuam
3156 2831 3217 2883 in
3253 2829 3494 2884 Ecclesia
3531 2845 3784 2899 magna;

2123 2933 2237 2972 ecce
2269 2918 2416 2972 labia
2444 2935 2562 2974 mea
2587 2934 2695 2972 non
2709 2919 3025 2989 prohibebo.
3055 2917 3156 2973 Ille
3178 2917 3318 2973 bene
3343 2917 3578 2974 nuntiat
3596 2917 3787 2986 justi-

360 3005 456 3062 cui
491 3012 767 3077 praecepta
797 3005 1063 3078 Decalogi
1109 3006 1512 3062 convenienter
1539 3012 1831 3077 aptantur.
1863 3008 2010 3078 Quia
2041 3002 2090 3066 C
2125 3007 2262 3062 tiam
2297 3009 2398 3064 Dei
2428 3009 2485 3064 in
2518 3008 2770 3065 Ecclesia
2801 3007 3108 3080 catholica,
3141 3008 3244 3078 qui
3277 3006 3415 3064 bene
3442 3007 3607 3078 vivit,
3640 3013 3696 3063 et
3725 3007 3785 3064 in

356 3094 672 3151 secundum
714 3094 952 3152 formam
997 3095 1366 3152 instrumenti
1401 3095 1598 3167 hujus,
1629 3096 1698 3152 de
1743 3098 2010 3166 supernis

355 3185 646 3241 venientia
687 3185 917 3242 Domini
953 3185 1116 3254 jussa
1163 3185 1538 3256 suscipimus.
1597 3187 1668 3242 Et
1707 3187 2010 3244 considera

357 3276 496 3346 quia
527 3275 712 3332 solum
744 3281 832 3332 est
875 3275 1321 3332 instrumentum
1369 3276 1678 3348 musicum,
1720 3277 1870 3348 quod
1907 3292 2008 3348 pro

355 3365 698 3422 excellentia
722 3365 814 3421 sui
841 3365 1156 3421 decachord
1171 3379 1260 3422 um
1285 3365 1552 3423 dicatur:
1579 3369 1698 3423 Non
1721 3367 1876 3422 enim
1903 3367 2006 3423 hoc

353 3455 423 3512 de
453 3455 698 3525 cithara,
728 3455 814 3512 vel
849 3455 986 3511 aliis
1023 3454 1423 3525 hujuscemodi
1471 3457 1877 3513 instrumentis
1918 3456 2009 3513 le—

351 3550 506 3601 ctum
520 3559 643 3601 esse
657 3545 1040 3602 meminimus.
1060 3545 1486 3602 Decachordum
1502 3560 1632 3602 vero
1647 3545 2005 3620 psalterium,

351 3635 506 3690 sicut
533 3641 750 3691 veteres
777 3635 1070 3708 dixerunt,
1103 3641 1158 3691 et
1187 3634 1331 3691 illud
1366 3634 1781 3692 nobisindicat
1809 3650 2008 3692 sacra-—

355 3730 630 3796 mentum,
677 3730 742 3782 ut
786 3724 1100 3782 referamus
1135 3725 1246 3781 tria
1279 3726 1348 3781 ad
1379 3727 1578 3792 Deum,
1608 3725 1708 3796 qui
1750 3726 2008 3782 Trinitas

351 3820 456 3884 est,
505 3814 560 3870 id
609 3821 714 3886 est,
767 3815 1038 3886 primum,
1091 3814 1242 3885 quod
1291 3813 1419 3868 ait:
1455 3815 1578 3870 Non
1619 3815 1840 3870 habebis
1880 3817 2004 3872 deos

350 3904 558 3958 alienos
609 3919 787 3958 coram
839 3919 921 3958 me
972 3903 1170 3972 (Exod.
1231 3916 1326 3973 xx,
1372 3901 1471 3974 3);
1505 3905 1838 3970 secundum,
1882 3907 2004 3962 Non

347 3994 517 4058 facies
549 3993 649 4047 tibi
677 3993 928 4062 sculptile
955 3991 1147 4060 (Ibid,
1173 3987 1227 4062 4)
1253 4009 1264 4046 :
1301 3993 1536 4050 tertium
1571 4011 1584 4048 :
1619 3995 1742 4050 Non
1762 4011 2004 4051 assumes

353 4083 454 4134 tibi
472 4097 664 4135 nomen
688 4083 787 4135 Dei
807 4083 890 4136 tui
922 4083 981 4136 in
1005 4097 1236 4136 vacuum
1263 4081 1456 4151 (Ibid,
1477 4079 1555 4154 7).
1580 4085 1639 4138 In
1664 4099 1778 4154 quo
1807 4085 2004 4157 jungit

351 4173 410 4225 et
430 4169 502 4225 de
529 4168 790 4226 Sabbato.
823 4171 1044 4242 Septem
1077 4184 1208 4227 vero
1241 4186 1367 4242 qua:
1397 4178 1723 4244 sequuntur
1750 4174 1820 4230 ad
1847 4175 2002 4232 dile~

351 4258 600 4315 ctionem
625 4258 899 4333 dixerunt
929 4261 1176 4332 proximi
1204 4261 1507 4333 pertinere,
1539 4262 1595 4318 id
1627 4270 1713 4319 est
1739 4282 1752 4320 :
1779 4265 2002 4320 Honora

348 4353 564 4420 patrem
594 4355 748 4406 tuum
775 4357 826 4406 et
849 4356 1077 4406 rnatrem
1107 4357 1280 4406 tuam.
1307 4352 1432 4409 Non
1460 4353 1688 4407 occides.
1713 4355 1836 4410 Non
1867 4371 2002 4410 mae-

356 4440 620 4496 chuberis.
667 4442 792 4498 Non
843 4443 1060 4510 furtum
1105 4444 1299 4510 facies.
1349 4443 1472 4499 Non
1533 4443 1770 4512 loqueris
1812 4451 2002 4502 contra

351 4529 657 4598 proximum
685 4535 838 4582 tuum
865 4529 1070 4596 falsum
1097 4531 1478 4585 testimonium.
1513 4531 1636 4588 Non
1665 4535 2002 4604 concupisces

355 4617 572 4672 domum
614 4620 858 4688 proximi
899 4620 1001 4672 tui.
1050 4619 1174 4674 Non
1215 4619 1554 4674 desiderabis
1610 4636 1832 4676 uxorem
1883 4624 2002 4692 ejus

354 4707 552 4774 (Exod.
577 4721 680 4776 xu,
707 4703 809 4778 l7).
834 4707 928 4762 Sic
950 4707 1130 4763 totius
1153 4707 1504 4764 decachorda
1528 4709 1788 4779 psalterii
1814 4712 2002 4769 virtus

353 4793 601 4867 perlecta
640 4795 810 4852 nobis
846 4801 902 4852 et
939 4796 1300 4854 honorabilis
1339 4798 1650 4854 indicatur.
1695 4800 2002 4859 Psallimus

356 4897 584 4956 quoque
629 4891 687 4940 et
737 4886 795 4941 in
843 4887 1035 4943 decem
1087 4887 1322 4943 chordis
1367 4888 1594 4959 quando
1641 4888 1699 4944 in
1745 4891 2002 4962 quinque

355 4973 624 5032 sensibus
694 4976 1027 5060 carnalibus
1077 4983 1134 5034 et
1186 4978 1244 5033 in
1303 4977 1563 5049 quinque
1629 4979 2000 5048 spiritalibus

353 5064 640 5138 probabili
668 5078 772 5122 nos
798 5068 1228 5124 conversatione
1262 5072 1590 5124 tractamus.
1630 5069 1832 5126 Verum
1867 5069 1997 5142 ista,

353 5169 480 5228 quae
516 5154 790 5226 dicimus,
831 5167 942 5210 non
989 5161 1128 5213 sunt
1167 5161 1326 5213 extra
1372 5171 1478 5214 nos
1509 5157 1715 5229 posita,
1759 5158 1912 5214 sicut
1938 5161 1995 5216 in

351 5245 570 5302 musica
593 5243 926 5316 disciplina.
952 5247 1014 5300 In
1043 5246 1208 5301 nobis
1237 5252 1325 5302 est
1349 5246 1571 5302 cithara
1597 5265 1610 5317 ;
1638 5247 1696 5302 in
1721 5247 1888 5304 nobis
1911 5255 1998 5306 est

349 5334 708 5411 psalterium,
744 5334 859 5390 imo
894 5333 1017 5403 ipsa
1042 5347 1254 5406 organa
1285 5347 1389 5391 nos
1417 5349 1637 5405 sumus,
1671 5338 1900 5407 quando
1925 5339 1995 5396 ad

347 5423 797 5480 similitudinem
827 5436 1046 5494 eorum,
1077 5436 1177 5493 per
1205 5423 1446 5494 gratiam
1476 5425 1728 5499 Domini,
1761 5433 1992 5485 actuum

349 5519 675 5572 nostrorum
722 5511 1000 5584 qualitate
1044 5516 1348 5568 certamus.
1395 5513 1522 5569 Haec
1559 5519 1746 5572 autem
1791 5523 1848 5572 et
1889 5518 1994 5575 illo

2124 3095 2410 3153 laudando
2439 3103 2495 3154 et
2525 3097 2888 3168 praedicando
2924 3099 3100 3153 Deum
3143 3097 3337 3169 segnis
3367 3111 3476 3152 non
3508 3095 3786 3168 eﬂicitur,

2122 3187 2215 3242 sed
2252 3187 2398 3243 alios
2425 3187 2494 3244 ad
2527 3186 2753 3243 laudem
2784 3186 2883 3242 Dei
2917 3199 3024 3243 suo
3051 3185 3310 3256 exemplo
3343 3191 3626 3256 provocat.

2193 3277 2418 3332 l’sallite
2457 3280 2565 3332 Deo
2602 3281 2808 3341 nostro,
2854 3277 3098 3348 psallite,
3131 3276 3358 3347 psallite
3392 3277 3527 3344 Regi
3574 3281 3788 3341 nostra,

2118 3366 2356 3436 psallite.
2389 3366 2460 3422 Ut
2492 3366 2598 3423 hoc
2627 3381 2774 3437 opus
2812 3365 3066 3422 salutare
3093 3365 3435 3437 ostenderet,
3470 3365 3599 3422 ideo
3629 3380 3790 3436 qua-

2121 3463 2252 3512 tuor
2273 3456 2501 3513 vicibus
2528 3457 2779 3528 repetiit,
2798 3457 3038 3528 psallite.
3062 3455 3309 3512 Psallere
3329 3456 3481 3512 enim
3503 3461 3591 3511 est
3611 3455 3790 3513 bonis

2118 3545 2450 3603 actionibus
2494 3546 2695 3604 laudes
2724 3548 2836 3602 Deo
2867 3559 3087 3616 canere,
3136 3546 3310 3616 quod,
3343 3545 3392 3601 si
3427 3544 3572 3602 bene
3603 3545 3786 3602 exhi-

2121 3635 2341 3708 beatur,
2375 3636 2546 3692 etiam
2573 3650 2703 3693 cum
2729 3636 2950 3710 angelis
2972 3635 3140 3692 nobis
3163 3633 3437 3705 probatur
3461 3649 3588 3690 esse
3615 3647 3787 3691 com-

2120 3739 2306 3781 mune.
2335 3727 2562 3781 Psallite
2585 3727 2718 3796 Regi
2739 3732 2922 3780 nostro
2945 3745 2962 3794 ;
2983 3725 3214 3782 Christo
3235 3724 3402 3796 dicit,
3427 3738 3542 3782 non
3565 3723 3786 3796 alieno,

2121 3829 2287 3886 quem
2327 3815 2490 3872 decet
2531 3815 2642 3872 ista
2681 3816 2962 3873 laudatio.

2188 3904 2452 3971 Quoniam
2479 3908 2595 3961 Rea:
2622 3907 2795 3960 omnis
2827 3911 2984 3960 terra
3013 3908 3154 3960 Deus
3183 3905 3445 3975 :psallite
3473 3906 3778 3972 sapienter.

2117 3995 2239 4064 Ipse
2263 3998 2348 4050 est
2373 3994 2523 4050 enim
2551 3994 2830 4050 veraciter
2856 3995 2969 4050 Rex
2995 3995 3184 4050 omnis
3206 3999 3392 4064 terrai,
3415 3993 3508 4049 cui
3537 3993 3785 4062 sapien—

2116 4089 2202 4140 ter
2231 4083 2473 4154 psallere
2501 4084 2773 4140 debemus
2803 4102 2816 4139 :
2844 4089 2928 4156 ut,
2963 4098 3075 4141 non
3105 4083 3292 4140 solum
3325 4088 3643 4152 cantantes,
3678 4082 3779 4138 sed

2116 4173 2502 4246 intelligentcs
2521 4173 2760 4244 psallere
2775 4173 3102 4230 debeamus.
3123 4175 3296 4230 Nemo
3313 4173 3464 4230 enim
3487 4173 3784 4243 sapienter

2115 4263 2432 4335 quidquam
2463 4262 2606 4320 facit
2635 4264 2788 4335 quod
2819 4277 2933 4320 non
2965 4263 3268 4336 intelligit.

2027 4367 2095 4437 Β,
2182 4353 2410 4408 Immola
2438 4355 2908 4424 Deovsac-rificium
2947 4353 3152 4421 laudis,
3191 4357 3243 4408 ct
3279 4352 3448 4407 redde
3485 4351 3780 4406 Altissimo

2111 4447 2236 4498 vota
2263 4447 2377 4498 tua.
2412 4442 2556 4512 Quis
2587 4442 2847 4500 immolat
2873 4444 2989 4500 Deo
3019 4441 3372 4499 sacriﬁcium
3406 4440 3616 4511 laudis,
3654 4441 3779 4497 nisi

2116 4531 2216 4603 qui
2246 4545 2280 4588 a
2310 4531 2556 4588 terrenis
2584 4531 2748 4589 vitiis
2786 4530 2964 4589 fuerit
3001 4539 3334 4604 segregatus
3365 4527 3534 4603 [Edit.
3574 4530 3735 4584 Basil
3757 4550 3778 4585 :

2116 4621 2214 4694 qui
2237 4621 2482 4678 moritur
2500 4621 2732 4693 mundo,
2753 4625 2817 4677 ut
2831 4621 3044 4677 ostium
3064 4619 3163 4676 ﬁat
3181 4616 3452 4692 Christo].
3475 4619 3596 4673 Non
3613 4618 3776 4675 enim

2113 4710 2298 4781 placet
2318 4712 2579 4783 Domino,
2607 4711 2658 4768 si
2687 4710 2886 4768 laudes
2915 4710 3039 4781 ejus
3069 4709 3260 4780 turpis
3288 4721 3527 4779 persona
3551 4708 3781 4764 decan-

2114 4803 2210 4856 tet.
2251 4802 2493 4872 Turpem
2545 4813 2842 4872 personam
2893 4800 2986 4856 hic
3031 4799 3164 4855 dico
3209 4812 3336 4870 qua:
3381 4811 3480 4868 per
3518 4795 3667 4852 vitia
3716 4802 3780 4852 et

2113 4896 2339 4960 peccata
2363 4890 2552 4962 turpis
2580 4889 2862 4960 redditur,
2885 4889 3023 4961 quia
3045 4887 3392 4944 cantandum
3419 4890 3505 4942 est
3523 4885 3774 4942 Domino

2112 4979 2301 5051 corde,
2335 4993 2468 5036 voce
2492 4986 2549 5036 et
2568 4993 2736 5052 Opere
2759 4997 2774 5052 ;
2799 4978 2898 5050 qui
2929 4977 3080 5034 enim
3112 4977 3193 5034 ita
3217 4977 3396 5046 canit,
3425 4977 3600 5031 Deum
3633 4988 3774 5045 per—

2113 5068 2254 5125 fecte
2285 5069 2500 5126 laudat.

2183 5160 2522 5230 Sacriﬁcium
2567 5159 2748 5215 laudis
2778 5157 3153 5230 honoriﬁcabit
3179 5172 3282 5220 me,
3313 5159 3364 5210 et
3383 5155 3500 5210 illic
3528 5157 3632 5210 iter
3663 5169 3772 5224 quo

2109 5249 2389 5304 ostendam
2417 5249 2504 5303 illi
2530 5249 2774 5304 salutare
2810 5250 2928 5304 Dei.
2961 5249 3076 5304 Hoc
3105 5253 3304 5304 contra
3337 5244 3477 5302 illos
3508 5244 3770 5316 ponitur,

2109 5338 2208 5410 qui
2245 5339 2470 5411 indigni
2496 5339 2694 5398 laudes
2718 5339 2946 5396 Domini
2977 5351 3179 5394 canere
3202 5335 3640 5408 prtesumebant.
3670 5334 3776 5390 Sa-

2105 5431 2365 5499 criﬁcium
2391 5430 2574 5485 laudis
2603 5429 2982 5500 honoriﬁcabit
3007 5443 3090 5483 me
3107 5446 3126 5494 ,-
3153 5439 3265 5483 non
3299 5425 3470 5498 quale
3499 5422 3773 5480 scelerati

2106 5524 2339 5588 canunt,
2395 5518 2491 5575 sed
2547 5517 2716 5591 quale
2773 5531 2916 5590 pura
2968 5530 3128 5573 mens
3179 5514 3482 5572 consuevit
3531 5509 3765 5565 otl'erre.
