4054 6192
290 319 422 382 4424

1691 322 1825 380 BEN
1829 320 2100 380 EDICTIO
2143 321 2279 379 DEI.

3555 286 3698 380 uas

290 449 482 517 ipsum
512 447 664 503 enim
708 445 1059 503 sacriﬁcium
1107 445 1301 503 laudis
1329 445 1573 503 honorat
1610 446 1938 515 Dominum,
1968 447 2023 507 A
2122 448 2426 504 Narrantes
2470 447 2660 503 laudes
2698 450 2916 504 Domini
2945 452 2997 505 et
3026 450 3253 505 virtutes
3277 449 3416 519 ejus,
3445 451 3499 504 et
3534 451 3704 504 mira-

289 537 441 607 quod
466 536 718 606 puritate
739 536 869 591 ﬁdei
887 540 942 591 et
964 535 1213 592 actionis
1240 535 1524 606 probitate
1549 534 1726 593 fuerit
1749 536 1943 591 immo-

289 626 490 682 latum.
523 626 797 697 Sequitur
819 639 1073 697 quoque:
1112 627 1181 681 Et
1200 627 1316 680 illic
1339 628 1445 681 iter
1481 631 1588 681 est:
1621 626 1731 683 iter
1757 624 1944 695 appel-

290 715 372 771 lat
398 715 785 772 beatissimam
814 716 1210 786 psalmodiam.
1238 712 1342 773 Sed
1372 716 1491 773 haac
1512 717 1607 772 via
1623 715 1723 772 ubi
1747 715 1941 786 ducat,

289 805 546 876 exponit,
597 821 703 875 quo
754 807 1034 860 ostendam
1097 806 1185 860 illi
1230 808 1472 861 salutare
1501 808 1617 861 Dei.
1679 804 1943 861 Gloriosa

291 894 515 964 semita,
544 909 671 965 qua":
708 895 874 951 ducit
897 895 966 951 ad
998 895 1128 952 coeli
1154 900 1433 977 terraeque
1474 900 1805 951 creatorem.
1852 896 1948 951 Ve-

294 999 418 1051 rum
454 984 610 1041 istud
657 984 784 1055 iter,
837 985 988 1054 quod
1021 985 1241 1042 dictum
1265 990 1369 1057 est,
1405 998 1516 1041 non
1548 985 1810 1056 pedibus,
1846 984 1944 1041 sed

292 1074 509 1132 sanctis
533 1075 820 1131 mentibus
840 1074 1190 1146 ambulatur,
1223 1077 1381 1148 quia,
1409 1075 1546 1133 dum
1567 1075 1873 1131 dulcedine
1894 1078 1951 1130 et

293 1165 575 1221 suavitate
625 1170 830 1220 cantus
871 1164 1206 1237 delectatur,
1258 1165 1724 1236 compunctiouis
1764 1165 1951 1236 gratia

296 1267 393 1325 per
430 1253 820 1310 visitationem
854 1254 1110 1310 divinam
1147 1255 1207 1311 in
1238 1255 1408 1312 corde
1439 1261 1761 1327 generatur.
1794 1254 1951 1310 Unde

280 1334 446 1399 alius
474 1342 728 1413 psalmus
764 1343 942 1399 dicit:
982 1344 1321 1414 Sacriﬁcium
1347 1347 1455 1399 Deo
1485 1346 1714 1414 spiritus
1758 1346 1954 1398 contri-

295 1434 535 1496 bulatus,
554 1450 643 1488 cor
665 1435 958 1488 contritum
988 1439 1037 1489 et
1058 1435 1424 1489 humiliatum.
1450 1438 1614 1504 Deus,
1639 1450 1747 1489 non
1767 1434 1946 1504 despi-

293 1524 417 1577 cies.
451 1524 529 1578 De
560 1522 665 1579 hoc
693 1523 1006 1593 sacriﬁcio,
1054 1523 1114 1578 in
1155 1538 1268 1595 quo
1298 1523 1546 1594 spiritus
1575 1523 1944 1593 humiliatur,

295 1613 673 1684 lacrymarum
723 1613 910 1670 solent
958 1613 1171 1669 fluenta
1227 1600 1566 1683 decurrere;
1617 1613 1775 1684 quia,
1815 1625 1946 1668 cum

296 1704 608 1760 secundum
667 1706 840 1760 Deum
900 1703 1232 1772 tribulatur,
1296 1703 1463 1760 nobis
1527 1703 1946 1759 absolutionem

2053 538 2186 591 bilia
2219 538 2358 607 ejus,
2400 554 2520 607 qum
2546 540 2693 607 fecit.
2728 537 2897 595 Facta
2922 539 3132 610 quippe
3167 538 3398 595 Domini
3444 550 3696 608 narrare,

2052 626 2316 683 laudasse
2362 632 2466 683 est:
2513 628 2682 698 cujus
2725 629 2861 684 dum
2904 641 3075 698 Opera
3121 627 3470 700 referuntur,
3515 627 3700 700 gloria

2053 730 2275 787 semper
2302 722 2565 789 augetur.

2123 807 2322 862 Beatus
2375 808 2630 878 populus,
2655 808 2755 876 qui
2797 808 2900 862 scit
2934 806 3337 875 jubilationem.
3396 805 3497 863 Ille
3561 805 3702 863 bea-

2056 900 2150 951 tus
2182 896 2429 966 populus
2461 902 2566 968 est,
2601 896 2701 967 qui
2730 895 2928 952 laudes
2957 896 3053 952 Dei
3088 910 3199 953 non
3225 896 3411 952 solum
3443 910 3539 952 ore
3577 910 3709 952 can-

2056 991 2159 1053 tat,
2202 986 2297 1041 sed
2338 986 2508 1041 etiam
2551 986 2770 1042 lumine
2805 985 3012 1041 mentis
3044 985 3341 1057 intelligit.
3384 984 3708 1057 intelligere

2058 1081 2245 1130 autem
2285 1080 2391 1141 est,
2425 1075 2474 1131 si
2507 1089 2734 1146 operam
2764 1076 2882 1147 dat,
2916 1080 2981 1131 ut
3006 1075 3334 1145 Scripturas
3354 1080 3582 1132 sanctas
3604 1088 3707 1131 ca-

2061 1164 2297 1220 tholicis
2322 1165 2540 1237 regulis
2571 1171 2981 1236 perscrutetur.

2128 1254 2193 1307 In
2242 1254 2571 1309 (lecarhordo
2614 1255 2899 1325 psalterio,
2957 1272 3076 1310 cum
3124 1256 3332 1309 cantico
3384 1256 3443 1309 in
3470 1255 3703 1309 cithara.

2058 1342 2482 1399 Decachordum
2524 1344 2858 1414 psalterium
2898 1344 3088 1401 decem
3131 1338 3582 1415 prazcepta'legis
3618 1344 3711 1399 si-

2057 1431 2310 1503 gniﬁcat,
2377 1433 2549 1503 quod,
2597 1439 2733 1490 tunc
2785 1448 2912 1491 vere
2963 1438 3280 1503 cantamus,
3331 1433 3383 1489 si
3423 1446 3488 1489 ea
3540 1446 3709 1503 opere

2056 1522 2426 1592 complemus.
2482 1526 2606 1594 Ipse
2657 1524 2810 1579 enim
2881 1529 3073 1580 cantat
3128 1538 3256 1581 cum
3308 1523 3550 1595 cithara,
3605 1523 3708 1594 qui

2057 1610 2203 1667 bona
2242 1625 2414 1682 opera
2443 1613 2665 1683 perficit
2696 1613 2823 1669 sine
2850 1614 3158 1683 asperitate
3181 1612 3461 1669 tristitia).

2127 1702 2314 1757 Venite
2351 1703 2680 1758 emsultemus
2715 1706 2964 1766 Domino,
2990 1703 3291 1772 jubilemus
3328 1705 3434 1756 Deo
3476 1701 3719 1756 salutari

296 1792 507 1849 tribuit
551 1798 932 1863 peccatorum.
964 1795 1031 1849 Et
1071 1793 1178 1850 hoc
1209 1770 1559 1849 sacrificium
1587 1807 1700 1850 non
1726 1791 1948 1864 spernit
1976 1770 2029 1831 Β
2056 1794 2258 1846 nostra.
2306 1791 2472 1847 Velut
2507 1793 2742 1862 quidam
2782 1806 2966 1863 praeco
2993 1770 3242 1861 'judicis,
3287 1791 3569 1847 excitator
3606 1803 3712 1860 po-

296 1884 466 1951 Deus,
509 1882 603 1937 sed
635 1882 933 1955 approbat,
967 1887 1024 1939 et
1065 1883 1250 1956 eligit,
1278 1887 1336 1938 et
1376 1884 1435 1938 in
1478 1889 1787 1954 conspectu
1840 1897 1946 1940 suo

297 1971 574 2028 admittit.

373 2063 630 2119 Paratum
660 2078 749 2117 cor
777 2078 973 2131 meum,
1000 2065 1164 2133 Deus,
1191 2065 1453 2133 paratum
1478 2078 1566 2117 cor
1596 2079 1793 2126 meum,
1825 2079 1950 2117 can-

300 2155 422 2208 tabo
460 2159 512 2208 et
539 2153 818 2223 psalmum
867 2153 1045 2207 dicam
1085 2154 1328 2208 Domino.
1384 2153 1649 2208 Paratum
1692 2152 1839 2208 dicit
1889 2166 1949 2208 se

302 2242 509 2299 habere
555 2257 673 2311 cor,
722 2242 791 2297 ad
820 2242 1037 2314 gratias
1073 2242 1313 2298 Domino
1346 2241 1703 2297 referendum
1744 2241 1946 2313 magis,

303 2345 472 2403 quam
503 2332 571 2387 ad
615 2330 919 2387 simulares
950 2331 1193 2386 honores
1221 2335 1277 2386 et
1300 2330 1646 2386 ambitiones
1673 2335 1954 2400 appeten-

190 2430 195 2435 ‘
301 2422 457 2477 dum.
520 2422 760 2476 Cantare
813 2433 873 2475 se
924 2419 1088 2489 dicit,
1145 2419 1384 2475 vocibus
1428 2419 1671 2491 gratiam
1719 2418 1947 2476 referre.

2059 1879 2180 1950 puli
2227 1878 2416 1952 gallus
2454 1880 2739 1952 Ecclesim,
2773 1887 3001 1937 orantes
3040 1881 3275 1951 invitat,
3320 1886 3384 1935 ut
3411 1880 3481 1936 de
3511 1893 3712 1936 somno

2059 1968 2235 2038 hujus
2272 1969 2468 2025 saeculi
2518 1969 2878 2041 evigilantes,
2935 1969 3134 2026 laudes
3174 1969 3415 2026 Domino
3471 1969 3715 2025 debeant

2054 2058 2309 2127 jucunda
2350 2059 2735 2115 exsultatione
2762 2058 3086 2116 concinere.
3120 2061 3190 2115 Et
3239 2058 3373 2130 quia
3414 2064 3501 2115 est
3537 2059 3712 2114 istius

2060 2148 2256 2204 saeculi
2309 2148 2639 2221 exsultatio,
2692 2163 2817 2221 quae
2861 2149 3106 2206 maxime
3142 2149 3367 2205 animos
3414 2147 3709 2204 hominum

2060 2244 2319 2308 occupat,
2347 2238 2478 2293 inde
2508 2238 2751 2310 monuit,
2780 2244 2840 2295 ut
2866 2238 3175 2310 venientes,
3209 2251 3322 2294 non
3352 2236 3581 2309 saeculo,
3615 2236 3711 2293 sed

2059 2328 2300 2384 Domino
2332 2328 2683 2385 exsultemus
2711 2334 2767 2385 et
2780 2328 3117 2399 jubilemus.

2131 2419 2566 2488 Prwoccupemus
2607 2421 2803 2488 faciem
2853 2419 2971 2488 ejus
3028 2422 3089 2474 in
3141 2419 3494 2487 confessione,
3549 2421 3600 2472 et
3654 2418 3713 2471 in

299 2510 789 2567 Psalmumdicere
805 2514 1014 2579 autem,
1035 2508 1711 2579 praedicabiliDominum
1729 2508 1953 2565 actione
2056 2508 2287 2577 psalmis
2306 2508 2606 2577 jubilemus
2640 2511 2705 2563 ei.
2751 2511 3169 2579 Preeoccupare,
3211 2513 3297 2564 est
3326 2512 3456 2564 ante
3485 2505 3709 2577 aliquid

303 2599 556 2656 laudare.

374 2690 464 2745 Sic
496 2689 774 2759 psalmum
804 2688 981 2741 dicam
1011 2688 1218 2740 nomini
1246 2690 1337 2740 tuo
1365 2688 1424 2740 in
1461 2687 1718 2741 saeculum
1746 2687 1950 2748 saeculi,

304 2784 365 2832 ut
379 2779 609 2833 reddam
644 2782 769 2831 vota
795 2790 914 2830 mea
939 2775 1005 2828 de
1031 2775 1119 2828 die
1142 2776 1201 2827 in
1227 2774 1388 2827 diem.
1424 2774 1740 2829 Reddamus
1766 2780 1821 2829 et
1850 2787 1953 2830 nos

306 2870 435 2920 vota
464 2872 653 2919 nostra
681 2864 741 2918 in
765 2863 874 2917 isto
897 2860 1235 2917 transitorio
1257 2860 1372 2932 die,
1401 2867 1464 2917 ut
1486 2861 1545 2917 in
1574 2860 1674 2917 illa
1698 2862 1953 2933 perenui-

307 2959 425 3010 tate
454 2952 651 3009 laudes
677 2950 922 3021 Domini,
954 2951 1147 3007 eodem
1176 2955 1498 3023 praestante,
1524 2952 1826 3007 decantare
1848 2965 1956 3008 me-

307 3056 402 3099 rea
412 3056 554 3098 mur.

1979 3086 2027 3149 C

2066 2596 2267 2669 facere,
2314 2611 2481 2669 quam
2514 2598 2616 2654 ille
2660 2599 2841 2654 videri
2876 2599 3077 2671 possit,
3123 2597 3223 2671 qui
3271 2597 3529 2653 creditur
3553 2595 3714 2651 adve-

2065 2688 2211 2744 nire.
2253 2689 2398 2758 Ergo
2428 2692 2731 2759 antequam
2771 2688 3052 2745 Dominus
3096 2688 3308 2758 veniat,
3350 2686 3401 2742 ei
3451 2684 3719 2742 conﬁtea-

2064 2790 2212 2846 mur,
2244 2775 2301 2831 id
2332 2780 2437 2845 est,
2459 2776 2702 2833 Domino
2732 2777 2930 2833 laudes
2959 2777 3229 2849 religiosa
3264 2775 3565 2832 devotione
3597 2787 3720 2845 per-

2064 2865 2369 2922 solvamus.
2428 2866 2488 2919 In
2535 2865 2772 2935 psalmis
2818 2867 2989 2922 etiam
3027 2866 3346 2936 jubilemus
3386 2865 3462 2937 ei,
3517 2864 3574 2920 id
3607 2867 3712 2936 est,

2065 2955 2413 3026 psalmorum
2446 2954 2854 3026 modulatione,
2882 2956 3075 3012 cordis
3099 2954 3403 3012 offeramus
3432 2954 3714 3011 laetitiam.

2064 3047 2125 3100 In
2156 3056 2325 3114 opere
2352 3043 2504 3098 enim
2536 3043 2727 3099 laudis
2747 3049 2802 3099 et
2834 3044 3183 3115 psalmodiis,
3219 3050 3527 3115 utrumque
3551 3044 3719 3100 debet

375 3132 616 3187 Jubilate
637 3133 766 3197 Deo,
824 3133 997 3185 omnis
1026 3135 1195 3194 terra,
1227 3131 1503 3200 psalmum
1551 3129 1715 3184 dicite
1743 3130 1955 3185 nomini
1981 3122 2027 3149 υ
2063 3147 2186 3190 esse
2208 3132 2514 3200 sociatum,
2544 3139 2824 3202 quatenus
2849 3131 3097 3190 oﬁicium
3125 3132 3339 3206 linguae
3360 3139 3568 3190 nostris
3588 3122 3726 3190 con-

306 3223 445 3292 ejus,
478 3222 604 3276 date
639 3222 869 3288 gloriam
913 3221 1069 3276 laudi
1108 3220 1245 3289 ejus.
1286 3220 1560 3275 Hortatur
1588 3219 1657 3275 ad
1700 3219 1956 3290 psalmo—
2060 3224 2260 3295 juncto
2289 3221 2499 3294 gaudio
2524 3221 2896 3293 compleatur.

306 3311 462 3367 diam
489 3324 710 3367 omnem
738 3310 1045 3381 hominem,
1088 3316 1152 3365 ut
1185 3309 1406 3365 nomini
1438 3309 1669 3365 Domini
1702 3309 1805 3365 tali
1828 3322 1957 3364 con-

310 3399 559 3457 fessione
596 3399 809 3471 gratias
860 3398 1084 3455 referat.
1135 3400 1240 3455 Dat
1290 3403 1479 3455 autem
1523 3398 1764 3470 gloriam
1796 3398 1955 3454 laudi

311 3489 457 3559 ejus,
492 3489 593 3559 qui
620 3489 900 3559 praeconia
936 3488 1167 3545 Domini
1192 3487 1552 3559 frequentata
1575 3488 1960 3545 exsultatione

313 3577 690 3635 concelebrat.

384 3669 570 3724 Omnis
613 3674 760 3725 terra
789 3669 977 3724 adoret
999 3674 1069 3740 te,
1100 3673 1152 3723 et
1181 3668 1396 3739 psallat
1422 3668 1545 3732 tibi,
1580 3669 1853 3738 psalmum
1888 3668 1970 3723 di-

312 3763 400 3814 cat
428 3760 636 3813 nomini
660 3763 772 3821 tuo,
803 3759 1109 3813 Altissime.
1154 3759 1269 3813 Hoc
1298 3757 1450 3813 enim
1492 3757 1768 3813 veraciter
1791 3757 1970 3813 debe-

318 3862 445 3903 mus
493 3848 735 3904 Domino
781 3847 1071 3915 exhibere,
1110 3852 1173 3901 ut
1213 3847 1503 3916 adoretur,
1537 3846 1595 3902 id
1654 3851 1759 3906 est.
1800 3847 1972 3902 corde

312 3938 489 3992 Deum
516 3937 765 4006 credere,
788 3935 883 3991 cui
919 3933 1163 4004 psallere
1183 3934 1472 4003 jubemur,
1509 3934 1566 3991 id
1589 3940 1694 4006 est,
1728 3936 1974 4005 psalmo-

313 4027 425 4084 dia:
479 4025 785 4081 dulcedine
833 4025 959 4093 ejus
1010 4024 1295 4095 magualia
1349 4037 1635 4080 resonare.
1688 4024 1973 4081 Psalmum

314 4129 447 4172 vero
474 4114 686 4185 dicere,
733 4115 792 4170 id
836 4118 942 4185 est,
982 4113 1150 4175 bonis
1189 4112 1462 4184 operibus
1501 4112 1807 4170 Dominum
1845 4127 1975 4170 con-

317 4204 493 4260 ﬁteri.

387 4294 612 4349 Caritate
656 4296 781 4348 Deo.
822 4292 1099 4347 Psalmum
1124 4292 1287 4347 dicite
1318 4293 1529 4346 nomini
1568 4291 1718 4361 ejus:
1754 4294 1863 4348 iter
1886 4294 1977 4360 fa-

319 4384 421 4437 cite
459 4385 527 4453 ei,
570 4384 668 4452 qui
696 4383 943 4437 ascendit
972 4398 1136 4453 super
1178 4396 1445 4445 occasum,
1486 4384 1748 4437 Dominus
1786 4398 1980 4437 nomen

318 4460 426 4528 illi.
473 4474 762 4527 Emsultate
811 4475 868 4527 in
916 4477 1200 4543 conspeetu
1238 4473 1375 4541 ejus.
1427 4472 1629 4528 Cantat
1657 4472 1810 4528 enim
1842 4473 1976 4542 Deo,

322 4564 423 4635 qui
478 4561 1017 4632 contemplationem
1065 4563 1191 4631 ejus
1247 4575 1388 4631 puro
1439 4575 1504 4617 ac
1555 4561 1710 4617 fideli
1756 4575 1979 4632 semper

320 4653 515 4710 animo
539 4656 863 4709 contuetur.
910 4652 1195 4709 Psalmum
1233 4652 1380 4708 dicit
1422 4650 1641 4707 nomini
1674 4653 1821 4723 ejus,
1871 4651 1973 4721 qui

321 4756 523 4815 operas
568 4740 761 4814 eﬁicit,
817 4755 959 4814 quas
1014 4742 1113 4798 ille
1172 4742 1458 4813 prmcepit.
1505 4741 1817 4813 Sequitur:
1864 4743 1977 4795 Iter

322 4836 487 4900 facite
516 4835 585 4903 ei,
618 4833 675 4889 id
710 4838 815 4903 est,
860 4831 1032 4889 corda
1070 4837 1255 4888 vestra
1297 4831 1596 4912 puriﬁcata
1640 4836 1975 4903 praeparate,

329 4936 453 4992 quae
497 4922 769 4994 dignetur
815 4927 1048 4978 sanctus
1084 4922 1364 4979 Dominus
1416 4922 1681 4978 introire.
1737 4921 1978 4979 Addidit

326 5011 499 5066 etiam
523 5029 536 5066 :

400 5101 686 5156 Exsultate
704 5102 765 5156 in
801 5105 1086 5172 conspectu
1120 5101 1257 5171 ejus.
1295 5102 1418 5158 Non
1448 5101 1506 5157 in
1541 5102 1844 5172 praesentia
1868 5102 1980 5159 ho—

328 5188 573 5259 minum,
608 5190 707 5245 ubi
755 5196 841 5247 est
883 5191 1097 5247 caduca
1140 5190 1387 5259 ltetitia;
1420 5191 1515 5247 sed
1564 5191 1624 5247 in
1667 5197 1979 5263 conspectu

327 5280 478 5351 ejus,
510 5278 608 5334 ubi
643 5279 879 5351 jugiter,
903 5294 962 5336 se
1008 5280 1233 5351 puritas
1260 5280 1467 5337 mentis
1496 5280 1759 5337 oblectat.

398 5371 785 5425 Prienenerunt
812 5372 1091 5440 principes
1117 5371 1395 5439 conjuncti
1429 5371 1818 5440 psallentibus.
1842 5372 1980 5428 Con-

321 5462 583 5533 junctam
628 5457 1056 5514 multitudinem
1096 5458 1388 5529 signiﬁcat
1439 5458 1829 5533 psallentium,
1877 5461 1978 5531 qui

330 5550 531 5608 laudes
571 5546 827 5621 Domini,
874 5552 930 5604 et
984 5562 1118 5606 voce
1159 5554 1215 5605 et
1259 5547 1427 5605 bonis
1473 5547 1746 5618 operibus
1792 5562 1983 5620 perso-

330 5640 565 5699 nabant.

2138 3312 2366 3367 Cantate
2414 3312 2636 3364 Domino
2674 3314 2944 3368 canticum
2988 3328 3205 3377 novum,
3242 3316 3458 3368 cantate
3495 3314 3718 3369 Domino

2067 3403 2240 3457 omnis
2293 3406 2461 3455 terra.
2492 3398 2695 3456 Cantat
2722 3400 2875 3456 enim
2907 3401 3150 3457 Domino
3169 3401 3457 3458 canticum
3488 3415 3725 3474 novum,

2072 3491 2174 3563 qui
2201 3496 2385 3546 vetere
2409 3488 2641 3545 homine
2665 3489 2924 3559 deposito
2966 3503 3063 3560 per
3092 3490 3332 3561 gratiam
3358 3490 3725 3562 baptismatis

2075 3578 2324 3636 feliciter
2372 3579 2697 3647 innovatus,
2727 3579 3034 3635 Dominum
3084 3578 3299 3636 laudat.
3354 3581 3465 3636 Iste
3519 3584 3726 3636 cantus

2075 3674 2181 3741 est,
2215 3669 2317 3739 qui
2353 3672 2591 3724 mentem
2621 3667 2988 3737 purissimam
3010 3667 3362 3725 consolatur.
3395 3671 3505 3725 Ista
3538 3670 3735 3727 modu-

2079 3758 2240 3829 latio,
2282 3771 2408 3828 quae
2448 3756 2786 3813 medullitus
2827 3757 3089 3828 delectat,
3124 3758 3353 3828 quando
3382 3771 3511 3815 vere
3538 3763 3731 3815 cantat

2080 3848 2292 3919 anima,
2344 3861 2471 3918 quae
2495 3860 2555 3903 se
2591 3860 2623 3902 a
2664 3846 2911 3917 peccatis
2956 3860 3053 3918 per
3080 3847 3181 3902 Dei
3214 3847 3456 3920 gratiam
3486 3846 3738 3905 aestimat

2086 3936 2462 3993 liberandam.
3278 3925 3287 3933 ’

2159 4026 2385 4081 Cantate
2444 4027 2693 4088 Domino,
2735 4030 2783 4080 et
2833 4025 3125 4080 benedieite
3161 4026 3371 4080 nomini
3420 4026 3558 4095 ejus,
3610 4026 3740 4081 bene

2087 4116 2340 4170 nuntiate
2369 4114 2435 4168 de
2465 4113 2552 4167 die
2584 4116 2645 4168 in
2684 4114 2825 4169 diem
2867 4114 3110 4170 salutare
3143 4115 3287 4184 ejus.
3319 4113 3561 4171 Cantare
3586 4117 3740 4171 enim

2088 4204 2355 4273 Domino,
2395 4207 2451 4258 et
2480 4202 2815 4259 benedicere
2853 4217 3055 4259 nomen
3095 4204 3222 4274 ejus
3261 4217 3372 4260 non
3418 4204 3597 4260 unius
3624 4204 3744 4260 diei

2087 4293 2358 4364 jubemur
2372 4305 2637 4362 excursu,
2662 4291 2779 4362 sed,
2803 4293 2872 4348 de
2894 4292 2990 4347 die
3010 4292 3066 4346 in
3087 4292 3262 4364 diem,
3288 4292 3345 4349 id
3373 4298 3478 4363 est,
3503 4306 3750 4362 semper,

2093 4383 2407 4441 secundum
2462 4395 2673 4451 morem
2722 4384 2930 4438 sancta:
2972 4380 3259 4452 Ecclesiae,
3312 4380 3416 4437 hoc
3445 4394 3611 4453 agere
3639 4382 3749 4437 de-

2094 4473 2313 4543 bemus,

2160 4562 2386 4617 Cantate
2424 4562 2651 4616 Domino
2700 4561 2969 4617 canticum
3014 4576 3233 4629 novum,
3288 4562 3419 4630 quia
3467 4560 3747 4616 mirabilia
3848 4586 3851 4589 ς

2084 4654 2231 4732 fecit.
2266 4652 2543 4722 Propheta
2573 4650 2767 4707 ﬁdeles
2790 4650 3054 4707 admonet
3094 4650 3476 4722 Christianos,
3513 4654 3577 4706 ut
3602 4664 3748 4708 can-—

2087 4741 2189 4798 tici
2213 4742 2343 4798 novi
2374 4741 2758 4798 exsultatione
2782 4739 3064 4812 laetentur,
3095 4739 3323 4819 quando
3353 4738 3641 4797 mirabilis
3663 4748 3756 4799 est

2089 4830 2307 4887 Christi
2355 4831 2586 4886 Domini
2639 4829 2934 4887 confessus
2983 4830 3283 4887 adventus.
3349 4831 3541 4887 Novus
3591 4831 3746 4888 enim

2091 4921 2259 4977 homo
2289 4926 2518 4976 cantare
2551 4920 2717 4976 debet
2739 4921 3025 4976 canticum
3078 4932 3311 4988 novum,
3360 4933 3471 4976 non
3503 4920 3603 4977 ille
3649 4934 3752 4977 ve-

2090 5015 2302 5080 tustus,
2337 5011 2437 5081 qui
2469 5009 2709 5064 necdum
2737 5013 2960 5079 peccata
2992 5003 3168 5081 [Ade,
3197 5009 3328 5064 edit.
3360 5006 3560 5085 Basil.]
3586 5011 3758 5082 dep0'

2091 5113 2250 5170 nens,
2317 5098 2376 5153 in
2445 5096 2908 5169 praevaricatione
2955 5097 3162 5155 veteris
3236 5098 3491 5156 hominis
3550 5111 3750 5169 perse-

2091 5193 2267 5247 verat.

2158 5277 2396 5333 Jubilate
2423 5278 2529 5330 Deo
2571 5276 2743 5330 omnis
2784 5279 2949 5349 terra,
2994 5282 3228 5347 cantate,
3272 5282 3322 5331 et
3366 5275 3652 5337 emsultate,
3693 5280 3746 5331 et

2084 5369 2326 5440 psallite.
2350 5365 2605 5423 Jubilare
2648 5365 2867 5424 dictum
2916 5373 3020 5437 est,
3067 5380 3195 5422 cum
3255 5377 3457 5435 magna
3507 5363 3751 5422 delecta-

2092 5459 2249 5515 tione
2276 5457 2334 5513 in
2365 5457 2521 5513 vocis
2554 5457 2824 5527 gaudium
2868 5457 3156 5528 prosilire.
3194 5453 3453 5524 Cantare,
3499 5459 3585 5509 est
3612 5468 3751 5527 gra—

2096 5546 2324 5605 vissimi
2354 5546 2670 5603 Christiani
2703 5547 2824 5603 oris
2847 5544 3033 5602 oﬁicio
3056 5543 3261 5599 laudes
3284 5543 3525 5599 Domino
3566 5558 3756 5615 perso-

2100 5650 2258 5697 nare.
2296 5636 2617 5710 Exsultare,
2659 5649 2789 5693 cum
2838 5646 3037 5706 magna
3064 5630 3385 5704 affectione,
3415 5632 3597 5691 animi
3624 5639 3756 5693 vota
