4054 6192
315 342 454 402 4423

1178 331 1468 388 ΑΡΡΕΝΙ).
1512 327 1606 383 ΑΙ)
1653 325 1813 382 SIEC.
1865 323 1962 380 IX.
1992 351 2068 365 —
2105 319 2458 378 AUCTORES
2492 317 2829 376 ANONYMI.

3580 309 3721 368 1424

310 469 623 528 declarare.
675 461 922 519 Psallere
967 471 1120 529 vero,
1185 454 1354 512 bonis
1414 449 1686 522 Operibus
1729 437 2042 502 DominiA
2067 446 2248 508 gentes
2283 458 2446 512 opera
2486 441 2626 510 ejus,
2674 445 2932 510 pastores
2965 435 3236 492 Ecclesiae
3285 438 3630 503 commonet,
3664 433 3732 485 ut

313 559 576 617 mandata
607 552 911 624 complere.

383 648 608 706 Psallite
645 644 931 700 Dominino
976 641 1037 694 in
1069 638 1305 699 cithara,
1355 635 1415 687 in
1463 630 1697 695 cithara,
1748 630 1799 681 et
1837 639 1962 680 voce

2073 532 2462 589 indesinenter
2479 533 2580 587 Dei
2613 527 2900 602 magnalia
2926 526 3295 583 annuntient.

2138 640 2411 695 Laudatio
2453 617 2780 708 ejuslmanet
2812 637 2872 689 in
2911 635 3169 689 saeculum
3205 631 3413 687 seculi.
3447 628 3728 685 Laudatio

306 740 536 812 Psalmi-
595 733 798 790 Ρεθηίί
841 731 994 788 enim
1065 725 1307 782 Domino
1339 719 1680 812 inﬁnhami
1729 715 1830 812 qui
1857 727 1961 812 Pﬁ“
2069 731 2195 800 ejus
2247 729 2407 786 nullo
2440 725 2768 802 [ed.Basil.,
2819 721 2954 798 non]
3009 722 3306 780 clauditur
3351 719 3618 776 termino.
3661 719 3730 773 Et

312 800 503 886 actum
527 823 811 882 carnalem
845 817 1107 874 mandata
1127 810 1457 872 divinitatis
1481 811 1766 878 operatur.
1791 800 1962 858 Addi-

309 920 401 976 dlt
418 919 480 972 in
499 931 621 970 voce
642 912 864 984 psalmi,
895 914 958 965 ut
979 920 1090 962 non
1123 903 1310 960 solum
1342 912 1528 971 opere,
1561 909 1757 953 verum
1785 894 1958 950 etiam

310 1021 446 1065 voce
464 1007 576 1061 Deo
606 1007 887 1059 cantetur.

381 1096 621 1152 Jubilate
648 1093 874 1149 Domino
903 1086 1075 1141 omnis
1107 1087 1274 1151 terra,
1307 1079 1500 1134 servitc
1529 1076 1754 1133 Domino
1779 1073 1837 1126 in
1862 1071 1966 1125 la;—

309 1188 452 1242 titia.
502 1186 626 1252 Ipsa
660 1185 746 1235 est
778 1177 930 1232 enim
961 1172 1108 1243 justi
1148 1167 1395 1242 perfecta
1433 1165 1680 1231 devotio,
1723 1159 1965 1252 Domino

311 1274 420 1331 sub
455 1248 664 1338 mentis
679 1265 1052 1338 jucunditate
1076 1258 1366 1324 famulari,
1397 1256 1549 1312 sicut
1575 1257 1632 1308 et
1659 1248 1966 1336 Apostolus

315 1367 542 1420 monet:
575 1360 803 1427 Semper
843 1353 1101 1427 gaudete,
1142 1349 1268 1405 sine
1307 1343 1736 1402 intermissione
1773 1344 1964 1407 orate;

314 1455 376 1510 in
422 1448 692 1508 omnibus
723 1444 940 1518 gratias
976 1441 1146 1514 agite.
1198 1439 1324 1493 Haec
1348 1441 1435 1492 est
1479 1432 1745 1490 voluntas
1772 1427 1873 1518 Dei
1907 1427 1965 1482 in

311 1541 544 1599 Christo
571 1516 912 1593 Jesu.vLicet
937 1528 1173 1586 servitia
1211 1520 1442 1582 Domini
1467 1519 1714 1578 diversis
1743 1516 1969 1572 videan-

316 1638 413 1688 tur
435 1627 642 1686 oﬂiciis
689 1622 981 1694 eXpedire,
1017 1625 1082 1674 ut
1119 1620 1256 1672 sunt
1303 1613 1538 1671 ordines
1566 1604 1964 1676 ecclesiastici,

317 1716 682 1786 monasteria,
699 1712 954 1770 ﬁdelium
971 1703 1217 1782 [cintus],
1231 1703 1501 1773 eremitae,
1517 1699 1709 1756 solita:
1726 1697 1791 1761 ii,
1807 1695 1965 1766 laici,

317 1807 546 1876 devoti;
587 1765 778 1858 omnia
804 1765 990 1856 tamen
1015 1796 1085 1852 ad
1124 1765 1231 1850 hoc
1262 1791 1492 1863 proprie
1520 1787 1868 1845 referuntur.
1904 1765 1971 1842 ut
1998 1765 2052 1828 Β

316 1875 558 1954 Domino
583 1891 690 1948 sub
723 1889 924 1944 laetitia
953 1883 1255 1954 serviatur,
1287 1893 1397 1937 non
1421 1880 1481 1934 in
1514 1875 1970 1934 murmuratione

318 1990 421 2043 aut
435 1980 824 2040 amaritudine
845 1976 1074 2032 mentis.

389 2073 638 2130 Laudate
664 2083 854 2124 nomen
886 2065 1028 2134 ejus,
1067 2063 1322 2133 quoniam
1367 2060 1553 2114 suavis
1581 2061 1662 2112 est
1685 2057 1964 2112 Dominus.

317 2167 398 2222 Ne
437 2162 571 2234 quis
601 2174 660 2216 se
692 2160 918 2229 putaret
957 2151 1243 2209 laudando
1279 2148 1533 2221 fatigari,
1561 2151 1664 2204 aut
1692 2145 1970 2202 continuo

319 2253 511 2312 labore
549 2251 875 2316 lassescere,
915 2255 1143 2299 causam
1188 2238 1470 2307 reddidit;
1506 2250 1684 2308 quare
1737 2235 1973 2291 laudan-

319 2347 456 2402 dum
487 2342 565 2397 sit
586 2351 788 2395 nomen
816 2337 960 2405 ejus,
997 2333 1053 2388 id
1084 2338 1188 2400 est,
1219 2328 1489 2400 quoniam
1520 2326 1716 2383 suavis
1740 2329 1827 2380 est
1853 2324 1973 2379 Do—

323 2433 536 2502 minus,
567 2433 626 2486 et
647 2433 856 2484 aeterna
887 2424 966 2480 sit
1010 2417 1407 2477 misericordia
1432 2417 1576 2488 ejus,
1607 2419 1665 2471 et
1698 2427 1880 2485 usque
1911 2412 1970 2468 in

321 2521 594 2582 saeculum
622 2515 818 2574 saeculi
849 2514 1172 2585 permaneat
1197 2509 1408 2564 veritas
1432 2509 1578 2576 ejus.

391 2611 634 2667 Psallam
671 2611 720 2662 ct
756 2604 1062 2670 intelligam
1111 2599 1171 2653 id
1215 2599 1308 2652 via
1337 2595 1710 2650 immaculata.
1745 2591 1974 2659 Quando

321 2703 504 2760 venies
531 2698 606 2753 ad
642 2712 744 2752 me.
775 2691 1016 2750 Domino
1043 2688 1260 2760 psallit,
1305 2685 1404 2757 qui
1452 2685 1620 2740 bonis
1657 2681 1827 2738 factis
1850 2680 1976 2736 suis

325 2805 454 2852 eum
499 2789 724 2859 placare
771 2780 1086 2839 contendit.
1132 2780 1259 2848 Ipsa
1311 2781 1399 2830 est
1447 2773 1600 2830 enim
1635 2771 1975 2828 suavissima

325 2883 514 2939 virtus
543 2873 876 2940 harmoniai,
907 2867 1134 2939 quando
1161 2879 1268 2920 vox
1307 2861 1675 2933 cognoscitur
1705 2859 1978 2931 operibus

326 2976 658 3026 consonare.
704 2963 866 3028 Nam,
913 2957 963 3013 si
1018 2954 1102 3010 ba:
1144 2953 1273 3009 dum
1316 2965 1407 3007 res
1455 2948 1827 3020 discrepabili
1863 2949 1976 3005 sibi

2079 820 2226 892 ideo,
2274 821 2606 891 quicunque
2641 829 2770 873 eum
2829 813 3122 870 desiderat
3172 813 3231 868 in
3281 817 3490 868 mterna
3543 807 3732 879 patria

2079 911 2332 978 laudare,
2363 907 2532 964 debet
2576 907 2634 962 in
2677 903 2940 976 praesenti
2983 901 3194 959 saeculo
3226 902 3287 957 in
3315 899 3416 956 Dei
3457 897 3732 954 laudibus

2074 1000 2228 1056 assid
2239 999 2331 1055 uis
2345 1011 2485 1054 esse.

2144 1105 2393 1160 Laudate
2421 1103 2730 1172 Dominum,
2758 1115 2938 1157 omnes
2959 1102 3163 1170 gentes,
3197 1097 3420 1152 laudate
3440 1111 3581 1157 eum,
3608 1110 3732 1148 om-

2075 1211 2168 1250 nes
2190 1195 2404 1266 populi.
2429 1194 2550 1249 Vox
2571 1190 2961 1262 apostolorum
2991 1188 3255 1257 imperat,
3285 1194 3348 1242 ut
3377 1198 3574 1240 omnes
3605 1196 3734 1254 gen-

2076 1289 2162 1340 tes
2193 1284 2251 1339 in
2279 1288 2474 1339 sancta
2504 1281 2757 1337 Ecclesia
2778 1279 3010 1336 laudent
3025 1276 3349 1332 Dominum.
3368 1272 3730 1330 Collaudatio

2076 1378 2161 1430 est
2181 1374 2358 1437 enim,
2381 1378 2720 1428 cunctorum
2745 1367 3003 1424 ﬁdelium
3039 1367 3097 1422 in
3131 1378 3307 1422 unum
3341 1363 3570 1420 redacta
3597 1361 3732 1417 lau-

2075 1463 2254 1534 datio,
2291 1462 2518 1534 quando
2557 1465 2674 1517 tota
2705 1458 2958 1515 Ecclesia
3003 1455 3392 1512 indesinenter
3422 1452 3730 1509 Dominum

2076 1553 2290 1610 laudat.
2325 1553 2555 1622 Semper
2573 1551 2737 1606 enim
2766 1549 2872 1604 hoc
2899 1546 3181 1620 agendum
3212 1549 3319 1600 est.
3355 1542 3462 1598 Sed
3486 1541 3734 1609 maxime

2077 1641 2432 1712 temporibus
2473 1637 2814 1696 constitutis
2856 1636 2961 1692 hoc
3009 1633 3080 1689 ab
3123 1632 3276 1690 omni
3319 1631 3476 1688 ﬁdeli
3508 1628 3735 1686 facien—

2077 1732 2234 1801 dum,
2268 1736 2334 1788 ut
2361 1743 2490 1787 cum
2518 1727 2733 1786 sanctis
2765 1727 3074 1782 misceatur
3095 1723 3154 1779 in
3186 1721 3479 1778 laudibus.

2150 1837 2461 1894 Cantabilcs
2490 1835 2629 1890 mihi
2665 1838 2820 1890 erant
2840 1833 3262 1902 justiﬁcationes
3301 1834 3428 1883 tuae.
3459 1827 3599 1883 Cum
3630 1827 3735 1882 di-

2078 1928 2160 1984 cit
2183 1926 2521 1995 cantabiles,
2546 1925 2838 1998 signiﬁcat
2860 1920 3234 1994 psalmodiam
3256 1932 3386 1974 cum
3412 1929 3612 1990 magna
3641 1917 3734 1972 de-

2080 2017 2386 2073 lectatione
2415 2015 2818 2087 paragendam,
2845 2012 3001 2068 sicut
3028 2009 3176 2066 dicit
3203 2007 3546 2078 Apostolus:
3577 2007 3734 2061 Can-

2079 2111 2267 2163 tantes
2289 2113 2346 2161 et
2376 2105 2686 2176 psallentes
2708 2103 2767 2159 in
2795 2101 3072 2158 cordibus
3119 2099 3326 2154 vestris
3351 2099 3483 2152 Deo.
3516 2096 3732 2151 Cantus

2079 2198 2231 2254 enim
2275 2209 2498 2266 semper
2545 2193 2757 2251 relevat
2800 2191 3045 2262 labores,
3076 2195 3132 2244 et
3185 2201 3294 2244 non
3345 2187 3486 2243 facit
3538 2186 3733 2241 animo

2080 2286 2387 2357 subrepere
2418 2284 2674 2355 taedium,
2701 2282 2802 2352 qui
2843 2277 3350 2350 contemplationis
3376 2289 3574 2348 magna
3607 2287 3739 2330 sua-

2077 2376 2257 2454 vitate
2289 2375 2592 2431 mulcetur.

2151 2483 2336 2540 Media
2374 2487 2525 2537 nocte
2553 2480 2842 2548 surgebam
2874 2478 2950 2533 ad
2977 2475 3336 2548 conﬁtendum
3378 2475 3499 2528 tibi.
3531 2472 3592 2528 Id
3622 2475 3730 2542 est,

2083 2573 2152 2629 ad
2175 2571 2526 2629 laudandum
2555 2575 2626 2625 te.
2661 2570 2863 2625 Merito
2890 2567 2992 2624 tali
3019 2572 3270 2634 tempore
3294 2564 3486 2633 surgit
3513 2561 3584 2616 ad
3617 2561 3738 2616 lau-

2084 2664 2203 2733 des,
2274 2660 2411 2732 quia
2474 2659 2660 2716 media
2707 2665 2890 2730 nocte,
2946 2656 3099 2714 sicut
3151 2653 3519 2724 Evangelium
3563 2652 3731 2718 dicit,

2086 2765 2332 2822 sponsus
2370 2749 2544 2820 venit,
2582 2761 2668 2817 ne,
2691 2748 2868 2817 janua
2897 2745 3112 2817 clausa,
3149 2744 3300 2800 inter
3344 2740 3529 2797 fatuas
3559 2740 3742 2812 virgi-

2089 2855 2188 2898 nes
2220 2838 2567 2897 inveniatur.

2161 2951 2364 3020 Septies
2392 2949 2453 3002 in
2485 2947 2600 3001 dies
2627 2945 2844 3000 laudem
2862 2944 2984 2998 dimi
2999 2943 3124 2998 tibi.
3155 2943 3376 3011 Septem
3405 2939 3538 2995 illas
3558 2936 3740 3009 signi-

329 3057 602 3116 varietate
646 3049 1014 3118 dissentiant,
1062 3056 1416 3115 nequaquam
1459 3045 1700 3112 possunt
1743 3039 1981 3110 psalmo-
2021 3113 2055 3118 Α
2091 3039 2222 3096 ﬁcat
2250 3038 2421 3108 vices,
2456 3035 2671 3108 quibus
2702 3048 2761 3090 se
2798 3035 2971 3088 omnis
3005 3032 3244 3086 Ecclesia
3280 3029 3631 3098 consolatur,
3677 3027 3734 3082 id

329 3147 440 3208 dite
470 3147 834 3214 temperatam
885 3136 1099 3194 eﬂicere
1146 3113 1511 3190 cantilenam.
1555 3133 1666 3186 Nec
1696 3131 1764 3186 ad
1813 3143 1982 3186 aures
2011 3113 2057 3174 Ο
2089 3135 2196 3195 est,
2219 3126 2550 3195 matutinas,
2567 3124 2816 3193 tertiam,
2839 3127 3077 3192 sextam,
3104 3133 3328 3189 nonam,
3352 3117 3739 3174 lucernariam

327 3234 559 3296 Domini
585 3231 760 3301 venit,
795 3227 943 3300 quod
969 3239 1028 3282 se
1073 3228 1271 3279 mutua
1302 3220 1707 3277 contrarietate
1745 3217 1983 3275 confun-

325 3328 436 3388 dit.
467 3327 628 3394 Nam,
675 3321 724 3377 si
765 3314 1222 3386 disciplinabilis
1255 3312 1354 3367 illa
1400 3309 1718 3381 psalmodia
1765 3323 1984 3379 compe-

323 3421 514 3475 tenter
559 3412 852 3483 dirigatur
879 3407 949 3464 ad
997 3398 1324 3472 Dominum,
1371 3401 1500 3457 vide
1530 3399 1669 3471 quid
1705 3403 1982 3469 praestat?

328 3513 393 3567 ut
421 3503 712 3575 intelligat
758 3501 818 3556 in
847 3499 942 3554 via
991 3493 1376 3562 immaculata,
1410 3491 1640 3561 quando
1681 3489 1751 3545 ad
1793 3503 1853 3544 se
1878 3491 1982 3546 Do-

331 3597 526 3657 minus
583 3593 777 3650 venire
827 3589 1120 3660 dignetur,
1189 3595 1356 3654 quem
1417 3593 1753 3653 magnopere
1809 3579 1982 3636 susti-

327 3687 516 3749 nebat.

395 3775 702 3833 Benedieite
758 3771 988 3827 Damino
1017 3765 1200 3822 omnia
1229 3779 1391 3834 ope-ra
1416 3762 1558 3832 ejus,
1585 3762 1642 3815 in
1688 3761 1836 3814 omni
1867 3760 1978 3814 loco

325 3865 714 3922 dominationis
733 3877 781 3931 ε]
790 3876 852 3915 us
875 3877 892 3916 :
919 3855 1138 3913 benedic
1157 3857 1345 3908 anima
1368 3867 1484 3904 mea
1502 3851 1809 3904 Dominum.
1841 3852 1977 3904 Nam

324 3969 457 4014 cum
487 3959 670 4011 totum
702 3951 827 4020 ejus
872 3962 1018 4018 Opus
1039 3945 1136 4015 sit,
1167 3941 1358 3999 omnia
1391 3939 1598 3995 debent
1619 3952 1785 3995 suum
1817 3937 1979 3995 bene-

323 4046 516 4102 dicere
555 4045 889 4098 creatorem.
929 4038 1013 4101 Et,
1055 4033 1208 4088 sicut
1253 4029 1412 4085 nulla
1439 4033 1701 4084 creatura
1728 4042 1759 4084 a
1797 4027 1980 4084 laudi-

327 4134 437 4190 bus
460 4131 689 4188 Domini
717 4126 954 4197 jubetur
983 4120 1198 4192 excipi,
1228 4120 1308 4175 ita
1349 4131 1451 4175 nec
1477 4117 1640 4175 locus
1668 4119 1976 4190 quisquam

326 4219 700 4290 relinquitur,
736 4215 836 4287 qui
872 4228 906 4270 a
944 4212 1046 4269 tali
1080 4223 1311 4266 munere
1357 4215 1702 4281 segregetur.
1734 4207 1870 4264 Cum
1894 4207 1980 4262 di.

325 4310 408 4368 cit
449 4305 602 4384 [edit.
640 4305 838 4374 Basil.,
881 4297 1146 4375 dicitur],
1195 4303 1255 4354 in
1297 4301 1444 4354 omni
1495 4299 1622 4365 loco,
1664 4295 1975 4353 Ecclesiam

324 4399 616 4473 signiﬁcat
646 4393 750 4470 [εά.
807 4394 976 4449 Basil.
1029 4392 1160 4446 add.
1213 4385 1600 4462 catholicam].
1655 4389 1778 4458 Ipsa
1821 4386 1974 4442 enim

2094 3219 2147 3275 id
2183 3225 2286 3289 cst,
2315 3227 2624 3284 vesperam,
2657 3211 3062 3282 completorios
3089 3214 3420 3266 nocturnos.
3450 3207 3550 3262 His
3580 3207 3738 3262 enim

2095 3305 2466 3377 1-.nporibus,
2495 3304 2545 3360 si
2581 3307 2695 3360 tota
2723 3301 2976 3357 Ecclesia
3019 3298 3216 3355 laudat
3249 3299 3448 3368 Deum,
3492 3295 3740 3352 maxime

2096 3397 2180 3452 illi
2215 3395 2424 3451 debent
2451 3393 2558 3450 hoc
2583 3405 2770 3463 agere,
2803 3389 2902 3462 qui
2934 3389 3004 3444 ad
3038 3389 3142 3445 hoc
3172 3386 3426 3444 ordinati
3453 3393 3606 3441 sunt.

2160 3486 2406 3540 Laudate
2453 3499 2644 3538 nomen
2691 3483 2926 3544 Domini,
2969 3479 3192 3533 laudate
3235 3478 3380 3532 servi
3423 3478 3736 3530 Dominum.

2089 3575 2148 3632 id
2180 3580 2286 3643 est,
2311 3574 2412 3646 qui
2441 3573 2589 3628 servi
2621 3571 2762 3628 estis
2784 3569 3040 3638 Domini,
3070 3581 3246 3640 prona
3267 3580 3397 3623 eum
3423 3565 3738 3634 voluntate,

2090 3665 2319 3720 laudate
2351 3681 2367 3732 ;
2399 3663 2536 3732 quia
2563 3661 2614 3717 si
2647 3660 2788 3716 bene
2821 3659 3042 3729 laudas,
3082 3657 3322 3730 gratiam
3355 3654 3653 3725 acquiris;
3689 3653 3740 3709 si

2086 3760 2276 3810 autem
2304 3750 2570 3822 negligis,
2591 3763 2694 3820 pro
2723 3749 2915 3805 debila
2939 3747 3216 3804 servitute
3243 3740 3538 3820 [neglecta]
3571 3743 3744 3798 dam-

2089 3842 2339 3899 naberis.

2160 3929 2456 4000 Con/itebor
2485 3929 2606 3992 tibi,
2645 3929 2888 3992 Domine,
2913 3929 2975 3982 in
2999 3931 3106 3982 toto
3137 3924 3296 3981 corde
3317 3938 3449 3996 meo,
3479 3923 3741 3992 quoniam

2088 4021 2298 4074 audisti
2320 4019 2484 4074 verba
2505 4021 2616 4072 oris
2643 4021 2748 4073 mei
2768 4021 2826 4072 in
2850 4022 3136 4088 conspectu
3163 4015 3480 4082 angelorum
3498 4013 3742 4081 psallam

2088 4113 2206 4166 tibi.
2239 4111 2416 4180 Quam
2438 4109 2627 4164 valida
2653 4115 2824 4179 atque
2847 4106 3184 4178 plenissima
3203 4105 3284 4160 sit
3302 4105 3412 4160 ista
3430 4101 3741 4172 confessio,

2087 4201 2270 4257 totius
2299 4199 2493 4256 cordis
2521 4199 2874 4255 adunatione
2918 4201 3294 4253 monstratur.
3325 4196 3464 4250 Nam
3495 4207 3624 4248 cum
3657 4193 3742 4247 di-

2087 4290 2242 4346 citur
2268 4290 2325 4345 in
2353 4295 2473 4346 toto
2497 4289 2668 4345 corde
2698 4301 2842 4358 meo,
2877 4285 3034 4344 nulla
3077 4299 3208 4356 pars
3237 4289 3507 4355 occupata
3536 4283 3594 4338 in
3625 4296 3742 4339 saa-

2087 4380 2206 4436 culi
2247 4379 2420 4448 hujus
2438 4377 2754 4434 ambitione
2796 4375 3152 4448 relinquitur
3179 4374 3276 4431 sed
3322 4373 3651 4430 universum
3685 4377 3745 4428 et

326 4461 542 4561 ubique
577 4461 885 4543 Dominum
935 4479 1246 4542 benedicit,
1291 4477 1508 4548 ubique
1557 4461 1873 4546 collaudat,
1919 4481 1974 4531 et
2001 4489 2054 4550 Ι)
2088 4469 2338 4526 solidum
2372 4467 2660 4526 Creatoris
2694 4471 2938 4538 tantum,
2975 4472 3038 4522 ut
3059 4466 3298 4538 dignum
3329 4468 3436 4534 est,
3467 4461 3742 4520 laudibus

323 4579 539 4652 gratias
585 4574 862 4632 maximas
905 4569 1182 4628 haemnica
1231 4563 1338 4641 [cd.
1379 4567 1574 4636 Basil.,
1623 4561 1972 4639 hymnidica]

323 4667 708 4726 exsultatione
751 4660 1126 4720 concelebrat.
1162 4657 1571 4713 Benedicamus
1599 4669 1733 4726 ergo
1781 4668 1977 4710 omnes

328 4761 384 4816 in
413 4770 712 4814 commune
737 4752 1062 4817 Dominum,
1091 4761 1261 4818 opera
1285 4747 1412 4817 ejus
1439 4745 1702 4816 hymnica
1731 4744 1983 4800 exsulta-

327 4854 484 4910 tione
520 4845 887 4902 celebremus.
933 4839 1111 4908 Quale
1148 4837 1300 4892 enim
1349 4835 1717 4907 sacrilegium
1745 4842 1852 4898 est,
1895 4841 1976 4906 ut,

326 4953 458 4998 cum
483 4935 673 4993 omnis
709 4938 968 4989 creatura
987 4928 1260 5000 jubeatur
1283 4926 1616 4982 benedicere
1648 4925 1976 4998 Dominum,

330 5031 380 5087 si
417 5027 584 5084 homo
613 5019 1092 5079 desinatlaudare
1119 5020 1316 5088 Deum,
1359 5017 1460 5087 qui
1486 5016 1556 5072 ad
1591 5015 1896 5087 imaginem
1923 5019 1980 5070 et

329 5113 774 5176 similitudinem
804 5111 929 5179 ejus
967 5109 1228 5178 noscitur
1255 5120 1378 5162 esse
1409 5112 1760 5176 procreatus.

399 5202 738 5274 Conﬁtemini
761 5199 986 5252 Domino
1016 5203 1064 5252 et
1095 5200 1338 5251 invocate
1366 5210 1555 5249 nomen
1597 5195 1736 5263 ejus,
1762 5209 1980 5248 annun-

331 5299 462 5353 tiate
507 5295 652 5348 inter
705 5293 886 5358 gentes
931 5301 1093 5356 Opera
1136 5287 1273 5354 ejus.
1342 5283 1708 5342 Conﬁtemini
1761 5283 1816 5338 id
1867 5287 1972 5354 est,

331 5385 560 5442 laudate
583 5394 733 5451 eum,
764 5383 820 5435 et
845 5374 1014 5432 bonis
1044 5372 1212 5429 factis
1238 5375 1480 5446 gratiam
1503 5373 1665 5429 vobis
1689 5372 1977 5428 divinita-

329 5475 407 5533 tis
435 5471 742 5543 acquirite.
769 5467 927 5539 quia,
963 5465 1018 5522 id
1045 5464 1230 5533 ipsum
1259 5470 1346 5518 est
1375 5463 1609 5519 laudare
1645 5462 1974 5534 Dominum,

329 5569 387 5622 et
409 5576 508 5621 ore
535 5561 625 5618 illi
657 5559 927 5616 honorem
960 5553 1202 5624 deferre,
1224 5559 1282 5608 et
1305 5551 1577 5621 operibus
1601 5553 1727 5620 ejus
1751 5553 1980 5622 jussio—

333 5667 434 5717 nes
473 5649 708 5708 edicere.
761 5645 920 5718 Quod
973 5648 1162 5702 autem
1211 5641 1398 5700 dicit:
1451 5640 1796 5698 Annuntiate
1839 5645 1983 5699 inter

2087 4561 2425 4618 auulicatur.

2202 4576 2425 4618 ucatur.

2124 4576 2224 4708 pg:
2265 4655 2551 4721 conspectu
2597 4651 2912 4719 angelorum
2935 4649 3175 4720 psallam
3216 4647 3335 4702 tibi.
3369 4644 3472 4700 Hic
3503 4642 3746 4714 psalmo-

2089 4745 2200 4802 dia:
2238 4744 2426 4800 virtus
2454 4741 2796 4811 ostenditur,
2835 4744 2918 4810 ut,
2940 4737 3039 4809 qui
3078 4751 3221 4808 puro
3249 4735 3419 4792 corde
3459 4735 3610 4790 inter
3648 4735 3746 4790 ho-

2093 4837 2276 4890 mines
2337 4831 2553 4904 psallit,
2598 4831 2771 4888 etiam
2809 4843 3038 4886 sursum
3095 4841 3225 4884 cum
3272 4825 3496 4897 angelis
3539 4837 3746 4880 canere

2090 4925 2371 4981 videatur.

2158 5012 2400 5082 E/fundo
2423 5027 2481 5066 in
2505 5014 2786 5080 conspectu
2811 5010 2929 5078 ejus
2953 5009 3251 5063 orationem
3273 5021 3471 5060 meam.
3508 5005 3740 5061 Dictum

2090 5109 2177 5160 est
2223 5106 2410 5158 autem
2449 5101 2510 5157 in
2548 5105 2856 5171 conspectu
2895 5099 3022 5170 ejus
3051 5099 3191 5168 quia
3221 5095 3400 5152 bonas
3450 5095 3742 5150 orationes

2087 5192 2368 5249 divinitas
2401 5191 2659 5260 inspicit.
2695 5190 2766 5245 Et
2793 5202 2924 5246 cum
2957 5187 3222 5244 voluntas
3248 5189 3446 5241 nostra
3468 5185 3542 5239 ab
3568 5183 3746 5240 homi-

2091 5282 2265 5338 nibus
2304 5294 2415 5337 non
2460 5281 2644 5351 possit
2689 5277 2971 5350 conspici,
3015 5277 3084 5333 ad
3143 5275 3246 5332 illa
3286 5280 3475 5330 tamen
3520 5278 3744 5330 constat

2093 5371 2338 5429 intendi.

2162 5460 2356 5515 Lauda
2389 5439 2585 5514 'anima
2621 5473 2740 5513 mea
2775 5459 3065 5514 Dominum
3101 5473 3115 5511 :
3151 5468 3222 5511 ne
3251 5453 3498 5512 terrenis
3525 5452 3745 5509 deside-

2093 5550 2203 5608 riis
2238 5548 2504 5606 voluntas
2543 5548 2731 5604 otiosa
2765 5551 2990 5604 vacaret
3029 5542 3150 5621 [ms.
3189 5538 3535 5617 vagaretur],
3578 5547 3628 5596 el
3676 5542 3736 5597 in

2095 5639 2296 5712 fatuis,
2341 5644 2404 5697 ut
2430 5637 2660 5710 assolet,
2692 5637 2854 5695 curis
2885 5637 3094 5719 mentis
3136 5637 3514 5706 occuparetur
3555 5631 3746 5689 inten-
