4076 6174
311 338 451 398 4425

1791 332 2200 391 BENEDICTIO
2236 332 2373 395 DEI.

3578 340 3719 401 4426

305 482 426 552 tio;
460 481 558 537 dat
587 479 701 537 sibi
734 477 1009 549 propheta
1038 475 1269 534 salubre
1295 471 1628 540 consilium,
1670 473 1738 528 ut
1759 470 1951 526 anima
1977 461 2037 523 A
2064 480 2189 538 qua!
2229 480 2411 538 usque
2442 468 2510 525 ad
2563 467 2720 526 illam
2764 473 3021 542 pervenit
3047 472 3457 544 summitatem,
3499 484 3626 544 quae
3656 469 3715 527 in

305 571 564 627 laudaret
593 572 921 627 Dominum.
948 566 1106 624 Unde
1128 564 1448 636 promittit:

374 662 635 716 Laudabo
660 661 945 714 Dominum
981 659 1041 712 in
1082 658 1197 711 vita
1237 672 1377 718 mea,
1417 654 1659 725 psallam
1708 655 1810 707 Deo
1839 667 1951 705 meo

303 751 551 822 quandiu
568 752 742 817 fuero.
769 751 830 804 In
861 746 1135 803 laudibus
1153 744 1383 801 Domini
1411 757 1471 799 se
1489 743 1637 799 dicit
1655 740 1947 806 delectari,

303 855 373 897 ne
400 839 591 895 noxiis
620 837 815 893 saeculi
855 840 1232 907 occuparetur
1284 832 1591 889 illecebris.

373 928 622 984 Lauddte
679 928 985 989 Dominum,
1032 926 1291 995 quoniam
1341 924 1509 977 bonus
1562 924 1640 975 est
1685 920 1947 990 psalmus.

298 1022 408 1073 Deo
439 1022 621 1071 nostro
642 1016 896 1086 jucunda
930 1017 1003 1069 sit
1028 1014 1293 1068 laudatio.
1331 1012 1652 1067 Laudemus
1684 1022 1818 1080 ergo
1846 1008 1955 1064 de-

300 1108 554 1175 votione,
585 1120 695 1178 qua
723 1119 1047 1177 possumus.
1071 1108 1129 1159 et
1159 1102 1252 1161 hic
1284 1102 1385 1157 illa
1409 1100 1570 1157 beata
1591 1101 1739 1156 dona
1765 1098 1955 1154 medi—

300 1203 507 1252 temur.
556 1196 702 1265 Quid
742 1195 895 1251 enim
948 1193 1198 1261 felicius,
1250 1204 1418 1263 quam
1463 1190 1631 1246 modo
1671 1199 1953 1255 exercere,

301 1286 450 1358 quod
482 1289 534 1341 te
555 1297 750 1353 speras
772 1284 830 1339 in
856 1282 1049 1339 futura
1072 1280 1432 1338 beatitudine
1456 1292 1619 1349 posse
1647 1289 1911 1348 peragere
1929 1275 1958 1330 ?

368 1378 476 1429 Deo
506 1380 687 1428 nostro
702 1374 958 1441 jucunda
987 1375 1060 1427 sit
1090 1372 1357 1426 laudatio.
1390 1370 1547 1425 Tunc
1584 1370 1672 1424 est
1701 1368 1815 1423 Deo
1847 1378 1958 1421 n0—

299 1470 417 1521 stro
451 1465 706 1534 jucunda
740 1463 1017 1533 laudatio,
1048 1460 1275 1532 quando
1322 1460 1381 1515 in
1418 1471 1587 1515 unam
1626 1456 1952 1513 societatem

296 1568 403 1610 vox
442 1558 498 1609 et
525 1553 640 1609 vita
671 1552 1017 1609 convenerit.
1060 1554 1197 1606 Nam
1244 1549 1412 1621 quale
1449 1554 1556 1618 est,
1597 1552 1662 1604 ut
1701 1546 1954 1616 psalmus

297 1645 617 1699 castitatem
657 1643 832 1711 dicat,
873 1647 928 1697 et
959 1645 1221 1697 cantator
1254 1654 1314 1696 se
1337 1639 1409 1695 ab
1447 1636 1799 1694 obscenitate
1837 1648 1949 1691 non

2061 560 2334 613 aeternum
2374 572 2606 615 securos
2647 559 2819 616 efﬁcit
2861 566 2917 617 et
2958 561 3173 631 felices,
3246 576 3494 635 congrue
3540 560 3716 617 nimis

2065 646 2300 716 ponitur
2324 647 2579 717 alleluia,
2606 654 2671 706 ut
2701 650 2973 707 laudibus
2992 653 3220 709 Domini
3245 657 3438 708 sancta
3465 651 3720 723 perfrua'

2064 739 2161 791 tur
2191 736 2475 793 Ecclesia:
2506 738 2601 794 cui
2640 738 2740 795 tali
2773 754 3004 796 munere
3025 742 3285 797 noscitur
3310 747 3707 813 praeparatum.

2063 823 2420 895 QuaprOpter
2440 826 2685 883 sinceris
2708 829 2997 884 mentibus
3021 829 3256 885 alleluia
3281 830 3471 885 dicere
3487 829 3714 887 festine-

2065 927 2212 979 mus,
2247 919 2312 970 ut
2359 916 2483 971 illis
2530 912 2680 991 [edit.
2729 919 2924 980 Basil.,
2970 919 3058 974 illi
3111 923 3305 975 sancto
3346 917 3576 993 p0pulo]
3614 933 3713 990 per

2062 1003 2317 1059 divinam
2348 1006 2589 1076 gratiam
2620 1008 2981 1065 misceamur.

2302 1097 2436 1149 Item
2460 1097 2575 1166 ipse
2590 1098 2649 1150 in
2678 1098 3018 1153 conclusione
3038 1099 3243 1168 psalmi
3267 1111 3496 1155 cxxxw.

2137 1183 2424 1241 Mirabilis
2482 1186 2735 1256 psalmus
2776 1189 2843 1243 ad
2888 1189 3292 1245 devotissimos
3334 1189 3577 1260 populos
3616 1189 3716 1244 in-

2068 1274 2392 1330 struendos.
2440 1276 2601 1332 Nihil
2644 1278 2796 1333 enim
2835 1284 2962 1348 post
2990 1283 3147 1334 tanta
3178 1278 3451 1335 beneficia
3482 1279 3715 1334 reddere

2068 1376 2391 1431 possumus,
2441 1365 2579 1431 nisi,
2620 1371 2684 1422 ut
2720 1367 2875 1423 sicut
2915 1368 2972 1423 in
3006 1368 3315 1439 principiis
3346 1368 3564 1423 dictum
3604 1371 3709 1436 est,

2062 1452 2367 1509 Dominum
2410 1460 2667 1511 nostrum
2719 1458 2870 1512 trina
2915 1456 3274 1513 confessione
3317 1456 3708 1527 praedicamus.

2063 1541 2384 1597 Laudemus
2444 1544 2686 1615 Patrem,
2758 1546 3057 1603 laudemus
3115 1547 3349 1616 Filium,
3417 1546 3715 1603 laudemus

2061 1630 2341 1699 Spiritum
2414 1639 2696 1705 sanctum,
2774 1650 2952 1692 unum
3018 1641 3189 1707 atque
3269 1636 3713 1707 omnipotentem

296 1732 645 1788 subtrahat?
694 1732 751 1787 Si
816 1731 1203 1787 humilitatem
1253 1727 1521 1799 prazdicet
1573 1729 1629 1781 et
1689 1728 2013 1799 narrator;
2059 1720 2259 1788 Deum,
2310 1727 2391 1789 ut,
2437 1723 2592 1779 sicut
2631 1737 2742 1780 non
2787 1725 2958 1780 estin
2989 1725 3092 1780 illo
3116 1725 3341 1781 diversa
3367 1724 3712 1793 substantia,

294 1823 422 1892 ejus
447 1820 729 1891 superbiae
750 1819 985 1876 ﬂatibus
1016 1817 1405 1875 intumescat?

368 1910 614 1965 Laudate
652 1911 937 1965 Dominum
976 1909 1042 1962 de
1070 1908 1234 1974 caelis,
1277 1906 1501 1960 laudate
1527 1920 1649 1959 eum
1680 1905 1740 1957 in
1769 1902 1953 1956 excel-

295 2002 394 2054 sis.
434 1999 582 2069 Quid
612 1998 683 2054 de
715 1998 826 2054 isto
867 1998 1083 2067 psalmo
1118 2004 1177 2053 et
1204 1997 1274 2052 de
1304 1994 1551 2065 reliquis
1584 1991 1814 2049 duobus
1848 1990 1949 2061 qui

296 2094 637 2159 sequuntur,
670 2088 977 2143 dicendum
1010 2091 1114 2154 est,
1146 2087 1203 2141 in
1233 2085 1445 2156 quibus
1471 2082 1660 2140 omnis
1688 2086 1950 2138 creatura

296 2182 635 2249 provocatur
659 2178 728 2234 ad
764 2176 987 2233 laudem
1028 2175 1167 2247 Dei;
1214 2175 1271 2229 in
1315 2173 1426 2229 fine
1448 2172 1708 2229 dicitur:
1748 2170 1951 2228 Omnis

293 2268 539 2338 spiritus
571 2268 765 2322 laudet
802 2266 1130 2321 Dominum.
1153 2264 1211 2320 Si
1244 2264 1434 2319 omnis
1454 2267 1716 2318 creatura
1747 2261 1952 2316 horta-

294 2362 391 2413 tur
414 2358 483 2412 ad
524 2357 746 2412 laudem
783 2355 884 2411 Dei
914 2360 1127 2426 quanto
1159 2353 1343 2425 magis
1370 2352 1560 2421 homo,
1586 2350 1687 2422 qui
1717 2349 1953 2405 intelle-

291 2452 444 2503 ctum
482 2446 670 2516 habet,
710 2450 767 2501 et
795 2458 992 2501 omnes
1030 2442 1307 2514 praecellit
1332 2446 1668 2505 creaturas;
1713 2439 1851 2511 quia
1879 2438 1948 2494 ad

294 2536 601 2608 imaginem
641 2534 739 2591 Dei
787 2533 973 2591 factus
1008 2538 1113 2592 est.
1146 2532 1313 2589 debet
1348 2533 1526 2588 Deum
1559 2530 1814 2586 laudare.
1851 2526 1949 2598 qui

293 2638 395 2681 nos
422 2623 578 2695 fecit,
622 2630 679 2681 et
710 2639 840 2682 cum
875 2637 1131 2680 essemus
1166 2621 1398 2693 perditi,
1428 2621 1498 2676 de
1524 2619 1742 2676 diaboli
1782 2618 1955 2675 servi-

292 2719 413 2771 tute
437 2728 541 2771 nos
573 2716 816 2771 redemit
835 2711 895 2771 et
922 2712 1175 2770 cmlestia
1203 2724 1394 2782 regna,
1423 2723 1525 2765 sua
1552 2709 1948 2765 misericordia

292 2803 461 2859 nobis
482 2804 709 2861 tribuit.
744 2805 873 2860 Ideo
899 2800 1247 2860 omnimodis
1268 2799 1367 2854 Dei
1391 2799 1691 2854 servitium
1724 2812 1948 2854 summo

294 2891 489 2945 studio
522 2894 801 2961 agendum
830 2897 937 2961 est,
980 2895 1047 2946 ut
1073 2890 1142 2944 ad
1186 2888 1466 2957 promissa
1506 2888 1714 2958 gaudia
1745 2902 1947 2956 perve—

293 2978 421 3034 nire
450 2979 758 3048 possimus.

438 3068 793 3124 Cassiodorus
824 3070 958 3124 dicit
986 3071 1044 3124 in
1073 3072 1411 3127 conclusione
1430 3072 1635 3143 psalmi
1663 3083 1800 3125 xxtv

364 3158 583 3230 Viginti
604 3162 853 3228 quatuor
877 3158 1133 3216 seniores
1161 3159 1466 3217 indefessis
1488 3160 1725 3216 vocibus
1750 3158 1947 3214 laudes
1977 3150 2023 3210 (ἒ

291 3248 535 3304 Domino
574 3247 736 3303 suavi
786 3246 1180 3305 modulatione
1222 3249 1638 3317 concelebrant,
1689 3260 1949 3303 commo—

294 3340 512 3407 nentes,
559 3341 624 3392 ut
660 3338 729 3392 ad
772 3336 1222 3395 similitudinem
1256 3351 1451 3394 eorum
1478 3342 1535 3394 et
1567 3351 1671 3394 nos
1699 3336 1948 3407 psalmos

293 3422 650 3495 frequentata
680 3426 982 3483 devotione
1006 3431 1320 3484 cantemus.

577 3516 714 3569 Item
739 3516 854 3585 ipse
876 3520 934 3571 in
955 3516 1295 3571 conclusione
1308 3516 1454 3586 psal.
1486 3529 1675 3571 χχχιι.

360 3602 579 3658 Habent
620 3603 774 3659 enim
827 3602 978 3660 beati
1023 3607 1298 3663 musicam
1350 3620 1532 3676 suam,
1577 3619 1701 3677 quae
1739 3604 1944 3660 anima:

290 3691 479 3748 fidelis
505 3692 684 3747 intrat
702 3693 989 3765 auditum,
1013 3698 1182 3766 cujus
1206 3710 1315 3753 non
1343 3696 1537 3753 deficit
1557 3709 1752 3766 sonus,
1777 3694 1946 3764 cujus

291 3793 404 3837 non
436 3780 686 3837 lassatur
726 3782 994 3839 intentio.
1027 3784 1358 3855 Relinquite
1411 3798 1546 3856 ergo
1584 3784 1947 3854 spectaculo-

293 3882 419 3925 rum
452 3875 753 3940 amatores,
798 3871 1126 3928 mortiferas
1151 3873 1491 3943 voluptates,
1518 3876 1586 3931 ad
1619 3874 1735 3929 haec
1763 3872 1947 3944 magis

292 3958 521 4030 gaudia,
561 3961 630 4016 ad
674 3960 792 4016 htec
819 3961 1088 4031 mysteria
1125 3964 1423 4019 convenite
1455 3982 1467 4018 :
1514 3963 1611 4019 ubi
1637 3963 1859 4020 cithara
1890 3966 1947 4017 et

291 4060 569 4120 organum
600 4050 846 4105 virtutes
874 4052 1145 4120 excitant,
1180 4064 1292 4107 non
1313 4050 1599 4108 desideria
1632 4067 1814 4122 prava:
1841 4065 1946 4107 vo-

292 4136 536 4207 luptatis
558 4137 576 4198 Γ
579 4153 677 4193 ms.
713 4139 1051 4207 voluntatis,
1082 4141 1265 4194 minus
1293 4138 1611 4215 opportune]
1642 4141 1941 4212 instigant.

569 4228 703 4282 Item
732 4230 845 4299 ipse
872 4230 934 4283 in
959 4230 1294 4284 conclusione
1312 4232 1457 4300 psal.
1489 4244 1698 4286 xxxm.

358 4317 588 4373 Peracta
635 4323 770 4374 sunt
809 4319 1013 4389 psalmi
1049 4320 1224 4388 hujus
1252 4324 1613 4377 sacrosancta
1654 4320 1941 4392 mysteria,

289 4404 387 4462 ubi
421 4407 508 4462 sic
539 4406 844 4464 missarum
881 4409 1022 4465 ordo
1051 4409 1369 4479 completus
1402 4413 1518 4464 est:
1550 4412 1614 4465 ut
1632 4423 1760 4465 eum
1799 4422 1946 4466 con—

1978 1797 2030 1858 B
2064 1811 2143 1866 ita
2173 1825 2283 1869 non
2317 1812 2395 1868 sit
2424 1817 2480 1867 et
2510 1812 2568 1867 in
2595 1813 2717 1883 ipsa
2750 1814 2918 1870 laude
2947 1814 3273 1871 diversitas.
3302 1816 3429 1871 Haec
3453 1819 3509 1870 et
3525 1827 3715 1870 revera

2063 1899 2211 1964 laus,
2258 1914 2381 1971 quae
2413 1913 2517 1956 nos
2547 1901 2765 1969 reﬁcit;
2798 1902 2901 1957 hoc
2927 1902 3222 1974 pabulum,
3252 1917 3366 1974 quo
3386 1904 3577 1958 anima
3606 1903 3715 1958 de-

2060 1994 2189 2046 vota
2225 1990 2542 2062 saginatur.
2595 1992 2721 2060 Ipsa
2759 1996 2844 2046 est
2883 1994 3033 2048 enim
3077 1992 3464 2049 remuneratio
3495 1996 3708 2060 nostra,

2062 2093 2189 2151 quae
2225 2084 2283 2135 et
2315 2080 2591 2150 operatio.
2626 2081 2684 2135 In
2721 2093 2832 2150 qua
2873 2085 3091 2137 tantum
3122 2080 3432 2150 reficimur,
3462 2085 3527 2137 ut
3552 2080 3711 2136 nulla

2059 2169 2364 2226 delectatio
2390 2170 2607 2227 similis
2636 2183 2759 2227 esse
2794 2171 3075 2227 videatur.
3111 2171 3492 2227 Praedicemus
3518 2170 3711 2239 itaque

2061 2260 2248 2315 modo.
2301 2265 2542 2317 utoeum
2600 2261 2660 2317 in
2706 2265 2981 2317 aaternum
3024 2275 3153 2317 cum
3204 2260 3426 2333 angelis
3477 2260 3711 2317 laudare

2062 2363 2398 2407 mereamur.

2543 2442 2678 2496 Item
2704 2442 2820 2512 ipse
2846 2443 2905 2495 in
2932 2441 3073 2511 psal.
3103 2453 3262 2496 CXLV.

2132 2530 2273 2586 Ecce
2305 2530 2512 2586 iterum
2542 2531 2788 2587 auribus
2817 2532 3033 2587 nostris
3069 2531 3293 2587 intonat
3320 2530 3570 2587 caelestis
3597 2544 3711 2585 au-

2061 2620 2300 2676 ctoritas
2332 2621 2634 2692 pulsatque
2671 2621 2907 2677 alleluia
2940 2622 3149 2691 januas
3173 2621 3384 2692 cordis,
3415 2634 3484 2676 ne
3512 2620 3712 2677 vacuis

2058 2713 2231 2780 atque
2258 2710 2531 2766 inanibus
2555 2710 3009 2783 cogitationibus
3037 2724 3303 2780 occupem
3316 2725 3402 2778 ur,
3435 2710 3707 2781 quoniam

2057 2800 2309 2856 otiosum
2339 2805 2566 2869 tempus
2603 2815 2715 2857 non
2745 2800 2913 2857 debet
2944 2800 3150 2857 habere
3180 2801 3421 2857 militem
3467 2800 3706 2857 Christi.

2055 2889 2233 2945 Habet
2280 2890 2433 2945 enim
2478 2894 2535 2945 et
2573 2890 2771 2961 lingua
2822 2889 3046 2947 fructus
3087 2905 3241 2947 suos.
3285 2890 3583 2946 Uberrima
3621 2890 3713 2946 si—

2057 2978 2286 3047 quidem
2322 2980 2526 3034 messis
2566 2979 2699 3035 inde
2729 2979 3029 3052 colligitur
3058 2981 3132 3051 si,
3166 2980 3226 3036 in
3256 2979 3454 3036 laudes
3477 2980 3706 3037 Domini

2059 3078 2201 3135 pura
2232 3071 2417 3121 mente
2449 3071 2757 3123 moveatur.
2791 3068 3065 3136 Spiritale
3096 3069 3409 3126 membrum
3439 3074 3545 3133 est,
3578 3084 3704 3126 cum

2058 3152 2372 3210 famulatur
2394 3155 2615 3211 auctori
2651 3173 2666 3223 ;
2701 3155 2881 3225 ipsam
2904 3170 3133 3227 quoque
3154 3158 3402 3214 animam
3430 3154 3711 3215 commen-

2056 3245 2173 3308 dat,
2216 3244 2352 3299 dum
2394 3244 2688 3301 veritatem
2735 3244 3017 3315 loquitur,
3053 3252 3398 3316 quapropter
3417 3248 3710 3318 complea-

2059 3348 2188 3390 mus
2237 3346 2423 3389 aerem
2479 3334 2841 3390 dulcissimis
2883 3335 3062 3391 sonis.
3113 3337 3252 3391 Nam
3314 3336 3532 3392 musica
3597 3338 3707 3393 ista

2057 3423 2333 3479 salutaris
2359 3437 2469 3479 non
2497 3423 2684 3480 solum
2713 3424 3042 3480 mortalium
3077 3425 3390 3494 permulcet
3416 3426 3705 3490 auditum,

2058 3511 2153 3567 sed
2181 3510 2352 3566 etiam
2382 3511 2736 3568 intellectum
2766 3512 3011 3569 delectat
3038 3512 3384 3584 angelicum.

2492 3603 2627 3656 Item
2649 3603 2765 3671 ipse
2793 3604 2854 3657 in
2875 3604 3020 3673 psal.
3055 3616 3281 3659 chvm.

2125 3692 2262 3746 Pars
2277 3690 2385 3746 ista
2405 3691 2689 3747 orationis
2706 3692 2906 3761 paucis
2926 3692 3156 3763 quidem
3169 3692 3410 3764 syllabis
3429 3698 3708 3765 arctatur,

2056 3781 2151 3837 sed
2209 3780 2460 3853 c0gitata
2512 3794 2733 3851 semper
2794 3782 3142 3838 extenditur.
3208 3784 3498 3840 Novitates
3552 3785 3704 3840 enim

2057 3871 2435 3926 suavissimas
2483 3870 2554 3927 de
2610 3885 2670 3927 se
2715 3872 2894 3942 ejicit,
2937 3885 3066 3927 cum
3115 3886 3236 3928 eam
3289 3873 3444 3929 acies
3498 3875 3707 3930 mentis

2059 3961 2394 4029 inspexerit.
2426 3962 2588 4031 Nam,
2627 3960 2765 4017 dum
2795 3975 2827 4017 a
2858 3961 3067 4018 lectore
3101 3961 3342 4033 dicitur,
3372 3963 3706 4032 praedicatio

2058 4047 2250 4103 laudis
2274 4052 2396 4116 est;
2427 4062 2557 4104 cum
2592 4062 2624 4104 a
2656 4049 2867 4119 populo
2898 4050 3291 4121 respondetur,
3321 4050 3565 4122 hymnus
3597 4056 3703 4107 est.

2056 4137 2150 4192 Sic
2190 4150 2303 4192 una
2344 4151 2479 4193 voce
2517 4138 2811 4209 peragitur
2853 4145 2967 4195 tam
3007 4139 3295 4196 diversum
3346 4141 3703 4211 mysterium,

2054 4240 2181 4281 cum
2221 4226 2280 4281 in
2322 4224 2445 4296 ipsa
2485 4226 2635 4281 nihil
2672 4232 2942 4297 appareat
2973 4228 3356 4285 immutatum.
3400 4230 3708 4288 Subtiliter

2054 4319 2243 4389 autem
2269 4314 2522 4383 psalmus
2545 4315 2652 4371 iste
2673 4315 3123 4385 tractandusest,
3142 4318 3414 4387 quoniam
3429 4320 3705 4389 pr0pheta

2058 4416 2156 4472 per
2199 4416 2509 4473 paucarum
2541 4404 3156 4472 commemorationem,
3189 4418 3384 4462 omnes
3409 4414 3704 4464 creaturas

289 4497 571 4567 scriptum
596 4502 760 4566 putes
789 4497 1148 4569 temporibus
1169 4498 1539 4554 Christianis.
1572 4499 1676 4554 Hic
1704 4500 1856 4554 enim
1887 4503 1944 4555 et
1977 4503 2030 4563 D
2057 4492 2324 4548 hortatur
2370 4492 2567 4549 laudes
2610 4492 2840 4548 Domini
2880 4491 3101 4549 debere
3126 4497 3374 4550 cantare.
3418 4494 3702 4551 Rationa-

291 4584 632 4653 hymnorum
654 4586 796 4643 ordo
820 4588 1099 4644 decursus
1128 4592 1248 4654 est;
1274 4587 1369 4643 hic
1392 4588 1461 4644 ad
1482 4589 1937 4645 communionem

286 4671 527 4729 devotus
579 4674 824 4744 p0pulus
848 4675 1087 4745 jubetur
1124 4678 1432 4747 accedere;
1468 4677 1580 4734 huc
1620 4678 1941 4734 invitantur

289 4763 506 4829 venire,
536 4763 634 4833 qui
664 4764 847 4832 prima
871 4765 999 4820 ﬁdei
1028 4766 1353 4822 rudimenta
1374 4767 1725 4839 suscipiunt,
1749 4772 1942 4824 utom-

290 4863 392 4906 nes
422 4858 802 4909 consonanter
833 4854 1066 4911 laudent
1094 4856 1291 4910 Deum.

767 4945 902 4998 Item
929 4946 1044 5014 ipse
1072 4946 1131 4999 in
1146 4945 1290 5015 psal.
1323 4956 1496 5002 cxvn.

361 5028 628 5100 Legimus
650 5030 709 5086 in
752 5034 1090 5105 Apocalypsi
1132 5035 1369 5091 Joannis
1409 5034 1645 5091 alleluia
1694 5035 1750 5090 in
1794 5037 1937 5093 caelo

288 5121 520 5174 cantare
578 5124 902 5177 sanctorum
968 5122 1399 5180 multitudinem
1448 5123 1735 5194 c0piosam
1785 5126 1933 5195 quod

288 5204 461 5260 etiam
488 5210 737 5276 quatuor
763 5210 1059 5281 animalia,
1087 5217 1141 5267 et
1161 5212 1370 5282 viginti
1404 5218 1653 5282 quatuor
1681 5213 1937 5270 seniores

288 5293 591 5351 adorantes
608 5297 912 5353 Dominum
938 5300 1179 5356 dicunt:
1212 5300 1358 5371 quod
1389 5304 1545 5357 totus
1577 5301 1677 5357 ille
1709 5303 1937 5359 exerci—

287 5389 383 5439 tus
412 5383 665 5442 caelestis
705 5386 765 5442 in
795 5400 985 5443 vocem
1028 5388 1177 5444 tubae
1207 5389 1624 5458 grandissimas.
1672 5390 1934 5461 hymnica

285 5473 671 5532 exsultatione
699 5474 1120 5532 concelebrant.

713 5566 849 5620 Item
868 5566 984 5635 ipse
1006 5567 1069 5620 in
1093 5567 1237 5636 psal.
1256 5578 1488 5623 cxxxrv.

361 5653 492 5709 Post
546 5654 869 5725 gradalium
930 5654 1373 5725 pulcherrimam
1428 5658 1938 5734 constructionem,

2052 4582 2200 4638 biles
2238 4587 2295 4638 et
2339 4581 2758 4637 intellectuales
2788 4595 2887 4651 per
2915 4596 2976 4637 se
3011 4600 3025 4649 ;
3070 4595 3165 4638 eas
3195 4595 3345 4652 vera,
3392 4597 3518 4653 quae
3562 4589 3703 4641 sunt

2053 4672 2369 4731 intellectu.
2400 4671 2483 4727 vel
2517 4684 2687 4727 sensu
2718 4675 2993 4742 carentes,
3025 4685 3124 4740 per
3152 4671 3287 4727 illas
3315 4671 3541 4729 scilicet
3571 4688 3700 4745 qua:

2051 4775 2221 4831 opera
2265 4762 2493 4818 Domini
2534 4759 2962 4829 sapientissima
2997 4760 3458 4818 consideratione
3485 4762 3699 4821 collau-

2049 4853 2206 4908 dant.

2119 4944 2253 4997 Item
2281 4944 2397 5012 ipse
2424 4943 2483 4995 in
2522 4942 2860 4997 conclusione
2882 4942 3178 4996 novissima
3198 4943 3557 5012 psalmorum.

2119 5031 2267 5101 Quid
2316 5031 2468 5088 enim
2528 5032 2587 5087 in
2640 5030 2752 5087 isto
2807 5031 3026 5089 caelesti
3067 5032 3317 5089 armario
3358 5033 3697 5105 Scriptura-

2051 5134 2177 5178 rum
2232 5120 2560 5177 divinarum
2639 5120 2898 5176 invenire
2964 5133 3075 5177 non
3149 5121 3336 5191 possis
3381 5121 3411 5177 ἵ
3454 5122 3698 5179 Generis

2049 5223 2271 5280 quaaras
2313 5208 2431 5276 hic,
2477 5208 2953 5280 quemadmodum
2999 5207 3175 5266 fuerit
3216 5211 3466 5268 mundus
3507 5208 3698 5265 fabri-
3748 5234 3753 5239 -

2046 5303 2229 5369 catus,
2308 5298 2636 5369 exponitur.
2709 5298 3043 5369 Prophetias
3099 5300 3251 5372 [edit.
3309 5300 3507 5364 Basil.,
3571 5312 3706 5368 pro-

2048 5390 2245 5460 phetas
2291 5387 2529 5459 dicas]?
2569 5386 2711 5457 Quis
2752 5388 2822 5444 de
2861 5389 3254 5447 incarnatione
3294 5386 3523 5443 Domini
3574 5391 3699 5444 tan-

2046 5483 2103 5534 ta
2151 5478 2380 5535 locutus
2426 5477 2572 5534 est?
2618 5478 2986 5550 Evangelium
3043 5476 3247 5546 cupias
3279 5474 3308 5529 ?
3363 5476 3696 5533 Passionem

2043 5570 2100 5623 et
2138 5567 2615 5625 resurrectionem
2665 5567 2883 5624 Christi
2930 5565 3160 5620 Domini
3222 5564 3551 5622 innumeris
3600 5566 3696 5624 lo-

2033 5657 2120 5721 cis
2172 5657 2464 5715 evidenter
2519 5657 2789 5715 ostendit.
2854 5653 3190 5724 Apostolum
3264 5654 3411 5711 velis
3444 5655 3473 5710 ?
3540 5655 3694 5714 Audi
