4076 6174
370 273 510 339 “2’1

1252 272 1546 331 APPEND.
1598 268 1691 327 AD
1736 266 1898 326 SEC.
1931 266 2028 325 IX.
2059 294 2134 308 -
2159 261 2514 323 AUCTORES
2560 261 2896 322 ANONYMI.

3648 259 3793 320 4428

371 402 682 474 doctorem,
736 398 875 458 audi
943 396 1326 468 miserentem,
1395 396 1497 469 qui
1551 399 1608 453 et
1675 393 1873 452 futura
1914 392 2019 465 ju—
2047 391 2103 451 Α
2133 389 2308 447 maris
2336 391 2543 450 itinera
2574 392 2644 449 ad
2683 393 2971 450 desertum
3020 391 3480 466 gratulabundus
3527 407 3798 465 egressus

369 490 526 549 dicia
617 494 847 561 propter
919 487 1303 544 correctiones
1395 486 1686 557 praedicat,
1773 490 1829 541 et
1921 496 2021 553 pro
2129 485 2251 555 est,
2282 482 2522 539 dicens:
2557 484 2844 539 Cantemus
2888 485 3135 547 Domino,
3177 485 3430 552 gloriose.
3472 488 3528 539 et
3568 483 3795 553 reliqua

375 580 773 652 peccatoribus
844 576 1173 649 frequenter
1241 582 1459 633 exorat.
1536 577 1605 631 Et
1665 588 1734 631 ne
1791 573 2023 645 longius
2132 574 2158 644 (
2171 574 2348 629 Exod.
2385 587 2479 642 xv,
2510 571 2583 645 2).
2607 573 2823 629 Deinde
2855 573 3095 644 Debora,
3120 588 3232 631 non
3271 573 3553 645 ignobilis
3581 571 3798 629 femina

374 669 655 727 diﬁ‘eram.
689 667 984 739 Quidquid
1040 667 1100 722 in
1150 666 1293 723 caelo
1350 672 1406 722 et
1454 665 1513 721 in
1545 671 1714 726 terra.
1773 663 1832 719 in
1878 662 2023 719 mari

374 758 459 815 vel
498 759 649 829 apud
678 756 893 815 inferos
920 756 1136 829 agitur;
1163 756 1214 811 si
1254 754 1588 812 cautissime
1627 753 1801 825 legas,
1832 752 2021 809 omnia

376 847 502 906 suis
550 848 694 905 locis
744 847 931 917 posita
981 850 1369 916 competenter
1393 844 1677 916 agnoscis.
1726 842 1913 899 Testis
1941 846 2027 898 est

375 937 675 994 Athanasii
724 936 979 1007 episcopi
1012 949 1198 991 sermo
1252 932 1609 1006 magniﬁcus,
1653 933 1753 1003 qui
1786 932 2029 989 virtutes

378 1014 727 1098 psalmorum
760 1025 1078 1097 indagabili
1105 1025 1343 1081 veritate
1366 1023 1708 1088 discutiens,
1741 1021 1933 1079 omnia
1966 1020 2030 1075 il-

378 1116 457 1174 lic
481 1130 605 1173 esse
631 1114 852 1187 probat,
887 1128 1241 1187 quaecunque
1270 1128 1444 1170 sacrae
1468 1113 1778 1183 Scriptura:
1807 1110 2029 1167 ambitu

379 1206 769 1263 continentur.
796 1207 1067 1261 Naturam
1095 1216 1323 1275 quoque
1341 1203 1462 1272 Dei,
1489 1202 1540 1258 si
1568 1200 1653 1257 fas
1673 1206 1778 1269 est,
1802 1199 2030 1257 duobus

379 1294 572 1352 verbis
616 1292 757 1351 facit
816 1287 1212 1365 subintelligi.
1261 1293 1376 1365 Ego
1426 1291 1633 1362 hodie;
1680 1305 1806 1362 qua:
1850 1289 2031 1346 nullis

384 1384 575 1454 libris,
603 1384 786 1441 nullis
805 1382 1108 1440 codicibus
1135 1382 1399 1453 praevalet
1430 1379 1855 1451 comprehendi,
1879 1380 2034 1436 sicut

382 1474 731 1546 explicatum
761 1480 867 1541 est,
896 1473 1047 1544 quod
1095 1470 1342 1528 breviter
1384 1471 1626 1536 dicitur,
1659 1475 1715 1525 et
1739 1484 1806 1525 ex
1836 1469 2032 1540 aliqua

383 1570 544 1634 parte
594 1563 893 1630 sensibile,
917 1564 1069 1633 quod
1119 1566 1356 1617 tacetur.
1409 1563 1467 1616 In
1531 1559 1780 1616 secundo
1822 1559 2036 1629 quippe

384 1652 603 1722 psalmo
637 1654 800 1708 Pater
826 1651 974 1707 dicit
998 1651 1067 1706 ad
1094 1650 1316 1706 Filium
1350 1668 1363 1704 :
1396 1650 1512 1719 Ego
1545 1648 1716 1704 hodie
1746 1647 1918 1719 genui
1959 1653 2033 1702 te.

2137 663 2197 719 in
2228 662 2378 719 libro
2405 662 2697 733 Judicum,
2739 662 2847 718 hoc
2879 663 3205 719 ministerio
3244 662 3437 719 functa
3481 664 3795 733 reperitur.

2136 754 2332 809 Postea
2366 751 2579 808 multos
2607 766 2718 808 non
2766 752 2955 809 solum
2988 752 3165 824 viros,
3206 753 3303 809 sed
3334 753 3505 808 etiam
3548 751 3800 808 feminas

2136 842 2359 912 Spiritu
2406 841 2605 898 divino
2643 841 2975 913 completas,
3015 843 3115 899 Dei
3176 843 3455 899 cecinisse
3500 842 3797 913 mysteria.

2137 932 2434 988 Canticum
2466 934 2657 987 autem
2682 946 2789 988 vox
2817 932 3065 989 humana
3094 938 3201 1003 est,
3237 932 3497 1003 psalmus
3526 945 3663 989 vero
3696 932 3798 1002 qui

2139 1021 2369 1078 canitur
2397 1021 2467 1077 ad
2498 1021 2856 1092 psalterium.

2776 1114 2852 1167 De
2889 1113 3138 1183 psalmis.

2210 1200 2454 1257 Psalmis
2494 1214 2658 1256 usum
2695 1214 2818 1258 esse
2856 1202 3105 1272 primum
3156 1207 3283 1274 post
3331 1205 3582 1273 Moysen,
3619 1202 3802 1258 David

2144 1290 2495 1362 prophetam,
2532 1291 2590 1345 in
2618 1299 2821 1360 magno
2860 1292 3131 1362 mysterio
3161 1293 3354 1363 prodit
3383 1292 3660 1348 Ecclesia.
3698 1292 3807 1347 ilic

2142 1381 2296 1437 enim
2343 1393 2376 1435 a
2425 1379 2676 1449 pueritia
2726 1381 2785 1436 in
2834 1381 2942 1437 hoc
2978 1397 3196 1439 munus
3238 1397 3271 1439 a
3307 1384 3420 1439 Deo
3471 1382 3808 1453 specialiter

2143 1471 2379 1540 electus,
2412 1474 2469 1525 et
2509 1477 2807 1527 cantorum
2840 1472 3125 1544 princeps,
3160 1474 3627 1544 psalmorumque
3672 1473 3808 1528 the—

2145 1573 2353 1616 saurus
2403 1573 2527 1615 esse
2576 1561 2914 1631 promeruit.
2968 1562 3150 1632 Cujus
3202 1563 3538 1633 psalterium
3584 1563 3810 1619 idcirco

2146 1663 2271 1706 cum
2308 1648 2553 1705 melodia
2574 1650 2993 1708 cantilenarum
3015 1653 3280 1709 suavium
3300 1652 3370 1708 ab
3400 1651 3655 1708 Ecclesia
3685 1651 3811 1707 fre-

385 1743 447 1796 ln
492 1741 627 1797 istis
657 1739 945 1811 siquidem
975 1738 1209 1795 duobus
1238 1738 1430 1794 verbis
1475 1736 1772 1794 subtiliter
1802 1735 2037 1808 signiﬁ-
2066 1738 2117 1798 B
2149 1744 2479 1809 quentatur,
2513 1752 2627 1809 quo
2676 1738 2910 1796 facilius
2956 1742 3138 1797 animi
3185 1743 3255 1798 ad
3304 1742 3809 1812 compunctionem

385 1839 495 1900 cat,
529 1829 679 1901 quod
712 1829 1025 1885 humanum
1056 1827 1411 1883 intellectum
1444 1827 1844 1884 transcendere
1874 1838 2038 1896 posse

382 1920 667 1976 videatur.

458 2012 677 2067 Novum
715 2013 772 2065 et
808 2009 983 2065 Vetus
1020 2009 1439 2065 Testamentum
1484 2012 1641 2064 tanta
1693 2006 2040 2077 proprietate

386 2098 784 2172 complecitur,
832 2104 897 2155 ut
944 2111 1135 2155 revera
1159 2097 1479 2169 spiritalem
1511 2096 1938 2168 bibliothecam,
1978 2098 2037 2154 in

389 2190 497 2248 hoc
521 2188 673 2246 libro
704 2188 999 2260 intelligas
1025 2202 1149 2244 esse
1180 2192 1585 2245 constructam.
1620 2188 1780 2257 Nam,
1805 2187 1855 2243 si
1885 2200 2042 2257 para-

389 2280 557 2336 disus
584 2277 992 2336 desiderabilis
1016 2277 1278 2348 habetur,
1310 2277 1461 2348 quod
1487 2290 1616 2332 eum
1643 2281 1893 2347 quatuor
1922 2278 2040 2332 ﬂu—

316 2416 317 2419 η
392 2370 614 2426 minum
644 2368 843 2439 lapsus
882 2381 1168 2424 amoenare
1193 2372 1535 2435 noscuntur,
1576 2372 1790 2436 quanto
1817 2361 2042 2423 beatior

390 2464 477 2517 est
500 2458 712 2528 anima,
738 2472 865 2530 quae
893 2455 914 2512 i
925 2455 995 2515 50
1018 2456 1368 2529 psalmorum
1396 2454 1674 2525 fontibus,
1710 2455 1990 2527 irrigatur
2012 2455 2042 2510 ‘2

391 2551 504 2606 Nec
542 2548 729 2606 solum
763 2547 914 2604 intra
947 2548 1102 2605 hunc
1130 2560 1431 2604 numerum
1461 2545 1659 2601 divina
1688 2546 1876 2602 virtus
1900 2559 2042 2616 0pc-

389 2643 513 2696 rata
541 2644 648 2708 est,
683 2639 864 2696 multa
912 2638 1090 2695 latius
1140 2642 1352 2708 patent,
1400 2637 1520 2691 sive
1564 2651 1690 2706 qua:
1744 2649 1846 2706 pro
1886 2642 2044 2706 parte

390 2728 682 2786 intellecta
706 2734 864 2798 sunt,
888 2728 1011 2783 sive
1038 2741 1167 2799 quae
1192 2727 1382 2783 adhuc
1412 2724 1677 2781 funditus
1704 2725 2045 2796 ignorantur

387 2818 615 2875 diversa
646 2817 943 2872 miracula.

425 2905 793 2986 Incipiant
825 2905 1008 2967 dicta
1037 2903 1270 2968 sancti
1304 2901 1566 2966 [sideri
1595 2902 1675 2966 de
1721 2904 2025 2987 templiss

746 3001 936 3074 (ibid..
986 3001 1142 3073 Ofﬁc.
1193 3002 1295 3060 lib.
1348 3018 1391 3076 ι,
1434 3017 1557 3078 cap.
1602 3001 1688 3082 2.)

2148 1828 2477 1883 ﬂectantur.
2524 1828 2822 1885 Primitiva
2863 1836 3051 1886 autem
3084 1831 3358 1899 Ecclesia,
3393 1833 3467 1888 ita
3500 1830 3808 1901 psallebat,

2150 1922 2215 1973 ut
2244 1916 2467 1973 modico
2509 1917 2658 1973 ﬂexu
2704 1919 2866 1975 vocis
2910 1918 3119 1977 faceret
3157 1921 3488 1992 psallentem
3517 1934 3807 1990 resonare,

2150 2006 2231 2062 ita
2279 2010 2344 2062 ut
2390 2006 2789 2076 pronuntianti
2835 2008 3083 2066 vicinior
3123 2017 3274 2067 esset
3337 2024 3503 2081 quam
3535 2010 3799 2066 canenti.

2149 2095 2384 2165 Propter
2438 2096 2698 2153 carnales
2749 2104 2941 2154 autem
2986 2099 3047 2154 in
3094 2100 3371 2171 Ecclesia,
3412 2114 3526 2157 non
3572 2109 3810 2171 propter

2150 2184 2462 2255 spiritales,
2492 2187 2847 2244 consuetudo
2864 2194 2949 2244 est
2976 2189 3242 2246 instituta
3268 2191 3529 2260 canendi,
3562 2196 3624 2247 ut
3646 2191 3748 2261 qui
3774 2205 3810 2247 a

2150 2272 2340 2329 verbis
2366 2287 2476 2330 non
2527 2282 3013 2348 compunguntur,
3063 2284 3347 2335 suavitate
3396 2279 3809 2335 modulaminis

2152 2369 2503 2420 moveantur.
2544 2365 2637 2420 Sic
2680 2379 2925 2436 namque
2954 2373 3011 2423 et
3039 2367 3407 2425 beatissimus
3445 2370 3811 2441 Augustinus

2155 2452 2215 2507 in
2241 2452 2344 2508 lib.
2371 2452 2623 2511 Confess.
2652 2469 2890 2511 suarum
2921 2458 3394 2515 consuetudinem
3424 2460 3665 2515 canendi
3700 2475 3812 2529 ap-

2155 2541 2356 2613 probat
2406 2543 2467 2599 in
2508 2544 2785 2616 Ecclesia,
2835 2552 2899 2603 ut
2944 2561 3042 2617 per
3070 2547 3566 2619 oblectamentum,
3594 2550 3808 2620 inquit,

2153 2631 2407 2703 aurium,
2444 2632 2732 2690 inﬁrmior
2764 2635 2997 2692 animus
3033 2637 3101 2693 ad
3133 2636 3395 2694 aﬂectum
3428 2639 3661 2709 pietatis
3704 2653 3815 2694 ex—

2154 2727 2372 2791 surgat.
2407 2724 2546 2777 Nam
2579 2724 2637 2779 in
2664 2723 2831 2794 ipsis,
2863 2726 2968 2796 ait,
3012 2728 3228 2783 sanctis
3251 2728 3431 2784 dictis
3476 2728 3814 2800 religiosius

2152 2814 2210 2865 et
2235 2810 2538 2868 ardentius
2570 2818 2866 2870 moventur
2891 2814 3073 2871 animi
3098 2816 3277 2872 nostri
3306 2817 3375 2872 ad
3403 2817 3668 2873 affectum
3696 2818 3825 2887 pie-

2156 2899 2312 2970 tatis,
2346 2914 2475 2957 cum
2508 2908 2792 2973 cantatur,
2840 2917 3011 2976 quam
3041 2905 3090 2962 si
3124 2920 3237 2962 non
3268 2913 3552 2964 cantetur.
3604 2907 3814 2963 Omnes

2154 2988 2307 3045 enim
2337 2988 2575 3047 affectus
2620 2993 2827 3064 nostri,
2881 3009 2981 3065 pro
3024 3008 3296 3053 sonorum
3326 2996 3684 3067 diversitate,
3727 2996 3813 3052 vel

460 3072 913 3151 uber-naculum
944 3072 1164 3165 Moyses
1190 3072 1488 3168 legismop
1507 3072 1767 3168 ’ριιίωίιω
1801 3096 2045 3153 Domino
2074 3072 2125 3136 Π
2156 3079 2425 3149 novitate,
2456 3080 2647 3137 nescio
2676 3096 2789 3153 qua
2810 3085 3034 3142 occulta
3060 3085 3457 3143 familiaritate
3481 3087 3815 3143 excitantur

392 3182 676 3255 condidit,
702 3182 967 3240 Salomon
991 3183 1201 3240 deinde
1214 3185 1487 3255 templum
1517 3187 1880 3257 prudentiam
1909 3185 2049 3257 peti-

392 3279 561 3331 turus
592 3272 875 3331 instituit.
901 3274 1242 3331 Nostrorum
1272 3280 1400 3346 post
1421 3277 1539 3333 haec
1560 3282 1879 3349 temporum
1906 3276 2046 3333 ﬁdes

392 3362 453 3423 in
486 3368 605 3421 toto
634 3363 848 3420 mundo
870 3362 1089 3420 Christi
1115 3363 1264 3420 atria
1288 3367 1663 3423 consecravit.

462 3458 542 3514 Ea
568 3468 694 3528 quae
713 3453 773 3510 in
785 3451 1000 3509 ofﬁciis
1018 3452 1430 3512 ecclesiasticis
1455 3455 1818 3513 celebrantur
1838 3455 2045 3527 partim

394 3550 722 3604 sanctarum
741 3542 1172 3613 Scripturarum
1189 3545 1550 3615 auctoritate,
1582 3546 1790 3616 partim
1810 3550 2048 3615 aposto-

395 3638 509 3695 lica
530 3634 864 3703 traditione,
882 3632 969 3689 vel
990 3634 1409 3692 consuetudine
1422 3635 1769 3692 universalis
1781 3635 2046 3692 Ecclesiae

394 3729 611 3784 statuta
625 3723 1017 3795 reperiuntur,
1036 3737 1281 3793 quorum
1300 3725 1529 3796 quidem
1552 3725 1866 3795 primordia
1894 3739 2046 3796 repe-

394 3820 598 3883 tentes,
632 3812 846 3885 quibus
872 3817 997 3868 orta
1027 3810 1264 3882 fuerint,
1294 3819 1359 3869 ut
1380 3814 1775 3884 prtediximus,
1797 3816 2046 3872 auctori-

396 3905 505 3963 bus
536 3901 869 3960 referamus.

470 4014 497 4046 ‹‹
520 3993 648 4063 Cap.
686 3992 751 4047 de
796 3991 1031 4047 Ecclesia
1071 3995 1122 4047 et
1138 3991 1415 4047 vocabulis
1459 3992 1890 4052 Christianorum
1939 4013 2047 4052 non

398 4085 669 4153 comparet
691 4082 749 4135 in
776 4094 874 4135 ms.
890 4081 916 4150 )

1063 4171 1141 4224 De
1198 4153 1403 4226 choris.

467 4258 686 4317 Choros
717 4258 867 4315 idem
897 4259 1117 4331 Moyses
1148 4265 1276 4331 post
1305 4261 1617 4318 transitum
1660 4262 1841 4320 Rubri
1875 4265 2052 4327 maris

402 4350 652 4423 primum
683 4348 965 4421 instituit,
992 4354 1050 4406 et
1075 4356 1451 4423 utrorumque
1479 4365 1722 4409 sexuum
1751 4354 2051 4412 distinctis

2157 3168 2359 3241 magis,
2392 3182 2522 3225 cum
2555 3170 2716 3228 suavi
2743 3176 2801 3227 et
2823 3172 3138 3231 artiﬁciosa
3162 3188 3298 3231 voce
3317 3178 3599 3232 cantatur.

2816 3264 2888 3317 De
2930 3262 3167 3332 hymnis.

2227 3348 2474 3418 Hymnos
2502 3348 2752 3417 primum
2789 3351 3048 3409 eumdem
3087 3354 3265 3410 David
3294 3354 3624 3425 prophetam
3668 3368 3819 3410 con-

2155 3436 2376 3493 didisse
2404 3450 2469 3493 ac
2492 3438 2795 3508 cecinisse,
2841 3440 3208 3499 manifestum
3233 3450 3340 3514 est,
3364 3444 3573 3500 deinde
3590 3444 3644 3499 ei
3663 3443 3815 3499 alios

2158 3526 2481 3598 prophetas.
2526 3528 2725 3585 Postea
2762 3530 2995 3600 quidem
3028 3537 3086 3589 et
3124 3538 3241 3590 tres
3284 3533 3445 3605 pueri
3480 3535 3543 3589 in
3586 3532 3816 3590 fornace

2157 3616 2355 3687 positi,
2395 3624 2700 3675 convocata
2731 3621 2889 3676 omni
2931 3630 3215 3694 creatura,
3255 3625 3511 3681 Creatori
3556 3625 3810 3681 omnium

2157 3706 2429 3777 hymnum
2479 3714 2747 3764 canentes
2789 3709 3084 3768 dixerunt.
3139 3716 3336 3786 Itaque
3384 3715 3445 3771 in
3495 3714 3723 3785 hymnis
3758 3719 3814 3767 et

2156 3795 2395 3865 psalmis
2423 3798 2699 3853 canendis
2720 3811 2833 3855 non
2860 3800 3043 3856 solum
3069 3804 3497 3873 prophetarum,
3524 3804 3619 3859 sed
3640 3803 3814 3857 etiam

2158 3885 2346 3955 ipsius
2374 3885 2605 3941 Domini
2636 3891 2692 3942 et
2719 3888 3109 3958 apostolorum
3152 3891 3426 3949 habemus
3468 3891 3814 3961 exemplum,

2158 3982 2215 4031 et
2244 3981 2522 4045 praecepta
2551 3975 2623 4032 de
2643 3976 2749 4033 hac
2777 3992 2835 4034 re
2886 3980 3057 4037 utilia
3084 3982 3156 4039 ad
3189 3983 3524 4039 movendum
3558 3981 3653 4052 pie
3680 3981 3821 4036 ani-

2165 4079 2318 4121 mum
2350 4065 2890 4125 etinﬂammandum
2918 4070 3130 4127 divinae
3166 4072 3502 4129 dilectionis
3526 4070 3815 4127 affectum.

2161 4156 2305 4211 Sunt
2351 4162 2540 4213 autem
2584 4161 2641 4213 et
2685 4158 2873 4215 divini
2909 4159 3104 4231 hymni
3153 4168 3292 4218 sunt
3332 4168 3388 4217 et
3435 4161 3669 4233 ingenio
3702 4161 3820 4215 hu—

2164 4258 2330 4302 mano
2358 4247 2681 4316 compositi.
2740 4249 2998 4307 Hilarius
3037 4256 3225 4307 autem
3263 4250 3465 4307 Gallus
3510 4250 3822 4319 episcopus

2161 4335 2529 4406 Pictavensis,
2552 4335 2883 4405 eloquentia
2917 4338 3286 4409 conspicuus,
3315 4339 3654 4409 hymnorum
3685 4352 3824 4393 car-

398 4439 704 4513 classibus,
758 4452 819 4496 se
855 4453 922 4496 ac
974 4454 1168 4497 sorore
1223 4447 1527 4513 praeeunte,
1577 4455 1779 4499 canere
1817 4445 1932 4500 Deo
1989 4446 2051 4501 in

2168 4426 2319 4482 mine
2344 4426 2541 4481 ﬂoruit
2569 4424 2816 4495 primus.
2853 4428 2986 4493 Post
3014 4442 3179 4498 quem
3206 4428 3565 4495 Ambrosius,
3593 4428 3823 4483 Medio-

398 4530 595 4588 choris
622 4542 849 4586 carmen
876 4529 1226 4600 triumphale
1257 4530 1571 4600 perdocuit.
1618 4531 1840 4590 Chorus
1863 4538 2052 4591 autem

304 4660 315 4673 .
402 4619 475 4676 ab
504 4618 755 4692 imagine
777 4619 990 4675 ductus
1012 4625 1099 4675 est
1127 4633 1373 4690 coronae,
1403 4626 1460 4676 et
1488 4634 1555 4677 ex
1595 4634 1661 4677 eo
1690 4622 1770 4678 ita
1795 4629 2049 4679 vocatus.

405 4708 562 4764 Unde
590 4707 1195 4766 Ecclesiasticusliber
1213 4708 1421 4765 scribit
1441 4715 1683 4767 stantem
1707 4712 2053 4768 sacerdotem

407 4804 539 4853 ante
582 4810 758 4869 aram,
804 4802 861 4854 et
912 4798 973 4853 in
1023 4798 1278 4855 circuitu
1327 4799 1453 4869 ejus
1503 4813 1769 4856 coronam
1814 4800 2055 4857 fratrum

411 4886 600 4959 (Eccli,
637 4900 689 4958 1.,
729 4883 833 4960 43).
877 4887 1100 4944 Chorus
1145 4887 1297 4944 enim
1340 4888 1569 4959 proprie
1616 4889 1927 4947 multitudo
1957 4905 2059 4946 ca-

412 4973 673 5033 nentium
719 4981 827 5032 est.
878 4978 1105 5050 Quique
1142 4977 1293 5049 apud
1349 4978 1575 5035 Judzeos
1630 4991 1741 5036 non
1784 4980 1976 5037 minus
2026 4993 2060 5036 a

409 5067 602 5124 decem
628 5069 852 5120 constat
878 5067 1218 5124 canentibus
1250 5085 1265 5138 ς
1290 5068 1443 5139 apud
1483 5081 1586 5125 nos
1614 5075 1802 5125 autem
1837 5069 2058 5126 incerto

413 5168 651 5212 numero
674 5167 707 5210 a
740 5154 1132 5227 paucioribus,
1166 5157 1526 5230 plurimisve,
1557 5158 1682 5216 sine
1704 5159 1823 5217 ullo
1838 5160 2061 5217 discri—

413 5245 586 5318 mine,
614 5248 857 5303 constat.

1050 5337 1127 5391 De
1173 5338 1420 5391 canticis.

484 5422 784 5482 Canticum
848 5424 997 5481 idem
1057 5427 1195 5482 tunc
1246 5424 1466 5496 Moyses
1528 5427 1754 5498 primus
1822 5428 2058 5503 invexit,

418 5514 668 5587 quando,
713 5527 982 5586 percussa
1023 5514 1261 5588 Egypto
1311 5513 1502 5571 decem
1556 5517 1761 5589 plagis,
1811 5525 1868 5575 et
1910 5519 2063 5576 Pha-

420 5612 593 5659 raone
638 5603 958 5677 submerso,
1002 5603 1359 5665 lsraeiiticus
1400 5604 1648 5676 populus
1700 5620 1799 5678 per
1841 5609 2069 5669 insueta

2166 4516 2423 4572 lanensis
2465 4516 2792 4587 episcopus,
2835 4516 2926 4574 vir
2977 4531 3192 4589 magna:
3220 4517 3417 4590 gloria:
3467 4518 3525 4573 in
3562 4517 3822 4586 Christo,

2165 4612 2221 4661 et
2269 4605 2329 4661 in
2392 4603 2647 4661 Ecclesia
2687 4604 3054 4665 clarissimus
3115 4608 3337 4677 doctor,
3389 4605 3690 4677 c0piosius
3760 4605 3823 4660 in

2168 4694 2498 4765 hujusmodi
2546 4694 2801 4751 carmine
2858 4696 3139 4754 claruisse
3197 4697 3585 4770 cognoscitur,
3647 4701 3826 4767 atque

2170 4786 2303 4842 inde
2348 4783 2545 4855 hymni
2575 4797 2645 4840 ex
2673 4785 2800 4855 ejus
2842 4786 3073 4843 nomine
3102 4786 3466 4844 Ambrosiani
3500 4794 3788 4843 vocantur
3809 4825 3824 4851 ,

2168 4875 2307 4945 quia
2328 4874 2456 4944 ejus
2488 4880 2742 4945 tempore
2774 4878 3025 4947 primum
3048 4877 3106 4933 in
3131 4877 3386 4933 Ecclesia
3406 4874 3826 4932 Mediolanensi

2168 4963 2445 5021 celebrari
2467 4972 2777 5035 casperunt.
2796 4966 2974 5036 Cujus
2988 4966 3342 5023 celebritatis
3359 4964 3590 5022 devotio
3611 4964 3829 5021 dehinc

2174 5070 2271 5129 per
2301 5053 2483 5111 totius
2498 5054 2826 5112 Occidentis
2868 5057 3151 5114 Ecclesias
3175 5057 3526 5114 observatur.
3553 5054 3828 5111 Carmina

2169 5152 2358 5206 autem
2409 5157 2763 5218 quaecunque
2794 5148 2853 5205 in
2884 5148 3110 5205 laudem
3138 5147 3241 5204 Dei
3271 5146 3580 5216 dicuntur,
3626 5142 3825 5215 hymni

2171 5241 2471 5300 vocantur.
2860 5306 2865 5307 ί

2775 5334 2851 5388 De
2879 5330 3212 5401 antiphonis.

2242 5426 2603 5496 Antiphonas
2625 5422 2808 5481 Graeci
2832 5421 3081 5495 primum
3111 5423 3563 5491 composuerunt
3594 5414 3831 5473 duobus

2173 5517 2370 5575 choris
2386 5515 2713 5573 alternatim
2729 5510 3192 5582 concinentibus,
3208 5509 3376 5583 quasi
3392 5508 3510 5565 duo
3534 5504 3831 5575 seraphim

2173 5610 2404 5680 duoque
2422 5607 2778 5663 Testamenta
2795 5603 3039 5662 invicem
3056 5600 3175 5659 sibi
3188 5596 3626 5658 conclamantia.
3654 5593 3837 5664 Apud
