4054 6192
363 345 507 409 4429

1783 321 2192 392 BENEDICTIO
2228 324 2361 384 DEI.

3634 305 3773 371 4430

360 471 594 530 Latinos
622 474 811 529 autem
843 469 1066 544 primus
1090 468 1246 527 idem
1275 466 1647 526 beatissimus
1671 459 2012 522 Ambrosius
2030 448 2085 509 Α
2114 460 2357 513 numero
2383 459 2437 514 et
2463 459 2737 529 tempore,
2767 453 3066 514 descendit
3094 452 3162 511 ad
3196 457 3398 519 terras,
3429 442 3776 544 impleturus

359 559 707 631 antiphonas
736 559 1060 619 constituit.
1094 560 1419 617 Graecorum
1451 555 1769 627 exemplum
1806 551 2010 608 imita-

362 655 472 705 tus.
510 651 590 706 Ex
632 650 767 704 hinc
796 650 865 705 de
898 649 1124 706 cunctis
1156 647 1418 705 occiduis
1449 644 1785 718 regionibus
1814 652 2009 698 earum

361 754 503 796 usus
536 737 874 795 increbruit.

948 830 1021 882 De
1047 828 1423 899 responsoriis.

433 918 815 989 Responsoria
861 917 932 973 ab
976 917 1138 974 Italis
1186 917 1355 989 longo
1401 918 1533 971 ante
1580 918 1835 983 tempore
1875 912 2012 965 sunt

362 1014 602 1079 reperta.
638 1009 706 1063 Et
736 1014 929 1063 vocata
963 1007 1068 1063 hoc
1100 1007 1353 1077 nomine,
1395 1004 1569 1076 quod,
1606 1015 1721 1059 uno
1752 1004 2007 1070 canente,

359 1099 573 1154 chorus
603 1097 966 1153 consonando
998 1097 1356 1167 respondeat.
1386 1095 1529 1150 Ante
1550 1098 1737 1150 autem
1769 1090 1824 1146 id
1852 1088 2013 1145 solus

362 1188 610 1259 quisque
634 1186 855 1258 agebat,
891 1200 1041 1242 nunc
1070 1191 1259 1242 autem
1299 1184 1583 1241 interdum
1619 1196 1789 1246 unus,
1825 1180 2015 1234 inter-

357 1276 495 1331 dum
522 1276 638 1333 duo
665 1274 749 1329 vel
778 1280 892 1330 tres
916 1273 1303 1330 communiter
1328 1275 1563 1340 canunt,
1592 1270 1766 1325 choro
1800 1268 1857 1322 in
1891 1266 2014 1337 plu-

362 1363 530 1420 rimis
562 1364 956 1434 respondente.

593 1457 661 1509 De
690 1453 947 1507 laudibus
977 1452 1146 1523 [Edit.
1182 1451 1386 1521 Paris.,
1422 1450 1486 1505 de
1515 1445 1811 1522 alleluia}.

438 1543 675 1612 Laudes,
727 1543 833 1598 hoc
876 1548 963 1598 est
1000 1541 1237 1598 alleluia
1280 1554 1500 1611 canere,
1554 1538 1801 1612 antiquu

438 1550 675 1612 Laudes,
728 1550 833 1598 hoc
876 1550 963 1598 est
1000 1550 1237 1598 alleluia
1280 1554 1500 1611 canere,
1554 1550 1801 1608 antiquu
1905 1550 2008 1603 εει,

362 1631 722 1689 Hebraeorum
749 1645 921 1687 more.
945 1632 1122 1703 Cujus
1142 1630 1428 1702 expositio
1444 1629 1691 1685 duorum
1714 1550 2013 1707 vegblorum

362 1722 835 1792 interpretatione
864 1721 1153 1789 consistit,
1190 1721 1295 1777 hoc
1324 1725 1409 1776 est
1440 1720 1561 1773 laus
1598 1719 1706 1775 Dei.
1741 1714 1818 1771 De
1847 1714 2014 1784 cujus

1905 1538 2008 1603 est,

2119 548 2361 618 gratiam
2396 562 2565 619 quam
2597 546 2863 604 Christus
2884 545 3171 615 promisit.
3203 545 3340 599 Nam
3367 544 3425 595 et
3448 541 3605 595 sexta
3632 535 3771 591 hora

2118 636 2388 694 Christus
2436 651 2687 708 passus;
2726 638 2786 694 in
2832 649 3039 693 nonam
3090 631 3335 706 patibuli
3385 627 3773 687 cruciamenta

2123 727 2396 797 porrexit.
2426 725 2548 782 Tali
2576 727 2725 782 enim
2760 730 3113 782 sacramento
3139 719 3419 794 legitimis
3447 718 3516 774 ad
3550 725 3769 787 precem

2123 816 2497 887 temporibus,
2543 831 2642 888 per
2685 821 2877 872 ternas
2924 816 3113 882 horas,
3153 810 3459 868 Trinitatis
3500 801 3773 878 perfectio

2121 911 2222 962 aut
2244 907 2513 963 laudatur
2530 906 2984 970 celebritatibus,
3003 910 3104 959 aut
3123 900 3389 973 precibus
3407 898 3769 968 impetratur.

2120 998 2188 1053 Et
2209 997 2259 1052 si
2278 1002 2640 1067 computetur
2655 997 2864 1054 diurna
2881 994 3205 1065 celebritas,
3226 1005 3324 1061 per
3340 984 3772 1060 quaternarium

2122 1099 2305 1157 usque
2334 1086 2390 1141 in
2413 1087 2800 1156 vespertinum
2833 1084 3103 1153 oﬂicium,
3129 1082 3235 1138 hoc
3259 1084 3365 1143 est,
3394 1080 3596 1149 quater
3618 1069 3771 1147 [edit.

2120 1177 2325 1239 Paris,
2355 1174 2733 1251 quatertinas]
2768 1174 3154 1248 signiﬁcatur,
3188 1170 3325 1243 quia
3351 1165 3602 1224 mundus
3626 1174 3776 1235 qua-

2122 1263 2365 1321 drifarie
2397 1264 2624 1322 divisus
2664 1266 2723 1322 in
2752 1265 3036 1321 Trinitate
3073 1261 3346 1318 salvatur.
3389 1253 3687 1326 Siquidem
3720 1254 3778 1307 et

2127 1353 2185 1410 in
2229 1358 2391 1409 nocte
2429 1353 2707 1410 stationes
2745 1357 2801 1410 et
2841 1352 3059 1426 vigilite
3099 1349 3381 1407 militares
3420 1345 3479 1401 in
3525 1345 3776 1414 quatuor

2127 1448 2314 1512 partes
2351 1444 2554 1501 divisae
2592 1444 2774 1500 ternis
2805 1443 3074 1499 horarum
3116 1438 3324 1510 spatiis
3360 1434 3805 1495 decernuntur,

2128 1536 2190 1587 ut
2214 1539 2269 1588 et
2296 1534 2354 1589 in
2384 1534 2529 1605 ipsis
2555 1532 2857 1590 nocturnis
2883 1531 3054 1588 mund
3067 1528 3392 1599 ialibusque
3412 1520 3619 1581 ofﬁciis
3637 1517 3775 1575 Tri-

2126 1621 2328 1677 nitatis
2358 1624 2692 1694 mysterium
2724 1626 3039 1678 veneretur.

2720 1716 2796 1766 De
2832 1711 3174 1781 vespertinis.

362 1781 632 1883 mysterio
659 1813 902 1867 Joannes
931 1812 989 1867 in
1022 1781 1357 1882 Apocalypsi
1391 1808 1580 1876 refert,
1610 1807 1824 1878 spiritu
1851 1781 2016 1860 reve—
2041 1781 2095 1842 Β
2197 1802 2594 1873 Vespertinum
2624 1802 2825 1859 diurni
2854 1801 2988 1857 ﬂnis
3013 1798 3260 1857 oﬂicium
3288 1795 3514 1851 diurnae
3538 1794 3593 1848 et
3613 1790 3783 1847 alter-

360 1897 515 1954 lante
553 1899 789 1970 vidisse,
831 1905 887 1954 et
922 1899 1155 1955 audisse
1201 1911 1391 1953 vocem
1435 1895 1686 1952 caelestis
1727 1892 2016 1949 exercitus

361 1987 715 2058 angelorum,
758 1995 1030 2059 tanquam
1074 2001 1263 2043 vocem
1305 1986 1627 2042 validorum
1666 1983 2011 2050 tonitruum,

363 2084 420 2133 et
451 2085 720 2149 tanquam
761 2092 950 2134 vocem
996 2091 1275 2149 aquarum
1319 2075 1653 2144 multarum,
1695 2072 2012 2129 dicentium

362 2166 596 2223 alleluia
619 2167 952 2237 (Apoc.x1x,
974 2166 1048 2237 6).
1071 2166 1150 2223 Ex
1168 2180 1281 2239 quo
1305 2166 1504 2222 nullus
1524 2162 2011 2232 debetambigere,

364 2255 470 2312 hoc
496 2257 686 2313 laudis
719 2257 1073 2329 mysterium,
1104 2257 1153 2313 si
1178 2257 1351 2327 digna
1379 2256 1489 2311 fide
1513 2260 1567 2310 et
1589 2253 1888 2309 devotione
1916 2264 2016 2306 ce—

365 2345 636 2417 lebretur,
678 2347 899 2418 angelis
928 2360 1049 2402 esse
1084 2347 1475 2416 conjunctum.
1814 2410 1818 2413 I

432 2434 684 2491 Alleluia
737 2442 948 2503 autem,
1003 2436 1156 2491 sicut
1203 2440 1259 2490 et
1315 2447 1498 2503 amen,
1553 2433 1623 2489 de
1670 2430 1899 2487 Hebraea
1952 2430 2013 2485 in

360 2522 531 2578 aliam
565 2524 819 2596 linguam
852 2536 1212 2596 nequaquam
1245 2521 1695 2585 transferuntur,
1730 2534 1841 2576 non
1874 2519 2013 2590 quia

364 2612 730 2683 interpretari
782 2615 1019 2670 minime
1057 2619 1290 2685 queant,
1338 2612 1455 2681 sed,
1508 2611 1663 2668 sicut
1696 2610 1864 2666 aiunt
1902 2609 2016 2664 do—

359 2708 564 2774 ctores,
589 2710 850 2761 servatur
872 2705 930 2760 in
948 2704 1033 2761 eis
1053 2703 1396 2776 antiquitas,
1420 2708 1650 2773 propter
1669 2700 2012 2758 sanctiorem

359 2794 781 2849 auctoritatem.

436 2880 493 2932 ln
541 2878 833 2935 Africanis
875 2886 1065 2936 autem
1112 2880 1449 2952 regionibus
1494 2894 1607 2935 non
1656 2879 1810 2933 omni
1864 2885 2015 2933 tem-

363 2979 515 3038 pore,
566 2967 661 3022 sed
712 2972 934 3022 tantum
983 2968 1305 3023 Dominicis
1357 2967 1563 3022 diebus
1610 2973 1666 3021 et
1714 2966 2017 3035 quinqua-

360 3058 522 3131 ginta
591 3060 718 3126 post
776 3056 1133 3111 Dominicam
1213 3055 1714 3123 resurrectionem,
1775 3053 2013 3109 alleluia

358 3150 624 3201 cantatur
695 3159 796 3214 pro
857 3144 1282 3217 significatione
1354 3143 1563 3200 futura:
1628 3143 2015 3199 resurrectio-

362 3235 455 3290 nis
487 3239 542 3289 et
582 3234 818 3289 laetitiae.
862 3236 1087 3304 Verum,
1134 3234 1285 3305 apud
1334 3248 1457 3305 nos,
1499 3233 1809 3290 secundum
1852 3232 2014 3289 anti-

361 3336 531 3394 quam
554 3322 957 3392 Hispaniarum
988 3323 1378 3392 traditionem,
1404 3327 1608 3393 przeter
1626 3321 2013 3391 diesjejunio—

360 3427 508 3483 rum,
543 3412 628 3467 vel
658 3413 1137 3485 Quadragesimae,
1170 3412 1326 3469 omni
1360 3416 1610 3483 tempore
1650 3411 1882 3467 canitur
1917 3410 2012 3466 al—

360 3501 557 3557 leluia.
604 3501 892 3571 Scriptum
936 3508 1024 3557 est
1052 3502 1205 3558 enim
1232 3520 1244 3555 :
1278 3502 1498 3572 Semper
1529 3503 1648 3556 laus
1679 3501 1797 3570 ejus
1826 3502 1886 3554 in
1920 3515 2010 3555 ore

358 3607 472 3645 meo
501 3592 673 3660 (Psal.
707 3604 919 3663 xxxiii,
945 3590 1016 3664 2).
1048 3592 1209 3662 Quod
1240 3605 1371 3648 vero
1403 3596 1531 3661 post
1558 3596 2006 3647 consummatam

359 3680 729 3752 psalmorum,
763 3681 884 3738 sive
914 3682 1223 3738 lectionum
1274 3681 1738 3752 praedicationem
1769 3679 2007 3735 alleluia

356 3771 414 3823 in
453 3769 562 3823 tine
596 3776 882 3843 cantatur,
928 3772 1033 3827 hoc
1075 3772 1132 3827 in
1174 3785 1273 3842 spe
1313 3769 1510 3827 futura
1550 3770 1691 3827 facit
1729 3769 2003 3840 Ecclesia,

354 3855 691 3927 signiﬁcans
713 3864 839 3927 post
858 3860 1357 3916 annuntiationem
1381 3860 1540 3931 regni
1559 3859 1858 3931 caelorum,
1883 3872 2007 3930 qua:

356 3946 412 4000 in
440 3936 543 3999 liae
571 3945 685 4000 vita
707 3941 806 4016 per
834 3953 1143 4016 utrumque
1168 3948 1590 4003 Testamentum
1621 3949 1832 4005 mundo
1854 3962 2009 4019 prte—

351 4033 604 4104 dicatur,
634 4035 917 4091 actionem
961 4041 1212 4091 nostram
1256 4050 1364 4092 non
1410 4050 1535 4091 esse
1565 4035 1843 4107 futuram,
1888 4037 2002 4092 nisi

2127 1905 2211 1947 nm
2256 1892 2406 1948 lucis
2445 1906 2683 1949 occasus
2725 1897 2849 1947 est:
2882 1890 3051 1959 cujus
3093 1902 3163 1943 ex
3190 1884 3379 1941 Veteri
3419 1884 3778 1939 Testamento

2126 1979 2399 2037 solemnis
2434 1987 2519 2037 est
2548 1979 2878 2037 celebratio.
2922 1977 3181 2046 Denique
3211 1975 3318 2029 hoc
3358 1978 3608 2041 tempore
3637 1975 3784 2026 vete-

2126 2084 2252 2126 rum
2286 2070 2571 2127 sacriﬁcia
2610 2069 2802 2126 oti‘erri
2834 2066 3170 2145 adolerique
3198 2062 3406 2120 altario
3436 2066 3688 2117 aromata
3722 2064 3779 2115 et

2127 2162 2262 2218 thus
2308 2175 2429 2217 mos
2465 2166 2606 2218 erat.
2652 2160 2830 2231 Cujus
2873 2159 2957 2216 rei
2997 2158 3163 2215 testis
3208 2160 3294 2212 est
3339 2153 3439 2209 ille
3475 2150 3781 2223 hymnicus

2129 2247 2279 2325 [edit
2346 2253 2554 2316 Paris,
2622 2248 3012 2322 hymnidicus]
3086 2246 3247 2319 regio
3312 2258 3378 2301 ac
3436 2239 3777 2299 sacerdotali

2125 2340 2361 2398 functus
2398 2341 2585 2398 ofﬁcio
2625 2341 2824 2398 dicens
2858 2357 2872 2394 :
2915 2339 3207 2406 Dirigatur
3251 2335 3425 2390 oratio
3470 2348 3591 2388 mea
3638 2332 3779 2385 sicut

2124 2432 2402 2485 incensum
2447 2434 2505 2487 in
2544 2435 2827 2501 conspectu
2875 2433 3008 2484 tuo:
3036 2427 3279 2482 Eleuatio
3321 2438 3585 2478 manuum
3620 2435 3778 2474 mea-

2123 2537 2265 2585 rum,
2297 2524 2625 2592 sacriﬁcium
2663 2522 3029 2592 vespertinum
3059 2517 3230 2587 (Psal.
3266 2528 3388 2585 CLX,
3420 2510 3493 2586 2).
3539 2514 3599 2567 In
3634 2524 3777 2567 novo

2125 2624 2352 2682 quoque
2375 2612 2732 2667 Testamento
2762 2622 2827 2666 eo
2856 2614 3108 2679 tempore
3130 2604 3412 2663 Dominus
3440 2608 3495 2659 et
3520 2600 3778 2657 Salvator

2126 2704 2336 2772 noster,
2356 2699 2719 2757 coenantibus
2734 2697 3033 2770 apostolis,
3054 2695 3389 2768 mysterium
3406 2692 3498 2749 sui
3516 2688 3779 2761 corporis

2123 2796 2179 2845 et
2204 2790 2509 2861 sanguinis
2541 2789 2713 2845 initio
2739 2788 3003 2858 tradidit,
3032 2791 3097 2844 ut
3118 2792 3343 2855 tempus
3369 2784 3559 2854 ipsum
3584 2778 3773 2837 sacri-

2125 2880 2244 2935 ﬁcii
2276 2893 2572 2949 vesperum
2603 2880 2926 2937 ostenderet
2964 2876 3181 2934 saaculi.
3217 2873 3460 2931 Proinde
3493 2872 3552 2928 in
3586 2871 3777 2927 bono-

2125 2982 2241 3023 rem
2285 2981 2351 3023 ac
2399 2969 2729 3024 memoriam
2780 2974 3071 3023 tantorum
3126 2967 3634 3030 sacramentorum,
3680 2959 3775 3016 bis

2125 3055 2479 3124 temporibus
2522 3069 2627 3112 nos
2672 3057 2870 3112 adesse
2908 3057 3068 3111 decet
3107 3054 3209 3111 Dei
3256 3050 3681 3123 conspectibus,
3717 3055 3775 3105 et

2125 3156 2429 3214 personare
2452 3144 2510 3199 in
2540 3145 2668 3213 ejus
2692 3144 2951 3200 cultibus
2975 3143 3301 3200 orationum
3325 3147 3649 3198 nostrarum
3680 3138 3771 3196 illi

2123 3231 2472 3290 sacrificium
2503 3231 2821 3303 offerentes,
2852 3237 3024 3303 atque
3056 3232 3115 3287 in
3146 3231 3273 3301 ejus
3302 3228 3578 3285 laudibus
3607 3228 3775 3298 pari-

2122 3326 2208 3378 ter
2231 3323 2599 3381 exsultantes.
2626 3324 2932 3393 Vesperum
2958 3325 3147 3378 autem
3173 3318 3508 3375 nominatur
3525 3331 3558 3372 a
3583 3317 3772 3374 sidere

2121 3412 2271 3483 quod
2324 3412 2534 3483 Vesper
2584 3418 2821 3470 vocatur
2860 3417 2917 3469 et
2958 3411 3264 3467 decedente
3317 3407 3437 3465 sole
3482 3408 3764 3465 exoritur.

2117 3502 2196 3558 De
2242 3516 2356 3573 quo
2405 3501 2675 3573 propheta
2725 3502 2916 3558 dicit:
2950 3502 3022 3556 Et
3071 3500 3366 3570 Vesperum
3412 3512 3577 3570 super
3625 3497 3766 3569 ﬁlios

2117 3592 2395 3647 hominum
2419 3592 2644 3662 prodire
2670 3594 2811 3661 facis
2840 3590 2961 3662 (Job
2991 3602 3240 3661 xxxvm,
3271 3585 3380 3662 32).

2738 3683 2812 3735 De
2844 3680 3138 3750 completis.

2187 3772 2264 3827 De
2292 3771 2593 3843 completis
2630 3777 2819 3828 autem
2859 3769 3221 3827 celebrandis
3254 3768 3313 3825 id
3344 3768 3519 3825 etiam
3561 3766 3622 3823 in
3651 3768 3765 3823 Pa-
3822 3754 3837 3769 ⁸

2115 3864 2266 3916 trum
2301 3862 2626 3917 invenimus
2654 3859 2951 3931 exemplis,
2983 3858 3158 3915 David
3190 3857 3468 3929 propheta
3497 3856 3760 3913 dicente:

2116 3950 2177 4004 Si
2204 3952 2495 4006 asoendero
2534 3953 2593 4005 in
2624 3951 2819 4006 lectum
2855 3952 3019 4005 strati
3045 3950 3170 4011 mei,
3208 3950 3259 4003 si
3289 3947 3485 4002 dedero
3515 3962 3762 4001 somnum

2115 4039 2284 4093 oculis
2330 4042 2461 4094 meis
2514 4045 2565 4095 et
2608 4040 2890 4112 palpebris
2940 4040 3075 4094 meis
3123 4038 3562 4092 dormitationem
3604 4053 3621 4091 :
3664 4040 3765 4090 aut

354 4122 415 4177 in
450 4122 617 4178 laude
644 4124 767 4180 Dei.
799 4124 894 4181 Sic
924 4125 1079 4181 enim
1120 4125 1401 4196 scriptum
1431 4130 1555 4181 est:
1588 4126 1743 4180 Beati
1771 4128 1869 4195 qui
1895 4127 2005 4179 ha-
2112 4130 2353 4197 requiem
2414 4130 2743 4200 teniporibus
2807 4131 2959 4192 meis,
3020 4129 3188 4183 donec
3246 4127 3526 4181 inveniam
3586 4125 3762 4179 locum

353 4212 530 4266 bitunt
582 4215 640 4267 in
688 4214 840 4268 domo
886 4218 1004 4277 tua,
1050 4216 1293 4279 Domine,
1344 4217 1403 4269 in
1440 4215 1639 4270 saecula
1684 4216 2002 4270 saeculorum
2110 4219 2356 4281 Domino,
2411 4218 2823 4273 tabernaculum
2867 4221 2976 4273 Deo
3030 4218 3195 4273 Jacob
3242 4216 3412 4287 (Psal.
3461 4228 3633 4279 ωαχ,
3679 4212 3755 4284 3).

354 4302 662 4357 laudabunt
705 4308 753 4358 te
797 4304 965 4373 {PsaL
1014 4318 1263 4375 Lxxxm,
1313 4302 1385 4378 ὃ).
1435 4305 1579 4360 Hinc
1623 4310 1712 4361 est
1753 4306 1903 4377 quod
1946 4312 2002 4362 et
2109 4308 2253 4376 Quis
2280 4322 2391 4365 non
2414 4313 2658 4379 stupeat,
2689 4312 2904 4364 tantam
2937 4308 2997 4364 in
3025 4307 3128 4363 Dei
3157 4320 3351 4364 amore
3374 4306 3554 4363 animi
3580 4306 3760 4364 devo-

352 4391 502 4447 liber
544 4393 896 4450 Psalmorum
944 4394 1003 4450 in
1052 4395 1221 4452 laude
1267 4395 1657 4467 concluditur,
1706 4401 1769 4452 ut
1806 4396 1999 4452 eadem
2111 4398 2323 4455 tionem
2364 4403 2427 4454 ut
2469 4410 2731 4455 somnum
2776 4395 2912 4463 sibi,
2955 4396 3080 4452 sine
3121 4409 3235 4466 quo
3279 4394 3483 4465 utique
3520 4407 3760 4464 corpora

355 4487 481 4550 post
512 4482 677 4538 tinem
708 4483 902 4539 saeculi
936 4483 1063 4541 laus
1090 4491 1297 4542 aeterna
1330 4489 1697 4542 monstretur.
2031 4487 2085 4550 D
2113 4488 2360 4544 humana
2380 4487 2676 4556 deﬁciunt,
2704 4486 2932 4558 penitus
2953 4483 3346 4553 interdixerit,
3366 4484 3546 4540 donec
3567 4483 3756 4539 locum

424 4570 659 4638 (Omissa
683 4573 929 4643 capitula
964 4574 1030 4627 de
1063 4574 1379 4643 offertur-iis,
1412 4575 1478 4628 de
1510 4577 1677 4629 missu
1708 4580 1758 4628 et
1788 4577 2003 4629 oratio—
2109 4590 2175 4633 ac
2215 4577 2487 4646 templum
2526 4575 2769 4633 Domino
2816 4574 3213 4631 fabricandum
3256 4572 3317 4628 in
3357 4576 3582 4643 pectore
3625 4585 3751 4643 suo,

355 4660 536 4724 nibus,
596 4662 661 4717 de
711 4664 952 4731 symbolo
1010 4665 1249 4727 Nicaeno,
1303 4664 1369 4719 de
1431 4664 1891 4720 benedictionibus
1944 4667 2001 4719 in

349 4750 574 4819 papula,
608 4751 674 4806 de
701 4754 988 4823 sacriﬁcio,
1019 4752 1148 4826 etc.)

579 4843 655 4895 De
682 4843 874 4905 tertiae,
903 4847 1087 4906 sextae,
1119 4847 1169 4898 et
1198 4859 1354 4899 nonae
1380 4844 1525 4900 hora:
1551 4847 1769 4915 ofﬁciis.

425 4930 629 4985 Horam
660 4930 906 5003 tertiam,
940 4938 1159 4988 sextam
1189 4938 1246 4989 et
1283 4947 1511 5005 nonam,
1551 4934 1751 4991 Daniel
1791 4939 1848 4991 et
1888 4939 2000 4992 tres

358 5017 520 5086 pueri
559 5019 1087 5089 supplicationibus
1135 5021 1503 5091 devoverant,
1549 5023 1793 5094 scilicet,
1837 5032 1901 5081 ut
1928 5024 2000 5080 ab

354 5111 485 5163 ortu
513 5106 631 5163 diei
664 5110 722 5164 in
753 5114 978 5181 tempus
1010 5112 1359 5182 precationis
1384 5118 1499 5169 tres
1532 5113 1684 5171 hora:
1728 5122 2000 5185 porrecta:

350 5196 655 5253 Trinitatis
684 5198 853 5255 nobis
881 5200 1250 5257 reverentiam
1290 5202 1645 5282 declararent
1677 5223 1692 5273 ς
1725 5203 1940 5273 pariter
1967 5216 1999 5259 a

351 5285 523 5342 tertia
550 5301 730 5358 usque
749 5288 819 5345 ad
846 5296 1082 5361 sextam,
1105 5298 1278 5365 atque
1305 5292 1438 5349 inde
1463 5307 1646 5366 usque
1668 5293 1739 5350 ad
1767 5308 1995 5365 nonam,

354 5391 452 5448 per
511 5377 671 5447 paria
738 5378 887 5435 lucis
957 5380 1257 5439 intervalla
1328 5383 1471 5439 ratis
1532 5383 1998 5442 dimensionibus

346 5466 679 5538 terminata,
709 5468 983 5542 Trinitas,
1016 5475 1104 5528 ter
1129 5471 1227 5528 die
1257 5478 1472 5544 rogata,
1512 5473 1814 5530 coleretur.
1848 5473 1994 5531 Illud

348 5558 522 5613 etiam
542 5558 799 5615 occurrit
813 5559 882 5616 ad
903 5560 1295 5631 probationem
1312 5562 1659 5620 venerabilis
1671 5563 1995 5635 Trinitatis,

355 5648 503 5717 quod
528 5648 785 5720 Spiritus
813 5654 1048 5708 sanctus
1076 5651 1215 5710 hora
1245 5652 1434 5725 tertia,
1471 5651 1577 5710 hoc
1605 5656 1691 5710 est
1713 5668 1820 5711 suo
1852 5653 1997 5727 loco,

2112 4672 2284 4722 rex-et
2315 4666 2589 4736 propheta
2609 4663 2931 4735 reperiret?
2949 4663 3085 4734 Quae
3108 4675 3198 4720 res
3218 4676 3323 4719 nos
3340 4660 3507 4718 debet
3527 4659 3756 4718 fortiter

2108 4756 2432 4825 admonere,
2461 4761 2543 4827 ut,
2572 4755 2622 4811 si
2657 4754 2769 4825 ipsi
2797 4754 2959 4811 locus
2981 4753 3211 4809 Domini
3243 4751 3506 4809 volumus
3529 4763 3674 4822 esse,
3698 4755 3757 4808 et

2110 4845 2539 4902 tabernaculum
2587 4845 2732 4915 ejus,
2776 4849 2877 4900 aut
2922 4843 3195 4915 templum
3240 4841 3510 4913 cupimus
3554 4839 3753 4898 haberi

2108 4935 2363 5005 Spiritus
2412 4933 2618 5002 sancti,
2676 4934 2735 4989 in
2786 4937 3064 5005 quantum
3122 4945 3445 5003 possumus,
3495 4932 3755 5005 exempla

2108 5031 2434 5082 sanctorum
2459 5022 2773 5093 imitemur,
2799 5036 2868 5078 ne
2887 5022 2957 5079 de
2977 5020 3144 5079 nobis
3166 5021 3398 5078 dicatur
3414 5022 3566 5094 quod
3592 5022 3752 5080 intel-

2108 5114 2315 5187 ligitur
2346 5132 2358 5169 :
2391 5115 2741 5169 Dormierunt
2775 5127 3021 5167 somnum
3062 5126 3242 5174 suum,
3274 5116 3324 5167 et
3357 5112 3499 5166 nihil
3525 5114 3755 5166 invene-

2104 5209 2238 5259 runt
2276 5218 2458 5259 omnes
2501 5203 2613 5258 viri
2652 5202 2975 5257 divitiarum
3020 5202 3080 5255 in
3120 5201 3374 5256 manibus
3414 5201 3532 5255 suis
3578 5199 3749 5270 (Paul.

2105 5294 2299 5365 Lxxv).

2753 5382 2830 5437 De
2871 5380 3096 5450 vigiliis.

2180 5471 2523 5547 Vigiliarum
2544 5469 2861 5528 auctoritas
2889 5470 3130 5540 antiqua
3154 5471 3258 5537 est,
3282 5465 3618 5540 vigiliarum
3643 5469 3755 5528 de-

2108 5563 2264 5622 votio
2294 5561 2581 5621 familiare
2619 5561 2832 5622 bonum
2862 5557 3133 5618 omnibus
3158 5556 3375 5615 sanctis
3404 5556 3540 5616 fuit.
3574 5560 3758 5618 Isaias

2108 5653 2359 5726 denique
2411 5651 2685 5725 prapheta
2730 5647 3007 5708 exclamat
3048 5646 3118 5703 ad
3161 5648 3341 5707 Deum
3385 5648 3586 5707 dicens
3620 5666 3635 5705 :
3674 5650 3756 5708 De
