4076 6174
312 248 444 311 4434

1161 242 1452 300 ΑΡΡΒΝΙ).
1499 242 1591 300 ΑΙ)
1638 241 1807 300 SEC.
1864 242 1962 300 IX.
1994 273 2069 286 —
2094 239 2471 304 AUCTORES.
2523 243 2860 304 ANONYMI.

3589 243 3766 304 1439

311 382 478 436 nocte
518 375 726 450 vigilat
773 373 1020 446 spiritus
1060 387 1220 431 meus
1249 375 1318 432 ad
1363 378 1436 443 te,
1471 375 1642 444 Deus,
1677 373 1815 445 quia
1855 373 1956 430 lux
1981 371 2244 447 Anonae,
2301 390 2570 448 vesperae,
2633 375 3127 449 completoriique
3191 380 3460 448 tempore,
3519 381 3764 433 nostra:

313 471 592 539 praecepta
633 471 733 522 tua
775 469 912 520 sunt
952 477 1127 536 super
1156 469 1387 521 terram.
1417 467 1553 520 Item
1583 463 1760 520 David
1790 481 1804 519 :
1838 463 1962 518 Me—

313 556 409 612 dia
445 559 598 611 nocte
639 555 930 624 surgebam
975 553 1052 609 ad
1090 555 1454 624 confitendum
1497 554 1620 618 tibi,
1661 568 1824 624 super
1853 551 1964 622 ju—

314 646 464 702 dicia
491 645 731 714 justitia:
771 649 880 700 tuae
907 643 1077 714 (Psal.
1111 644 1325 716 cxvni).
1365 645 1482 700 Hoc
1527 655 1774 714 namque
1814 646 1966 697 tem-

317 749 452 807 pore
483 738 736 793 vastator
773 733 1012 806 angelus
1055 733 1343 790 transiens
1384 733 1763 805 primogenita
1791 731 1966 803 Egy-

319 826 571 896 ptiorum
603 823 906 896 percussit.
939 823 1099 880 Unde
1132 827 1189 879 et
1219 837 1326 879 nos
1354 821 1598 895 vigilare
1627 825 1870 892 oportet,
1899 833 1968 876 ne

319 914 578 986 periculo
614 913 1010 986 Egyptiorum
1057 912 1493 969 admisceamur.
1545 911 1748 966 Iisdem
1793 909 1966 965 etiam

319 1004 483 1062 horis
523 1009 826 1060 venturum
872 1016 932 1059 se
974 1015 1098 1059 esse
1139 1003 1197 1058 in
1238 1002 1546 1074 Evangelio
1583 999 1840 1058 Salvator
1876 999 1969 1054 ad-

319 1094 554 1150 struxit.
587 1092 747 1148 Unde
775 1095 832 1148 et
862 1092 932 1149 ad
961 1090 1321 1164 vigilandum
1361 1091 1657 1148 auditores
1694 1102 1830 1146 suos
1858 1088 1970 1144 do—

319 1183 464 1254 cuit,
496 1187 549 1239 et
579 1181 868 1238 suscitans
896 1181 1084 1238 dicit:
1119 1180 1273 1238 Beati
1308 1180 1456 1237 servi
1491 1179 1604 1248 illi,
1643 1193 1806 1250 quos,
1838 1189 1967 1233 cum

319 1272 543 1330 venerit
569 1271 858 1341 dominus,
897 1270 1180 1327 invenerit
1217 1270 1542 1344 vigilantes.
1583 1268 1706 1324 Etsi
1737 1279 1972 1336 vesper—

321 1362 446 1418 tina
490 1361 650 1429 hora,
684 1359 898 1431 inquit,
942 1359 1246 1431 invenerit,
1287 1359 1396 1415 etsi
1430 1358 1616 1414 media
1647 1362 1831 1428 nocte,
1863 1353 1971 1410 etsi

323 1449 462 1523 galli
507 1455 702 1521 cantu,
753 1449 1040 1529 invenerit
1085 1463 1183 1506 eos
1229 1448 1558 1522 vigilantes,
1609 1445 1760 1503 beati
1815 1449 1968 1501 sunt.

319 1540 455 1597 Ideo
493 1543 550 1596 et
585 1552 686 1595 vos
725 1543 906 1595 estote
950 1538 1135 1609 parati
1165 1556 1181 1610 ;
1209 1537 1367 1609 quia,
1412 1551 1524 1608 qua
1558 1533 1797 1592 nescitis
1833 1533 1971 1589 hora

2074 467 2374 525 servitutis
2393 467 2576 526 ofﬁcia
2606 467 3020 538 persolvamus,
3045 469 3186 538 quia
3213 467 3310 524 his
3328 467 3551 524 divinis
3570 465 3766 522 horis

2071 558 2228 615 dixit
2273 558 2553 628 Propheta
2595 575 2610 612 :
2657 557 2864 626 Septies
2920 559 2981 611 in
3025 557 3114 611 die
3177 559 3394 612 laudem
3442 558 3566 612 dimi
3611 555 3760 610 tibi.

2070 649 2211 702 Nam
2241 648 2311 703 de
2350 647 2651 703 nocturnis
2688 645 2916 720 vigiliis
2961 646 3110 703 idem
3145 647 3265 717 ipse
3294 647 3578 718 Propheta
3607 647 3758 700 ait:

2073 737 2259 791 Media
2312 741 2464 791 nocte
2517 736 2805 804 surgebam
2854 736 2930 790 ad
2997 737 3354 808 conﬁtendum
3405 737 3512 791 tibi
3559 735 3737 805 (Psal

2073 825 2290 898 cxvm).
2356 827 2503 898 Ergo
2571 825 2665 880 his
2730 825 3092 895 temporibus
3154 824 3468 881 referamus
3532 823 3768 880 laudes

2073 915 2329 971 Creatori
2361 921 2579 983 nostro,
2620 927 2795 985 super
2819 913 3044 983 judicia
3072 915 3321 984 justitim
3350 929 3488 984 sum,
3527 915 3587 970 id
3621 917 3758 980 est,

2078 1005 2403 1075 matutinis,
2434 1004 2639 1074 prima,
2669 1003 2862 1072 tertia,
2889 1008 3068 1071 sexta,
3103 1017 3273 1073 nona,
3295 1017 3551 1074 vespera,
3583 1016 3764 1059 com-

2077 1093 2323 1164 pletorio
2351 1111 2366 1164 ;
2397 1097 2454 1149 et
2479 1095 2642 1148 nocte
2671 1106 2978 1165 surgamus
3007 1092 3075 1148 ad
3108 1092 3496 1148 conﬁtendum
3528 1091 3601 1148 ei.

2505 1186 2580 1238 De
2605 1193 2630 1222 ο
2661 1181 2961 1252 disciplina
2999 1181 3302 1252 psallendi.

2155 1271 2376 1344 Ubique
2423 1270 2714 1327 credimus
2769 1271 3024 1326 divinam
3069 1283 3194 1326 esse
3248 1270 3633 1340 praesentiam,
3693 1273 3764 1325 et

2081 1361 2280 1419 oculos
2307 1360 2538 1416 Domini
2564 1361 2621 1416 in
2654 1360 2810 1416 omni
2845 1359 2971 1415 loco
3001 1359 3290 1429 speculari
3321 1358 3502 1415 bonos
3525 1364 3584 1414 et
3611 1371 3762 1414 ma-

2083 1450 2170 1507 los
2195 1469 2208 1517 ;
2231 1449 2478 1505 maxime
2506 1455 2692 1506 tamen
2724 1449 2831 1505 hoc
2851 1449 2978 1505 sine
3003 1449 3198 1520 aliqua
3229 1449 3601 1505 dubitatione
3626 1461 3762 1502 cre-

2081 1539 2306 1606 damus,
2333 1553 2462 1595 cum
2493 1539 2562 1594 ad
2589 1553 2734 1608 opus
2763 1538 3024 1594 divinum
3055 1537 3410 1594 assistimus.
3439 1538 3572 1592 Ideo
3601 1550 3758 1592 sem-

325 1628 485 1686 ﬁlius
525 1627 782 1684 hominis
825 1631 1106 1704 venturus
1147 1631 1251 1683 est.
1305 1626 1602 1697 Siquidem
1644 1637 1746 1679 nec
1781 1621 1975 1678 verbis
2011 1700 2047 1704 _
2085 1643 2184 1700 per
2215 1641 2490 1685 memores
2515 1627 2720 1692 simus,
2750 1626 2900 1699 quod
2929 1627 3014 1682 ait,
3045 1626 3324 1696 Propheta
3353 1645 3366 1680 :
3394 1625 3604 1681 δεῖ-υἱέε
3631 1630 3758 1681 Do—

325 1717 511 1774 solum
551 1715 752 1772 docuit
779 1702 1036 1787 vigilias,
1067 1714 1161 1771 sed
1193 1715 1364 1772 etiam
1407 1711 1767 1770 conﬁrmavit
1795 1725 1976 1768 exem-
2005 1700 2058 1762 Β
2081 1721 2228 1774 mino
2267 1719 2327 1772 in
2371 1719 2560 1772 timore
2604 1717 2773 1787 (Psal.
2817 1715 2879 1786 ιι)
2911 1735 2927 1788 ;
2961 1721 3018 1772 et
3062 1717 3271 1772 iterum
3314 1735 3328 1770 :
3365 1717 3596 1770 Psallite
3642 1732 3757 1771 sa-

326 1805 443 1878 plo.
473 1807 614 1862 Nam
656 1808 901 1861 testatur
939 1803 1308 1876 Evangelium
1337 1805 1476 1876 quia
1514 1806 1632 1858 erat
1653 1803 1816 1858 Jesus
1837 1817 1977 1872 per-

325 1901 552 1950 noctans
576 1897 641 1972 in
671 1896 914 1949 oratione
949 1895 1049 1950 Dei
1091 1895 1246 1964 (Luc.
1276 1893 1382 1965 v1).
1412 1891 1628 1950 Paulus
1669 1905 1894 1964 quoque
1921 1894 1979 1947 et

325 1985 476 2042 Silas
505 1985 564 2040 in
585 1983 850 2041 custodia
875 1983 1123 2054 publica,
1147 1983 1302 2040 circa
1328 1982 1580 2039 medium
1603 1983 1790 2040 noctis
1816 1994 1980 2038 oran-

325 2079 432 2145 tes,
479 2075 772 2146 hymnum,
820 2073 1195 2131 audientibus
1239 2073 1485 2144 cunctis,
1534 2073 1715 2128 vincti
1757 2072 1978 2128 dixisse

327 2170 736 2222 memorantur.
769 2163 874 2220 Ubi
921 2168 1150 2236 repente
1195 2167 1522 2220 terrmmotu
1555 2161 1724 2230 facto,
1751 2166 1808 2218 et
1833 2174 1979 2218 con-

326 2255 518 2312 cussis
545 2253 794 2310 carceris
833 2251 1244 2323 fundamentis,
1276 2256 1334 2309 et
1356 2253 1548 2322 janua:
1579 2257 1779 2323 sponte
1806 2263 1980 2321 aper—

328 2353 417 2418 tae,
455 2349 512 2400 et
549 2344 806 2401 omnium
850 2342 1081 2400 vincula
1125 2346 1262 2399 sunt
1301 2342 1508 2399 soluta.
1555 2341 1715 2398 Unde
1756 2343 1980 2412 oportet

326 2435 422 2492 his
465 2431 644 2498 horis,
691 2433 972 2505 psallendi
1003 2433 1322 2504 orandique
1353 2431 1736 2504 frequentiam
1781 2445 1886 2488 nos
1917 2431 1976 2486 in

327 2523 544 2580 sanctis
590 2523 796 2580 habere
839 2521 1064 2588 oﬂiciis,
1116 2522 1401 2594 ﬁnemque
1444 2525 1726 2593 nostrum,
1772 2519 1880 2592 vel.
1927 2519 1977 2574 si

323 2613 639 2681 advenerit,
663 2611 772 2669 sub
801 2611 904 2668 tali
936 2617 1068 2668 actu
1098 2617 1424 2681 exspectare
1454 2611 1761 2666 securius.

398 2703 498 2759 Est
539 2707 728 2758 autem
762 2701 1046 2772 quoddam
1095 2713 1275 2771 genus
1319 2700 1739 2768 haereticorum,
1773 2711 1982 2768 super-

323 2792 473 2848 ﬂuas
527 2791 1006 2847 existimantium
1054 2802 1246 2844 sacras
1297 2788 1553 2860 vigilias,
1611 2791 1669 2842 et
1723 2784 1980 2856 spiritali

327 2892 498 2950 Opere
535 2877 950 2944 infructuosas,
993 2877 1252 2932 dicentes
1284 2877 1418 2948 jura
1451 2876 1717 2932 temerari
1759 2875 1958 2932 divina

329 2967 432 3038 qui
471 2972 692 3022 noctem
738 2964 879 3021 fecit
905 2965 976 3022 ad
1009 2965 1286 3038 requiem,
1335 2964 1492 3022 sicut
1527 2965 1680 3021 diem
1720 2964 1791 3022 ad
1832 2963 1986 3022 labo-

329 3068 468 3112 rem.
510 3054 622 3125 Qui
652 3054 914 3111 haeretici
954 3053 1151 3112 Graaco
1176 3025 1438 3112 sermone
1467 3063 1490 3092 ι
1515 3055 1845 3118 νυκτάζοντες,
1875 3055 1983 3112 hoc
2010 3025 2062 3092 Ο

327 3149 415 3204 est
444 3145 815 3216 somniculosi,
847 3148 1144 3201 vocantur.

948 3237 1024 3290 De
1061 3235 1370 3290 matutinis.

401 3326 480 3384 De
514 3325 938 3382 matutinorum
975 3324 1326 3396 antiquitate
1353 3326 1414 3381 et
1445 3324 1789 3382 auctoritate
1818 3325 1986 3382 testis

330 3421 418 3473 est
441 3415 590 3472 idem
619 3413 796 3471 David
847 3413 1144 3486 propheta,
1174 3413 1374 3471 dicens
1399 3431 1414 3468 :
1438 3416 1506 3470 1η
1542 3416 1830 3469 matutinis
1866 3430 1988 3468 me-

334 3505 553 3560 ditabor
587 3505 648 3558 in
681 3507 752 3568 te,
791 3505 926 3574 quia
962 3505 1128 3571 fuisti
1167 3503 1394 3574 adjutor
1431 3518 1581 3558 meus
1618 3503 1787 3574 (Psal.
1820 3503 1983 3572 Lm).

329 3595 402 3650 Et
435 3593 621 3650 alibi:
655 3594 1045 3648 Praevenerunt
1087 3593 1230 3647 oculi
1269 3594 1376 3648 mei
1419 3592 1495 3647 ad
1535 3597 1586 3647 te
1623 3592 1886 3655 diluculo,
1927 3596 1989 3647 ut

261 3733 275 3744 ,
333 3683 630 3738 meditarer
669 3681 886 3751 eloquia
926 3685 1024 3736 tua
1065 3681 1220 3752 (Psal
1262 3683 1484 3752 cxvm).
1527 3681 1839 3738 Cassianus
1875 3693 1988 3738 au—

335 3777 450 3829 tem
501 3771 694 3828 dicit:
728 3771 1026 3827 Matutina:
1079 3769 1466 3828 solemnitatis
1515 3769 1788 3832 otﬁcium,
1845 3783 1988 3826 novo

338 3861 528 3918 adhuc
553 3865 806 3932 tempore
846 3861 1204 3928 institutum,
1250 3859 1524 3930 primitus
1563 3859 1623 3914 in
1661 3857 1986 3915 Bethlehem

342 3949 708 4020 monasterio,
768 3949 867 4006 ubi
921 3949 1204 4005 Dominus
1255 3951 1453 4004 noster
1505 3948 1667 4004 lesus
1723 3946 1990 4005 Christus

342 4053 446 4112 pro
479 4039 872 4110 redemptione
905 4037 1170 4094 humanae
1207 4035 1420 4093 salutis
1451 4050 1520 4094 ex
1553 4037 1791 4110 Virgine
1829 4038 1988 4094 nasci

339 4129 616 4200 dignatus
639 4135 726 4184 est
748 4146 761 4182 :
786 4127 986 4198 sicque
1009 4139 1078 4182 ex
1104 4125 1208 4183 illo
1233 4139 1334 4197 per
1356 4127 1690 4184 universum
1713 4128 1986 4185 mundum

339 4216 594 4287 ejusdem
643 4214 1048 4272 celebrationis
1096 4214 1346 4272 invaluit
1388 4216 1762 4273 consuetudo.
1813 4215 1989 4271 Dilu-

340 4305 476 4364 culo
512 4309 701 4361 autem
744 4303 986 4375 proinde
1019 4308 1240 4377 oratur,
1280 4309 1346 4361 ut
1381 4305 1727 4362 resurrectio
1766 4305 1979 4362 Christi

2073 1808 2292 1878 pienter
2341 1806 2513 1877 (Psal.
2568 1805 2722 1879 XLVI)
2769 1825 2784 1875 ;
2824 1811 2880 1862 et
2920 1825 2932 1861 :
2979 1807 3044 1860 In
3092 1809 3376 1875 conspectu
3425 1806 3750 1871 angelorum

2074 1897 2319 1970 psallam
2379 1897 2482 1951 tibi
2543 1895 2714 1967 (Psal.
2776 1894 3051 1967 cxxxvn).
3100 1896 3247 1968 Ergo
3309 1895 3750 1950 consideremus

2085 1986 2337 2058 qualiter
2373 1989 2633 2056 oporteat
2681 1997 2785 2041 nos
2836 1985 2897 2040 in
2941 1990 3251 2054 conspectu
3300 1983 3646 2039 Divinitatis
3686 1989 3746 2038 et
3806 2045 3829 2054 δ

2085 2075 2417 2149 angelorum
2456 2076 2582 2146 ejus
2611 2089 2736 2132 esse
2768 2079 2862 2144 ;et
2886 2075 2974 2131 sic
3005 2079 3222 2131 stemus
3251 2075 3324 2131 ad
3357 2073 3740 2144 psallendum,

2087 2170 2153 2222 ut
2184 2179 2342 2222 mens
2371 2169 2568 2222 nostra
2598 2165 2905 2222 concordet
2933 2164 3057 2220 voci
3089 2169 3320 2220 nostra).

2550 2258 2626 2312 De
2655 2257 2957 2310 reverentia
2993 2255 3276 2308 orationis.

2156 2345 2216 2403 Si
2271 2359 2400 2402 cum
2449 2343 2788 2400 hominibus
2845 2343 3176 2414 potentibus
3233 2343 3501 2399 volumus
3545 2341 3749 2413 aliqua

2090 2449 2417 2509 suggerere,
2468 2448 2581 2491 non
2635 2435 3025 2506 praesuminus
3073 2432 3186 2488 nisi
3229 2446 3361 2488 cum
3414 2431 3744 2488 humilitate

2089 2531 2144 2582 et
2185 2524 2504 2582 reverentia
2534 2543 2550 2586 :
2585 2528 2801 2595 quanto
2851 2523 3034 2594 magis
3069 2523 3312 2578 Domino
3351 2523 3463 2578 Deo
3503 2522 3751 2577 univer-

2089 2629 2286 2672 sorum
2316 2628 2446 2671 cum
2477 2613 2632 2669 omni
2667 2613 3018 2684 humilitate,
3051 2617 3110 2667 et
3141 2611 3412 2682 puritatis
3438 2610 3753 2666 devotione

2091 2703 2536 2774 supplicandum
2562 2707 2666 2758 est.
2696 2703 2764 2758 Et
2785 2715 2896 2758 non
2933 2701 2991 2756 in
3017 2700 3394 2770 multiloquio,
3428 2699 3524 2754 sed
3549 2700 3610 2753 in
3640 2714 3758 2768 pu-

2091 2793 2262 2849 ritate
2287 2792 2482 2849 cordis
2505 2795 2563 2847 et
2579 2805 2702 2847 com
2712 2789 3026 2861 punctione
3051 2788 3422 2860 lacrymarum
3443 2801 3552 2842 nos
3571 2801 3759 2843 exau-

2090 2882 2207 2938 diri
2261 2882 2530 2938 sciamus.
2577 2881 2647 2936 Et
2698 2879 2828 2936 ideo
2881 2879 3072 2936 brevis
3121 2879 3290 2935 debet
3333 2891 3456 2933 esse
3495 2881 3554 2932 et
3604 2890 3755 2947 pura

2092 2972 2280 3038 oratio
2306 2971 2421 3028 nisi
2450 2969 2596 3026 forte
2619 2983 2688 3026 ex
2717 2969 2925 3026 atfectu
2957 2968 3365 3038 inspirationis
3387 2966 3603 3022 divinae
3630 2983 3760 3039 gra-

2093 3061 2190 3118 tiae
2215 3060 2610 3132 protendatur.
2634 3061 2697 3114 In
2725 3062 3007 3116 conventu
3039 3061 3228 3113 tamen
3257 3056 3494 3113 omnino
3517 3055 3742 3112 brevic-

2095 3155 2191 3208 tur
2219 3151 2426 3220 oratio,
2467 3153 2525 3206 et
2555 3148 2706 3206 facto
2745 3149 2934 3222 signo,
2973 3160 3007 3202 a
3037 3148 3251 3218 priore,
3295 3159 3494 3204 omnes
3531 3145 3754 3216 pariter

2094 3244 2354 3313 surgant.

2092 3333 2227 3388 Item
2255 3331 2371 3385 alia
2401 3329 2714 3385 constitutio
2747 3346 2764 3383 :
2792 3342 2894 3398 pro
2923 3327 3179 3398 qualibus
3221 3325 3522 3380 uirtutibus
3551 3327 3754 3380 canta-

2381 3406 2474 3456 tur
2514 3402 2688 3455 omnis
2728 3414 2922 3454 cursus
2954 3400 3014 3453 in
3053 3399 3301 3453 Ecclesia
3349 3399 3465 3453 Dei.

2163 3509 2419 3566 Primum
2465 3511 2746 3564 nocturna
2788 3510 3019 3577 propter
3061 3506 3170 3562 hoc
3213 3504 3466 3576 canitur,
3515 3519 3619 3574 pro
3656 3503 3758 3558 illa

2096 3599 2311 3655 virtute
2348 3610 2518 3668 quam
2558 3595 2696 3652 fecit
2740 3597 2912 3666 Deus,
2957 3595 3184 3666 quando
3222 3595 3417 3650 omnia
3462 3593 3750 3663 primoge-

2097 3688 2219 3746 nita
2257 3685 2480 3759 Egypti
2526 3685 2745 3742 occidit
2778 3689 2835 3740 et
2869 3684 3063 3741 omnia
3107 3683 3263 3740 idola
3305 3682 3629 3752 dextruxit,
3663 3679 3750 3736 vel

2097 3775 2336 3834 Paulum
2367 3780 2424 3830 et
2452 3775 2629 3830 Silam
2667 3775 2739 3831 de
2777 3787 3004 3830 carcere
3044 3772 3334 3829 liberavit.
3375 3773 3444 3828 Et
3475 3771 3632 3843 quod
3661 3770 3764 3826 di-

2097 3867 2180 3924 cit
2207 3864 2556 3937 evangelista
2585 3881 2598 3918 :
2631 3862 2816 3920 Media
2853 3867 3004 3918 nocte
3047 3863 3251 3918 clamor
3289 3865 3472 3930 factus
3510 3866 3612 3922 est.
3649 3876 3768 3914 ecce

2099 3967 2328 4026 sponsus
2365 3954 2534 4015 venit,
2579 3951 2720 4006 emite
2767 3951 2981 4006 obviam
3023 3953 3074 4005 ei
3110 3950 3330 4019 (Matth.
3370 3948 3526 4019 xxv).
3569 3947 3770 4004 Gallo-

2103 4057 2229 4100 rum
2269 4045 2493 4110 cantus,
2534 4053 2635 4110 pro
2675 4039 2816 4111 quid
2847 4043 3132 4104 cantatur,
3169 4038 3486 4108 respondit,
3528 4037 3769 4107 quando

2107 4131 2332 4204 negavit
2360 4130 2414 4186 S.
2458 4130 2658 4185 Petrus
2695 4132 2783 4184 ter
2820 4128 2880 4184 in
2913 4127 3198 4198 passione,
3229 4133 3285 4182 et
3330 4131 3521 4198 postea
3563 4125 3775 4194 proba-

2107 4225 2204 4278 tus
2243 4218 2358 4276 fuit
2393 4218 2462 4274 ad
2504 4216 2688 4273 ﬁdem.

2183 4307 2460 4365 Matutine
2493 4311 2724 4378 propter
2753 4305 2859 4362 hoc
2889 4303 3111 4360 dicitur
3142 4303 3280 4375 quia
3311 4315 3472 4358 mane
3505 4303 3770 4358 surrexit

343 4395 686 4454 celebretur.
720 4393 1004 4451 Matutina
1038 4394 1193 4450 enim
1232 4393 1360 4451 luce
1397 4394 1679 4462 radiante,
1709 4396 1991 4455 Dominus
2029 4400 2085 4464 D
2109 4399 2394 4465 Christus,
2433 4396 2589 4452 sicut
2625 4395 2780 4451 dixit
2807 4408 2959 4450 unus
2995 4392 3344 4466 evangelista
3373 4411 3386 4446 :
3421 4393 3540 4446 Una
3579 4397 3764 4444 autem

345 4491 404 4544 et
443 4485 703 4543 Salvator
747 4483 820 4540 ab
869 4481 1074 4540 inferis
1133 4484 1472 4550 resurrexit,
1537 4485 1767 4556 quando
1821 4488 1998 4558 cmpit

349 4575 494 4632 oriri
526 4573 798 4632 ﬁdelibus
822 4573 942 4642 lux,
973 4587 1098 4644 qua:
1123 4573 1402 4630 moriente
1429 4573 1678 4644 Christo,
1709 4575 1998 4633 occiderat

351 4663 766 4736 peccatoribus.
799 4661 1096 4734 Siquidem
1138 4666 1194 4718 et
1232 4663 1426 4718 eodem
1473 4669 1725 4735 tempore
1765 4665 1998 4722 cunctis

351 4765 482 4823 spes
523 4750 732 4808 futurae
768 4751 1213 4809 resurrectionis
1252 4751 1528 4824 creditur,
1573 4767 1702 4809 cum
1737 4754 1906 4824 justi,
1943 4757 1999 4810 et

352 4853 552 4898 omnes
603 4839 676 4896 ab
729 4839 835 4897 hac
885 4841 1186 4912 temporali
1241 4845 1442 4910 morte,
1502 4841 1668 4912 quasi
1715 4855 1748 4898 a
1797 4855 2000 4914 sopore

353 4929 542 5013 somni
573 4935 935 5002 resurgentes
961 4929 1337 5003 evigilabunt.

352 5036 511 5112 (Item
551 5035 667 5091 alia
724 5039 1032 5092 constitutio
1074 5037 1131 5112 ξ.
1176 5037 1476 5101 Benedicti,
1509 5039 1772 5112 qualiter
1811 5039 2003 5095 diuina

747 5121 911 5176 opera
931 5125 1035 5179 per
1065 5111 1209 5166 diem
1241 5115 1482 5179 agantur
1508 5110 1538 5153 δ
1561 5113 1609 5180 ).

426 5201 500 5257 Ut
535 5198 621 5256 ait
663 5195 980 5269 propheta:
1018 5197 1223 5269 Septies
1256 5203 1318 5254 in
1357 5200 1446 5256 die
1485 5200 1705 5256 laudem
1742 5199 1865 5255 diri
1900 5202 2004 5256 tibi

355 5288 572 5359 (Ibid).
605 5287 715 5358 Qui
760 5285 1120 5356 septenarius
1161 5293 1420 5346 sacratus
1465 5303 1739 5348 numerus
1765 5304 1800 5346 a
1835 5289 2005 5347 nobis

359 5377 446 5434 sic
484 5376 842 5448 implebitur,
873 5375 923 5432 si
957 5375 1262 5447 matutino,
1309 5379 1528 5449 primae,
1561 5379 1766 5451 tertias,
1808 5385 2000 5450 sextae,

430 5483 1066 5628 ἰῖὲῐὲοῇἒθεδΝθὲῖιὲἒῗ.
1091 5481 1246 5611 ἒείῗό
1270 5481 1373 5538 lib.
1405 5485 1586 5554 Etym.
1620 5500 1707 5554 ιιι,
1740 5501 1789 5542 c.
1823 5483 1874 5542 3.

2106 4488 2469 4544 Sabbatorum
2496 4488 2761 4539 uenerunt
2789 4483 2864 4538 ad
2901 4487 3306 4538 monumentum
3338 4487 3452 4536 orto
3473 4481 3598 4550 jam
3628 4480 3764 4534 sole.

2104 4579 2173 4634 Et
2213 4577 2369 4634 alius
2406 4576 2555 4632 dicit
2586 4594 2599 4631 :
2641 4576 2762 4631 Una
2799 4580 2979 4630 autem
3022 4573 3271 4636 Sabbati,
3315 4574 3498 4628 Maria
3533 4571 3772 4639 Magda-

2108 4669 2224 4724 lene
2252 4668 2400 4721 venit
2435 4681 2554 4720 cum
2594 4665 2774 4719 adhuc
2811 4664 3044 4718 tenebrae
3077 4667 3270 4718 essent.
3307 4661 3538 4716 Tertius
3569 4659 3760 4716 dicit:

2112 4757 2342 4826 Vespere
2365 4758 2546 4810 autem
2571 4753 2818 4815 Sabbati,
2843 4768 2965 4822 quae
2985 4753 3204 4806 lucescit
3225 4752 3283 4805 in
3297 4753 3484 4821 prima
3507 4749 3768 4810 Sabbati,

2109 4847 2383 4917 quia......
2413 4843 2516 4915 qui
2535 4843 2735 4913 jussit,
2763 4855 2938 4912 super
2961 4846 3172 4897 terram
3204 4844 3323 4896 tota
3355 4839 3454 4896 illa
3481 4838 3622 4895 hora
3653 4837 3775 4894 col-

2110 4935 2362 4992 laudent.
2386 4935 2456 4990 Et
2484 4938 2623 4990 tunc
2653 4945 2851 4988 omnes
2874 4931 3099 4987 animas
3121 4931 3433 5000 justorum,
3459 4928 3560 5000 qui
3585 4927 3649 4983 in
3680 4929 3775 4983 in-

2110 5023 2271 5081 ferno
2313 5027 2496 5094 erant,
2543 5021 2602 5078 in
2646 5035 2753 5079 sua
2792 5020 3244 5078 ressurrectione
3287 5018 3578 5086 liberavit,
3625 5019 3776 5088 quia

2113 5126 2275 5170 mane
2313 5111 2630 5169 resurrexit
2664 5110 2950 5167 Christus.

2182 5200 2371 5257 Prima
2410 5204 2600 5257 autem
2651 5203 2884 5270 propter
2941 5198 3050 5256 hoc
3091 5200 3376 5265 cantatur,
3429 5195 3573 5266 quia
3633 5198 3777 5251 tunc

2113 5290 2226 5348 fuit
2257 5289 2566 5348 consilium
2595 5289 2794 5346 datum
2831 5291 3032 5345 contra
3063 5287 3274 5344 Filium
3315 5285 3438 5354 Dei,
3473 5286 3778 5357 quomodo

2115 5381 2279 5438 illum
2321 5379 2641 5450 perderent.

2183 5499 2210 5529 c
2246 5485 2414 5556 una,
2451 5499 2574 5557 cap.
2623 5483 2708 5541 49.
