4076 6174
295 312 434 372 4433

1616 277 1627 291 ’
1705 306 2111 365 BENEDIC’I’IO
2160 307 2295 364 DEI.

3566 306 3706 365 4434

287 444 479 501 Tertia
530 458 678 512 vero,
724 444 861 514 quia
913 446 1049 498 tunc
1074 439 1479 509 judicaverunt
1514 436 1693 493 Judaei
1736 436 1941 492 Domi—
1962 434 2019 493 A
2046 438 2204 495 Unde
2230 444 2419 496 monet
2451 439 2759 510 Apostolus
2790 440 3063 498 mulieres
3094 441 3154 497 in
3188 441 3427 499 ecclesia
3453 441 3705 498 velamen

290 546 447 601 num,
494 533 720 604 quando
753 533 1029 588 dixerunt
1073 547 1085 582 :
1124 528 1391 584 Christus
1436 525 1827 597 cruciﬁgatur.
1874 527 1943 581 Et

291 623 430 679 hora
459 623 623 678 tertia
656 620 957 677 descendit
984 619 1239 693 Spiritus
1269 621 1502 674 sanctus
1533 630 1703 685 super
1723 618 1945 685 aposto-

289 711 397 781 los,
430 710 658 781 quando
676 708 916 765 fuerunt
945 708 1001 763 in
1027 720 1197 763 unam
1219 706 1451 762 domum
1473 704 1820 776 congregati.
1850 705 1938 774 Et,

288 801 443 858 dixit
471 799 786 856 Dominus:
816 799 1062 867 Accipite
1102 796 1366 867 Spiritum
1407 799 1677 857 sanctum,
1712 810 1942 864 quorum

287 890 604 945 remiseritis
628 892 875 958 peccata,
909 888 1264 940 remittuntur
1288 887 1380 940 eis.

356 981 523 1035 Sexta
557 991 708 1045 vero,
756 977 842 1033 sic
893 974 1539 1031 asbenditDominusin
1569 986 1812 1029 crucem.
1874 973 1944 1027 Et

288 1068 375 1123 sic
405 1067 650 1123 tenebrae
675 1064 836 1121 facta:
875 1069 1010 1121 sunt
1045 1077 1228 1135 usque
1260 1063 1318 1118 in
1357 1062 1551 1118 horam
1590 1075 1817 1118 nonam.
1852 1062 1937 1133 Et,

291 1163 428 1213 tunc
465 1157 686 1212 vocavit
728 1144 1008 1210 Dominus
1041 1153 1302 1219 Paulum,
1348 1152 1575 1223 quando
1614 1154 1941 1222 persecutor

289 1251 413 1303 erat
481 1245 971 1309 Christianorum,
1037 1248 1093 1299 et
1156 1243 1311 1299 dixit
1357 1242 1685 1297 Dominus:
1750 1241 1934 1312 Saule,

288 1335 474 1397 Suule,
521 1334 658 1404 quid
700 1350 781 1388 me
830 1334 1177 1402 persequeris
1208 1335 1235 1373 ’β
1264 1332 1465 1385 durum
1494 1335 1572 1385 cst
1614 1331 1716 1385 tibi
1751 1335 1939 1384 contra

288 1426 568 1480 stimulum
588 1425 893 1477 calcitrare.
923 1424 991 1477 Et
1015 1426 1154 1478 tunc
1173 1421 1330 1477 venit
1349 1434 1455 1477 vox
1484 1421 1553 1476 ad
1586 1420 1933 1490 Cornelium,

291 1513 518 1585 quando
547 1512 701 1569 dixit
727 1512 1006 1567 Dominus
1030 1530 1042 1566 :
1075 1511 1310 1576 Corneli,
1343 1510 1606 1564 exaudita
1635 1515 1713 1565 est
1738 1510 1938 1580 depre—

288 1606 427 1658 catio
458 1608 573 1658 tua.

356 1694 518 1748 Nona
545 1704 679 1747 vero
710 1691 795 1747 sic
824 1690 1019 1747 emisit
1046 1689 1326 1759 Spiritum
1357 1685 1721 1759 Dominusfde
1746 1700 1934 1756 cruce,

2051 543 2224 600 super
2266 535 2438 601 caput
2477 530 2700 599 habere,
2748 536 2980 600 pr0pter
3021 532 3270 604 angelos.
3321 533 3391 588 Et
3423 531 3700 601 Propheti

2051 620 2172 674 ait:
2207 622 2267 675 In
2300 624 2605 690 conspectu
2636 619 2967 693 angelorum
3014 623 3253 690 psallam
3300 621 3428 677 tibi.
3464 623 3574 676 Nec
3594 621 3703 675 du-

2052 709 2236 765 bitare
2271 710 2421 771 licet.
2444 709 2823 780 ubicorporis
2840 711 3218 781 etsanguinis
3237 709 3468 767 Domini
3507 712 3709 780 myste-

2053 798 2139 854 ria
2172 806 2472 870 geruntur,
2500 814 2878 870 supernorum
2907 800 3122 855 civium
3146 800 3344 855 adesse
3370 804 3701 869 conventus,

2053 889 2154 959 qui
2187 894 2642 961 monumentum,
2690 905 2803 961 quo
2864 905 3075 960 corpus
3131 889 3328 959 ipsum
3383 887 3707 944 venerabile

2053 979 2304 1049 positum
2332 978 2536 1036 fuerat.
2562 984 2618 1036 et
2648 982 2794 1036 unde
2820 980 3172 1052 resurgendo
3187 977 3561 1041 abscesserat,
3590 982 3703 1032 tam

2051 1070 2269 1126 sedulis
2312 1075 2539 1126 servant
2579 1071 2859 1127 excubiis.
2898 1070 3056 1126 Unde
3096 1068 3437 1125 studendum
3467 1069 3708 1124 solerter

2048 1164 2151 1214 est.
2183 1158 2388 1216 fratres
2421 1161 2550 1229 mei,
2600 1164 2682 1226 ut,
2731 1174 2861 1217 cum
2905 1159 3227 1229 ecclesiam,
3262 1157 3347 1213 vel
3379 1157 3447 1213 ad
3492 1157 3706 1213 divina:

2048 1249 2240 1306 laudis
2269 1248 2461 1306 debita
2491 1250 2780 1321 solvenda,
2806 1250 2891 1306 vel
2917 1251 2985 1305 ad
3020 1248 3236 1321 agenda
3266 1248 3571 1302 missarum
3606 1260 3706 1303 so-c

2047 1339 2257 1395 lemnia
2295 1340 2599 1412 intramus,
2638 1353 2857 1410 semper
2899 1337 3170 1411 angelicae
3216 1337 3534 1407 prmsentiae
3582 1349 3706 1391 me-

2048 1443 2251 1496 mores,
2286 1444 2414 1486 cum
2457 1430 2663 1485 timore
2700 1434 2757 1485 et
2777 1429 3138 1485 veneratione
3167 1426 3537 1497 competenti,
3584 1439 3707 1482 emo

2047 1519 2185 1573 leste
2200 1519 2586 1588 compleamus
2616 1518 2885 1588 ofﬁcium,
2914 1519 2972 1574 in
2995 1516 3313 1587 exemplum
3359 1514 3701 1571 feminarum

2044 1609 2157 1663 Deo
2187 1609 2543 1677 devotarum,
2577 1624 2703 1680 quae
2734 1607 3148 1678 apparentibus
3169 1607 3237 1662 ad
3267 1609 3700 1661 monumentum

2046 1697 2286 1767 angelis,
2322 1698 2588 1754 timuisse
2616 1699 2687 1753 ad
2710 1697 2933 1754 vultum
2963 1696 3286 1753 declinasse
3309 1697 3622 1750 narrantur
3642 1692 3702 1748 in

291 1785 347 1837 et
374 1781 514 1838 hora
555 1794 701 1837 nona
732 1780 1029 1837 descendit
1057 1794 1154 1835 vas
1178 1780 1247 1834 ad
1288 1779 1343 1833 S.
1378 1779 1630 1848 Petrum,
1671 1776 1771 1833 ubi
1805 1774 1938 1831 fue-
1968 1765 2019 1825 B
2048 1765 2277 1842 ter-ram,

291 1875 428 1926 runt
452 1870 644 1925 omnia
665 1871 877 1926 munda
898 1875 954 1926 et
977 1869 1291 1924 immunda.
1370 1896 1376 1905 -

360 1959 603 2029 Vespere
631 1962 820 2013 autem
851 1958 938 2014 sic
964 1957 1209 2013 cmnavit
1233 1956 1501 2012 Christus
1530 1969 1657 2011 cum
1684 1955 1940 2025 discipu-

294 2048 371 2103 lis
405 2048 549 2119 suis,
594 2046 821 2118 quando
863 2046 1147 2116 jejunavit
1208 2045 1588 2117 quadraginta
1641 2043 1847 2100 diebus
1886 2047 1944 2099 et

296 2137 674 2209 quadraginta
721 2136 1007 2192 noctibus.
1045 2138 1115 2191 Et
1152 2136 1239 2191 sic
1277 2136 1521 2191 cessavit
1563 2134 1651 2190 lex
1682 2140 1845 2189 vetus
1887 2138 1943 2190 et

294 2228 531 2298 incmpit
558 2240 718 2283 nova.

357 2316 727 2386 Duodecima,
754 2316 839 2373 sic
863 2316 1123 2372 ascendit
1145 2316 1424 2372 Dominus
1454 2316 1511 2370 in
1536 2320 1780 2372 montem
1812 2314 1945 2370 Oli-

299 2407 435 2478 veti,
470 2406 630 2462 solus
650 2407 854 2475 oravit,
879 2411 935 2461 et
974 2411 1147 2478 gutta!
1178 2405 1483 2477 sanguinis
1512 2404 1571 2460 in
1611 2405 1840 2474 sedere,
1873 2404 1942 2459 de

294 2496 481 2553 fronte
501 2497 626 2566 ejus
654 2496 1005 2552 ceciderunt.
1036 2496 1106 2550 Et
1126 2495 1346 2551 malunt
1369 2495 1658 2565 meritum,
1688 2494 1835 2565 quod
1870 2494 1939 2550 ad

289 2586 468 2642 Adam
499 2586 648 2641 dicit
671 2603 682 2639 :
725 2587 793 2640 Irt
822 2585 1018 2639 sudore
1041 2586 1226 2638 vultus
1253 2586 1355 2647 tui,
1386 2586 1615 2639 vesceris
1632 2600 1780 2654 pane
1806 2588 1897 2638 tuo
1923 2601 1941 2648 ;

292 2680 348 2731 et
376 2690 480 2733 nos
511 2678 743 2746 pr0pter
772 2674 879 2731 hoc
905 2674 1189 2730 liberavit.

413 2767 571 2821 Dicta
614 2765 785 2827 Bedes,
819 2780 887 2819 em
915 2765 1139 2818 homilia
1177 2764 1466 2831 Evangelii
1489 2764 1555 2816 de
1582 2762 1809 2817 Pascha.

360 2852 632 2907 Diluculo
658 2854 841 2923 igitur
865 2858 1119 2907 aromata
1149 2852 1218 2906 ad
1252 2854 1682 2907 monumentum
1707 2850 1937 2906 Domini

299 2940 558 3007 ferimus,
601 2953 730 2995 cum
777 2953 1051 2994 memores
1092 2940 1380 3008 passionis
1418 2952 1483 2992 ac
1518 2940 1742 3005 mortis,
1774 2952 1940 3006 quam

296 3043 399 3101 pro
422 3028 591 3085 nobis
620 3026 896 3097 suscepit,
925 3032 981 3081 et
1009 3026 1300 3081 actionum
1330 3026 1630 3093 bonarum,
1664 3025 1944 3095 proximis

2154 1878 2310 1931 Dicta
2340 1876 2495 1930 Bede
2531 1892 2598 1930 ea:
2626 1876 2849 1930 humilia
2892 1876 2958 1930 de
2994 1876 3220 1929 muliere
3261 1872 3590 1941 Chananaza,

2119 1964 2441 2020 Notandum
2477 1965 2693 2020 interea
2719 1964 2869 2035 quod
2903 1964 3022 2019 hmc
3059 1961 3262 2019 orandi
3296 1960 3577 2031 pertinaci
3623 1960 3706 2015 ita

2051 2053 2235 2109 solum
2271 2058 2520 2109 meretur
2561 2067 2683 2109 esse
2704 2051 3023 2123 fructifera,
3060 2048 3167 2139 [ut]
3193 2051 3243 2107 si
3272 2050 3410 2123 quid
3440 2063 3536 2105 ore
3574 2063 3697 2118 pre-

2050 2158 2266 2212 camur,
2321 2144 2427 2208 hoc
2472 2144 2644 2199 etiam
2708 2148 2894 2199 mente
2938 2143 3325 2199 meditemur:
3361 2153 3544 2211 neque
3586 2137 3706 2194 alio

2051 2233 2267 2289 clamor
2291 2233 2577 2290 labiorum
2611 2247 2779 2304 quam
2817 2232 3231 2305 cogitationum
3264 2229 3565 2286 scindatur
3606 2228 3709 2282 in—

2052 2323 2259 2378 tuitus.
2308 2324 2453 2379 Sunt
2482 2323 2635 2378 enim
2677 2323 2775 2393 qui
2807 2323 3090 2378 intrantes
3132 2319 3453 2387 ecclesiam,
3504 2317 3706 2375 multis
3774 2332 3783 2336 '

2053 2413 2424 2482 psalmodiam
2461 2412 2546 2468 vel
2592 2413 2908 2468 orationem
2940 2409 3305 2467 sermonibus
3339 2408 3702 2480 prolongant,

2051 2503 2144 2558 sed
2179 2501 2321 2558 alibi
2350 2502 2519 2558 corde
2543 2501 2912 2571 intendendo,
2942 2514 3042 2556 nec
3067 2500 3176 2570 ipsi
3213 2499 3353 2569 quid
3382 2499 3579 2555 dicant
3607 2511 3709 2553 re—

2051 2591 2249 2648 colunt
2281 2604 2378 2647 ore
2422 2592 2652 2663 quidem
2700 2595 2946 2651 orantes,
2995 2590 3089 2645 sed
3124 2593 3364 2645 mentem
3406 2586 3551 2642 foris
3601 2601 3707 2643 va-

2052 2686 2274 2752 gantem
2302 2680 2458 2737 omni
2490 2681 2774 2737 orationis
2796 2678 2990 2735 fructu
3018 2678 3343 2750 privantes;
3374 2679 3642 2746 putantes
3673 2689 3704 2730 a

2050 2772 2163 2826 Deo
2211 2784 2430 2840 precem
2464 2770 2749 2835 exaudiri,
2787 2784 2954 2840 quam
2993 2782 3093 2824 nec
3126 2768 3261 2837 ipsi,
3296 2767 3395 2837 qui
3430 2765 3703 2833 fundunt,

2052 2860 2342 2916 audiunt:
2380 2860 2529 2930 quod
2562 2860 2790 2930 antiqui
2828 2858 3014 2915 hostis
3036 2858 3321 2913 instinctu
3366 2855 3512 2916 ﬁeri,
3543 2868 3707 2923 nemo

2051 2956 2138 3003 est
2167 2948 2266 3017 qui
2298 2949 2749 3003 animadvertere
2776 2951 3038 3017 nequeat.
3068 2946 3266 3001 Sciens
3295 2944 3447 3000 enim
3491 2942 3711 2999 utilita-

2054 3040 2164 3090 tem
2195 3035 2421 3104 orandi,
2449 3040 2506 3089 et
2537 3035 2801 3089 invidens
2846 3034 3182 3090 hominibus
3222 3033 3464 3105 gratiam
3521 3031 3711 3101 impe-

298 3112 472 3175 fOI'aS'
494 3118 677 3173 11138"!
722 3119 1108 3171 monstramus
1140 3133 1152 3169 ε
1186 3118 1239 3169 εἴ
1270 3114 1553 3169 δυίινῖῑίιῐθ
1595 3128 1748 3182 llum?
1782 3126 1944 3168 com-
1975 3109 2024 3175 C
2054 3122 2268 3193 trandi,
2299 3121 2884 3178 immittitorantibus
2906 3122 3247 3177 multimoda
3290 3121 3707 3193 cogitationum

303 3206 660 3277 punctionis,
692 3206 852 3260 intus
878 3204 937 3258 in
969 3204 1139 3259 corde
1159 3201 1442 3258 fervemus
1464 3222 1479 3274 ;
1500 3202 1650 3272 quod
1681 3205 1739 3257 et
1767 3203 1948 3257 omni-

296 3295 407 3351 bus
434 3295 614 3365 horis,
651 3300 707 3351 et
737 3300 874 3349 tunc
902 3293 1145 3349 maxime
1165 3292 1287 3348 ﬁeri
1316 3297 1555 3362 Oportet,
1595 3305 1723 3347 cum
1760 3290 1948 3347 eccle-

297 3386 441 3440 siam
475 3385 698 3441 oraturi
727 3383 1123 3454 ingredimur;
1152 3396 1279 3439 cum
1312 3382 1719 3452 appropiamus
1748 3382 1941 3451 altari,

296 3472 587 3529 Dominici
630 3472 890 3542 corporis
913 3480 969 3528 et
995 3472 1298 3543 sanguinis
1334 3471 1602 3542 mysteria
1631 3470 1941 3540 sumpturi.

295 3561 352 3616 Si
379 3562 533 3617 enim
557 3561 826 3616 mulieres
855 3565 1011 3616 tanta
1032 3574 1171 3616 cura
1192 3560 1639 3631 corpuszDomini
1656 3564 1943 3615 mortuum

297 3650 646 3721 qumrebant,
677 3654 890 3719 quanto
924 3650 1106 3721 magis
1125 3649 1392 3705 convenit
1422 3663 1545 3719 nos,
1571 3649 1673 3721 qui
1704 3662 1830 3717 eum
1866 3661 1947 3703 re-

296 3738 616 3795 surrexisse
645 3751 675 3792 a
700 3742 899 3801 morte,
928 3739 1027 3809 qui
1056 3737 1123 3793 ad
1158 3738 1332 3793 caelos
1348 3738 1694 3801 ascendisse,
1725 3737 1825 3808 qui
1856 3751 1947 3806 po-

299 3829 475 3881 tentia
530 3825 742 3881 divinae
793 3826 1110 3893 majestatis
1168 3825 1384 3896 ubique
1441 3831 1771 3896 praesentem
1823 3838 1945 3880 esse

297 3915 690 3986 COgnovimus,
718 3928 847 3969 cum
879 3914 1036 3969 omni
1070 3914 1391 3969 reverentia
1431 3915 1556 3983 ejus
1587 3920 1773 3970 astare
1802 3928 1946 3970 con-

296 4003 609 4074 spectibus,
639 4005 764 4072 ejus
800 4002 1067 4073 mysteria
1098 4001 1384 4057 celebrare
1417 3997 1751 4077 [debemus].
1804 4005 1946 4060 Bene

296 4098 484 4148 autem
520 4093 761 4164 dicitur,
791 4096 1102 4162 portantes,
1149 4107 1275 4162 quze
1304 4096 1645 4161 paraverunt
1669 4100 1940 4148 aromata.

296 4181 564 4237 Aromata
602 4196 866 4252 namque,
916 4195 1042 4252 quae
1072 4182 1140 4237 ad
1174 4181 1517 4252 obsequium
1548 4182 1777 4238 Domini
1808 4197 1949 4251 por-

297 4274 505 4341 temus,
547 4271 712 4339 prius
744 4284 974 4340 parasse
1018 4276 1105 4327 est
1129 4270 1389 4337 Domino,
1441 4284 1539 4326 cor
1568 4276 1699 4326 ante
1725 4276 1950 4342 tempus

297 4360 581 4416 orationis
602 4372 630 4413 a
654 4359 1027 4428 supervacuis
1043 4372 1359 4431 expurgare
1381 4359 1855 4430 cogitationibus,
1886 4363 1951 4415 ut

2056 3213 2289 3283 levium,
2334 3214 2390 3267 et
2431 3210 2743 3282 aliquando
2794 3211 2967 3266 etiam
3016 3211 3277 3280 turpium
3341 3209 3710 3266 nocentium-

2055 3315 2165 3373 que
2233 3301 2649 3371 phantasmata,
2732 3299 2947 3371 quibus
3025 3298 3344 3355 orationem
3412 3298 3708 3368 impediat,

2054 3390 2194 3446 adeo
2234 3394 2299 3446 ut
2357 3402 2769 3458 nonnunquam
2826 3388 2968 3444 tales
3014 3390 3317 3457 tantosque
3367 3386 3713 3442 discurren—

2054 3479 2200 3535 tium
2244 3477 2663 3549 cogitationum
2717 3477 2948 3547 ﬂuctus,
3010 3475 3283 3545 prostrati
3337 3475 3395 3531 in
3451 3474 3711 3531 oratione

2056 3567 2383 3623 toleremus.
2438 3565 2595 3622 Unde
2650 3579 2881 3622 necesse
2926 3571 3030 3634 est,
3090 3562 3297 3620 fratres
3354 3562 3707 3633 charissimi,

2056 3661 2121 3712 ut
2167 3656 2421 3729 agnitam
2472 3654 2692 3712 diaboli
2733 3668 3001 3711 curemus
3052 3667 3325 3725 superare
3377 3652 3706 3721 malitiam;

2053 3751 2109 3801 et
2163 3745 2275 3815 ipsi
2329 3744 2599 3801 videlicet
2644 3746 2900 3800 animum
2958 3743 3029 3800 ab
3078 3742 3419 3812 hujusmodi
3483 3740 3712 3798 nebulis

2056 3848 2200 3905 quas
2242 3833 2429 3890 hostis
2467 3846 2766 3905 aspergere
2805 3833 3033 3905 gaudet,
3082 3833 3141 3887 in
3179 3836 3464 3902 quantum
3500 3844 3712 3901 possu-

2055 3938 2203 3995 mus,
2280 3924 2614 3986 serenando,
2673 3926 2730 3978 et
2803 3922 2884 3993 pii
2953 3920 3275 3978 defensoris
3370 3926 3709 3991 perpetuum

2056 4013 2366 4085 ﬂagitando
2392 4012 2749 4082 praesidium,
2774 4011 2874 4082 qui
2906 4016 3103 4082 potens
3131 4017 3237 4079 est,
3273 4009 3591 4081 quamlibet
3612 4010 3710 4066 in-

2055 4101 2252 4170 dignis
2301 4100 2715 4170 precatoribus,
2763 4104 2818 4156 et
2872 4114 3071 4170 puram
3111 4099 3313 4155 orandi
3367 4104 3424 4155 et
3466 4097 3711 4168 perfecte

2059 4189 2405 4260 impetrandi
2428 4190 2733 4245 concedere
2771 4190 3034 4261 gratiam.
3060 4188 3300 4245 Multum
3332 4190 3521 4243 autem
3549 4188 3712 4257 juvat

2057 4279 2340 4336 orationis
2367 4278 2694 4348 puritatem,
2725 4279 2772 4333 si
2820 4278 2979 4334 omni
3026 4278 3150 4335 loco
3178 4278 3264 4333 vel
3311 4283 3561 4348 tempore
3605 4292 3711 4335 nos

2056 4369 2127 4424 ab
2157 4368 2385 4424 actibus
2423 4372 2802 4437 temperemus
2836 4367 3101 4422 illicitis:
3137 4368 3186 4422 si
3210 4380 3432 4436 semper
3455 4367 3527 4421 ab
3551 4367 3711 4423 otio—

302 4450 359 4504 in
383 4450 508 4519 ipso
539 4454 789 4519 tempore
817 4448 1041 4517 orandi,
1071 4449 1153 4503 nil
1173 4449 1424 4504 solidum
1447 4455 1629 4504 mente
1655 4450 1939 4523 recipere;
1976 4468 2030 4528 ι)
2060 4458 2143 4513 sis
2168 4456 2755 4514 sermocinationibus
2797 4456 3062 4511 auditum
3106 4456 3322 4525 pariter
3360 4455 3737 4526 castigemus‘

300 4554 425 4609 quae
452 4545 718 4609 precatur
741 4544 797 4594 et
838 4538 1027 4608 ipsum
1079 4538 1407 4592 meminisse
1446 4538 1751 4596 norimus:
1782 4540 1947 4609 juxta

300 4628 382 4683 nil
403 4641 591 4683 rerum
612 4627 925 4684 labentium
945 4627 1202 4699 cogitare
1224 4647 1241 4691 ;
1260 4626 1418 4683 nulla
1438 4632 1706 4697 prmterea
1731 4625 1942 4704 [quam]

296 4716 617 4786 exemplum
647 4717 794 4787 ejus,
828 4718 926 4787 qui
962 4717 1046 4772 ait
1079 4734 1091 4771 :
1129 4718 1390 4772 Paratum
1441 4729 1539 4772 cor
1570 4730 1779 4783 meum,
1821 4731 1946 4773 can-

301 4805 429 4859 tabo
458 4811 513 4861 et
555 4806 830 4876 psalmum
863 4807 1049 4862 dicam
1071 4807 1332 4862 Domino.
1366 4807 1527 4877 Nam,
1562 4806 1660 4877 qui
1694 4807 1762 4862 ad
1787 4821 1949 4863 oran-

298 4894 432 4948 dum
466 4895 761 4950 ecclesiam
796 4895 1109 4965 ingressus,
1146 4896 1297 4950 inter
1327 4895 1496 4951 verba
1530 4895 1948 4952 obsecrationis

298 4982 771 5038 consuetudinem
805 4984 1105 5052 superﬂuae
1134 4983 1503 5056 cogitationis
1524 4983 1594 5039 ab
1619 4984 1811 5041 animo
1851 4999 1949 5040 re—

300 5070 510 5140 pellere
542 5071 968 5142 negligitquasi
996 5073 1299 5129 Dominum
1326 5087 1607 5144 quaerens,
1644 5075 1835 5131 minus
1859 5089 1948 5146 pa-

302 5165 423 5214 rata
449 5172 639 5214 secum
662 5166 912 5216 aromata
939 5161 1167 5216 detulit.
1201 5162 1443 5218 Maxime
1468 5167 1655 5218 tamen
1697 5164 1945 5236 angelici

302 5248 470 5304 nobis
491 5248 738 5319 spiritus
760 5251 962 5305 adesse
982 5250 1249 5305 credendi
1269 5258 1404 5307 sunt
1426 5266 1554 5307 cum
1582 5253 1803 5309 divinis
1830 5270 1951 5325 spe-

297 5337 530 5393 cialiter
575 5339 825 5395 mandati
883 5338 1199 5408 obsequiis,
1245 5340 1299 5394 id
1336 5344 1441 5408 est,
1473 5356 1600 5396 cum
1649 5343 1944 5400 ecclesiam

298 5427 546 5499 ingressi
581 5426 664 5482 vel
693 5426 1045 5483 lectionibus
1073 5428 1255 5484 sacris
1273 5420 1468 5484 aurem
1489 5432 1847 5487 accomodam
1859 5449 1943 5502 us,

296 5517 381 5572 vel
419 5516 748 5587 psalmodiaa
778 5531 1007 5587 operam
1037 5517 1258 5588 damus,
1300 5518 1386 5574 vel
1426 5520 1675 5576 orationi
1714 5522 1941 5579 incum—

299 5604 511 5676 bimus,
542 5605 631 5661 vel
675 5606 848 5662 etiam
896 5606 1201 5663 missarum
1247 5607 1525 5665 solemnia
1554 5609 1932 5668 celebramus.

2057 4552 2113 4602 et
2138 4546 2416 4618 linguam,
2441 4545 2491 4600 si
2532 4545 2590 4601 in
2624 4545 2743 4617 lege
2767 4544 2995 4601 Domini
3025 4543 3319 4599 ambulare
3347 4547 3403 4599 et
3442 4543 3709 4598 testimo—

2058 4637 2153 4692 nia
2182 4636 2308 4704 ejus
2335 4648 2733 4691 assuescamus
2761 4640 2882 4690 toto
2912 4633 3082 4689 corde
3108 4633 3380 4689 scrutari.
3421 4632 3710 4701 Quaecun—

2056 4739 2165 4795 que
2212 4724 2362 4779 enim
2400 4723 2615 4793 smpius
2651 4736 2836 4794 agere,
2870 4721 3032 4793 loqui
3076 4719 3163 4776 vel
3197 4721 3400 4776 audire
3436 4719 3705 4787 solemus,

2053 4815 2243 4870 eadem
2278 4826 2505 4868 necesse
2530 4815 2616 4867 est
2636 4811 2849 4880 saepius
2869 4811 2937 4866 ad
2972 4810 3253 4878 animum,
3276 4808 3441 4881 quasi
3475 4810 3704 4865 solitam

2055 4903 2462 4973 propriamque
2489 4904 2785 4956 recurrant
2826 4900 2896 4955 ad
2926 4899 3133 4955 sedem.
3167 4901 3235 4954 Et
3282 4898 3436 4954 sicut
3474 4899 3707 4954 voluta-

2056 4992 2155 5047 bra
2179 5005 2310 5047 sues
2336 4989 2637 5060 palustria,
2662 4987 2941 5044 columbaa
2972 4987 3214 5057 limpida
3237 4987 3423 5043 solent
3443 4986 3707 5059 frequen-

2056 5083 2178 5135 tare
2225 5080 2457 5146 ﬂuenta,
2519 5077 2598 5132 ita
2669 5076 3049 5148 cogitationes
3106 5075 3387 5145 impuram
3464 5079 3703 5131 mentem

2058 5168 2367 5224 immundae
2405 5165 2759 5236 perturbant,
2783 5168 2997 5220 castam
3027 5164 3291 5234 spiritale
3321 5164 3700 5220 sanctificant.

2055 5258 2219 5325 Sane,
2244 5256 2292 5312 si
2320 5256 2389 5311 ad
2412 5255 2730 5324 exemplum
2756 5253 3085 5309 Chananaeze
3108 5253 3372 5310 mulieris
3398 5252 3456 5307 in
3488 5252 3705 5308 orando

2059 5351 2380 5417 perstamus
2418 5344 2632 5414 fixique
2663 5356 2978 5411 manemus,
3009 5343 3196 5399 aderit
3216 5340 3401 5412 gratia
3420 5340 3705 5396 Condito-

2056 5436 2142 5492 ris
2190 5434 2392 5504 nostri,
2434 5447 2562 5503 quze
2592 5437 2797 5489 cuncta
2841 5432 2898 5487 in
2944 5432 3113 5489 nobis
3154 5433 3343 5486 errata
3387 5432 3704 5504 recorrigat

2054 5523 2350 5581 immunda
2408 5522 2746 5591 sanctificet,
2808 5521 3139 5579 turbulenta
3192 5524 3431 5575 serenet.
3489 5519 3704 5577 Fidelis

2045 5626 2290 5685 namque
2313 5613 2582 5683 etjustus
2614 5615 2721 5683 est,
2754 5614 2821 5666 ut
2851 5608 3104 5665 remittat
3132 5606 3301 5665 nobis
3331 5613 3559 5679 peccata
3589 5623 3705 5667 no-
