4076 6174
369 312 548 378 4435

1863 313 2053 374 0RDO
2093 312 2356 374 RERUM.

3691 306 3836 371 “36

407 445 526 498 stra
547 443 604 498 et
621 455 706 498 em
719 440 896 500 undet
921 455 1026 500 nos
1054 441 1126 500 ab
1145 442 1302 507 omni
1334 443 1646 515 iniquitate
1668 457 1682 509 ;
1714 439 1763 498 si
1796 439 1864 496 ad
1891 437 2055 495 illum
2081 434 2139 495 A
2169 438 2504 512 plerumque
2523 440 2752 496 sanctos
2772 436 2841 494 ad
2860 442 3086 508 tempus
3102 434 3458 509 derelinquit
3473 433 3830 508 probandos,

407 529 606 588 sedula
639 531 847 590 mentis
867 547 1001 590 voce
1047 533 1398 604 clamamus;
1445 533 1545 604 qui
1577 530 1722 588 vivit
1751 534 1807 586 et
1861 531 2056 602 regnat

407 633 536 676 cum
579 623 742 678 Patre
768 621 826 678 in
855 622 1079 680 unitate
1097 623 1352 696 Spiritus
1382 623 1566 680 sancti
1599 636 1698 693 per
1721 620 1914 678 omnia
1945 633 2058 675 sai-—

407 708 536 766 cula
568 711 932 768 saeculorum.
955 713 1152 769 Amen.

616 801 965 866 Augustinus
995 802 1061 856 de
1105 802 1268 856 laude
1301 801 1638 857 Psalmorum
1667 801 1839 854 dicit:

477 888 686 946 Omnes
711 890 953 947 virtutes
984 891 1044 947 in
1073 891 1312 962 psalmis
1341 891 1620 961 invenies,
1643 891 1692 946 si
1725 903 1758 946 a
1785 891 1898 946 Deo
1936 901 2060 944 me—

407 979 618 1047 rueris,
655 985 718 1037 ut
760 980 869 1036 tibi
920 981 1128 1038 revelet
1174 987 1392 1038 secreta
1450 981 1814 1052 psalmorum.
1867 979 1926 1034 Si
1969 978 2060 1034 vis

409 1083 512 1140 pro
551 1071 801 1140 peccatis
841 1071 960 1128 tuis
984 1072 1374 1142 paenitentiam
1408 1085 1591 1144 agere,
1626 1079 1682 1126 et
1738 1068 2062 1127 confessio-

408 1173 533 1215 nem
569 1165 925 1230 peccatorum
954 1167 1210 1233 tuorum,
1235 1167 1292 1218 et
1315 1162 1542 1218 veniam
1561 1175 1762 1234 rogare
1789 1159 2056 1229 delictis;

409 1255 688 1321 quantum
763 1251 970 1324 valeas,
1039 1266 1151 1309 non
1217 1253 1509 1309 celeritate
1569 1251 1892 1322 verborum,
1963 1251 2058 1308 sed

409 1343 594 1396 mente
629 1340 936 1412 cogitando
992 1355 1058 1398 ac
1101 1342 1433 1413 scrutando,
1495 1341 1732 1398 decanta
1799 1345 2062 1411 septenos

407 1427 712 1486 Davidicos
753 1431 1105 1500 paenitentiae
1133 1431 1400 1502 psalmos,
1436 1445 1680 1503 quorum
1717 1429 1952 1486 initium
1975 1433 2062 1486 est

407 1518 524 1576 duo
553 1537 570 1573 :
601 1521 846 1582 Domine,
887 1536 953 1575 ne
989 1521 1050 1576 in
1093 1523 1182 1574 ira
1213 1539 1230 1587 ;
1260 1525 1316 1577 et
1361 1521 1518 1577 duo:
1553 1521 1774 1576 Domine
1816 1519 2022 1574 exaudi
2040 1536 2060 1586 ;

407 1613 506 1664 et:
553 1609 710 1663 Beati
753 1624 1026 1678 quorum;
1081 1623 1182 1666 nec
1223 1623 1333 1665 non
1377 1627 1391 1664 :
1429 1612 1684 1664 Miserere
1724 1611 1849 1676 mei,
1899 1612 2057 1670 Deus,

406 1696 743 1761 secundum;
772 1701 946 1767 atque
977 1715 990 1752 :
1017 1702 1089 1753 De
1114 1699 1414 1767 profundis
1437 1717 1454 1762 ;
1477 1703 1532 1754 et
1574 1696 1930 1754 celerrimam
1961 1697 2062 1752 in—

2165 533 2221 586 et
2264 543 2364 600 per
2401 529 2457 586 id
2501 528 2610 585 tibi
2663 527 2894 585 videtur
2947 527 3317 584 tentationem
3373 527 3646 597 majorem
3709 538 3834 582 esse

2167 634 2336 692 quam
2383 615 2616 676 talerari
2673 619 2876 690 possit,
2927 619 3131 675 intima
3177 622 3361 676 mente
3405 618 3650 674 decanta
3699 617 3833 673 illos

2167 711 2416 782 psalmos
2463 725 2710 782 quorum
2750 716 2921 780 caput
2955 729 2968 766 ε
3002 714 3160 781 Deus,
3210 711 3350 764 Deus
3393 724 3572 776 meus,
3625 709 3831 777 respice

2165 804 2226 856 in
2244 817 2326 856 me
2357 820 2374 866 ;
2404 802 2650 864 Exaudi,
2693 805 2834 857 Deus
2871 802 3166 854 orationem
3193 815 3361 854 meam
3389 815 3514 853 eum
3548 798 3826 860 tribulor;

2167 891 2392 946 Salvum
2431 908 2514 946 me
2555 894 2668 959 fac,
2712 895 2870 954 Deus,
2911 894 2967 946 et
3017 889 3265 946 clemens
3297 889 3589 944 Dominus
3629 889 3828 944 statim

2170 986 2222 1038 te
2269 981 2586 1052 adiuvabit,
2619 986 2676 1036 et
2704 981 3076 1038 tentationem
3112 992 3280 1051 quam
3323 978 3537 1048 pateris
3582 977 3830 1033 tolerare

2171 1071 2404 1142 poteris.
2447 1071 2504 1126 Si
2541 1070 2649 1127 tibi
2696 1084 2945 1142 praesens
2974 1071 3089 1125 vita
3130 1067 3430 1125 fastidiosa
3487 1067 3569 1124 sit
3606 1072 3665 1123 et
3694 1068 3832 1123 ani-

2174 1175 2326 1218 mum
2358 1167 2520 1218 tuum
2552 1157 2658 1235 [nil
2693 1157 3057 1235 inferiorum]
3089 1159 3351 1226 delectat,
3385 1171 3695 1229 supernam
3725 1170 3830 1228 pa-

2170 1251 2338 1308 triam
2371 1251 2774 1322 contemplare,
2807 1257 2863 1306 et
2893 1249 3270 1320 omnipotenti
3301 1250 3415 1304 Deo
3457 1247 3692 1304 ardenti
3723 1247 3833 1303 de-

2170 1341 2408 1408 siderio,
2469 1340 2691 1396 intenta
2757 1345 2961 1411 mente,
3031 1337 3138 1394 bos
3214 1337 3460 1410 psalmos
3524 1335 3822 1392 decanta:

2170 1431 2634 1498 Quemadmodum
2673 1431 2946 1485 desiderat
2989 1444 3220 1494 cervus;
3269 1431 3366 1483 et:
3403 1426 3579 1492 Quam
3629 1425 3826 1480 dilecta

2171 1523 2530 1578 tabernacula
2569 1523 2665 1576 tua
2691 1540 2710 1588 ;
2741 1523 2903 1584 Deus,
2943 1522 3088 1575 Deus
3113 1533 3282 1580 meus,
3315 1518 3390 1572 ad
3425 1521 3473 1572 te
3495 1515 3564 1570 de
3595 1515 3714 1569 luce
3737 1517 3828 1568 ei-

2169 1613 2300 1682 gilo,
2332 1615 2388 1667 et
2425 1611 2672 1668 clemens
2701 1612 2852 1667 Deus
2879 1609 3060 1666 citius
3095 1613 3338 1664 mentem
3373 1610 3533 1662 tuam
3555 1604 3820 1662 consola-

2170 1701 2347 1757 bitur.

406 1784 603 1840 venies
645 1784 1006 1841 clementiam
1057 1787 1178 1855 Dei,
1237 1790 1410 1843 totam
1467 1792 1709 1843 mentem
1759 1785 2053 1858 spiritali:
2089 1775 2140 1835 Β
2239 1790 2297 1846 Si
2323 1795 2376 1846 te
2399 1785 3482 1847 intribulationibusaDeoderelictum
3508 1785 3823 1858 intelligas,

408 1873 618 1945 gaudio
649 1887 714 1930 ac
762 1873 965 1930 laetitia
1001 1874 1352 1946 illuminare,
1387 1881 1442 1933 et
1473 1890 1736 1948 magnam
1787 1889 1945 1948 spem
1988 1875 2060 1932 de

407 1960 770 2035 indulgentia
789 1963 899 2020 tibi
926 1965 1278 2036 promittere.

475 2051 534 2108 Si
573 2051 664 2108 vis
708 2066 892 2124 orare,
939 2055 1206 2124 permitte
1243 2060 1484 2112 mentem
1522 2055 1688 2113 ‘tuam
1741 2055 1799 2112 in
1847 2054 2060 2112 virtute

407 2141 778 2213 psalmorum,
825 2158 1072 2214 quorum
1121 2146 1358 2202 initium
1411 2151 1546 2202 est:
1592 2146 1688 2201 Ad
1730 2152 1780 2201 te
1822 2146 2058 2208 domine,

408 2231 625 2298 levavi;
655 2235 712 2288 et
743 2249 755 2286 :
784 2235 948 2306 Deus,
995 2236 1054 2288 in
1095 2239 1146 2290 te
1187 2237 1425 2306 speravi,
1463 2237 1728 2301 Domine;
1765 2249 1864 2292 nec
1897 2247 2008 2290 non
2042 2251 2056 2288 :

403 2321 642 2385 Inclina,
690 2325 952 2388 Domine;
1007 2329 1107 2379 et:
1146 2328 1310 2388 Deus,
1350 2327 1409 2380 in
1450 2325 1790 2394 adiutorium
1839 2341 2058 2391 meum;

405 2413 567 2477 Deus,
613 2413 674 2466 in
719 2415 932 2468 nomine
971 2419 1062 2469 tuo
1104 2433 1122 2480 ;
1164 2419 1327 2484 Deus,
1354 2417 1678 2470 misereatur
1707 2415 1922 2480 nostri;
1953 2419 2009 2470 et
2041 2430 2054 2467 :

403 2501 646 2556 Eceaudi.
678 2505 921 2573 Domine,
944 2504 1227 2573 justitiam
1252 2521 1426 2560 meam
1455 2523 1471 2569 ;
1503 2509 1560 2562 et
1593 2503 1924 2561 nullatenus
1967 2517 2061 2575 p0-

406 2591 548 2647 teris
586 2592 814 2663 propria
846 2593 1045 2665 lingua
1076 2608 1179 2651 nec
1224 2595 1473 2650 humano
1503 2608 1678 2651 sensu
1717 2599 1828 2650 tam
1867 2592 2059 2664 perfe-

405 2687 492 2736 cte
523 2680 814 2738 miseriam
848 2687 1004 2739 tuam
1037 2697 1100 2740 ac
1128 2683 1588 2755 tribulationem,
1612 2685 2055 2756 angustiamque

403 2769 762 2828 diversarum
807 2773 1188 2828 tentationum
1228 2774 1537 2844 explicare,
1585 2780 1638 2829 et
1671 2773 1838 2829 illius
1877 2772 2059 2828 mise—

403 2859 716 2916 ricordiam
763 2859 1070 2930 implorare
1112 2875 1282 2930 quam
1327 2862 1420 2918 his
1464 2861 1702 2932 psalmis
1731 2869 1788 2918 et
1834 2862 2058 2918 caeteris

403 2947 718 3005 similibus.
1871 2993 1888 3006 .

473 3034 532 3090 Si
577 3035 664 3092 vis
726 3037 1175 3107 omnipotentem
1223 3039 1398 3098 Deum
1463 3040 1719 3114 laudare,
1767 3047 1824 3099 et
1867 3041 2056 3114 ipsius

2169 1886 2510 1951 compuncto
2561 1880 2730 1938 corde
2780 1885 2946 1936 canta
2995 1878 3098 1934 bos
3151 1875 3400 1948 psalmos
3441 1893 3456 1929 :
3517 1877 3820 1946 Usquequo,

2173 1973 2430 2036 Domine;
2457 1973 2620 2042 Deus,
2659 1971 2890 2026 auribus
2927 1971 3130 2024 nostris
3176 1967 3493 2022 audivimus
3521 1985 3540 2032 ;
3571 1967 3822 2021 Miserere

2168 2059 2324 2122 mihi,
2373 2061 2645 2125 Domine;
2688 2058 2934 2120 Exaudi,
2979 2059 3141 2120 Deus,
3190 2056 3490 2110 orationem
3530 2070 3727 2119 meam,
3773 2058 3822 2108 et

2169 2165 2237 2204 ne
2270 2150 2580 2220 despeareris
2610 2149 3038 2219 deprecationem
3075 2162 3288 2211 meam;
3332 2147 3400 2200 1η
3455 2149 3526 2213 te,
3576 2145 3814 2206 Domine,

2171 2239 2388 2308 speravi
2417 2257 2435 2304 ;
2467 2243 2522 2294 et
2550 2239 2701 2295 Deus
2725 2243 2780 2298 te
2811 2235 3125 2294 laetiﬁcabit
3152 2235 3371 2291 statim.

2241 2328 2374 2383 Post
2422 2331 2710 2397 acceptam
2759 2331 2949 2384 autem
3003 2325 3252 2398 quietem
3302 2337 3370 2380 ac
3419 2321 3814 2395 prosperitatis

2171 2425 2415 2488 tempus,
2451 2417 2555 2473 bos
2578 2416 2826 2487 psalmos
2863 2416 3134 2473 decanta:
3169 2415 3496 2469 Benedicam
3533 2415 3813 2468 Dominum

2166 2507 2226 2560 in
2276 2509 2424 2562 omni
2461 2512 2694 2577 tempore
2735 2523 2748 2573 ;
2796 2505 3048 2566 Benedic,
3102 2506 3290 2558 anima
3343 2519 3484 2568 mea,
3537 2503 3757 2557 Domino
3795 2519 3810 2554 :

2165 2595 2436 2652 Emaltabo
2476 2601 2544 2660 te,
2571 2598 2715 2652 Deus
2751 2612 2900 2651 mens
2924 2599 3076 2664 Rex;
3113 2599 3170 2652 et
3211 2594 3367 2650 omni
3399 2598 3652 2663 tempore
3701 2591 3816 2646 sive

2167 2686 2584 2756 prosperitatis,
2653 2686 2772 2742 sive
2818 2685 3207 2754 adversitatis,
3260 2696 3474 2752 semper
3535 2682 3819 2751 hymnum

2166 2777 2342 2834 trium
2364 2789 2667 2846 puerorum
2694 2777 2951 2840 decanta,
2982 2776 3123 2846 quia
3151 2773 3338 2831 nullus
3354 2769 3819 2828 mortalisvirtu-

2166 2873 2282 2924 tem
2314 2867 2490 2938 hujus
2521 2865 2715 2938 hymni
2765 2865 3053 2936 explicare
3098 2868 3299 2936 potest,
3359 2863 3418 2918 in
3461 2873 3576 2932 quo
3626 2858 3817 2916 omnis

2164 2965 2428 3014 creatura
2473 2957 2543 3014 ad
2567 2955 2920 3013 laudandum
2948 2955 3266 3012 Creatorem
3298 2953 3614 3008 invocatur.

2233 3048 2293 3103 Si
2342 3045 2595 3104 volueris
2645 3046 2705 3102 in
2756 3051 2874 3102 toto
2916 3044 3086 3102 corde
3129 3049 3185 3100 te
3213 3055 3472 3100 exercere
3507 3040 3566 3096 in
3597 3039 3813 3096 divinis

405 3125 710 3196 majestati,
761 3127 1020 3184 omnium
1083 3128 1490 3188 beneﬁciorum
1547 3146 1804 3201 suorum,
1839 3123 2130 3204 quibusC
2164 3136 2458 3207 laudibus,
2515 3135 2800 3207 psalmum
2849 3135 3006 3190 Beati
3051 3133 3390 3188 immaculati
3441 3131 3704 3195 decanta,
3751 3129 3807 3183 in

405 3214 653 3271 humano
701 3217 894 3288 generi
935 3217 1007 3274 ab
1061 3219 1234 3276 initio
1279 3221 1462 3277 nundi
1512 3220 1571 3277 in
1621 3221 1808 3278 Veteri
1853 3222 2056 3280 Testa—
2165 3242 2278 3299 quo
2301 3227 2499 3284 nullus
2533 3238 2674 3296 pene
2699 3239 2901 3281 versus
2931 3227 3019 3281 est
3057 3222 3156 3280 ubi
3186 3235 3299 3278 non
3323 3222 3408 3278 sit
3443 3220 3530 3276 vel
3568 3219 3662 3274 via
3690 3217 3810 3286 Dei,

406 3309 592 3361 mento
616 3319 714 3375 per
745 3306 1121 3378 patriarchas,
1163 3313 1220 3366 et
1249 3311 1573 3382 prophetas,
1618 3311 1677 3367 in
1712 3311 1867 3370 Novo
1903 3327 2055 3384 quo-
2162 3314 2243 3371 vel
2270 3314 2380 3386 lex,
2411 3314 2498 3371 vel
2522 3315 2872 3378 mandatum,
2903 3312 3024 3370 sive
3046 3317 3322 3383 praecepta
3335 3310 3459 3379 Dei,
3505 3308 3594 3365 vel
3625 3307 3806 3372 verba,

403 3407 513 3463 que
540 3407 638 3464 per
660 3395 1114 3454 incarnationem
1137 3399 1472 3469 sempiterni
1495 3399 1630 3457 Filii
1651 3401 1746 3458 sui
1781 3402 2052 3458 misertus

400 3485 508 3552 est,
556 3485 774 3554 gratias
816 3498 1002 3558 agere,
1056 3487 1296 3544 decanta
1340 3488 1475 3546 illos
1518 3489 1768 3560 psalmos
1805 3504 2050 3562 quorum

401 3571 614 3629 titulus
641 3573 888 3629 Alleluia
912 3581 1016 3632 est.

470 3662 616 3732 Haec,
664 3677 908 3734 quorum
953 3665 1188 3724 initium
1231 3671 1336 3738 est,
1384 3667 1492 3735 vel,
1533 3669 1891 3740 Conﬁtemini,
1928 3675 2050 3743 aut,

399 3751 650 3807 Laudate
697 3757 1008 3819 Dominum,
1061 3755 1146 3813 vel
1192 3756 1442 3814 Laudate
1479 3762 1668 3830 Deum,
1709 3765 1810 3816 aut
1855 3761 2048 3832 etiam,

400 3840 632 3896 Benedic
673 3845 860 3898 anima
897 3861 1016 3900 mea
1042 3863 1060 3912 ;
1085 3850 1142 3902 et
1189 3860 1362 3916 super
1402 3860 1567 3902 omne
1605 3847 1711 3903 mel
1761 3852 1817 3904 et
1862 3847 2051 3905 favum

402 3928 782 4000 omnipotenti
827 3935 940 3990 Deo
977 3933 1147 3990 dulce
1177 3949 1387 3992 munus
1412 3934 1632 4008 offeres,
1678 3937 1728 3994 si
1770 3937 1863 3995 his
1893 3939 2055 4009 psal-

405 4018 514 4074 mis
547 4021 818 4078 continue
844 4021 1011 4079 illum
1033 4023 1232 4080 laudes
1255 4038 1321 4080 ac
1345 4025 1692 4098 magniﬁces.

471 4106 531 4162 Si
581 4107 832 4166 diversis
891 4110 1374 4170 tribulationibus
1420 4113 1674 4172 afﬂictus
1719 4117 1822 4186 sis,
1863 4122 1921 4174 et
1965 4118 2049 4174 vel

406 4197 678 4252 numanis
729 4199 814 4255 vel
890 4201 1262 4270 spiritalibus
1321 4204 1742 4263 tentationibus
1797 4207 2052 4278 undique

403 4283 700 4357 astrictus,
733 4293 792 4344 et
829 4289 934 4346 tibi
980 4291 1197 4348 videris
1223 4307 1256 4350 a
1289 4295 1402 4351 Deo
1431 4308 1554 4351 esse
1582 4296 1913 4365 derelictus,
1947 4297 2050 4370 qui

2159 3411 2262 3461 aut
2311 3403 2776 3474 justiﬂcationes,
2828 3401 2914 3460 vel
2960 3401 3204 3474 judicia,
3244 3405 3346 3457 aut
3385 3412 3678 3457 sermones
3709 3395 3806 3452 Dei

2159 3493 2454 3564 descripti.

2231 3584 2586 3650 Mementote,
2625 3583 2912 3654 quomodo
2953 3581 3010 3637 S.
3049 3579 3277 3638 Samuel
3314 3577 3616 3650 propheta,
3641 3577 3797 3633 etiam

2163 3673 2224 3730 in
2249 3670 2436 3730 Veteri
2453 3673 2808 3729 Testamento
2823 3671 3042 3740 docuit,
3061 3669 3260 3726 dicens
3279 3687 3293 3723 :
3313 3671 3628 3739 Praeparat:
3645 3665 3791 3719 mrda

2159 3767 2340 3817 vestra
2398 3763 2646 3832 Domino,
2692 3765 2743 3816 et
2788 3763 2982 3816 servits
3027 3761 3076 3814 ei
3125 3758 3250 3822 soli,
3301 3757 3561 3812 liberabit
3613 3771 3700 3810 eos
3738 3753 3796 3808 de

2158 3851 2413 3905 manibus
2438 3851 2785 3905 inimicorum
2810 3854 3128 3906 vestrorum.

2232 3940 2432 3996 Videte
2457 3938 2708 4011 qualiter
2729 3939 2963 3995 mandat
2989 3937 3263 4009 hymnum
3291 3935 3470 3992 trium
3507 3946 3804 4006 puerorum

2159 4030 2481 4099 decantare,
2504 4035 2770 4086 etomnes
2787 4033 3084 4084 creaturas
3106 4039 3204 4097 per
3227 4024 3532 4082 intervalla
3544 4024 3614 4080 ad
3638 4025 3804 4079 Deum

2161 4119 2510 4176 laudandum
2558 4131 2862 4190 provocare
2889 4135 2903 4173 :
2941 4130 3053 4173 non
3096 4116 3250 4173 sicut
3281 4129 3379 4172 vos
3407 4113 3642 4176 canitis,
3670 4125 3809 4169 con-

2160 4207 2305 4281 fuse,
2337 4208 2554 4265 nullam
2573 4207 2958 4264 differentiam
2986 4205 3281 4268 facientes,
3309 4204 3406 4260 sed
3434 4203 3738 4268 currendo,
3755 4207 3810 4256 et

2162 4311 2272 4354 non
2295 4297 2609 4369 separando
2635 4296 2826 4369 verba,
2851 4295 3003 4368 quod
3028 4307 3254 4352 necesse
3276 4299 3363 4350 est
3385 4299 3449 4350 ut
3476 4290 3802 4348 emendetis.

1439 4621 1965 4740 ORDO
2073 4618 2756 4740 RERUM

1322 4836 1511 4910 QUAS
1578 4837 1666 4900 IN
1734 4836 1896 4898 HOC
1971 4835 2195 4898 TOMO
2259 4832 2882 4898 CONTINENTUR.

563 5134 990 5199 ANASTASIUS,
1033 5138 1386 5188 ECCLESLE
1418 5137 1718 5190 ROMAN/E
1748 5139 1894 5189 PRE-

719 5213 972 5265 SBYTER
1007 5217 1095 5266 ET
1131 5217 1737 5268 BIBLIOTHECARIUS.

893 5287 1127 5350 (OPERUM
1159 5290 1568 5354 CONTINUATIO.)

469 5367 1031 5419 INTERPRETATIO
1083 5367 1350 5420 SYNODI
1405 5371 1524 5421 VIII
1571 5371 1984 5424 GENERALIS.

469 5449 706 5500 Praefatio
729 5449 1010 5502 Anastasii.
1855 5455 1956 5504 col.
2023 5456 2051 5504 9

469 5511 635 5579 Breve
679 5513 1045 5579 compendium
1088 5513 1544 5564 monumentorum
1592 5531 1683 5566 seu
1726 5517 2046 5579 singularum

404 5573 668 5624 actionum
702 5573 907 5634 aynbdi.
1810 5573 1836 5579 ⁷
1991 5581 2050 5631 23

469 5635 619 5687 Aetio
648 5636 838 5698 prima.
1989 5643 2049 5692 2'1

2223 5139 2372 5188 Actio
2407 5137 2658 5186 secunda.
3755 5135 3808 5182 Π

2223 5201 2374 5252 Actio
2406 5201 2571 5250 tertia.
3751 5199 3804 5244 55

2221 5264 2373 5314 Actio
2405 5264 2602 5327 quarta.
3751 5261 3807 5327 g3

2220 5327 2374 5378 Actio
2408 5324 2605 5389 Quinta.
3752 5324 3808 5389 73

2221 5388 2374 5440 Actio
2407 5387 2564 5438 sexta.
3753 5387 3806 5434 81

2221 5451 2373 5502 Actio
2407 5450 2640 5513 septima.
3727 5512 3734 5513 ί
3753 5450 3810 5513 9'.)

2221 5515 2372 5565 Actio
2408 5511 2610 5562 octava.
3171 5562 3180 5570 ,
3723 5511 3807 5558 119

2220 5577 2372 5628 Actio
2407 5589 2562 5624 nona.
3725 5574 3813 5621 I29

2221 5639 2372 5691 Actio
2405 5637 2622 5689 decima.
3721 5637 3810 5686 H7
