1922 3070
227 183 262 217 ιι
933 179 1142 210 PllAZFATlO.
1559 217 1565 223 η
1820 178 1855 208 1'2

293 266 1091 279 ______________.._—_———————

767 302 1301 432 Pamrarto.

630 493 880 528 LECTORIBUS
906 491 1051 524 DOCTIS
1074 493 1125 522 ET
1153 492 1381 523 BENEVOLIS
1407 494 1437 524 S.

258 598 324 625 Post
342 600 381 624 tot
396 595 525 631 pratclara
539 600 708 622 summorum
725 592 846 619 virorum
863 591 896 618 de
913 590 1010 617 borum
1027 592 1048 620 Α
1064 589 1139 615 bant.
1163 588 1290 616 Adhibita
1306 595 1371 624 ergo
1396 589 1559 622 attentione,
1584 590 1734 625 diligentia,
1759 592 1855 619 mode-

222 641 488 672 Commentariorum
500 644 611 667 attctore
621 637 841 674 judicia,quibus
850 635 874 663 ei
887 634 1011 670 proprie-

224 695 307 717 tatem
335 687 481 719 serntonis,
513 685 674 717 doctrinam,
706 690 811 716 curam,
844 681 1012 717 diligentiam

221 737 540 765 etacutnen‘testantur,
553 739 609 759 non
631 737 745 758 necesse
762 728 880 759 videtur,
897 731 928 754 ut
946 725 1012 752 mul.

224 790 251 811 ta
263 782 322 816 ejus
332 781 360 807 in
372 780 480 807 laudctn
495 783 716 805 commemorem.
728 774 797 802 illud
817 778 920 801 tantum
932 771 1011 803 addo,

224 829 309 860 nulla,
326 831 373 854 aut
396 830 471 854 certe
495 823 659 860 paucissima
685 822 851 849 Litterarum
875 825 1014 847 sacrarum

224 874 367 907 vocabula,
394 880 454 908 quat
477 871 505 899 in
531 874 648 906 quattuor
679 867 832 904 Evangeliis
851 866 894 894 vel
925 865 1015 892 minus

226 922 332 954 Graeca,
350 920 392 948 vel
408 919 533 951 obscura,
549 920 707 948 occurrunt,
723 915 757 942 ab
777 915 829 941 hoc
846 911 1014 948 praetermis-

226 976 255 996 sa
272 974 343 998 esse,
360 965 424 1001 qttin
440 963 580 992 vocabulis
602 961 687 997 magis
704 960 855 996 perspicuis
875 962 902 986 et
916 957 1016 993 proba-

225 1014 367 1043 bilioribus
384 1010 536 1047 explicarit.
554 1010 659 1039 Netum
685 1007 816 1036 orationis
837 1010 866 1034 et
882 1004 1016 1032 narratio-

225 1069 290 1088 num
305 1067 367 1087 cum
380 1057 559 1094 singulorum,
576 1060 633 1082 tum
643 1055 761 1090 plut-ium
777 1052 1014 1088 evangelistarum,

225 1103 382 1131 acutissime
392 1100 591 1129 animadvertit
606 1107 638 1126 ac
649 1103 744 1126 notat:
763 1097 919 1125 dissensum
934 1094 1014 1122 l‘at-ile

227 1155 256 1178 et
268 1149 405 1176 subtiliter
417 1147 567 1182 componit.
584 1144 642 1173 Etsi
667 1149 759 1172 autent
782 1143 867 1171 multa
897 1141 1015 1176 Chryso-

226 1200 326 1229 stomo,
345 1193 570 1230 praestantissimo
589 1192 660 1218 inter
671 1195 788 1222 veteres,
804 1195 835 1216 ae
852 1195 921 1224 pene
934 1187 1014 1213 dixe-

226 1242 288 1274 rim,
318 1241 363 1268 uni
388 1239 531 1274 interpreti
554 1238 635 1265 debet
654 1236 760 1264 :multa
786 1236 848 1262 item
870 1242 903 1262 ex
925 1235 1016 1262 multis

1063 635 1125 667 stia,
1141 639 1178 664 et.
1197 642 1257 670 quae
1271 634 1313 661 his
1325 634 1401 661 libris
1417 635 1443 661 in
1469 635 1563 669 primis
1583 635 1708 668 debetur,
1736 638 1787 664 ﬁde
1803 638 1855 664 viri

1064 683 1184 714 honesti,
1204 683 1276 710 haud
1291 683 1360 711 adeo
1375 683 1519 710 difﬁculter
1531 688 1622 712 rerum
1635 692 1648 711 a
1662 684 1728 711 falso
1745 694 1856 720 separa-

1064 731 1117 754 tur.
1136 727 1192 754 Etsi
1209 731 1303 754 autem
1325 726 1501 762 Euthymium
1519 728 1585 755 satis
1596 728 1753 763 diligentem
1775 735 1803 756 et
1821 730 1855 755 ti-

1064 772 1152 800 delem
1170 772 1296 807 cognovi,
1327 778 1418 800 tamen
1449 773 1584 800 interdum
1609 774 1670 801 loca
1698 774 1855 801 litterarum

1064 826 1204 846 sacrarum
1222 826 1277 846 non
1297 826 1331 846 ex
1347 819 1437 846 Libris
1454 819 1548 851 sacris,
1564 820 1612 846 sed
1634 827 1665 846 ex
1678 819 1857 847 Commenta-

1064 865 1112 893 riis
1128 865 1308 900 interpretum
1325 865 1427 892 laudat.
1444 864 1500 897 Qua
1513 865 1547 892 de
1561 873 1591 891 re
1605 865 1749 900 aliquoties
1760 867 1856 893 monui

1064 909 1093 936 in
1110 908 1403 936 animadversionibus.
1428 908 1601 943 Deprehentli
1617 909 1699 936 etiam
1723 911 1857 938 vocabula

1065 955 1100 983 ab
1115 955 1175 990 ipso
1189 954 1307 990 primum
1321 954 1403 986 illata,
1419 955 1549 982 nonnulla
1568 955 1649 982 etiam
1673 956 1785 989 omissa,
1805 957 1858 984 sed

1064 1001 1202 1036 pauciora.
1218 1000 1331 1028 Codices
1349 1000 1559 1037 Evangeliorum
1586 1006 1762 1029 autem-cum
1774 1002 1857 1029 Com-

1064 1047 1206 1075 mentariis
1233 1051 1260 1074 et
1275 1047 1389 1080 catenis,
1405 1048 1484 1075 sicuti
1512 1047 1733 1083 Theophylactus
1759 1049 1856 1082 etiam,

1064 1094 1097 1121 ad
1115 1101 1214 1121 manus
1240 1093 1335 1120 habuit
1354 1093 1498 1130 ejusmodi,
1522 1093 1676 1130 eujusmodi
1706 1099 1771 1122 suttt
1800 1095 1856 1122 mei

1064 1139 1243 1174 lllosquenses
1271 1147 1297 1167 a.
1316 1140 1343 1167 d.
1367 1147 1394 1167 e.
1419 1148 1445 1175 Β.
1463 1139 1507 1171 ll).
1521 1141 1554 1167 tle
1576 1140 1673 1175 quibus
1691 1139 1802 1175 exposui
1829 1141 1857 1168 in

1064 1184 1228 1212 Praeiatione
1261 1193 1329 1213 mea;
1360 1185 1427 1212 Novi
1456 1185 1625 1214 Testamenti
1656 1187 1785 1214 editionis
1821 1186 1856 1214 ad

1067 1231 1242 1267 Evangelium
1254 1231 1346 1259 Marci.
1362 1231 1465 1259 Horum
1481 1232 1634 1259 simillimos
1650 1232 1676 1259 in
1692 1232 1856 1261 bibliotheca

225 1287 286 1315 aliis
302 1286 393 1313 hausit
412 1294 418 1312 :
436 1292 530 1312 ontttes
543 1283 615 1311 enim
630 1287 692 1310 ante
705 1290 735 1310 se
752 1281 924 1308 consuluisse
939 1280 1014 1307 vide—
1031 1265 1052 1293 Β
1066 1276 1189 1304 Parisina
1202 1282 1229 1304 et
1245 1276 1447 1304 Vindobonensi
1463 1279 1578 1310 servari,
1605 1278 1720 1313 cognovi
1749 1286 1781 1306 ex
1808 1278 1857 1306 Ri-

228 1339 271 1362 tttr
285 1333 446 1366 interpretes
463 1339 469 1358 :
483 1336 572 1358 tamen
588 1329 617 1356 in
630 1332 754 1364 promptu
771 1331 844 1359 sunt,
856 1334 915 1360 qua:
924 1326 958 1353 ab
975 1326 1015 1361 ip-

227 1382 285 1408 sius
303 1379 439 1411 doutrina,
455 1377 546 1406 studio
560 1381 588 1404 et
608 1375 717 1411 ingenio
739 1377 924 1401 accesserunt.
949 1373 1015 1406 Qui-

228 1428 280 1455 bus
297 1425 465 1461 ergoatlbuc
475 1424 587 1460 ignotus
603 1426 645 1449 est
655 1421 831 1456 'Euthymius,
849 1420 899 1453 eis,
920 1424 950 1446 ut
976 1420 1017 1446 in-

228 1476 364 1504 notescat,
384 1469 527 1502 suaserim,
554 1473 584 1495 ut
602 1467 696 1495 saltem
714 1466 875 1493 ultima-tria
893 1466 1016 1500 Evange-

229 1517 257 1544 lii
272 1514 390 1543 Mattltmi
408 1513 496 1548 capita
511 1512 688 1548 pcrlustrent.
706 1509 782 1537 llane
801 1509 874 1536 enitn
900 1517 1017 1544 evange-

230 1565 288 1590 lica“.
318 1560 485 1590 narrationis
510 1563 614 1594 partem
638 1562 666 1585 et
687 1565 703 1584 a
726 1557 930 1592 Chrysostotno,
952 1561 980 1583 et
1003 1564 1018 1583 a

231 1608 340 1644 Cyrillo,
365 1611 392 1634 et
410 1605 444 1633 ab
462 1605 521 1631 aliis
549 1603 687 1631 veteribus
716 1601 896 1637 negligentius
919 1605 1018 1628 tracta-

231 1660 284 1682 tam
299 1651 475 1689 deprehendi.
492 1651 531 1678 Ex
547 1649 671 1685 Origenis
685 1653 787 1680 autem,
803 1647 908 1680 nescio,
926 1652 1018 1674 utrum

230 1703 318 1729 dicattt
348 1697 571 1728 Commentariis.
598 1704 632 1722 an
661 1693 889 1726 cavillationibus,
913 1693 1019 1720 etiamsi

229 1747 322 1775 omnia
338 1745 397 1781 ejus
410 1744 510 1779 scripta
526 1742 560 1769 ad
583 1749 679 1769 manus
705 1739 840 1771 habuerit,
870 1739 938 1766 nihil
955 1747 1018 1774 pro-

231 1793 315 1820 licere
330 1790 428 1826 potuit.
441 1788 569 1820 Textum,
583 1794 664 1821 quem
682 1790 789 1815 vocant.
810 1784 1018 1820 Evangeliortm

232 1836 319 1862 mttlto
350 1833 460 1869 quidem
495 1831 654 1864 modestius,
691 1829 844 1856 accuratius
866 1835 891 1856 ct
914 1829 1019 1856 lidclius

232 1881 368 1914 tractavit,
389 1887 469 1916 quam
500 1877 670 1906 consuetudo
690 1875 742 1903 fuit
760 1876 867 1903 illorutn
883 1882 908 1903 et
936 1883 1019 1910 supe—

232 1928 336 1956 riorum
365 1931 518 1961 temporum
553 1925 743 1958 interpretum.
774 1921 906 1955 Origenes
935 1923 1018 1955 cttim,

234 1974 349 2008 ejusque
362 1971 463 1998 nimius
480 1969 629 1996 admirator
644 1975 674 1995 ac
686 1968 814 2000 imitator,
828 1967 1021 2003 Hieronymus,

233 2021 260 2047 in
277 2019 370 2047 multis
382 2017 491 2049 leviter,
513 2015 540 2043 in
561 2015 620 2042 aliis
638 2014 783 2050 perﬁdiose
798 2014 878 2042 etiam
896 2018 1020 2049 egerunt.

234 2067 444 2101 Cltrysostomus
463 2066 563 2094 autem,
576 2061 738 2088 abundantis
753 2060 888 2088 facundia:
906 2059 1018 2088 ﬂumine

235 2114 374 2148 abreptus,
392 2111 496 2138 "multos
510 2109 684 2144 scriptorum.
700 2115 841 2135 sacrorum
868 2107 941 2135 locos
964 2110 1023 2134 lur-

234 2159 319 2191 bavit,
338 2156 445 2191 disjecit
472 2161 500 2183 et
530 2153 677 2190 oppressit.
703 2153 742 2180 Ac
770 2153 903 2188 profecto,
922 2153 943 2179 si
963 2152 1022 2180 libri

235 2203 460 2239 evangelistarum
489 2205 515 2228 et
527 2199 709 2235 apostolorum
725 2206 774 2234 per
798 2199 869 2226 solos
890 2199 1024 2234 interpre-

236 2255 287 2283 tes,
301 2249 480 2286 dogmaticos,
498 2247 643 2274 homiletas
658 2250 685 2273 et
700 2249 804 2273 ascctas
832 2245 866 2272 ad
893 2252 943 2272 nos
963 2252 1024 2280 per—

236 2297 386 2329 venissent,
403 2294 546 2323 dudum'in
563 2293 646 2321 dubio
674 2300 856 2325 versarentur,
873 2293 937 2327 quid
965 2296 1024 2319 tan-

237 2344 301 2372 dem
324 2340 362 2369 illi
389 2340 560 2375 scripserint.
585 2338 663 2365 Nt‘tnc
695 2344 786 2365 autettt
811 2338 904 2373 plures
929 2337 1024 2365 scriba:

237 2389 361 2417 codicum
381 2387 464 2419 docti,
485 2384 581 2412 attenti
601 2388 626 2411 ct
647 2383 751 2416 ﬁdeles,
775 2391 871 2418 parum
896 2387 1024 2410 curantes

239 2436 277 2472 (α)
292 2433 505 2470 dogtttatlcorum
522 2436 550 2458 ct
573 2424 753 2465 interpretum
769 2429 810 2457 vel
824 2437 871 2464 per
887 2429 1023 2456 levitatem

238 2488 265 2510 et
293 2480 499 2517 negligentiam,
529 2479 571 2506 vel
591 2484 646 2514 'pcr
678 2477 802 2505 fraudem
830 2481 856 2504 et
882 2477 1024 2510 malitiam,

239 2534 334 2557 contra
350 2528 473 2556 codicum
493 2526 580 2553 tidem
607 2531 635 2553 et
659 2524 847 2552 auetoritatem
866 2524 953 2551 illatas
971 2524 1026 2551 icc-

240 2577 327 2604 tiones
341 2580 368 2602 ct
382 2574 543 2606 setttc’n‘titls,
559 2572 594 2605 id,
623 2571 693 2606 quod
711 2572 738 2598 in
756 2571 813 2598 suis
840 2570 907 2597 Novi
933 2570 1026 2597 Testa-

240 2622 326 2650 menti
341 2621 480 2649 codicibus
497 2619 679 2654 reperiebant,
702 2618 729 2644 in
746 2624 836 2648 suum,
862 2615 889 2643 in
908 2616 1022 2642 aliorum

241 2669 393 2699 hominum,
406 2667 435 2693 in
454 2665 580 2693 Ecclesia:
595 2672 674 2691 usum
697 2663 836 2698 publicum
862 2662 1027 2689 transcribe-

278 2757 477 2794 (alllecordor,
507 2756 605 2783 alicubi
622 2755 648 2782 in
676 2754 786 2789 scriptis
809 2753 1025 2794 Micitae!is,_viri

241 2789 414 2829 perillustris,
431 2789 553 2820 eamdem
580 2798 736 2824 expressam
765 2796 825 2816 esse
852 2789 1025 2829 sententiam.

242 2824 296 2856 Sed
315 2829 403 2856 locum
418 2828 492 2854 illum
508 2833 581 2852 nunc
598 2833 652 2851 non
669 2829 788 2858 poteram
802 2824 934 2858 reperire.
961 2824 1027 2850 Illud

242 2870 331 2891 autem
358 2862 450 2890 Critici
473 2862 610 2888 acutiores
624 2865 651 2886 et
670 2868 682 2885 a
699 2859 816 2893 partiunt
834 2858 925 2886 studio
944 2858 1026 2885 alieni

242 2904 342 2926 norunt
360 2905 465 2930 omnes,
481 2897 506 2923 in
529 2897 623 2923 horum
648 2901 762 2921 numero
781 2894 856 2920 nullo
880 2894 960 2921 modo
979 2893 1027 2920 lta-

1067 1322 1168 1350 chardo
1186 1322 1319 1356 Simonio,
1338 1322 1492 1355 Lambecio,
1512 1323 1678 1351 Tresr-hovio
1690 1329 1718 1351 et
1729 1326 1856 1359 nuperri—

1067 1377 1111 1395 me
1129 1375 1163 1395 ex
1184 1368 1287 1395 Altero.
1313 1367 1423 1395 Similes
1447 1368 1528 1396 etiam
1544 1368 1669 1397 Birchius
1685 1371 1810 1398 adhibuit
1826 1371 1857 1399 in

1067 1414 1187 1442 editione
1203 1414 1364 1446 Hmiensi,
1389 1414 1427 1441 ttti
1443 1420 1490 1441 ‘ex
1515 1416 1653 1443 nonnultis
1670 1416 1708 1443 ab
1719 1424 1752 1443 eo
1765 1416 1858 1445 Aedilis

1067 1461 1165 1496 colligo
1177 1461 1299 1488 seholiis.
1318 1460 1346 1488 Si
1363 1468 1427 1496 ergo
1444 1461 1605 1496 Euthymius
1622 1469 1683 1489 cum
1702 1463 1857 1498 ltujttsmodi

1068 1507 1218 1540 codicibus,
1236 1512 1282 1534 aut
1295 1514 1356 1534 eum
1372 1506 1577 1542 Cltrysostomo,
1590 1508 1704 1543 aliisque
1721 1509 1858 1543 interpre-

1070 1555 1141 1582 tibus
1157 1553 1303 1585 consentit,
1329 1553 1388 1587 ejus
1403 1557 1496 1580 contra
1511 1553 1640 1580 meliores
1659 1554 1766 1581 codices
1782 1554 1857 1581 nulla

1069 1603 1160 1635 potest
1180 1606 1240 1626 esse
1265 1598 1424 1625 auctoritas.
1451 1598 1523 1625 lllud
1550 1598 1630 1625 etiam
1650 1598 1677 1624 in
1703 1597 1858 1633 Euthymio,

1070 1645 1148 1673 sicuti
1160 1645 1186 1672 in
1208 1644 1330 1679 pluribus
1353 1643 1453 1671 Graecis
1475 1648 1503 1670 et
1526 1643 1630 1671 Latinis
1653 1644 1858 1679 interpretibus,

1070 1691 1203 1726 disttlicet,
1236 1690 1307 1726 quod
1339 1689 1515 1725 ἀντιγράφων
1538 1690 1698 1717 vocabulum
1718 1690 1860 1718 indelinite

1071 1738 1194 1770 adhibet,
1210 1745 1264 1763 non
1291 1736 1325 1764 de
1341 1735 1406 1764 solis
1420 1735 1488 1763 Novi
1514 1736 1680 1763 Testamettti
1706 1737 1857 1769 codicibus,

1071 1782 1118 1809 sed
1131 1781 1167 1809 de
1180 1781 1361 1816 interpretum
1373 1781 1455 1808 etiam
1470 1779 1767 1809 Commentariis.‘Sed
1793 1781 1860 1809 illud

1072 1827 1167 1854 vilium
1193 1834 1342 1854 commune
1357 1827 1494 1860 quondam
1519 1826 1580 1853 fuit.
1599 1825 1637 1854 lta
1661 1827 1860 1854 recentioribus

1071 1873 1153 1901 etiam
1169 1872 1347 1908 temporibus,
1357 1872 1469 1899 inventa
1488 1876 1546 1899 arte
1562 1871 1763 1907 typographica,
1782 1872 1860 1899 multi

1035 1933 1058 1965 ο
1073 1926 1105 1947 ex
1121 1919 1223 1947 criticis
1234 1924 1259 1946 et
1269 1918 1417 1946 editoribus
1433 1917 1520 1945 editos
1534 1917 1616 1945 etiatn
1635 1918 1720 1944 libros
1734 1918 1860 1945 codicum

1072 1970 1099 1993 et
1114 1965 1308 2000 exemplarium
1330 1964 1441 1992 nomine
1453 1963 1635 1999 appellarunt.
1651 1963 1687 1991 Ut
1701 1968 1791 1991 autem
1811 1964 1862 1991 ltos

1072 2012 1290 2039 Commentarios
1304 2011 1425 2043 ederem,
1450 2010 1476 2037 in
1491 2011 1587 2045 primis
1610 2017 1653 2036 me
1668 2015 1863 2044 permoverunt

1073 2062 1114 2085 tot
1140 2057 1361 2085 doctissimorum
1385 2056 1517 2087 virorttm,
1539 2055 1712 2088 maximeque
1733 2054 1860 2081 Ricltardi

1074 2104 1200 2136 Simonii,
1221 2104 1254 2131 de
1269 2103 1301 2129 iis
1313 2102 1432 2137 judicia;
1457 2101 1556 2128 deinde
1569 2101 1623 2128 duo
1640 2100 1860 2135 praestantissimi

1073 2150 1181 2178 codices
1195 2148 1390 2182 Mosquenses;
1415 2146 1531 2181 denique
1546 2154 1651 2173 summa
1673 2146 1754 2181 hujus
1778 2146 1861 2174 libelli

1073 2196 1182 2224 raritas.
1205 2194 1322 2221 Mirabili
1350 2193 1424 2220 enim
1445 2200 1509 2220 casu
1539 2193 1646 2220 videtur
1669 2193 1813 2226 accidiSSe,
1833 2199 1863 2220 ut

1074 2243 1146 2270 inter
1160 2245 1199 2269 tot
1213 2240 1325 2268 Joannis
1350 2239 1478 2267 llentenii
1501 2239 1634 2267 editiones
1659 2239 1792 2266 versionis
1810 2239 1863 2266 La-

1075 2288 1139 2316 tina:
1161 2287 1203 2314 vix
1227 2293 1280 2313 una
1299 2285 1414 2320 reperiri
1439 2285 1533 2320 possit.
1561 2286 1693 2320 Equidem
1715 2291 1790 2314 certe
1815 2296 1864 2322 per

1074 2341 1161 2362 annos
1187 2333 1329 2361 duodecim
1348 2332 1447 2359 frustra
1457 2333 1499 2360 vel
1517 2321 1600 2359 uinum
1624 2328 1690 2359 nt'ilti
1707 2321 1863 2368 exemplum

1075 2381 1197 2416 quaesivi,
1211 2388 1242 2408 ac
1259 2384 1398 2415 postremo
1413 2380 1520 2406 tandem
1535 2379 1626 2412 didici,
1643 2380 1676 2406 ab
1699 2380 1758 2406 aliis
1780 2381 1864 2407 etiam

1076 2429 1148 2455 inter
1172 2428 1255 2455 libros
1284 2427 1401 2454 rariores
1424 2426 1530 2453 referri.
1562 2425 1591 2452 In
1624 2426 1756 2460 principio
1782 2426 1865 2460 hujus

1075 2474 1203 2502 editionis
1217 2482 1281 2509 ergo
1296 2482 1360 2501 usus
1374 2480 1434 2500 sum
1453 2477 1524 2499 tomo
1537 2471 1594 2498 XIX
1619 2472 1670 2498 bibl
1684 2472 1787 2498 otlteeae
1806 2481 1864 2498 ma-

1078 2522 1155 2548 ximae
1179 2520 1369 2555 Lugdunensis
1386 2520 1464 2551 1677,
1480 2526 1558 2552 quem
1570 2517 1634 2543 tttilti
1650 2525 1682 2543 ex
1700 2518 1864 2544 bibliotheca

1078 2568 1238 2602 amplissimi
1260 2571 1372 2595 senatus
1389 2565 1538 2600 Lipsiensis
1560 2565 1781 2591 cotnmodaverat
1802 2571 1866 2597 pet--

1079 2614 1194 2640 illustris
1212 2612 1349 2644 Mullcrus,
1366 2610 1541 2638 serenissitno
1568 2610 1691 2637 Eaxonia:
1713 2608 1824 2635 electori
1851 2618 1865 2635 a

1079 2658 1201 2686 consiliis
1223 2657 1328 2685 bellicis
1357 2655 1572 2688 secretioribus,
1602 2655 1773 2689 civitatisque
1800 2653 1866 2689 Lip-

1080 2752 1184 2780 bendos
1197 2759 1257 2778 esse
1271 2751 1374 2778 scribas
1389 2749 1521 2777 Codicum
1541 2746 1784 2782 Cantabrigiensis,
1803 2745 1864 2772 Cla-

1081 2788 1245 2818 romontani,
1262 2785 1516 2821 Sangermanensis,
1544 2781 1698 2821 Attgiensis,
1720 2781 1867 2821 liuerneri-

1080 2823 1136 2853 ani,
1154 2817 1371 2856 exterermttQuc
1387 2821 1447 2853 ejus
1463 2817 1639 2856 generis._Sed
1666 2819 1699 2844 de
1712 2817 1865 2856 .Catttabri-l

1081 2851 1168 2892 git-nsi
1194 2863 1220 2884 cl
1243 2851 1440 2887 Bocrticriatio,
1460 2851 1482 2882 si
1500 2854 1670 2892 prodierint,
1693 2853 1785 2887 plures
1814 2851 1865 2879 viri

1082 2889 1155 2921 docti
1169 2894 1259 2920 verius
1279 2898 1306 2919 ct
1322 2892 1474 2920 accuratius
1496 2889 1667 2926 jtt-Jicabuttt.
