1922 3070
74 215 110 247 ιρ,
790 207 1001 240 ῑιΜξιτΑτῐο.
1672 205 1706 240 1t

71 270 176 299 siensis
196 268 304 298 consul.
324 267 408 304 Typis
430 268 484 304 iam
500 274 629 304 expresso
646 266 712 295 l'olio
731 270 809 294 sexto
833 266 866 294 ad
882 267 904 296 Α
919 274 974 302 quo
992 271 1080 294 tamen
1099 265 1177 294 valde
1198 264 1304 294 dubito.
1328 263 1468 293 Parisinus
1492 264 1575 297 2101,
1591 271 1607 292 a
1627 271 1709 291 manu

74 317 202 352 paginam
228 314 273 344 96.
292 313 412 350 lleynius
428 313 523 346 etiam,
541 312 736 348 augustissimo
764 310 868 348 Magna:

73 361 224 389 Britannias
246 361 303 396 regi
321 368 344 390 ,a
364 360 487 387 consiliis
504 359 612 392 aulicis,
634 358 675 386 vir
692 358 866 394 perillustris,

70 408 107 435 ad
124 416 167 434 me
180 406 332 434 transmisit
347 406 504 438 editionem,
524 410 552 433 ut
566 405 692 437 arbitror,
705 405 868 441 principem,

72 454 278 482 Lovaniensem
299 451 378 480 i5“.
393 451 544 480 Codicibus
569 455 661 480 textus
678 451 764 479 Graeci
779 451 870 480 adhuc

72 497 173 525 inediti
197 505 263 525 usus
281 504 340 524 sum
361 496 469 524 duobus
488 496 709 530 'Mosquensibus,
731 496 869 524 membra-

74 544 183 576 naeeis,
202 543 322 571 anetoris
343 546 422 570 relate
436 542 556 578 scriptis.
574 542 651 570 Alta
663 543 697 570 A.
715 548 756 571 est
769 542 871 571 biblio-

74 590 165 617 thecae
184 588 361 624 Iypqgraphei
381 588 521 624 synodalis
542 588 636 616 in-fol.
649 595 726 616 nam.
745 589 772 620 i.
795 596 872 616 com-

74 635 202 670 plectens
222 634 288 661 folia
305 634 369 662 274.
380 633 499 661 τΔΙιθιλθ
510 633 736 661 estbihliothecm
757 634 861 660 sanctis

68 681 155 709 .simte
173 681 271 716 synodi
290 679 383 708 insfol.
401 687 479 709 num.
491 679 582 708 fXLlX
598 679 735 708 Iuliorum
749 679 813 708 H0.
831 678 872 706 .ln

76 727 124 754 illo
135 730 233 755 textus
245 725 458 762 Evengeliowrn
477 725 652 762 seriptusest
678 725 777 754 litteris
791 725 872 761 paulo

78 772 244 808 majoribus,
256 772 478 802 Commentarios
487 772 647 801 minoribus.
664 772 758 800 ln-boc
769 772 872 801 eadem

77 823 143 847 sunt
158 819 259 847 littera:
273 819 301 846 in
314 823 392 847 textu
399 823 432 846 et
442 819 474 852 in~
485 819 599 847 seboiiis
615 837 622 852 ,
639 819 775 853 sediste,
786 819 874 855 liquo-

79 872 106 892 re
119 865 217 898 rubro,
241 864 312 896 haec,
333 868 488 892 atramento
512 865 614 900 scripta
638 869 712 893 sunt.
735 865 819 893 Istum
845 864 873 893 in

920 312 1065 340 recentiori
1082 313 1230 348 ascriptum
1261 312 1345 339 habet
1361 319 1460 339 nomen
1489 311 1590 339 Nicetaz
1613 310 1710 338 Serra-

920 366 991 392 rtlm,
1007 359 1053 395 qui
1065 359 1144 394 vulgo
1162 359 1352 387 Heracleensis
1363 358 1524 393 appellatur.
1545 358 1621 386 Alter
1634 357 1711 385 Pari—

920 405 1008 438 sinus,
1027 409 1055 432 ut
1069 405 1197 438 arbitror,
1214 404 1360 438 recentior,
1383 405 1479 432 tribuit
1494 403 1709 440 Theopbylacto,

920 458 1001 485 quem
1027 450 1154 486 appellat,
1182 450 1228 476 τὸν
1253 449 1400 484 ἱερώτατον
1416 449 1604 484 Βθυλγαρίις,
1630 449 1713 476 nimi-

920 504 982 523 r-um
1009 495 1234 531 ἀρχιεπισκοπον.
1266 494 1389 523 Meus-8.
1416 495 1476 522 loco
1500 495 1602 522 indicis
1631 495 1712 522 habet

922 543 1039 578 spatium
1059 550 1186 574 vacuum,
1203 541 1389 570 ideo‘fortasse
1409 562 1418 575 ,
1432 546 1461 569 ut
1478 546 1596 576 postcaa
1609 542 1714 577 pictore

922 595 1001 619 auro,
1016 587 1110 616 aliisve
1131 587 1269 616 coloribus
1287 587 1434 614 adderetur
1452 590 1534 621 atque
1557 592 1713 614 ornaretur.

923 633 1043 661 Iudicem
1066 633 1169 661 codicis
1183 633 1204 660 Α
1225 632 1346 668 expressi
1367 640 1394 668 ρ.
1414 632 1458 660 10.
1486 633 1636 660 llentenius
1653 633 1716 660 nul-

923 678 979 706 lum
993 680 1102 707 videtur
1125 679 1269 714 reperisse,
1290 683 1318 706 ut
1330 686 1364 706 ex
1381 678 1441 713 ejus
1453 679 1615 714 praefatione
1629 683 1657 706 et
1673 679 1716 706 in-

925 725 1121 760 terpretatione
1138 733 1166 760 p.
1186 725 1212 758 9,
1226 724 1317 761 colligi
1333 729 1431 760 potest.
1461 725 1490 752 ln
1503 733 1535 752 eo
1551 730 1643 753 autem
1667 733 1716 754 ve-

921 770 1067 798 hementer
1086 775 1159 798 errat
1178 771 1330 798 Richardus
1353 770 1501 803 Sinmuius,
1522 772 1598 807 quod
1613 771 1717 800 litteras

921 817 975 851 ἀμ.
991 824 1041 851 pro
1059 816 1212 852 Ἀμμώνιος
1229 817 1432 852 δεοορίῐ.’Ν²1η
1451 817 1588 845 Ammonii
1606 825 1716 852 nomen,

924 863 1000 899 quod,
1011 863 1140 899 frequens
1154 867 1197 891 est
1212 863 1239 890 in
1257 865 1362 892 catenis
1385 863 1498 898 Graecis,
1526 865 1554 892 in
1577 865 1718 893 codicibus

78 917 138 938 mea
150 909 219 938 Novi
237 909 406 938 Testamenti
419 909 540 939 editione
557 910 694 945 appellavi
711 918 739 942 η,
753 910 830 938 hunc
850 910 891 938 i.’
926 910 1037 945 quidem
1054 910 1263 946 ldosquensibus
1276 917 1417 945 nunquam
1436 910 1527 938 inveni
1544 918 1600 938 uno
1616 920 1635 945 μ
1650 911 1720 939 suri-

79 955 116 983 De
138 960 258 991 utroque
277 956 391 991 exposui
401 956 442 983 .ad
457 955 692 991 epistolumPauii
709 956 743 984 ad
758 956 875 984 Thessa-
889 953 913 984 Β
929 961 1017 992 ptum,
1038 957 1089 985 etsi
1102 957 1178 993 sigla
1189 960 1271 984 esset.
1299 956 1362 991 Ἀμ.
1379 964 1454 992 ergo,
1480 957 1552 993 quod
1580 958 1660 984 etiam
1691 957 1718 984 in

81 1002 290 1036 lonicenses,.p.
301 1001 367 1031 202.
383 1001 454 1029 .205.
465 1002 631 1037 «Specimina
650 1002 804 1030 litterarum
821 1010 876 1031 tere

78 1055 215 1084 expressa
244 1048 357 1076 esbibtti
379 1049 418 1076 .ad
445 1048 627 1084 (Evangeiium
649 1047 767 1076 Joannis
796 1049 876 1077 istius

80 1094 220 1122 editionis.
235 1095 325 1122 Codex
343 1094 374 1122 Β.
392 1095 575 1130 ῳιῑδεδιεηιὶοτ
597 1099 639 1122 est
651 1095 784 1127 altero,.a
807 1096 876 1124 scri-

81 1140 112 1167 bo
125 1141 296 1174 diligentiori
308 1148 340 1168 ac
360 1141 478 1168 ﬁdeliori
491 1141 620 1176 scriptus.
645 1141 714 1169 Nam
727 1142 878 1170 slterscri-

81 1188 112 1215 ba
142 1188 248 1222 smpius
269 1188 409 1216 aberravit
428 1193 462 1216 et
488 1189 516 1216 in
539 1188 653 1216 schoiiis
678 1189 719 1216 .ad
743 1187 877 1216 Joannem

81 1234 172 1261 multa
187 1234 227 1261 vel
240 1242 289 1269 per
306 1235 453 1270 pigritiam.
469 1235 513 1262 vel
534 1243 583 1270 per
612 1235 735 1263 fraudem
763 1241 878 1271 prater-

81 1280 169 1307 iuisit.
195 1279 225 1306 in
248 1286 362 1315 utroque
398 1281 505 1314 codice,
536 1281 619 1308 sicuti
639 1281 669 1308 in
694 1281 828 1320 Parisiuis
851 1286 879 1308 ct

83 1325 324 1358 ueruenii..multa
344 1325 448 1354 scholia
474 1327 509 1354 ab
533 1326 631 1354 iisdem
657 1326 755 1355 scribis
778 1327 878 1362 scripta

83 1376 148 1398 sunt
162 1371 191 1398 in
209 1372 342 1406 musgine,
358 1372 393 1399 de
407 1380 462 1407 quo
473 1372 501 1399 in
522 1372 590 1399 locis
617 1372 735 1408 singulis
761 1373 879 1400 lectores

85 1416 191 1443 monui.
221 1415 352 1444 Videntur
365 1423 456 1445 autem
468 1417 520 1445 ista
529 1417 634 1446 scholia
649 1421 760 1445 auctore
773 1417 877 1453 Euthy-

86 1462 232 1497 mioipso,
249 1467 312 1498 post
333 1463 407 1498 ejus;
422 1464 566 1498 repetitam
589 1463 876 1494 lectionem,-adlecta

80 1515 157 1541 esse,
172 1516 225 1543 per
239 1509 350 1536 eosdem
368 1509 481 1539 scribas.
498 1509 527 1536 id
542 1510 609 1538 satis
624 1509 653 1537 ﬁt
666 1509 805 1545 probabile
817 1518 878 1538 cum

84 1563 118 1583 ex
138 1556 202 1583 aliis
226 1555 301 1589 locis,
322 1561 380 1583 tum
395 1563 428 1583 ex
444 1555 548 1584 scholio
573 1557 607 1583 ad
620 1556 737 1590 Lue.ix,
753 1557 799 1584 55.
823 1557 879 1585 Ad-

85 1601 139 1629 huc
156 1601 233 1629 enim
253 1602 280 1628 in
295 1602 436 1630 codicibus
449 1602 550 1629 desunt
568 1603 659 1630 omnia
681 1603 716 1630 ab
729 1603 785 1629 Καὶ
800 1601 879 1630 εἶπεν

82 1648 134 1676 οὐκ
154 1648 189 1676 ad
204 1648 274 1676 ἀλλὰ
289 1648 386 1676 σῶσαι.
415 1648 478 1676 Haec
507 1649 581 1676 enim
599 1649 688 1684 primo
720 1650 880 1685 Ettthymius

83 1695 251 1722 auctoritate
279 1695 467 1730 Clirysostomi
497 1695 678 1723 excluserat:
708 1695 736 1723 in
766 1697 882 1732 repetita

82 1746 179 1768 autem
196 1741 328 1774 lectione,
345 1745 374 1768 ut
390 1742 458 1769 satis
481 1742 563 1769 docct
587 1742 722 1769 scholium
745 1741 779 1769 ad
799 1742 880 1770 istum

85 1790 191 1820 locum,
208 1787 332 1822 ejusdem
346 1788 510 1815 auctoritate
534 1787 686 1816 addiderat.
706 1788 788 1817 Forte
808 1789 882 1817 hunc

83 1833 210 1861 laborem
232 1833 314 1861 etiam
333 1853 341 1866 ,
355 1833 434 1861 sicuti
450 1833 627 1869 .Panopliam,
647 1834 763 1870 jubente
787 1834 882 1862 Alexio

83 1882 233 1907 tionineno
255 1880 387 1915 suscepit,
405 1887 436 1907 ac
460 1879 553 1915 plures
569 1881 673 1909 scribas
697 1881 882 1916 imperatoriis

82 1925 224 1961 impensis
241 1926 391 1954 conductos
415 1926 522 1954 habuit.
549 1925 603 1954 Sed
628 1926 654 1954 id
672 1927 771 1954 deinde
789 1935 883 1955 recen-

84 1972 174 2001 tiores
193 1972 277 1999 etiam
291 1973 387 2000 scribae
411 1973 509 2001 imitati
533 1978 607 2007 sunt,
633 1980 664 2002 ut
690 1982 723 2002 ex
745 1974 883 2003 ilentenio

84 2019 218 2046 discitur.
233 2017 298 2045 Nam
311 2018 439 2048 Hentcnii
458 2020 555 2052 codex,
573 2020 625 2048 etsi
639 2020 706 2048 satis
725 2020 822 2052 bonus,
835 2021 881 2056 ju-

83 2064 147 2092 dice
158 2063 244 2091 etiam
258 2063 392 2097 Simonio,
411 2065 506 2093 haberi
525 2066 614 2099 debet,
636 2071 725 2094 tamen
746 2066 805 2094 sine
828 2067 882 2093 ullo

84 2110 171 2138 dubio
186 2111 257 2137 mer
276 2110 329 2138 [uit
348 2113 497 2139 recentior.
529 2112 636 2140 Etenim
658 2113 810 2141 lientenius
824 2113 882 2148 ipse

83 2156 269 2191 conqueritur
291 2156 325 2184 de
341 2157 450 2185 imultis
467 2165 499 2185 ac
527 2157 680 2186 dillicilibus
708 2159 794 2194 siglis,
822 2167 883 2194 quae

85 2211 183 2238 pauca:
201 2209 229 2230 et
244 2207 315 2231 notae
332 2207 397 2231 sunt
425 2204 453 2231 in
484 2205 564 2233 meis.
597 2203 730 2236 Praeterea
753 2205 882 2234 llentenii

88 2249 257 2284 appendices
271 2249 352 2276 etiam
367 2249 450 2276 habet
460 2257 491 2276 ex
504 2248 708 2286 Thcopbylacto
725 2255 753 2279 et
766 2251 882 2280 aliorum

927 1011 990 1031 meo
1005 1005 1025 1030 Α
1044 1003 1191 1038 reperitur,
1203 1007 1286 1030 notat
1297 1002 1381 1039 ἀμήν.
1394 1003 1438 1030 'Ex
1459 1003 1500 1031 bis
1523 1009 1649 1038 apparet,
1677 1004 1717 1040 ig-

927 1054 1022 1078 notum
1039 1057 1100 1078 esse
1115 1057 1215 1078 nomen
1241 1049 1360 1078 auctoris
1386 1050 1484 1078 horum
1505 1049 1722 1079 Commentario-

922 1103 1000 1123 rum.
1023 1094 1102 1122 Unde
1113 1102 1179 1130 ergo
1206 1095 1392 1130 cognoscitur,
1417 1095 1500 1123 fuisse
1528 1096 1721 1132 Euthymium?

928 1140 1041 1168 Scilicet
1055 1148 1088 1168 ex
1099 1140 1436 1176 ejusdem‘Commentario
1450 1142 1477 1169 in
1491 1142 1621 1175 Psaimos,
1638 1151 1719 1178 quem

919 1187 1093 1219 'llcntenius,
1114 1187 1354 1220 Montel‘alconius,
1381 1195 1487 1223 nosque
1514 1188 1564 1223 ipsi
1593 1189 1722 1217 tractavi-

925 1241 1001 1261 mus.
1016 1233 1158 1267 Quomodo
1175 1233 1394 1262 autemH’rimo
1417 1234 1539 1269 quidem,
1560 1242 1612 1262 nec
1638 1243 1721 1263 ovum

930 1288 983 1308 ovo
1012 1280 1111 1307 itaest
1135 1279 1234 1312 simile.
1258 1284 1289 1307 ut
1310 1288 1372 1308 curn
1396 1280 1532 1309 llcntenio
1549 1282 1654 1317 loquar,
1681 1283 1722 1310 uti

930 1327 1033 1356 similes
1047 1331 1114 1354 sunt
1130 1327 1157 1354 bi
1171 1326 1367 1355 Commentarii
1381 1327 1590 1356 Commentariis
1605 1329 1632 1356 in
1648 1329 1724 1357 Psal~

930 1381 1000 1401 mos.
1024 1374 1165 1407 Secundo,
1183 1373 1211 1400 in
1239 1374 1353 1401 scholiis
1368 1374 1402 1401 ad
1417 1374 1539 1402 Psalmos
1563 1375 1723 1410 frequenter

930 1420 1013 1454 hujus
1028 1418 1222 1447 Commentarii
1244 1419 1274 1446 tit
1304 1419 1417 1452 mentio,
1444 1419 1480 1446 ita
1494 1425 1525 1448 ut
1552 1427 1670 1455 quorum
1685 1420 1722 1448 ibi

930 1465 978 1492 ﬁat
996 1466 1110 1498 mentio,
1132 1472 1163 1492 ea
1177 1465 1220 1492 hic
1239 1465 1421 1499 reperiantur.
1448 1464 1552 1497 Tertio,
1577 1465 1723 1492 Commen-

931 1511 1016 1540 tarius
1034 1512 1060 1539 in
1077 1511 1198 1539 Psalmos
1217 1519 1318 1539 nomen
1335 1511 1471 1547 Euthymii
1490 1511 1612 1539 additum
1628 1511 1723 1545 babet,

930 1561 980 1589 etsi
992 1568 1048 1588 non
1073 1560 1100 1588 in
1126 1559 1254 1588 omnibus
1270 1559 1419 1588 codicibus.
1449 1559 1564 1588 Codices
1578 1559 1725 1588 Commen-

933 1609 1064 1636 tariorum
1083 1607 1109 1635 in
1127 1606 1260 1640 Psalmos,
1283 1607 1329 1642 qui
1343 1607 1424 1644 vulgo
1434 1607 1584 1644 Euthymio
1599 1608 1725 1636 tribuun-

934 1659 988 1688 tur,
1010 1655 1036 1682 in
1056 1654 1264 1689 Mosqucnsibus
1278 1654 1450 1682 bibliothecis
1467 1655 1557 1683 inveni
1576 1655 1654 1683 duos.
1670 1655 1724 1683 Ac-

932 1702 1004 1729 cedit
1021 1701 1117 1729 tertius
1138 1700 1192 1728 illis
1213 1701 1291 1728 valde
1314 1700 1420 1728 similis.
1444 1701 1482 1728 De
1502 1701 1545 1729 his
1565 1701 1636 1729 intra
1663 1709 1725 1730 mo-

932 1746 991 1773 nui.
1007 1745 1060 1773 Scd
1073 1754 1104 1773 ex
1117 1746 1160 1773 bis
1171 1745 1240 1772 nihil
1254 1745 1380 1778 edicitur,
1390 1745 1463 1780 quod
1476 1746 1597 1774 auctoris
1607 1746 1725 1774 nomine

932 1798 1035 1821 carent.
1048 1792 1247 1820 ‘Verumlamen
1263 1792 1297 1820 de
1308 1793 1435 1828 Philippo
1450 1792 1544 1826 Saulo,
1555 1793 1601 1828 qui
1619 1794 1726 1829 primus

933 1839 1029 1867 Latine
1039 1839 1126 1867 edidit
1137 1840 1355 1867 Commentarios
1368 1839 1394 1867 in
1411 1839 1543 1872 Psalmos,
1560 1847 1663 1876 eosque
1673 1839 1727 1868 Eu-

934 1886 1151 1922 lhymiotribuit,
1164 1886 1304 1921 probabile
1312 1885 1430 1913 videtur.
1441 1893 1504 1913 cum
1518 1886 1658 1922 Euthymii
1673 1895 1727 1915 no-

932 1939 995 1958 men
1023 1931 1158 1966 reperisse
1180 1931 1208 1957 in
1223 1939 1277 1958 uno
1294 1935 1342 1957 aut
1362 1930 1486 1965 pluribus
1503 1931 1653 1958 codicibus:
1672 1931 1726 1959 Ac-

932 1978 1005 2006 cedit
1016 1978 1083 2005 lides
1104 1981 1131 2004 et
1142 1977 1290 2004 auctaritas
1305 1977 1519 2008 Montefalconii,
1531 1979 1578 2014 qui
1599 1978 1635 2006 ita
1648 1986 1726 2015 repe-

933 2025 969 2052 rit
997 2025 1024 2052 in
1052 2024 1192 2052 codicibus
1217 2023 1406 2051 'Coislinianis.
1428 2024 1468 2052 Ita
1496 2025 1570 2052 enim
1601 2025 1683 2054 habet
1697 2027 1726 2054 in

934 2071 1004 2098 Bibl.
1033 2070 1160 2102 Coislin.,
1192 2077 1219 2105 p.
1255 2069 1327 2097 178:
1361 2069 1725 2108 Euthymiilygadeni(sic)

933 2116 1122 2146 Commentarii
1133 2117 1159 2143 in
1170 2115 1302 2143 Psalmos.
1327 2115 1402 2143 Adde
1422 2116 1549 2144 eumdem
1574 2124 1601 2152 p.
1623 2116 1657 2144 58
1676 2117 1727 2154 Zy-

933 2165 1055 2201 gabenus
1066 2164 1232 2200 appellatur,
1247 2163 1312 2191 ibid.
1322 2171 1350 2198 p.
1364 2162 1417 2191 200
1430 2168 1458 2191 et
1482 2163 1546 2192 4‘25.
1574 2163 1726 2194 llentenius

950 2221 995 2240 um
1005 2212 1173 2249 Zigabouum
1181 2211 1309 2247 appellat.
1316 2211 1419 2245 Quibus
1426 2212 1536 2240 nomina
1544 2213 1621 2249 plura
1630 2222 1727 2242 recen~

935 2260 1034 2288 tiorum
1044 2260 1200 2288 Graecorum
1210 2263 1274 2287 nota
1285 2263 1359 2292 sunt,
1375 2259 1392 2286 ii
1406 2263 1520 2292 norunt,
1534 2261 1726 2297 etymologiam

84 2296 213 2327 seholiis,
240 2302 301 2330 quae
321 2295 349 2322 in
367 2300 467 2323 neutro
481 2304 606 2324 meorum
631 2302 800 2333 comparent.
831 2298 877 2326 Ni-

934 2307 1042 2335 illorum
1054 2307 1196 2334 nominum
1203 2306 1281 2334 valde
1289 2313 1351 2334 esse
1358 2306 1528 2341 impeditam.
1536 2307 1566 2334 in
1577 2308 1726 2336 hocuomi-

91 2341 242 2370 hilominus
267 2346 356 2370 tamen
373 2343 468 2370 multis
484 2343 510 2370 in
528 2344 596 2371 locis
611 2344 737 2372 versione
753 2344 880 2374 llenteuii

91 2397 132 2422 pro
146 2390 249 2418 codice
269 2388 306 2416 uti
323 2390 410 2424 potui.
429 2389 585 2425 Eamigitur
598 2390 649 2418 hac
657 2391 740 2419 etiam
751 2391 785 2419 de
799 2399 881 2421 causa

91 2434 220 2465 intactam
248 2435 344 2471 reliqui
360 2445 367 2463 :
381 2437 468 2472 adjeci
488 2442 579 2465 tamen
596 2438 694 2474 partim
712 2439 739 2466 in
757 2440 882 2467 animad-

92 2483 276 2514 uersionibus,
291 2484 392 2518 partim
414 2484 442 2512 in
460 2484 513 2511 line
528 2485 624 2520 operis
647 2487 794 2514 nonnullas
822 2495 882 2515 cor-

94 2530 238 2557 rectiones.
266 2529 318 2556 Sex
343 2534 434 2558 autem
455 2530 565 2558 codices
596 2531 683 2560 (ἰηιδεί
704 2532 881 2562 Commenta-

95 2578 196 2604 riorum
220 2576 358 2612 hothymii
379 2578 406 2604 in
421 2577 567 2612 Evangelia
600 2579 670 2607 mihi
689 2579 780 2607 adhuc
801 2579 880 2608 inno-

95 2626 214 2651 tuerunt.
237 2623 503 2659 liuonosquenses,
521 2625 659 2658 lieutenii,
686 2626 740 2654 duo
764 2626 881 2654 Porisini

97 2671 152 2705 regii
177 2678 259 2697 num.
286 2670 358 2697 2395
375 2676 402 2698 et
421 2671 503 2703 2401,
530 2676 557 2700 ct
575 2672 613 2707 (ὑ)
637 2671 829 2702 Barocciunus.
843 2674 882 2703 ,‘ln

98 2717 162 2745 nullo
180 2717 280 2744 borum
300 2717 423 2745 codicum
439 2726 537 2745 nomen
551 2719 681 2752 auctoris,
694 2720 746 2749 nisi
767 2720 836 2750 forte
854 2723 881 2748 in

100 2760 268 2796 liuocciano,
291 2771 372 2799 quem
395 2764 495 2792 Milzins
520 2765 655 2799 tractavit,
678 2767 824 2801 reperitur,
849 2768 882 2796 de

128 2833 160 2867 (ὑ)
179 2831 283 2870 blil_lius
301 2833 327 2859 in
346 2840 400 2870 sua
421 2833 455 2860 N.
473 2834 550 2861 ’i‘cst.
565 2834 696 2866 editione,
713 2841 777 2862 ante
793 2836 881 2870 capita

103 2864 200 2904 Eusebii
221 2868 360 2904 Eiangelii
380 2869 508 2902 Μιηιθσίιεί,
534 2870 588 2896 duo
603 2870 661 2897 loca
686 2864 881 2899 Cottimi-nt'arii

103 2900 228 2941 buthymii
243 2900 373 2941 ligabeni
392 2905 418 2931 in
436 2900 766 2941 illattiizcuiiipowuquze
787 2907 883 2941 legun-

103 2939 135 2963 “Ir
147 2938 174 2967 tu
194 2938 247 2967 hac
262 2939 384 2968 editione
395 2947 423 2975 p.
439 2941 472 2968 15
490 2945 518 2968 et
540 2941 581 2969 l5.
600 2940 637 2968 Ea
654 2938 746 2970 autem
766 2938 880 2978 repétiri

933 2351 1267 2387 neautemYoriripotuit
1286 2359 1320 2379 ex
1334 2351 1426 2386 ζυγός.
1451 2352 1485 2379 H.
1495 2360 1528 2379 ex
1540 2353 1625 2388 βαίνω
1653 2355 1682 2381 Δ.
1693 2361 1727 2382 ex

931 2400 994 2427 δέω.
1006 2399 1083 2427 Unde
1097 2398 1231 2431 lvenerit,
1244 2406 1325 2426 nemo
1340 2398 1420 2426 facile
1430 2398 1726 2429 hariolabiturPra-ter

931 2447 1042 2474 codices
1066 2445 1334 2474 Commentariorum
1369 2445 1507 2482 Euthymii
1537 2446 1564 2474 in
1591 2446 1723 2481 Psalm05,

932 2494 1050 2528 Mosqua:
1067 2492 1158 2520 inveni
1187 2492 1268 2520 etiam
1289 2492 1399 2521 codices
1420 2493 1544 2529 ejusdem
1575 2494 1722 2530 Panoplize.

934 2541 972 2568 De
1000 2540 1043 2567 liis
1064 2539 1150 2574 .paulo
1171 2538 1286 2566 inferius
1310 2538 1378 2566 dixi.
1394 2538 1474 2567 Anna
1487 2540 1638 2574 Comnena,
1673 2541 1722 2569 lib.

933 2596 978 2620 xv,
994 2595 1022 2623 p.
1042 2587 1105 2619 490,
1136 2586 1201 2613 edit.
1222 2585 1308 2613 Paris.
1324 2586 1404 2619 1651,
1421 2591 1448 2614 et
1464 2586 1517 2615 Leo
1550 2588 1663 2616 Allatius
1691 2589 1726 2616 de

933 2642 1071 2662 consensu
1107 2633 1249 2668 utriusque
1275 2632 1406 2661 Ecclesiae
1422 2641 1485 2670 pag.
1514 2633 1577 2667 638,
1608 2639 1726 2664 exlune

936 2681 1067 2717 temporis
1079 2681 1149 2708 libro
1161 2681 1267 2708 inedito
1278 2680 1448 2709 italiabent:
1461 2680 1645 2717 Παραπέμπω
1664 2683 1726 2715 τοὺς

936 2730 1115 2766 βουλομένους
1144 2728 1194 2764 τὴν
1221 2727 1286 2762 ὅλην
1330 2727 1439 2762 αἵρεσιν
1476 2727 1531 2754 τῶν
1564 2727 1724 2764 Βογομὶὶων

934 2777 1081 2811 διαγνῶναι
1102 2776 1142 2808 εἰς
1171 2775 1202 2802 τὸ
1229 2775 1301 2802 οὕτω
1327 2775 1497 2811 καλούμενον
1527 2775 1640 2810 βιϐλίον,
1661 2777 1724 2810 δογ-

935 2834 1018 2862 tradit
1039 2834 1066 2860 in
1076 2833 1176 2870 codice
1197 2831 1351 2870 Bodleiano.
1368 2832 1436 2870 Cum
1461 2841 1525 2870 vero
1550 2834 1576 2861 in
1598 2834 1725 2869 Prolcgo—

936 2869 1138 2897 menisnullam
1163 2868 1330 2894 mentionem
1350 2868 1445 2896 iecerit
1469 2869 1606 2897 Bodleiani
1621 2868 1724 2897 codicis

935 2904 1085 2940 Euthymii,
1112 2902 1417 2940 suspiciqsuboritur.
1433 2904 1553 2940 ,Millium
1580 2914 1630 2940 pro
1653 2905 1724 2934 Uod-

936 2937 1025 2970 lenuo
1043 2937 1169 2968 voluisse
1182 2937 1304 2966 scribere
1326 2939 1505 2969 Barocciano.

1178 2983 1193 2999 TE
