1922 3070
234 237 276 269 -15
953 226 1164 260 ΡιιμειτΑΤιο.
1833 220 1866 252 16

241 290 360 328 ματικὴν
385 288 548 321 πανοπλίαν,
572 287 602 321 ἐξ
623 286 758 322 ἐπιταγῆς
788 284 891 320 τούμοῦ
922 283 1026 318 πατρὸς
1045 290 1064 317 Α

241 337 425 365 συντεθεῖσαν.
452 335 507 362 Καὶ
539 334 594 370 γὰρ
630 333 747 369 μοναχὸν
776 340 837 359 τινα
875 329 1029 365 Ζυγαδηνὸν

240 384 421 418 καλούμενον,
451 381 571 416 γνωστὸν
601 380 651 414 μὲν
681 381 714 415 τῇ
748 378 876 414 δεσποίνῃ
895 376 1028 412 καὶπρὸς

244 431 348 466 μητρὸς
373 430 426 464 ὲμῇ
452 427 563 463 μάμμῃ,
588 426 635 453 καὶ
660 427 727 452 πᾶσι
745 427 802 456 τοῖς
824 424 872 451 τοῦ
890 421 1029 458 ἱερατικοῦ

241 476 408 509 καταλόγου,
435 473 634 509 γραμματικῆς
658 471 686 498 δὲ
714 471 753 502 είς
771 471 856 505 ἄκρον
879 468 1031 505 ὲληλακὸτα

243 523 291 550 καὶ
307 520 456 558 ῥητορικῆς
469 520 520 547 οὐκ
538 518 708 554 ἀμελέτητον
733 517 809 549 ὄντα,
824 516 871 544 καὶ
892 516 922 542 τὺ
942 515 1031 549 δόγμα

241 569 279 601 ὡς
293 570 342 595 οὐκ
354 567 432 598 ἄλλος
445 575 487 598 τις
502 565 694 600 ἐπιστάμενον.
710 564 811 590 Τοῦτον
823 564 836 589 ὁ
852 561 1030 597 αὐτοκράτωρ

244 614 493 651 μεταπεμψάμενος
509 613 640 645 ἐπέταξεν
656 611 765 642 ἁπάσας
782 609 831 641 τὰς
848 608 971 645 αἱρέσεις
984 608 1031 633 ὲκ-

244 661 349 692 οέσοαι,
376 660 495 694 ἑκάστην
528 658 592 694 ἰδίᾳ,
625 657 673 684 καὶ
693 655 735 691 ἐφ’
768 656 871 690 ἑκάστῃ
897 652 1032 690 [ἑκάστῳ

240 708 309 734 edit.
335 706 422 732 Paris.
443 704 514 740 quod
533 704 621 739 ipsum
641 709 750 738 quoque
773 701 837 729 ferri
854 698 965 735 potest]
982 699 1032 730 τὰς

241 753 296 779 τῶν
322 752 407 786 ἁγίων
437 751 567 786 Πατέρων
593 748 749 785 ἀνατροπὰς
773 746 975 783 ἐγγράψασθαι.
998 760 1032 766 -—

242 799 351 834 Ταύτην
365 798 414 833 τὴν
443 797 533 833 βίϐλον
559 796 729 831 ὀογματικὴν
752 793 904 821 πανοπλίαν
921 793 935 818 ὁ
950 792 1032 819 αὑτο-

243 846 355 881 κράτωρ
375 844 529 878 ὠνόμασεν.
563 841 717 876 Ζυγαδηνὸν
749 847 813 875 ergo
837 839 919 866 habet
948 837 1033 865 editio

244 890 508 924 l'arisina,Allatius
520 897 553 916 ex
584 888 690 921 codice,
720 894 773 914 nec
806 884 1034 913 Montefaicotiius

244 938 271 965 in
282 937 350 965 bibl.
366 936 479 964 Coislin.
506 943 535 970 p.
563 934 615 962 5:39
632 941 665 960 ex
689 940 739 960 suo
767 932 862 959 codice
894 931 947 958 hoc
972 929 1033 957 loco

240 983 354 1012 notavit
380 982 546 1010 dissensum.
575 979 704 1015 l’anoplia
745 978 881 1013 Euthymii
912 978 1032 1012 primum

245 1031 318 1057 edita
348 1034 390 1056 est
417 1028 514 1055 Latine
526 1034 558 1054 ex
576 1027 704 1054 versione
715 1025 788 1052 Petri
819 1023 1031 1051 FrancisciZini

244 1074 410 1102 Veronensis
439 1073 534 1100 Venet.
572 1072 641 1100 1555
670 1080 685 1098 a
709 1078 763 1106 quo
794 1069 865 1098 haud
889 1069 973 1096 dubie
1001 1076 1034 1096 ex

245 1121 350 1150 codicis
373 1120 464 1147 indice
498 1123 611 1146 vocatur
634 1118 796 1153 ligabcnus.
815 1116 907 1144 Graece
918 1115 1035 1150 primum

245 1167 372 1204 apparuit
396 1165 557 1201 Tergobysti
575 1165 642 1192 i7l0
653 1171 706 1199 qua
733 1163 853 1190 editione
873 1162 913 1189 usi
940 1168 1036 1189 sumus

245 1216 374 1250 lilosquac.
399 1213 450 1241 Hic
477 1211 628 1249 appellatur
672 1209 832 1245 Ζιγαδηνός.
870 1208 962 1235 Dicam
1003 1207 1037 1234 de

243 1261 385 1290 codicibus
399 1258 607 1294 Mosquensibus
628 1257 711 1291 hujus
726 1255 875 1290 Panopliaa.
893 1253 1037 1288 Antiquis-

245 1310 333 1336 simus
355 1312 398 1335 est
429 1306 654 1334 membranaceus
685 1310 742 1330 sec.
780 1309 817 1328 xu
863 1300 1037 1327 bibliothecae

246 1347 670 1389 typographeisynodalisin-fol.
692 1354 780 1378 num.,
802 1344 834 1372 10
846 1365 853 1377 ,
869 1344 914 1378 qui
939 1345 965 1370 in
983 1344 1035 1369 hoc

246 1387 358 1426 nomine
370 1404 425 1423 non
440 1395 532 1422 didert
548 1394 582 1420 ab
595 1392 716 1420 editione
741 1390 956 1425 Tergobystana.
989 1387 1039 1415 Se-

246 1444 354 1473 cundus
368 1441 493 1478 ejusdem
519 1440 691 1468 bibliothecae
702 1437 794 1465 in-fol.
810 1444 888 1463 num.
905 1435 949 1467 15,
965 1435 995 1462 Β.
1010 1435 1036 1462 in

247 1492 341 1518 charta
359 1489 519 1523 bombycina
536 1487 617 1513 habet
629 1484 788 1519 Ζιγαὸηνός.
807 1482 916 1510 Tertius
929 1482 1039 1509 charta-

247 1545 314 1565 ceus
327 1544 384 1564 sec.
397 1543 442 1566 xv,
462 1532 635 1561 bibliotheca:
643 1530 821 1558 sanctissima:
835 1528 930 1564 synodi
945 1528 971 1554 in
990 1527 1038 1554 fol.

248 1592 326 1612 num.
341 1583 385 1616 50,
399 1580 534 1617 Zygadcni
559 1578 682 1606 exhibet.
710 1576 830 1609 Quartus
862 1575 984 1610 ejusdem
1000 1573 1040 1600 bi-

247 1630 401 1661 bliothecae,
417 1635 472 1654 see.
495 1634 550 1658 xiv,
566 1625 593 1651 in
606 1624 698 1651 charta
714 1621 877 1657 bombycina
890 1621 918 1647 in
929 1624 1037 1654 quarto,
1052 1630 1074 1662 Ο

249 1684 328 1704 num.
342 1675 393 1702 569
414 1674 501 1709 primo
512 1672 576 1699 folio
590 1676 675 1699 caret.
694 1669 748 1696 Etsi
763 1668 845 1704 igitur
861 1667 928 1694 satis
940 1666 1039 1701 proba-

249 1724 305 1752 bile
331 1726 383 1754 est,
411 1721 484 1748 hunc
512 1716 748 1746 Commentarium
779 1714 911 1749 scriptum
928 1721 989 1741 esse
1005 1713 1040 1740 ab

246 1768 397 1805 Euthymio
412 1775 418 1794 :
439 1771 529 1794 tamen
545 1764 658 1792 dubium
671 1767 723 1795 est,
750 1766 841 1789 utrum
869 1759 1038 1796 Zygadenus,

246 1824 289 1843 -an
304 1815 466 1850 Zigadenus,
481 1820 518 1839 an
532 1810 686 1845 Zigabenus
698 1807 786 1835 dictus
815 1807 860 1834 sit.
886 1805 1038 1839 Plerisque,

250 1862 420 1892 utarlutror,
443 1867 475 1885 ex
501 1858 546 1884 his
562 1863 622 1891 quae
634 1855 762 1886 diximus,
780 1851 940 1887 probabitur
955 1850 1040 1885 Zyga-

250 1908 349 1938 denus,
373 1904 445 1940 quod
473 1902 540 1929 mihi
566 1901 649 1928 etiam
678 1898 798 1930 interim,
830 1897 919 1923 donec
949 1896 1041 1930 plures

251 1951 361 1979 codices
388 1948 580 1977 consuluntur,
612 1946 711 1980 placet.
744 1943 778 1970 Ut
806 1945 898 1968 autem
925 1940 1043 1967 lectores

252 1997 366 2029 scirent,
396 2002 457 2030 quae
491 1990 595 2021 scholia
626 1990 655 2017 in
684 1988 855 2023 marginibus
887 1987 1043 2021 legerentur

255 2043 407 2071 Ilenteuius
424 2042 450 2068 in
465 2038 602 2075 principio
620 2043 727 2069 eorum,
744 2035 772 2062 in
794 2033 920 2061 versione
937 2032 1042 2062 Latina,

252 2091 417 2124 ascripserat
449 2086 556 2121 signum
601 2082 702 2115 crucis,
736 2080 809 2116 quod
847 2087 898 2106 nos
928 2077 1045 2105 retinui-

253 2144 324 2164 mus.
355 2135 420 2167 Qum
444 2132 472 2159 in
499 2130 574 2158 nullo
618 2135 742 2156 meorum
780 2127 917 2161 leguntur,
943 2125 1044 2160 duplici

254 2189 337 2211 cruce
365 2178 470 2215 signari
491 2178 520 2204 in
549 2180 679 2203 contextu
702 2174 808 2201 Graeco.
835 2173 936 2200 Eodem
966 2171 1046 2198 modo

255 2227 348 2257 notavi
377 2227 458 2254 etiam
486 2224 514 2251 in
541 2222 668 2250 versione
699 2220 794 2247 Latina
821 2226 852 2246 ea
887 2225 947 2253 quae
975 2217 1046 2252 apud

254 2273 421 2303 Hentenium
437 2279 494 2298 non
526 2269 712 2304 reperiuntur.
732 2265 789 2293 Etsi
816 2264 942 2292 lleutenii
961 2263 1047 2290 inter-

253 2321 384 2358 pretatio,
399 2327 432 2346 ex
451 2325 507 2346 uno
527 2317 596 2343 libro
613 2314 715 2349 scripto
733 2319 871 2348 expresSa,
886 2312 923 2338 ita
950 2311 976 2337 in
991 2310 1046 2345 ple-

255 2355 348 2403 i'isque
361 2365 440 2397 locis,
455 2367 589 2399 quantum
603 2359 713 2395 quidem
729 2359 827 2393 lingua:
843 2357 946 2392 patitur
957 2355 1047 2382 diver-

257 2399 335 2444 sitas.
353 2412 439 2439 iidelis
455 2413 508 2442 est,
528 2413 558 2435 ut
569 2406 672 2434 codicis
684 2403 875 2432 auctoritatem
899 2402 925 2428 in
947 2399 1048 2428 consti-

258 2459 363 2488 tuendo
386 2455 526 2491 Euthymii
556 2456 685 2481 contextu
715 2450 817 2478 habere
831 2447 928 2483 possit,
955 2450 1047 2473 tamen

258 2507 408 2533 occurrunt
420 2503 490 2531 loca.
507 2499 564 2527 sive
581 2496 750 2531 interpretis,
778 2494 836 2521 sive
866 2492 968 2520 codicis
993 2498 1049 2526 quo

259 2557 325 2578 usus
336 2553 378 2576 est
386 2547 477 2582 culpa,
487 2545 515 2572 in
527 2543 627 2579 quibus
638 2540 738 2575 aliquis
758 2538 844 2574 possit
853 2537 1001 2565 otTendcre.
1014 2536 1050 2563 Ea

259 2597 391 2630 deinceps
403 2591 495 2620 notavi
511 2595 539 2618 et
552 2597 585 2617 ex
601 2588 670 2616 meis
682 2585 824 2614 codicibus
848 2583 964 2611 correxi.
982 2582 1050 2609 illud

260 2643 342 2671 etiam
362 2629 538 2668 Vinoneudum
570 2635 646 2668 duxi,
673 2633 746 2668 quod
776 2632 804 2658 in
819 2636 934 2664 utroque
946 2629 1050 2661 codice,

260 2689 325 2718 folio
335 2688 362 2720 5,
382 2687 409 2714 in
431 2683 526 2712 codice
542 2681 652 2717 quidem
680 2687 696 2705 a
714 2677 765 2706 sub
793 2677 909 2712 imagine
921 2674 1054 2709 Chrysos-

260 2734 336 2767 tomi,
356 2734 383 2760 in
397 2732 423 2764 ὁ,
436 2735 498 2766 post
511 2728 617 2756 Iudices
630 2725 750 2761 capitum
763 2726 878 2758 quatuor
888 2720 1051 2756 Evangelia-

260 2788 332 2812 rum,
350 2779 377 2806 hi
390 2784 486 2805 versus
501 2776 641 2811 leguntur.

314 2825 424 2854 Πολλῶν
444 2824 534 2849 πόνων
550 2821 647 2856 ἔρανος
659 2816 856 2856 γὴκριϐυξμένομς
866 2824 872 2831 ·

315 2852 397 2889 ὗὺῦὲν
411 2858 550 2895 περιττὸν,
566 2852 643 2882 οὐδὲν
659 2852 752 2880 λεῖπον
768 2852 862 2878 ἐνθάδε
872 2859 879 2866 ·

1133 282 1172 310 Τὰ
1186 281 1274 309 πάντα
1288 281 1321 314 δ’,
1340 280 1378 313 ὡς
1393 279 1455 315 χρὴ,
1475 279 1521 315 καλ.
1536 277 1625 315 καλῶς
1633 275 1808 315 ,ἐσκεμμένα-

1134 317 1188 344 Καί
1204 326 1230 344 τι
1247 313 1328 344 πλέον
1339 313 1467 351 φέροντα,
1482 314 1619 351 ιτολμήσεις
1633 313 1705 351 λέγω
1716 321 1722 327 ·

1133 353 1221 388 Χάρις
1237 352 1267 379 δὲ
1284 347 1358 378 πᾶσα
1373 347 1412 385 τῷ
1433 349 1507 384 σοφῷ
1520 347 1718 384 Χρυσοστόμῳ.

1083 409 1139 437 Hos
1163 415 1259 436 versus
1284 407 1419 435 Macarius
1430 404 1676 440 Chrysocephaius,
1693 403 1811 437 scriptor
1825 409 1869 429 re-

1082 454 1251 486 centior,ita
1265 453 1294 480 in
1309 459 1374 480 suos
1390 459 1456 479 usus
1480 450 1633 483 convertit,
1655 453 1686 476 ut
1715 453 1823 476 constat
1836 455 1870 476 ex

1081 501 1208 533 Fabricii,
1225 499 1294 528 Bibl.
1309 499 1356 527 Gr.
1379 503 1399 526 t.
1414 498 1470 531 νυ,
1486 506 1503 533 p
1527 497 1589 524 772.

1136 545 1245 573 Πολλῶν
1255 545 1455 581 πόνων-ἔρανος
1471 541 1673 581 ἠκριὸῳιξένος,

1136 582 1176 608 Τὰ
1191 582 1279 608 πάντα
1293 581 1326 611 δ’,
1341 575 1380 611 ὼξ
1393 579 1457 615 χρὴ,
1467 575 1522 615 οὶαῖ
1537 575 1816 615 καλῷςλέσκεμμένα,

1134 615 1218 644 Οὐδὲν
1234 615 1375 651 περιττὸν,
1387 613 1452 651 άῦδι
1460 614 1558 651 Δλεῑττον
1566 613 1676 651 Δἐνθάδε,

1136 647 1280 686 Μακάριος
1293 649 1398 685 συνῆψε
1415 647 1615 684 φιλαδελφείας.

1083 707 1171 736 Credo
1185 711 1288 739 autem,
1315 706 1358 733 Jo.
1400 705 1630 740 Christophorum
1660 701 1805 735 Wolﬂum,
1841 701 1870 728 in

1084 754 1181 782 codice
1194 752 1361 780 Barocciano
1372 751 1423 779 hos
1433 758 1528 778 versus
1538 751 1575 777 ita
1588 749 1705 784 scripIOS
1714 748 1850 783 reperisse
1864 757 1870 774 :

1136 810 1246 837 Πολλῶν
1255 824 1292 830 —-
1302 807 1496 844 ἠκριΰωμένος
1506 814 1513 822 ο
1530 805 1659 844 (ᾖῷδὲνέ-
1671 805 1774 832 ἐνθάδε.

1136 846 1178 873 Ὶά
1188 846 1277 872 πάντα
1299 839 1524 879 -ξ-’έσκέμμένω
1540 842 1684 876 Μακάριος
1699 839 1873 911 -ἱφιῖαδελ-

1746 883 1778 909 ipa
1792 883 1837 906 ας.

1746 883 1837 909 φειας.

1085 938 1144 974 Ipse
1165 942 1268 971 autem,
1297 940 1328 964 ut
1355 936 1474 968 videtur,
1517 933 1640 962 ordinem
1665 933 1789 960 mutavit.
1816 931 1875 959 Non

1086 991 1176 1012 autem
1192 983 1317 1011 mirabile
1331 987 1383 1016 est,
1399 982 1523 1010 Graecum
1537 980 1676 1007 hominem
1692 979 1762 1006 alius
1787 978 1877 1006 versi-

1085 1032 1137 1059 bus
1152 1038 1202 1066 pro
1210 1030 1268 1057 suis
1279 1037 1358 1056 usum
1372 1035 1443 1056 esse.
1454 1028 1528 1061 Quos
1537 1027 1610 1054 enim
1619 1033 1670 1062 ego
1678 1033 1711 1053 ex
1721 1024 1875 1059 Mosquensi

1086 1077 1181 1104 codice
1212 1076 1423 1110 Evangeliorum
1453 1083 1482 1106 a,
1514 1073 1549 1101 ad
1577 1071 1727 1107 Episwlam
1740 1069 1816 1098 Pauli
1842 1069 1878 1096 ad

1088 1122 1362 1154 Tliessalmiicenses,
1386 1129 1414 1156 p.
1434 1120 1498 1153 2M,
1526 1118 1734 1152 edidi,eosdem
1762 1124 1794 1144 ex
1822 1116 1879 1143 alio

1087 1169 1180 1197 codice
1194 1168 1318 1195 ediderat
1332 1167 1388 1194 Leo
1405 1166 1531 1199 Allatius,
1554 1164 1589 1191 De
1612 1163 1686 1190 libris
1705 1161 1780 1194 eccl.,
1806 1160 1878 1196 apud

1087 1215 1207 1248 Fabric.,
1223 1214 1294 1241 Bibl.
1309 1213 1356 1241 Gr.
1376 1213 1430 1241 vol.
1449 1211 1481 1244 ν,
1496 1219 1523 1247 ρ.
1539 1211 1585 1244 28,
1600 1217 1663 1238 cum
1675 1209 1773 1244 exigua
1787 1207 1878 1234 varie-

1090 1268 1155 1290 tate.

1123 1307 1258 1340 Quoniam
1279 1311 1370 1333 autem
1383 1305 1509 1333 idoneam
1528 1303 1572 1330 hic
1582 1303 1656 1329 nacti
1671 1308 1768 1328 sumus
1796 1306 1880 1326 occa-

1089 1354 1193 1382 sionem
1210 1354 1244 1380 de
1263 1352 1409 1387 Euthymio
1438 1349 1600 1380 disserendi,
1612 1347 1700 1382 primo
1716 1346 1760 1373 hic
1773 1345 1880 1372 addidi-

1090 1407 1151 1427 mus
1163 1399 1355 1434 supplementa
1373 1397 1496 1430 quaedam
1513 1394 1548 1421 ad
1565 1393 1714 1420 editionem
1741 1391 1881 1426 Panopliae

1091 1445 1320 1481 Tergobystanam
1338 1451 1345 1469 :
1359 1441 1460 1469 deinde
1474 1441 1624 1475 adjecimus
1638 1440 1720 1466 unius
1732 1438 1832 1465 Psalmi
1847 1445 1881 1464 ex

1091 1493 1169 1520 codd.
1183 1491 1287 1519 scholia
1301 1499 1308 1523 ;
1321 1497 1353 1517 ac
1368 1489 1486 1523 denique
1494 1488 1526 1515 de
1536 1488 1597 1513 aliis
1609 1485 1763 1521 Eulhymiis
1772 1483 1882 1511 monui-

1091 1548 1163 1571 mus,
1184 1545 1300 1574 quorum
1322 1536 1351 1564 tit
1370 1537 1473 1563 mentio
1486 1535 1513 1561 in
1542 1533 1684 1561 codicibus
1709 1531 1882 1566 Mosquensi-

1093 1587 1154 1613 bus.

1126 1681 1325 1718 (Supplementa
1341 1678 1376 1704 ad
1392 1677 1530 1704 editionem
1549 1675 1683 1709 l’anopha:
1711 1672 1762 1707 ipsi
1791 1672 1882 1699 Pano-

1091 1730 1152 1765 plia:
1166 1727 1340 1764 prtemisimus
1363 1731 1421 1750 cum
1447 1721 1593 1749 recensione
1608 1719 1722 1745 codicum
1738 1717 1881 1752 Masquem

1091 1762 1181 1806 siuna,-
1198 1771 1296 1799 scholia
1326 1770 1405 1796 etiam
1419 1769 1454 1795 ad
1468 1767 1600 1802 psalmum
1629 1771 1671 1791 Cix
1685 1763 1762 1797 hujus
1783 1762 1880 1796 psalmi

1093 1821 1174 1848 textui
1185 1818 1353 1853 subjecimus.
1370 1816 1444 1842 linrr.
1461 1814 1513 1841 Pu
1520 1814 1558 1844 ιι.)

1131 1925 1169 1952 De
1184 1923 1245 1950 aliis
1276 1920 1568 1956 Eutltymiiquuarum
1584 1916 1614 1956 [ἱι
1639 1914 1735 1942 mentio
1762 1913 1790 1939 in
1811 1913 1886 1938 codi-

1343 1953 1416 1982 cibus
1429 1953 1638 1987 Mosqueusibus.

1131 2008 1156 2043 a)
1191 2004 1353 2040 Euthymius
1380 2001 1531 2029 monachus
1558 1998 1592 2026 de
1627 1995 1749 2032 apostolo
1779 1993 1885 2021 Thema

1096 2039 1214 2089 scripsit.
1229 2039 1368 2078 Inrcodice
1383 2048 1450 2075 bibl.
1514 2044 1544 2072 S.
1561 2050 1638 2070 num.
1656 2041 1691 2069 26
1707 2039 1797 2067 in-i'ol.
1813 2048 1821 2071 ;
1838 2039 1884 2072 qui

1097 2105 1138 2128 est
1151 2085 1380 2126 inembranaceus
1393 2100 1438 2120 sec
1454 2099 1481 2122 x,
1494 2094 1542 2117 aut
1553 2097 1591 2121 ιιι,
1622 2087 1687 2114 folio
1701 2086 1746 2118 64,
1763 2085 1799 2111 ita
1818 2085 1887 2119 legi-

1098 2152 1142 2173 tur
1154 2153 1161 2172 :
1174 2142 1312 2177 Εὺουμίου
1331 2140 1378 2166 τοῦ
1399 2135 1530 2164 ταπεινοῦ
1543 2133 1661 2170 μοναχοῦ
1685 2131 1824 2166 ἐγκώμιον
1847 2131 1888 2161 εἰς

1096 2194 1142 2220 τὸν
1154 2192 1230 2225 ἆγιον
1245 2187 1347 2222 Θωμᾶν
1370 2185 1416 2212 τὸν
1438 2182 1586 2210 ἀπόστολον
1599 2188 1608 2197 ο
1626 2179 1732 2214 incipit,
1753 2178 1787 2203 Ἢ
1811 2177 1892 2213 πηγὴ

1098 2238 1146 2272 τῆς
1167 2224 1274 2269 σοφίας.
1287 2232 1403 2260 Additur
1429 2233 1570 2265 praetcrea,
1590 2226 1655 2262 μηνὶ
1669 2224 1870 2272 Ὀκτωϐρίῳ.

1065 2302 1085 2329 D
1105 2262 1162 2318 71b)
1181 2262 1342 2316 Eilthjlmius
1356 2262 1450 2305 abbas.
1469 2276 1498 2303 In
1516 2275 1610 2302 codice
1626 2272 1746 2308 ejusdem
1765 2271 1830 2298 bibl.
1846 2262 1872 2296 il.

1103 2330 1150 2358 l'ol.
1162 2337 1240 2356 num.
1254 2327 1286 2355 41
1302 2326 1400 2362 quiest
1416 2322 1642 2351 menibranaccus
1655 2326 1710 2347 sec.
1728 2326 1766 2350 ιι,
1788 2321 1836 2344 aut
1861 2325 1890 2349 χ,

1102 2378 1139 2405 ita
1155 2375 1255 2411 reperi.

1137 2423 1213 2451 Folio
1225 2422 1267 2449 59.
1283 2419 1418 2454 Πρόλογος
1434 2416 1480 2444 τοῦ
1496 2415 1530 2451 (s)
1549 2415 1576 2441 ὲν
1591 2413 1676 2448 ἁγίοις
1692 2410 1797 2446 Πατρδς
1810 2410 1892 2444 ἡμῶν

1103 2470 1254 2505 Εὑϐυμίου.
1271 2468 1354 2495 lndex
1375 2469 1417 2493 est
1442 2473 1450 2492 ;
1476 2462 1521 2497 Τῷ
1543 2460 1703 2495 τιμιωτάτῳ
1719 2457 1766 2484 καὶ
1782 2456 1893 2491 άληθῶς

1103 2503 1225 2553 ὲναρέτῳ
1237 2515 1325 2550 Πατρὶ
1340 2510 1520 2547 πνευματικῷ
1531 2507 1604 2543 ἁδὸᾷ
1618 2505 1757 2541 Γεωργίῳ,
1770 2503 1893 2540 πρεσϐυ-

1104 2551 1176 2601 τέριρ
1198 2563 1246 2590 καὶ
1264 2561 1421 2597 ἡγουμένῳ,
1437 2557 1593 2593 θεαρέστως
1618 2552 1782 2588 ἡσυχάζοντι
1807 2551 1837 2576 ὲν
1852 2551 1894 2585 τῷ

1106 2592 1177 2638 κατά
1188 2592 1353 2636 Σκυθόστολιν
1363 2592 1449 2639 τότιῳ,
1461 2592 1624 2637 καλουμένῳ
1633 2599 1744 2630 Βεελλὰ,
1758 2597 1893 2632 Κύριλλος
1921 2592 1922 2603 ¹

1105 2656 1302 2693 πρεσϐύτερος,
1330 2654 1358 2679 ἐν
1383 2651 1479 2687 Κυρίῳ
1505 2649 1622 2685 χαίρειν.
1645 2646 1756 2673 initium
1772 2652 1779 2671 :
1798 2643 1894 2676 Πίστις

1063 2713 1067 2717 ”
1105 2703 1292 2741 προηγείσθω.

1141 2738 1217 2778 Folio
1226 2750 1269 2777 40.
1279 2748 1341 2780 Βίος
1349 2746 1397 2773 τοῦ
1406 2747 1434 2773 ἐν
1445 2745 1532 2779 ἁγίοις
1541 2744 1598 2770 Πατ
1604 2743 1648 2776 ρος
1657 2740 1736 2776 ήμῶν
1743 2738 1895 2773 EBG-opimi.

1100 2799 1233 2827 Initium:
1253 2797 1283 2823 '0
1305 2794 1453 2831 μονογενὴς
1479 2792 1554 2822 Υἱός.
1588 2789 1651 2816 llaec
1670 2788 1729 2814 \‘ita
1745 2786 1830 2813 dixisa
1854 2792 1896 2812 est

1103 2847 1130 2872 in
1149 2845 1251 2879 capita.
1275 2842 1328 2870 Sed
1358 2842 1385 2868 in
1410 2841 1462 2868 hoc
1488 2838 1584 2866 codice
1605 2840 1647 2863 est
1671 2834 1777 2861 mutila.
1797 2833 1895 2859 Delicit

300 2933 332 2968 (ε)
350 2931 399 2958 llic
425 2929 554 2968 prologus
581 2903 635 2954 non
659 2925 782 2968 scriptus.
807 2927 849 2950 est
873 2920 906 2949 ab
929 2918 1086 2955 Eutliymio,
1105 2916 1153 2945 sed
1173 2915 1208 2943 ab
1236 2914 1346 2950 Cyrillo,
1367 2917 1398 2940 ut
1422 2919 1484 2940 mox
1515 2906 1675 2945 apparebit,
1706 2905 1732 2932 in
1759 2903 1893 2931 honorent

263 2960 409 3005 Eu‘ttiynui,
427 2960 578 3000 legiturque
593 2967 656 2990 ante
669 2963 728 2997 ejus
745 2960 842 2987 \‘Xtaut.
