1922 3070
161 117 193 152 εὶῖ
876 121 1087 153 ΓιιίιΕΕΑΤιΟ.
1754 118 1790 150 32

157 179 235 207 .lt-an.
251 179 385 209 Hentenio
400 181 427 209 in
443 183 569 211 cmnobio
583 184 658 219 regni
673 183 796 211 Castellae
809 188 947 217 repertum
963 182 986 209 Α
1000 186 1016 205 e
1029 177 1150 213 margine
1165 178 1192 204 in
1207 180 1363 205 contextum
1389 175 1531 210 irrepsisse
1547 175 1716 209 explumlllll'
1734 183 1787 204 θει-

158 229 186 252 ct
199 233 214 252 e
229 224 322 253 Grrcco
337 227 363 253 in
380 226 506 255 Latinum
519 236 673 256 sermonem
691 228 850 256 translatum
867 228 950 255 habe-

157 278 219 298 mus
243 276 309 298 tom.
327 273 388 300 XIX
416 273 485 301 Bibl.
515 275 566 302 PP.
591 275 715 302 maximae
731 274 828 309 Lugd..
848 283 874 309 p,
898 274 949 302 475

158 323 234 350 seqq.
257 315 426 344 Concinnata
452 324 494 346 est
518 319 574 346 lucc
600 319 732 354 expositio
757 327 788 346 ex
811 319 947 354 Origenis,

160 360 261 393 Basilii,
279 362 402 397 Gregorii
415 363 581 392 Nazianzeni
597 370 623 392 et
636 366 821 400 Chrysostmni
839 366 948 400 potissi—

159 416 235 435 mum
252 409 373 442 scriptis.
389 418 421 438 ea
439 411 556 444 ratione,
574 417 604 438 ut
618 412 809 447 praetermissis
821 412 950 439 onmibus

159 453 377 489 digressionibus
392 476 398 488 ,
414 464 474 490 qua:
486 457 527 484 vel
545 457 674 484 dictionis
688 462 858 485 venustatem
871 458 952 485 subo-

159 499 227 530 lem.
238 501 280 528 vel
292 501 324 528 ad
337 502 513 537 corrigendos
526 511 616 530 mores
627 508 761 538 spectant,
774 511 806 531 ea
818 504 845 530 in
855 503 950 538 primis

159 547 279 574 breviter
299 555 325 575 et
342 549 482 576 succincte
500 550 667 584 tradat,qu:e
679 550 711 577 ad
730 557 840 577 sensum
859 558 949 585 gram-

162 593 290 620 maticum
313 593 518 629 intelligendum
540 603 658 623 maxume
678 595 791 623 faciunt.
809 595 885 628 Quod
901 605 950 623 au-

161 639 246 664 ctoris
265 639 349 666 nostri
367 641 511 668 consilium
531 649 592 668 cum
608 642 668 669 aliis
685 642 750 669 viris
769 643 875 673 doctis.
893 647 950 670 tum

160 682 313 710 Maldonato
328 687 477 719 pnesertim
495 692 635 722 acceptum
653 688 713 720 fuit,
730 690 775 724 qui
792 690 819 716 in
832 697 902 717 rom.
918 690 950 716 ad

158 726 253 755 Matth.
269 736 335 761 xvu,
351 729 378 760 8,
397 731 423 757 in
443 732 586 760 verborum
604 734 818 768 proprietatibus
833 735 949 770 diligen-

159 773 292 800 tissimum
308 782 369 802 eum
388 784 448 803 esse
463 778 579 806 monuit.
599 779 762 807 Dubitarunt
778 785 868 808 autem
885 781 930 808 alii
942 801 949 813 ν

159 824 251 846 utrum
268 820 442 857 Euthymius,
456 832 490 851 an
504 825 574 852 alius
589 826 722 861 quispiam
738 827 858 854 auctoris
871 828 950 854 laude

159 866 299 893 ornandus
324 867 378 900 sit;
397 869 432 896 ad
455 877 524 904 quos
543 871 660 904 pertinet
684 871 763 900 Joan.
786 873 950 908 llentenius,

159 910 205 944 qui
221 911 247 938 in
265 913 344 947 epist.
362 922 485 950 nuncup.
500 916 595 947 refert.
608 918 733 953 plurimis
746 925 885 948 auctorem
899 921 951 948 liu-

157 956 202 992 jns
217 958 326 986 Catenae
339 960 427 988 visum
446 962 529 990 fuisse
544 963 754 993 OEcumenium.

196 1002 247 1030 Sed
263 1012 323 1031 cum
341 1005 406 1033 illud
426 1008 529 1036 videtur
545 1010 662 1038 maxime
679 1013 835 1047 ambiguum
853 1014 898 1044 sit.
915 1016 951 1042 ita

160 1056 211 1076 nec
226 1051 329 1078 certius
346 1052 410 1087 quid
429 1054 529 1082 evincit
546 1056 661 1084 adducta
677 1066 691 1084 a
708 1057 788 1086 Rich.
808 1059 919 1088 Simone
931 1062 949 1090 l.

159 1099 184 1119 c.
199 1100 260 1128 pag.
272 1095 334 1127 M0,
349 1097 517 1132 conjectura,
533 1107 595 1134 qua,
613 1100 846 1138 Theophylactum
858 1109 953 1132 auclo—

159 1144 216 1164 rem
238 1146 298 1167 esse
316 1140 366 1168 sibi
384 1143 539 1177 persuadet.
559 1145 609 1178 Qui
628 1147 700 1173 enim
719 1147 791 1175 inter
807 1153 952 1185 utrumque

159 1183 306 1212 intercedit
320 1194 482 1222 consensus,
503 1190 545 1217 vel
563 1198 576 1218 a
593 1190 786 1227 Chrysostomo
798 1215 804 1225 .
823 1183 950 1230 tanquam

159 1230 297 1256 communi
315 1231 400 1263 fonte,
416 1232 503 1266 ﬂuxit,
522 1235 563 1262 vel
581 1235 601 1262 si
617 1237 780 1271 singularem
795 1239 951 1274 dogmatum

158 1277 338 1309 quorumdam
358 1281 544 1308 tractationem
557 1284 699 1318 spectes,la
715 1285 840 1312 stabilitis
857 1286 885 1313 in
901 1287 953 1315 Ec-

159 1319 240 1348 clesia
256 1321 387 1351 Orientali
400 1324 459 1352 fidei
477 1326 620 1361 capitibus.
635 1328 734 1356 Verum
750 1331 849 1365 swpius
864 1332 952 1360 disce-

158 1367 224 1394 dere
239 1367 414 1404 Euthymium
427 1378 442 1397 a
456 1371 658 1408 Theophilacto
671 1382 732 1402 cum
747 1376 772 1402 in
789 1377 952 1412 interpreta-

160 1412 245 1445 tione,
265 1417 321 1440 tum
343 1414 370 1441 in
385 1415 510 1448 lectione.
527 1418 650 1453 exempla
668 1421 855 1455 comprobant.
872 1422 909 1449 lta
924 1431 950 1450 e.

159 1466 185 1485 c.
215 1466 276 1486 cum
299 1459 502 1497 'l‘lieopbylacto
530 1464 640 1498 quidem
669 1469 697 1492 et
720 1466 782 1494 aliis
811 1468 952 1496 codicibus

160 1506 301 1540 conspirat
316 1507 343 1534 in
358 1507 524 1536 lectionibus
539 1517 619 1544 supra
633 1511 670 1547 (π)
683 1514 842 1541 memoratis
854 1514 950 1543 Matth.
965 1521 987 1552 ρ

160 1557 202 1582 ιιι,
228 1550 279 1584 ll;
305 1560 341 1584 ν,
359 1553 407 1586 47;
427 1553 493 1582 Luc.
510 1563 558 1588 vn,
583 1557 613 1583 3|
634 1561 662 1584 et
689 1558 760 1585 aliis.
781 1559 859 1587 Hand
891 1569 953 1588 raro

162 1599 252 1624 tamen
269 1597 398 1634 singulari
416 1600 533 1629 lectione
546 1603 656 1637 gaudet.
671 1603 700 1631 in
715 1605 878 1639 quibusdam
893 1612 953 1635 tan-

161 1645 302 1672 tummodo
318 1645 350 1672 N.
370 1646 401 1673 T.
419 1648 558 1677 codicibus
573 1650 672 1684 obvia;
689 1656 719 1678 ut
733 1651 812 1680 Joan.
829 1661 886 1685 vin,
905 1653 953 1687 40,

162 1689 208 1736 ubi
231 1690 292 1718 loco
314 1692 389 1727 παρὰ
405 1693 454 1721 τοῦ
480 1694 542 1722 θεοῦ
565 1695 726 1732 Euthymius
745 1699 810 1734 legit
836 1708 844 1727 :
874 1701 951 1736 Παρὰ

160 1734 208 1761 τοῦ
228 1736 332 1772 πατρὸς
361 1738 436 1773 isque
461 1739 545 1772 solus,
565 1746 594 1768 et
620 1749 679 1775 χιιι,
697 1743 741 1776 25,
764 1745 822 1771 voci
846 1734 951 1777 tacetve;

162 1780 303 1817 subjungit
314 1782 401 1816 οὕτως
418 1805 424 1811 .
442 1784 507 1812 Cum
521 1794 581 1821 ergo
592 1787 637 1814 ille
651 1790 812 1817 recumberet
823 1791 861 1817 ita
872 1799 953 1825 super

163 1831 252 1860 pectus
263 1827 340 1862 Iesu,
357 1835 411 1857 etc.
428 1831 506 1864 Quod
524 1832 720 1869 interpretatur
736 1845 742 1862 :
762 1836 804 1863 Ιια
818 1837 897 1864 siculi
909 1846 952 1864 re-

162 1875 311 1909 cumbebat.
332 1877 379 1904 Iwc
392 1883 430 1906 est
446 1887 497 1906 non
512 1880 628 1908 elevatur
638 1890 648 1914 ,-
665 1883 709 1910 sed
729 1888 832 1910 tantum
844 1892 952 1912 convcr—

162 1928 216 1948 ειη.
240 1921 371 1950 Similiter
384 1923 463 1952 Joan.
490 1934 546 1960 χιχ,
567 1927 608 1959 16,
629 1927 695 1962 legit
720 1929 824 1963 ἧγκγον
850 1930 891 1960 εἰς
921 1930 952 1956 τὸ

164 1967 343 2003 πραιτώριον.
360 1968 452 1998 Matth.
470 1979 528 2002 χιιι,
545 1971 590 2003 27,
619 1971 696 2000 deest
712 1972 751 2008 σῷ
769 1973 805 2010 (y)
818 1983 825 2007 ;
840 1978 865 2001 et
885 1973 951 2002 Luc.

163 2021 190 2039 v.
211 2013 242 2040 t9
257 2013 389 2042 omissum
412 2015 644 2050 deprehendimus
657 2019 702 2045 διὰ
716 2024 781 2047 ante
799 2020 892 2052 ποίας.
917 2021 951 2047 lt.

164 2058 230 2086 Luc.
241 2068 306 2094 χχιι,
317 2061 362 2093 '55,
373 2067 445 2090 recte
462 2071 524 2089 cum
536 2063 615 2091 codd.
625 2065 787 2099 quibusdam
796 2066 897 2094 omittit
905 2067 952 2094 καὶ

162 2105 354 2142 ὑποδημάτων.
379 2108 431 2135 Sed
448 2108 537 2138 cantio
555 2110 597 2137 hic
615 2110 768 2138 adhibenda
790 2116 832 2139 est
845 2119 877 2139 ac
889 2113 952 2139 dili-

162 2151 263 2186 gentia,
280 2158 433 2188 propterea,
449 2155 521 2189 quod
535 2163 630 2183 omnes
643 2155 791 2184 lectionum
806 2158 951 2185 varietates

1001 224 1095 252 Refert
1109 224 1181 251 enim
1200 224 1350 250 llentenius
1366 223 1392 249 in
1407 222 1474 258 prch
1496 222 1609 257 margini
1626 223 1790 255 exemplaris

1000 270 1132 304 aseriptas
1148 269 1231 296 fuisse
1244 268 1433 296 adnotationes
1449 267 1496 303 (ι),
1513 275 1572 301 qure
1588 267 1687 294 deinde
1704 268 1730 294 in
1747 276 1790 294 τοι

1000 315 1080 350 lique
1098 314 1240 349 scriptura:
1261 314 1383 341 ordinem
1403 313 1520 340 redacta:
1543 318 1624 347 atque
1649 317 1709 347 post
1730 314 1790 347 ejus

1000 360 1140 395 particula:
1162 364 1251 387 textus
1267 359 1481 391 enarrationem,
1500 359 1533 386 ad
1549 367 1631 393 quam
1648 359 1788 393 poneban-

1002 409 1055 437 tur,
1073 406 1107 432 ab
1123 405 1180 440 ipso
1196 406 1289 432 locat:e
1307 405 1372 432 sint.
1393 404 1471 432 Unde
1486 404 1567 431 etiam
1588 403 1660 430 haud
1677 404 1786 434 mirum,

1000 451 1071 486 quod
1091 451 1172 477 toties
1186 458 1248 477 cum
1266 449 1415 484 exemplari
1433 449 1472 484 (α)
1490 448 1678 483 Complutensi
1695 448 1790 475 Graeco

1001 502 1027 524 et
1041 496 1154 532 Vulg-ato
1167 497 1314 531 interprete
1329 500 1470 531 congruat,
1487 495 1636 530 pra-sertim
1653 502 1714 521 cum
1732 495 1790 528 ipse

1001 543 1087 571 editor
1100 543 1169 570 mala
1185 543 1235 570 fide
1249 543 1276 569 in
1292 542 1450 576 οοιΊ-ῑςί-ιιιιο
1466 541 1581 567 subinde
1596 541 1690 575 egerit.
1707 540 1745 566 lla
1763 540 1789 566 in

1001 590 1160 616 recensione
1177 588 1297 615 locorum
1322 586 1502 622 quorumdam
1515 607 1521 616 ,
1538 586 1564 613 iu
1582 586 1681 621 quibus
1698 586 1791 612 e’xem-

1002 636 1060 670 plar
1080 635 1207 663 llentenii
1229 635 1279 662 alia
1305 635 1429 665 habebat,
1455 641 1536 668 quam
1561 640 1604 664 ea,
1624 639 1683 667 qua:
1711 631 1791 666 vulgo

1001 682 1242 713 circumferuntur.
1270 681 1447 716 exemplaria,
1479 680 1537 714 ipse
1564 679 1624 705 loco
1653 678 1699 705 cit.
1727 685 1789 712 pag.

1000 727 1063 761 485,
1088 732 1190 760 narrat,
1209 728 1290 754 verba
1312 727 1377 754 Luc.
1402 735 1456 758 χιχ,
1478 726 1519 753 l5.
1546 723 1586 756 οἷς
1602 726 1687 752 ἔδωκε
1713 724 1748 759 (II)
1764 724 1793 750 τὸ

1002 773 1134 808 ἀργύριον
1145 774 1217 808 apud
1230 773 1404 808 Eutbymium
1417 780 1469 799 non
1483 771 1623 799 exstitisse
1639 781 1644 798 :
1661 771 1736 803 Quod
1753 775 1792 796 m-

1003 827 1072 852 meu,
1088 820 1177 854 inquit
1191 819 1341 846 addidimus
1361 820 1427 845 sicut
1443 818 1597 853 quibusdam
1614 817 1675 844 aliis
1690 818 1716 843 in
1728 817 1791 843 locis

1004 866 1071 892 idem
1089 866 1205 901 fecimus,
1227 865 1296 901 quod
1313 865 1339 892 in
1356 864 1417 891 aliis
1431 863 1625 898 exemplaribus
1637 868 1660 890 et
1674 863 1700 889 in
1712 862 1791 889 Coni-

1005 913 1072 948 plut.
1089 915 1203 941 editione
1221 914 1358 941 habeatur.
1385 913 1464 941 llisce
1487 913 1570 941 nawis
1591 913 1669 940 facile
1690 912 1792 939 mederi

1004 959 1156 995 potuissent
1177 960 1305 992 editores,
1325 959 1346 986 si
1374 964 1477 986 textum
1503 958 1641 994 Enthymii
1667 959 1794 994 collegis-

1003 1010 1064 1033 sent
1077 1013 1091 1033 e
1102 1006 1240 1033 codicibus
1256 1005 1367 1037 Grazcis,
1384 1006 1535 1040 przesertim
1552 1005 1752 1032 l’arisiensibus
1766 1010 1794 1032 et

1005 1051 1172 1079 Barocciano
1185 1052 1229 1084 28,
1244 1052 1290 1086 qui
1305 1051 1390 1078 Millio
1404 1051 1542 1086 quondam
1557 1051 1583 1078 in
1597 1051 1792 1084 conquirendis

1003 1096 1167 1124 lectionibus
1192 1105 1289 1132 magno
1315 1097 1478 1132 adiumento
1502 1097 1563 1124 fuit.
1586 1097 1654 1123 Illud
1682 1104 1792 1131 quoque

1005 1142 1146 1170 sciendum
1159 1147 1210 1175 est,
1226 1143 1398 1178 Euthymium
1412 1143 1445 1169 iis
1458 1143 1484 1169 in
1500 1143 1576 1175 locis,
1590 1143 1634 1170 ubi
1649 1150 1795 1178 argumen—

1005 1193 1061 1215 tum
1076 1197 1105 1216 se
1120 1189 1210 1222 oﬂ'ert,
1228 1190 1301 1224 quod
1319 1189 1346 1216 in
1371 1189 1424 1216 alio
1442 1189 1608 1223 evangelista
1623 1189 1678 1223 jam
1696 1188 1794 1216 diluci-

1004 1235 1095 1262 datum
1114 1241 1181 1266 erat.
1201 1235 1386 1263 transmittere
1399 1235 1528 1262 lectorem
1547 1235 1579 1262 ad
1596 1236 1697 1262 dictam
1712 1243 1795 1269 expo-

1004 1279 1142 1312 sitionem,
1158 1280 1241 1307 citato
1251 1280 1380 1307 nimirum
1397 1280 1471 1315 juxta
1484 1280 1640 1307 Grazcorum
1657 1284 1792 1314 supputa-

1006 1324 1107 1352 tionem
1127 1326 1236 1360 capite;
1254 1326 1332 1360 cujus
1350 1326 1484 1361 allegandi
1505 1326 1619 1353 rati)nis
1639 1327 1790 1353 secundum

1004 1371 1105 1404 majora
1135 1371 1270 1405 κεφάλαια
1305 1371 1435 1398 instilutm
1465 1373 1632 1399 mentionem
1666 1372 1792 1408 injiciens

1004 1417 1095 1445 Sixtus
1117 1417 1255 1451 Senensis,
1281 1418 1349 1446 Bibl.
1377 1419 1406 1445 S.
1424 1419 1454 1446 L.
1476 1418 1522 1450 lli.
1544 1428 1571 1454 p.
1595 1420 1656 1453 166,
1677 1420 1760 1448 Γι-Γοτι
1784 1429 1791 1448 :

1004 1462 1166 1498 Euthymius
1182 1472 1237 1495 seu.
1257 1469 1285 1490 ut
1301 1464 1459 1500 quibusdam
1476 1466 1589 1497 videtur,
1608 1466 1794 1495 (li-Zeumenins

1005 1510 1136 1537 distribuit
1146 1510 1325 1545 ⁵Ευαηθειίιιηι
1338 1511 1456 1538 Matt/rari
1468 1512 1494 1538 in
1503 1511 1591 1538 titulos
1604 1521 1648 1539 seu
1661 1513 1747 1547 capita
1758 1515 1794 1547 (ι)

1005 1555 1049 1583 86.
1070 1556 1231 1590 Cuiusmodi
1250 1556 1443 1584 distinctiones
1458 1558 1532 1592 apud
1550 1557 1669 1586 Marcum
1686 1564 1796 1587 exstant

1004 1601 1055 1634 £8;
1074 1601 1173 1629 Lucam
1191 1602 1243 1633 85;
1260 1601 1396 1629 Joannem
1411 1603 1529 1638 denique
1551 1605 1603 1637 18;
1623 1613 1678 1632 non
1697 1614 1791 1633 nume-

1004 1651 1062 1674 rata
1075 1647 1196 1674 sectione
1209 1647 1242 1674 dc
1256 1648 1369 1675 muliere
1382 1648 1409 1675 in
1424 1649 1559 1677 adulterio
1575 1652 1774 1686 comprehensa
1785 1673 1792 1684 .

1004 1697 1064 1725 quae
1078 1691 1197 1718 narratio
1212 1699 1367 1727 quanquam
1380 1700 1394 1720 a
1408 1692 1508 1721 Graecis
1522 1695 1680 1722 doct0ribus
1691 1697 1792 1730 passim

1004 1736 1115 1770 omissa,
1137 1737 1170 1764 ab
1189 1738 1334 1773 Euthymio
1349 1739 1500 1774 explicatur
1522 1741 1572 1775 (ιι).
1593 1741 1686 1776 Neque
1710 1743 1792 1770 etiam

1003 1783 1120 1810 intactas
1130 1783 1260 1818 relinquit
1269 1785 1428 1817 sententias,
1440 1786 1538 1820 quibus
1547 1792 1629 1820 stant,
1637 1788 1681 1822 qui
1693 1788 1794 1817 Cnet-a3

1004 1829 1133 1857 Ecclesia
1152 1831 1275 1858 addictos
1289 1839 1350 1859 sese
1371 1832 1543 1867 proﬁtentur.
1559 1833 1662 1866 Qualis.
1676 1840 1718 1861 est
1739 1836 1793 1867 illa,

1004 1883 1063 1910 quae
1071 1876 1216 1910 progenuit
1226 1877 1430 1904 contentionem
1443 1878 1513 1905 inter
1523 1878 1631 1906 Graecos
1641 1885 1668 1906 et
1680 1880 1792 1908 Latinos

1004 1921 1048 1948 ditt
1063 1921 1126 1949 olim
1140 1922 1266 1957 agitatam
1284 1932 1290 1950 :
1306 1931 1360 1958 quo
1375 1923 1479 1951 scilicet
1491 1924 1535 1951 die
1551 1925 1678 1953 Christus
1692 1934 1792 1961 agnum

1004 1967 1158 2002 pasclialem
1178 1969 1349 1996 comederit!
1374 1977 1456 2004 porro
1481 1970 1606 1999 doctrina
1622 1972 1655 2000 de
1677 1981 1792 2008 operum

1004 2014 1185 2042 retributione
1205 2023 1259 2041 non
1279 2016 1370 2044 statim
1395 2024 1408 2042 τι
1433 2022 1520 2044 morte
1539 2018 1661 2053 cujusvis
1682 2020 1790 2048 initium

1004 2061 1145 2095 capiente,
1165 2061 1212 2088 scd
1231 2061 1379 2089 differenda
1395 2062 1427 2089 ad
1445 2063 1516 2090 diem
1534 2064 1630 2097 judicii
1649 2074 1655 2091 :
1672 2066 1792 2100 denique

1004 2107 1086 2135 etiam
1106 2108 1139 2135 de
1156 2107 1260 2142 Spiritu
1275 2113 1369 2135 sancto
1392 2116 1406 2135 a
1427 2109 1486 2135 solo
1511 2109 1590 2137 Patre
1613 2111 1790 2145 procedente.

1005 2155 1048 2182 cui
1064 2155 1186 2190 opinioni
1202 2155 1343 2182 inluesisse
1359 2154 1520 2189 scriptorem
1537 2160 1661 2184 nostrum
1674 2163 1792 2193 arguunt

161 2198 274 2227 minime
291 2199 326 2227 ab
345 2200 490 2237 Euthymio
505 2201 659 2237 proﬁcisci,
677 2203 724 2231 sed
743 2204 843 2233 multas
859 2205 950 2239 potius
967 2193 988 2221 1)
1003 2201 1060 2228 loca
1072 2221 1079 2234 ,
1100 2201 1199 2236 quibus
1217 2197 1350 2236 Spiritum
1369 2205 1495 2228 sanctum
1512 2209 1527 2229 a
1547 2201 1627 2231 Patre
1644 2205 1793 2240 procedere

198 2335 235 2371 (σε)
250 2335 314 2371 Pag.
331 2336 373 2363 l6.
387 2335 458 2364 Sunt
472 2341 563 2364 autem
577 2337 618 2364 lue
634 2346 640 2364 :
654 2337 748 2365 Matth.
766 2346 807 2371 tu,
823 2340 851 2367 ll
870 2341 952 2368 omit-

161 2371 382 2410 titur_i_cat_'.-.upi.
401 2371 435 2410 ΝΖ
455 2372 506 2410 57⁵..
520 2372 624 2410 φγὲᾎριδς,
641 2381 691 2408 pro
720 2374 862 2410 ἀδελφούς.
882 2375 948 2404 Luc.

161 2414 210 2443 vu,
227 2406 272 2443 5-1,
283 2407 393 2436 absunt.
410 2406 471 2433 εἷπε
485 2408 513 2434 δὲ
532 2409 545 2434 ὁ
556 2406 667 2443 Κύριοξ.

197 2441 235 2476 (yl
250 2442 345 2478 Servat
365 2443 390 2470 id
408 2448 522 2478 uterque
536 2441 622 2473 codex
637 2451 724 2471 meus.

197 2477 234 2512 (ι)
250 2477 322 2504 Idem
340 2485 449 2511 quoque
466 2477 500 2506 de
516 2479 647 2508 Parisinis
657 2480 737 2507 codd.
755 2481 839 2508 refert
858 2481 950 2510 Simo-

162 2512 234 2549 nius.
249 2513 275 2540 ld
292 2512 452 2549 intelligitur
468 2514 548 2542 etiam
563 2524 596 2543 ex
612 2515 664 2543 hac
679 2515 798 2543 editione
811 2521 838 2543 et
852 2525 885 2544 ex
903 2526 951 2546 co-

162 2547 519 2584 dicibnsVMosquensibus.
550 2550 603 2579 Sed
634 2550 683 2578 ista
710 2551 894 2580 additamenta
922 2553 950 2581 in

163 2582 333 2620 marginibus
350 2582 452 2612 scholia
469 2591 604 2620 spectant.
621 2593 676 2613 non
692 2590 862 2615 contextum.

198 2617 242 2654 (at
252 2618 471 2654 Complutensem
484 2617 632 2649 editionem
644 2620 793 2648 llentenius
805 2622 837 2648 ad
854 2630 951 2651 manus

163 2653 268 2692 habuit,
293 2653 326 2692 es
352 2662 405 2692 qua
429 2657 510 2683 etiam
535 2659 654 2692 disputat
674 2661 775 2692 contra
802 2657 949 2692 editionem

164 2688 398 2727 Erasini._Sa:pius
410 2692 492 2719 etiam
507 2688 660 2720 versionem
673 2691 796 2718 Latinam
809 2690 949 2727 Vulgatam

163 2731 213 2758 pro
231 2724 376 2762 Euthymio
395 2727 541 2762 expressit.
565 2728 594 2755 In
611 2735 644 2755 eo
660 2730 751 2753 autem
777 2724 888 2756 secuth
910 2733 951 2757 est

163 2761 392 2798 consuetudinem
408 2761 518 2791 illorum
535 2768 699 2798 temporum.

199 2793 235 2830 (ὁ)
254 2795 420 2834 _Servat_ha:c
434 2802 546 2834 uterqu
559 2793 736 2834 Mdsquensis.

199 2833 234 2867 (ι)
254 2831 310 2860 lino
327 2832 372 2861 (£8.

1039 2345 1077 2381 (rt)
1093 2345 1174 2372 Addit
1188 2351 1250 2372 vero
1265 2344 1430 2379 Euthymius
1444 2345 1472 2372 in
1489 2345 1542 2374 fine
1556 2354 1615 2381 cap.
1637 2355 1671 2374 vu
1685 2347 1755 2375 Joan
1783 2358 1790 2377 :

1003 2382 1078 2410 Scire
1087 2385 1173 2407 autem
1190 2384 1301 2416 oportet,
1311 2381 1379 2414 quod
1393 2389 1438 2412 ea,
1447 2389 1505 2416 qua
1520 2382 1552 2408 ab
1565 2382 1612 2408 lzoc
1627 2383 1684 2410 loco
1692 2383 1791 2410 Imbeu-
1802 2394 1805 2395 ν

1003 2422 1142 2452 tui-,usque
1158 2415 1193 2441 ad
1208 2422 1278 2452 eunt,
1293 2423 1343 2450 qua
1361 2415 1468 2442 dicitur.
1487 2416 1586 2443 lterum
1602 2425 1666 2452 ergo
1682 2418 1790 2446 locutus

1002 2457 1044 2480 est
1060 2451 1111 2488 illis
1122 2449 1224 2488 Alesus,
1248 2450 1366 2488 dicens;
1384 2459 1392 2476 ι
1410 2452 1466 2488 Ego
1481 2461 1540 2481 sum
1554 2454 1596 2480 lux
1610 2449 1718 2483 uiiiudi.
1736 2463 1744 2478 ι
1764 2454 1791 2480 in

1003 2485 1177 2515 exat-tioribus
1199 2485 1392 2519 eaemplaribus
1410 2485 1455 2512 aut
1472 2494 1524 2513 mm
1543 2487 1723 2518 inveniantur.
1745 2496 1791 2515 aut

1003 2521 1075 2549 obelo
1097 2520 1299 2556 cortfoissarsint,
1321 2528 1360 2550 eo.
1389 2524 1458 2555 quod
1487 2522 1624 2556 illegitima
1650 2524 1793 2550 videantur

1002 2562 1027 2584 et
1042 2556 1144 2583 addita.
1163 2555 1197 2582 Et
1216 2555 1490 2592 huiusrargumentum
1509 2555 1556 2588 est,
1574 2558 1641 2592 quod
1654 2558 1742 2585 nullus
1761 2567 1790 2585 ea

1002 2593 1035 2620 sit
1044 2593 1240 2629 interpretatus:
1253 2591 1306 2618 Sed
1317 2592 1406 2629 minus
1418 2595 1490 2629 recte
1502 2593 1645 2629 verborum
1655 2594 1791 2629 Euthymij

1002 2634 1112 2654 sensum
1133 2626 1286 2662 percepisse
1307 2626 1415 2653 videtur
1433 2626 1594 2657 llentenius.
1612 2626 1740 2662 quoniam
1763 2629 1789 2655 in

1003 2662 1108 2698 duobus
1134 2668 1200 2688 mss.
1232 2661 1465 2693 codicibus.liuic
1488 2661 1633 2698 exemplari
1645 2663 1790 2690 admodum

1003 2697 1149 2727 similibus.
1175 2703 1243 2730 quos
1268 2701 1465 2724 commemorat
1490 2697 1574 2725 Rich.
1593 2698 1700 2731 Simon,
1725 2699 1740 2724 Ι.
1762 2707 1788 2725 c.

1002 2740 1065 2767 pag.
1078 2731 1140 2768 422,
1156 2731 1238 2758 verba
1252 2731 1333 2768 itase
1346 2732 1447 2759 habent
1464 2741 1471 2759 :
1488 2733 1562 2768 Μηδὲ
1580 2733 1625 2760 τὸν
1636 2734 1790 2768 Χρυσόπο-

1004 2777 1054 2802 μον
1078 2767 1146 2798 ὅλως
1165 2767 1351 2802 μνημονεῦσαι
1377 2768 1462 2803 αὐτῷ.
1479 2768 1522 2795 Ita
1537 2767 1666 2797 Noessclt
1682 2770 1709 2795 in
1728 2775 1791 2796 nota

1004 2807 1037 2830 (ut
1057 2804 1082 2830 lt.
1103 2803 1120 2829 Ι-
