1922 3070
129 195 167 227 33
599 237 602 239 _
849 195 1057 227 rastrum.
1729 196 1765 228 34

130 250 240 283 asserit,
261 250 335 278 nulla
350 249 412 278 Filii
429 250 498 279 facta
515 251 655 279 mentione
669 250 714 287 (e).
730 250 846 286 Reliqua
861 260 921 287 quae
938 257 959 286 Α
975 257 1021 280 net
1037 259 1050 280 a
1067 251 1206 280 nonnullis
1226 251 1374 288 Euthymio
1391 251 1539 286 ascriptam
1550 271 1557 284 ,
1573 251 1653 280 Rich.
1670 252 1766 280 Simon

128 297 267 329 Euthvmii
284 297 394 327 nomine
410 297 536 325 feruntur
555 299 673 333 scripta,
693 298 815 325 nondum
832 298 921 332 edita,

128 352 193 371 num
211 344 245 371 ab
256 351 289 370 eo
301 344 421 379 profecta
434 344 500 375 sint,
515 344 684 379 exploratum
700 352 754 372 non
776 345 919 372 habemus.

130 389 211 417 Certe
221 390 293 425 quod
311 389 345 417 ad
362 389 565 424 Expositiouem
579 390 754 426 epistolarum
769 390 844 417 Pauli
860 390 922 418 atti-

167 465 201 500 (ε)
215 465 255 492 ita
269 465 301 492 ad
315 463 394 492 Joan.
411 473 467 497 xiv,
486 464 528 492 l0.
541 464 572 492 Et
585 465 665 492 datur
678 464 787 499 quidem
801 472 815 491 a
829 463 918 500 Patre.

129 505 227 534 utpote
240 501 331 527 abillo
341 501 504 535 procedens,
519 500 640 527 mittitur
656 508 721 527 vero
731 507 745 526 a
758 500 827 527 Filio
841 499 920 535 quasi

129 543 293 570 cooperans.
311 540 338 563 et
354 543 409 562 non
425 536 588 562 contrarius.
603 535 736 562 Similiter
751 543 775 562 ο.
790 543 836 566 xv,
850 536 895 562 26.
912 543 920 561 :

131 569 199 598 Vide
213 575 315 603 autem,
326 572 400 606 quod
413 571 497 598 mittit
509 571 619 606 quidem
632 578 696 598 eum
712 575 740 598 et
751 569 847 604 Filius,
864 575 922 598 tan-

976 297 1045 325 Bibl.
1061 298 1123 325 crit.
1134 298 1168 325 de
1181 297 1222 325 Du
1242 297 1290 324 Pin
1306 297 1325 324 l.
1339 305 1363 325 c.
1376 305 1437 333 pag.
1451 298 1513 329 525,
1533 306 1580 326 eos
1591 299 1767 335 Euthymium

975 350 1038 371 cum
1056 343 1224 371 (Ecumenio
1239 348 1422 371 commutasse
1436 343 1553 380 judicat.

974 472 1054 499 quam
1071 464 1194 499 ejusdem
1211 471 1272 491 cum
1288 462 1367 491 Patre
1382 463 1509 495 honoris;
1529 470 1623 490 verum
1639 463 1665 490 id
1675 471 1700 499 ia
1716 463 1768 490 Pa-

975 498 1017 527 tre
1044 498 1120 534 puta,
1148 499 1351 534 procedentem.
1375 498 1510 534 Procedit?
1523 499 1614 532 itaque
1639 507 1654 526 a
1674 498 1765 534 Patre,

977 533 1108 597 ta‘nzualm
1138 533 1173 562 de
1200 535 1261 570 ejus
1292 533 1458 562 substantia.
1489 533 1614 561 Noesselt
1640 535 1667 562 in
1689 533 1768 561 Notis

975 578 991 597 α
1045 589 1052 597 .
1082 590 1089 597 .

373 765 631 813 JOANNIS
688 765 993 811 HENTENII
1051 765 1531 811 MECHLINIENSIS

692 863 881 895 EPISTOLA
912 862 1204 895 DEDICATORIA.

163 1039 351 1069 Illustrissiino
366 1046 398 1066 ac
413 1038 642 1066 reverendissimo
662 1038 774 1066 domino
790 1038 821 1066 D.
838 1037 908 1065 Fran
937 1041 960 1070 Β
977 1039 1089 1068 humius
1102 1039 1209 1073 consul,
1224 1039 1270 1075 qui
1282 1038 1489 1074 ignominiosam
1503 1046 1597 1075 pacem
1610 1046 1672 1067 cum
1687 1039 1767 1068 Clau-

128 1087 202 1115 cisco
231 1095 246 1114 a
275 1086 412 1113 Bovadilla
451 1085 579 1121 episcopo
614 1085 916 1118 Cauricnsi,archidia-

127 1139 199 1160 cono
231 1131 373 1164 Toletano,
399 1135 452 1159 etc.
470 1131 590 1159 Joannes
616 1130 768 1158 llentenius
806 1131 918 1159 Mechli-

127 1178 243 1210 niensis,
257 1177 287 1204 S.
301 1177 332 1205 Ι).

166 1223 195 1251 Si
210 1225 307 1251 bonum
319 1231 352 1251 eo
365 1224 539 1257 przestantius
549 1231 609 1252 esse
620 1227 722 1259 quanto
736 1225 917 1257 communius,

127 1275 212 1295 nemo
227 1273 269 1295 est
280 1269 320 1296 vel
332 1269 506 1296 mediocriter
514 1270 608 1296 morali
619 1269 790 1304 philosophia
802 1271 919 1297 instruc-

127 1319 172 1342 tus
183 1315 228 1350 qui
241 1315 355 1349 dubitet,
367 1316 465 1350 praesul
476 1316 653 1351 amplissime,
664 1316 794 1343 virtutum
806 1324 838 1345 ac
849 1315 920 1344 litte-

127 1369 219 1388 rarum
236 1361 353 1388 antistes
372 1372 378 1389 :
397 1370 452 1389 non
465 1363 517 1390 erit
532 1363 614 1390 etiam
642 1363 688 1398 qui
702 1363 831 1398 ambigat,
842 1371 917 1390 com-

127 1416 210 1435 mune
222 1409 324 1435 bonum
337 1408 443 1443 privato
451 1417 512 1436 esse
522 1409 744 1444 praponcndum.
756 1409 838 1444 quue
850 1410 918 1438 adeo

125 1462 221 1481 verum
244 1460 297 1487 est,
313 1460 343 1481 ut
369 1456 451 1482 etiam
469 1455 592 1482 Christus
613 1456 826 1483 sacratissimum
846 1457 918 1484 illam

125 1502 210 1528 vitam
234 1509 312 1529 suam
333 1502 413 1529 vilem
441 1502 577 1535 habuerit,
592 1510 646 1537 quo
671 1502 799 1530 universo
824 1503 917 1538 generi

127 1549 246 1577 humano
257 1550 330 1577 salus
339 1552 464 1584 adempta
474 1550 557 1584 possit
566 1549 682 1577 restitui.
690 1548 792 1576 Verum
802 1557 837 1577 ne
848 1549 919 1577 dicat

125 1597 260 1632 quispiam
278 1597 380 1625 Christi
396 1605 489 1633 opera,
505 1602 601 1632 utpote
624 1597 730 1629 divina,
744 1604 918 1631 nequaquam

126 1642 153 1669 in
174 1650 319 1670 numerum
346 1651 408 1670 esse
434 1643 581 1679 redigenda
599 1651 606 1670 :
624 1650 672 1678 age
695 1647 724 1670 et
746 1642 781 1670 ab
801 1641 919 1670 ethnicis

125 1695 236 1723 quoque
259 1696 362 1724 paucos
376 1689 410 1716 de
427 1688 583 1716 innumeris
603 1688 766 1722 referamus,
777 1688 823 1723 qui
840 1695 918 1715 suam

125 1742 294 1770 suorumque
310 1735 395 1762 vitam
407 1735 545 1762 communi
557 1735 630 1763 bono
646 1735 876 1770 posthabuerunt.
891 1734 919 1761 In

125 1782 223 1817 primis
234 1786 324 1809 autem
335 1782 455 1809 occurrit
464 1780 563 1808 Junius
573 1781 617 1808 ille
630 1780 739 1812 Brutus,
750 1781 855 1816 primus
863 1780 919 1808 Ro-

127 1836 215 1856 manae
232 1827 365 1855 libertatis
391 1832 523 1860 assertor,
536 1827 582 1862 qui
614 1827 739 1862 proprios
756 1826 836 1858 filios,
847 1827 919 1862 quod

128 1874 248 1902 fuissent
270 1874 377 1901 consilii
400 1874 435 1901 de
458 1873 620 1901 reducendis
641 1873 747 1909 regibus
763 1873 918 1908 participes,

128 1920 220 1948 securi
235 1920 321 1954 jussit
345 1919 452 1954 percuti
468 1928 474 1946 :
488 1919 595 1946 tametsi
605 1926 638 1946 ex
651 1926 746 1946 eorum
760 1919 833 1946 caede
844 1919 919 1954 gravi

126 1966 185 2001 ipse
202 1966 372 1993 sauciaretur
390 1965 503 1993 vulnere
518 1973 525 1998 ;
540 1965 601 1999 quis
617 1964 690 1992 enim
710 1972 786 1992 amor
817 1964 919 2000 aequari

125 2013 214 2048 possit
227 2017 334 2047 patrum
351 2019 415 2048 erga
432 2012 503 2039 ﬁlios
519 2011 626 2039 amori?
640 2011 697 2039 Nec
712 2011 737 2038 id
747 2018 813 2038 sane
829 2011 919 2046 Virgi-

125 2059 193 2087 lium
213 2059 303 2091 latuit,
318 2058 365 2094 qui
381 2059 415 2086 de
428 2066 462 2086 eo
482 2059 602 2093 loquitur
619 2059 646 2086 in
663 2058 739 2085 hunc
753 2058 864 2085 modum
881 2066 890 2085 ε

126 2104 170 2132 νὴ
187 2109 211 2131 et
229 2105 396 2139 Tarquinios,
408 2112 481 2138 reges
496 2104 666 2138 animamque
681 2102 822 2137 superbam
872 2110 886 2124 ο

128 2140 227 2167 Ultoris
244 2139 333 2171 Bruti,
345 2141 480 2175 fascesque
496 2140 584 2166 videre
600 2139 736 2173 receptos?

127 2175 250 2202 Consulis
266 2175 405 2208 imperium
421 2176 462 2200 hic
475 2175 576 2208 primus
588 2181 723 2209 siccasque
737 2181 840 2200 secures

125 2211 243 2244 Ateipiet
257 2218 266 2237 .'
281 2215 408 2244 natosque
421 2216 498 2244 pater
511 2217 577 2236 nova
591 2209 658 2235 bella
672 2214 801 2236 moventes

126 2246 168 2272 Ad
187 2254 290 2280 pinnam
304 2246 414 2279 pulchra
431 2253 479 2278 pro
494 2245 614 2271 libertate
629 2245 730 2271 vocabit

126 2280 237 2316 Infelix,
250 2286 380 2315 utcunque
393 2280 476 2314 ferent
492 2288 523 2306 ea
539 2280 610 2315 facta
627 2285 749 2312 nepotes:

131 2314 220 2344 Vincet
236 2323 311 2342 amor
324 2316 432 2349 patrita,
445 2314 607 2350 laudavitque
624 2315 753 2342 immensa
765 2314 869 2350 cupido.

164 2372 195 2400 P.
207 2371 304 2400 Decius
327 2371 385 2399 Mus
400 2379 462 2399 cum
485 2372 598 2399 consule
615 2370 648 2398 Τ.
662 2371 762 2398 Manlio
779 2371 918 2407 Torquato

127 2425 224 2448 contra
240 2419 353 2446 Latinos
368 2426 502 2454 pugnans,
515 2425 577 2446 cum
589 2426 751 2453 responsum
767 2422 840 2446 esset
856 2426 918 2445 ora-

128 2466 201 2500 culo,
219 2465 307 2493 utrius
320 2469 457 2492 exercitus
472 2464 621 2500 imperator
644 2464 763 2500 legiones
786 2464 918 2497 hostium,

128 2520 214 2548 seque
235 2519 321 2547 super
342 2519 390 2539 eas
406 2511 573 2543 devovisset,
585 2511 644 2546 ejus
667 2511 761 2546 populi
778 2511 918 2546 partisque

128 2561 187 2589 fore
204 2559 346 2588 victoriam
362 2569 369 2586 :
384 2566 414 2587 se
430 2559 519 2594 ipsum
543 2565 594 2593 pro
618 2559 758 2586 communi
782 2559 919 2587 exercitus

129 2606 216 2634 salute
235 2605 356 2633 dev0vit.

166 2653 294 2688 Idemque
312 2651 376 2679 fecit
389 2651 460 2678 [ilius
474 2651 535 2686 ejus
549 2650 645 2678 eodem
661 2650 812 2685 appellatus
828 2650 919 2678 nomi-

129 2707 176 2731 ne,
189 2707 251 2726 cum
263 2699 318 2734 jam
337 2698 446 2726 tertium
467 2697 562 2725 causul
582 2696 689 2729 fuisset,
702 2697 841 2732 semelque
854 2705 920 2725 cen-

129 2755 176 2774 sor
192 2756 199 2774 :
215 2754 332 2782 quorum
347 2746 428 2773 etiam
445 2745 486 2772 his
501 2744 591 2772 verbis
603 2748 684 2779 poeta
701 2744 826 2771 meminit
845 2753 853 2771 :

128 2794 196 2827 Quin
215 2794 305 2820 Decios
322 2793 470 2827 Drusosque
486 2792 576 2822 simul.
590 2799 744 2827 sa’vumque
754 2791 840 2818 securi

128 2825 222 2863 Ᾰςρὶεε
239 2828 401 2864 Torquatum
419 2825 442 2854 et
464 2829 618 2863 referentem
633 2829 711 2862 signa
725 2825 881 2854 Camillum.

164 2885 271 2913 Marcus
292 2885 402 2912 Curtius
416 2889 546 2920 pncterea
564 2884 598 2912 ob
617 2883 707 2920 populi
724 2884 838 2912 salutem
858 2891 919 2912 sese

129 2938 199 2965 equo
228 2931 365 2959 invectum
383 2930 410 2959 in
435 2935 514 2958 terra:
534 2930 638 2958 hiatum
655 2930 760 2966 injecit.
778 2930 826 2966 Sp.
839 2929 918 2959 Post-

970 1086 1016 1113 dio
1032 1086 1129 1114 Pontio
1150 1085 1313 1113 Samnitium
1329 1086 1398 1113 duce
1411 1086 1445 1112 ad
1461 1085 1552 1113 furcas
1569 1085 1706 1113 Caudinas
1719 1094 1769 1121 pe—

972 1133 1113 1167 pigeratac
1122 1133 1418 1167 spoponderat,auctor
1431 1131 1481 1159 fuit
1493 1132 1650 1164 senatui,nt
1662 1140 1691 1160 se
1705 1140 1768 1160 cum
1788 1148 1792 1151 -

970 1178 1071 1213 collega
1083 1186 1114 1205 ac
1132 1178 1249 1205 tribunis
1264 1178 1310 1212 qui
1328 1183 1456 1205 auctores
1471 1178 1628 1212 sponsionis
1645 1178 1765 1209 fuerant,

970 1231 1018 1258 per
1034 1223 1154 1251 fteciales
1178 1224 1267 1251 nudos
1285 1224 1446 1258 vinctosque
1463 1223 1632 1250 Samnitibus
1647 1223 1768 1255 dederet,

970 1276 1024 1303 quo
1040 1269 1156 1304 populus
1172 1269 1310 1297 Romanus
1327 1269 1361 1296 ab
1378 1269 1422 1296 illa
1442 1277 1508 1304 pace
1533 1270 1694 1297 solveretur.

1005 1316 1038 1348 ρ.
1063 1315 1185 1344 Ceditius
1214 1316 1342 1343 tribunus
1379 1315 1509 1348 militum,
1543 1323 1625 1350 quem
1661 1316 1770 1344 videtur

970 1361 1048 1389 Titus
1074 1361 1167 1390 Livius
1181 1362 1378 1397 Calphurnium
1392 1363 1542 1389 Flammam
1557 1369 1665 1395 vocare,
1679 1362 1769 1397 primo

971 1409 1041 1436 bello
1058 1408 1161 1436 Punico
1185 1417 1247 1436 cum
1276 1409 1483 1444 quadringentis
1508 1409 1652 1441 militibus,
1665 1407 1720 1440 vel,
1736 1411 1767 1436 ut

971 1455 1054 1482 habet
1070 1455 1172 1487 Livius,
1190 1463 1253 1482 cum
1269 1455 1410 1487 trecentis.
1425 1455 1476 1483 nisi
1495 1455 1619 1482 fortassis
1634 1454 1678 1483 hic
1699 1455 1769 1482 alius

970 1500 1061 1533 fuerit,
1078 1501 1158 1528 morti
1188 1509 1218 1529 se
1243 1501 1353 1529 tradidit
1371 1511 1377 1529 ε
1392 1506 1421 1529 ut
1436 1502 1500 1529 dum
1517 1502 1545 1528 in
1561 1509 1619 1534 eos,
1635 1501 1768 1529 tumulum

972 1547 1120 1581 quemdam
1157 1547 1306 1582 capientes,
1338 1552 1527 1575 averterentur
1556 1547 1649 1575 hostes
1682 1547 1769 1582 legio~
1812 1576 1818 1578 ἒ

970 1601 1020 1620 nes
1044 1600 1106 1620 cum
1134 1593 1292 1620 consulibus
1319 1593 1521 1626 circumventae,
1545 1593 1695 1621 incolumes
1734 1600 1768 1621 ex

976 1639 1121 1667 obsidione
1160 1638 1291 1671 liberam,
1304 1639 1514 1674 pertransirent.
1528 1639 1622 1667 Simile
1659 1646 1768 1674 quoque

973 1685 1027 1721 egit
1039 1685 1137 1713 Decius
1151 1685 1277 1713 tribunus
1288 1686 1406 1713 militum
1419 1693 1480 1713 cum
1491 1686 1604 1714 consule
1615 1686 1644 1714 P.
1658 1685 1767 1713 Valerio

933 1716 956 1746 θ
972 1716 1101 1762 cervino,
1113 1731 1225 1765 junctus
1252 1730 1366 1758 hastatis
1380 1731 1585 1766 uniuslegionis
1602 1731 1766 1767 (quanquam

972 1777 1022 1804 hos
1044 1776 1151 1804 fortuna
1170 1776 1336 1810 liberaverit)
1350 1784 1385 1804 ne
1402 1777 1495 1804 hostes
1511 1776 1650 1805 Samnites
1671 1777 1699 1804 in
1719 1784 1766 1804 eos

971 1827 1134 1858 pugnarent.
1156 1822 1230 1850 Inter
1251 1821 1473 1850 Lacedaemonios
1497 1823 1593 1859 ingens
1617 1827 1659 1851 est
1683 1822 1766 1858 hujus

971 1869 1045 1896 modi
1075 1868 1153 1904 capia
1181 1868 1368 1903 exemplorum
1397 1876 1517 1896 :verum
1545 1868 1673 1904 praecipui
1704 1875 1766 1895 sese

971 1915 1039 1942 mihi
1057 1915 1177 1942 otl‘erunt
1193 1914 1273 1942 Buris
1287 1920 1312 1942 et
1330 1914 1447 1950 Spartis,
1463 1915 1508 1950 qui
1522 1915 1556 1942 ad
1575 1914 1683 1941 Xerxen
1698 1913 1766 1942 Per-

973 1968 1064 1988 sarum
1078 1967 1168 1995 regem
1177 1966 1274 1995 sponte
1284 1959 1397 1995 proiecti
1407 1964 1472 1986 sunt
1481 1958 1583 1986 :daturi
1596 1966 1691 1994 poenas
1698 1965 1765 1992 quas

972 2006 1262 2042 Lacedmmoniijuxta
1285 2006 1425 2034 oraculum
1440 2006 1561 2041 pendere
1579 2005 1766 2037 debebant,eo

970 2053 1043 2088 quod
1060 2053 1190 2080 Oratores
1208 2061 1223 2080 a
1239 2053 1319 2080 Persa
1337 2053 1435 2080 missos
1460 2052 1635 2079 occidissent.
1649 2051 1682 2077 lli
1700 2058 1766 2086 ergo

973 2105 1036 2125 cum
1052 2097 1086 2125 ad
1100 2097 1208 2125 Xerxen
1229 2097 1379 2130 venissent,
1394 2097 1537 2131 jusserunt
1553 2100 1583 2122 ut
1596 2103 1626 2123 se
1640 2103 1765 2130 quocun-

970 2151 1024 2179 que
1042 2143 1124 2171 modo
1142 2143 1291 2176 videretur,
1308 2149 1357 2177 pro
1387 2141 1601 2169 Lacedaemoniis
1628 2141 1764 2168 interﬁce-

971 2193 1022 2217 ret.
1049 2189 1173 2224 Cumque
1188 2197 1235 2216 rex
1252 2191 1380 2224 pietatem
1407 2189 1435 2216 in
1460 2188 1575 2222 patriam
1603 2187 1764 2220 admiratus,

971 2236 1181 2270 animorumque
1193 2235 1392 2268 fortitudinem,
1402 2235 1546 2262 liberasset
1561 2234 1621 2262 illos
1634 2242 1648 2261 a
1671 2241 1762 2269 paena,

970 2287 1129 2318 peteretque
1153 2287 1183 2310 ut
1200 2282 1272 2318 apud
1293 2290 1322 2310 se
1345 2286 1490 2310 manerent
1505 2281 1576 2315 :Qui
1607 2289 1763 2316 possumus,

976 2329 1114 2363 inquiunt,
1131 2328 1175 2356 hic
1190 2329 1292 2361 vivere,
1308 2328 1401 2356 relicta
1420 2327 1517 2364 patria,
1533 2328 1684 2363 patriisque
1698 2327 1765 2364 legi-

971 2375 1024 2402 bus
1036 2383 1068 2402 ac
1078 2375 1152 2406 viris,
1169 2382 1284 2409 quorum
1299 2375 1383 2410 gratia
1396 2379 1502 2402 tantum
1516 2375 1568 2402 iter
1593 2374 1764 2409 suscepimus

972 2420 1098 2448 morituri
1112 2420 1123 2447 ?
1140 2420 1211 2453 Quid
1232 2420 1313 2448 Codri
1329 2420 1538 2448 Atheniensium
1555 2420 1627 2456 regis
1646 2425 1763 2447 mortetn

972 2468 1101 2500 referam,
1117 2467 1163 2502 qui
1194 2475 1256 2494 cum
1284 2467 1390 2494 videret
1419 2467 1559 2503 regionem
1585 2475 1663 2494 suam
1691 2468 1764 2494 [erro

971 2514 1087 2550 ignique
1103 2514 1216 2546 vastari,
1233 2521 1284 2541 nec
1300 2514 1355 2541 alio
1370 2514 1450 2541 modo
1462 2514 1539 2550 juxta
1553 2513 1687 2549 Apollinis
1701 2521 1763 2541 ora-

975 2562 1072 2589 culum
1088 2565 1142 2589 tam
1159 2569 1240 2596 grave
1260 2560 1361 2588 bellum
1388 2561 1488 2588 discuti
1512 2564 1616 2596 posset,
1631 2560 1682 2588 nisi
1705 2559 1764 2595 ipse

971 2607 1093 2636 hostium
1106 2614 1190 2634 manu
1204 2607 1361 2639 occidisset,
1373 2607 1455 2642 idque
1466 2615 1521 2634 non
1537 2607 1626 2634 solum
1654 2606 1682 2633 in
1699 2605 1763 2633 totis

974 2654 1187 2682 Atheniensium
1209 2653 1317 2686 castris,
1330 2653 1378 2681 sed
1396 2654 1478 2682 etiam
1496 2653 1525 2680 in
1542 2652 1687 2680 contrariis
1700 2659 1765 2687 per-

970 2700 1134 2733 crebuisset,
1149 2700 1266 2735 ideoque
1294 2699 1415 2727 edictum
1440 2703 1523 2731 esset,
1538 2707 1572 2726 ne
1595 2699 1656 2734 quis
1680 2697 1763 2726 Codri

974 2755 1076 2782 corpus
1102 2747 1273 2779 vulneraret,
1305 2745 1436 2780 depositis
1461 2744 1566 2779 imperii
1598 2744 1762 2778 insignibus,

974 2792 1137 2819 familiarem
1153 2792 1241 2820 induit
1254 2793 1368 2823 cultum,
1382 2799 1415 2818 ac
1430 2791 1579 2826 palantium
1599 2790 1680 2825 globo
1701 2797 1762 2817 sese

972 2838 1082 2873 objccit,
1098 2846 1237 2873 unumque
1264 2846 1299 2865 ex
1321 2837 1365 2864 his
1388 2837 1456 2864 falce
1480 2844 1639 2871 percussum
1667 2836 1694 2863 in
1719 2836 1762 2863 sui

972 2884 1074 2912 caedem
1089 2884 1231 2919 compulit,
1244 2889 1272 2911 ut
1292 2883 1408 2918 patriam
1425 2888 1562 2916 servaret;
1580 2883 1662 2916 hujus
1676 2881 1762 2916 siqui—

972 2930 1034 2959 dem
1056 2930 1226 2964 intcritu,ne
1244 2930 1358 2958 Athenae
1381 2929 1537 2958 occiderent
1561 2929 1688 2956 eiIcctum
1709 2931 1762 2955 est.
