1922 3070
161 168 196 200 35

878 164 1086 198 PR/EFATIO.

1755 168 1790 199 36

195 208 265 249 lluic
280 220 334 257 iam
351 220 391 248 rei
407 220 490 248 finem
516 220 700 256 imponam,si
726 220 803 255 prius
825 219 983 253 hominisA
998 227 1061 247 men
1089 226 1151 247 cum
1183 219 1301 255 posteris
1329 219 1396 248 adeo
1428 220 1493 248 utile
1511 227 1542 248 ac
1570 221 1789 255 arripiet-tendum

159 267 273 299 ethnici,
291 275 389 301 nempe
413 266 553 294 Ciceronis
574 266 612 293 De
636 267 737 293 somnio
766 264 896 300 Scipionis
907 266 948 293 di-
994 265 1155 300 reliquisset
1181 273 1262 301 opus,
1282 270 1357 292 tanta
1381 265 1432 292 iuit
1447 265 1531 292 animi
1553 265 1687 293 modestia
1716 267 1790 301 quini

158 320 231 341 ctum
248 322 310 340 vere
324 313 511 340 Christianum
533 313 568 340 de
584 315 739 340 communis
753 312 817 340 boni
841 313 946 348 magni-

161 361 253 387 tuditte
265 360 393 392 retulero,
408 359 453 394 qui
468 360 508 386 sic
516 359 554 385 ait
574 368 580 386 :
599 367 608 384 t
624 358 647 391 Q
659 366 683 384 to
698 358 947 390 sis,Airicane,a!a-

160 407 233 434 crior
244 407 276 433 ad
289 407 428 433 tutandam
445 405 651 440 rempublicam.
670 406 710 432 sic
722 405 822 432 habeto
836 413 842 432 :
857 404 947 432 omni-

160 455 210 481 bus
222 453 270 488 qui
279 453 392 488 patriam
404 444 946 486 eouservaverint,l:adjuver.intauxerint,

158 504 265 526 certum
278 506 338 526 esse
357 497 464 524 inetelo
483 505 514 524 ac
530 497 672 523 deﬁnitum
691 497 791 527 locum.
803 496 847 523 ubi
873 496 946 523 beati

161 553 218 571 aevo
226 545 393 579 sempiterno
403 543 538 570 fruantur.
547 553 556 568 ι
566 542 638 569 Nihil
649 541 768 568 estenim
778 542 814 568 illi
826 541 892 574 Deo,
902 541 947 576 qui

158 599 267 618 omnem
284 591 356 617 hunc
370 589 500 616 ntunduttt
518 589 595 623 regit,
610 589 680 623 quod
694 588 803 623 quidem
826 588 851 614 in
869 588 948 614 terris

159 638 216 669 tiat,
233 636 383 670 acceptius,
399 643 479 665 quatit
494 635 608 661 concilia
636 639 778 668 coetusque
805 633 946 660 hominum

156 685 217 716 jure
233 683 339 712 sociati,
353 689 413 716 qum
423 681 568 707 societates
581 681 754 715 appellantur
770 689 776 706 :
793 681 889 707 harum
903 687 947 707 re-

157 734 248 755 ctores
262 733 289 755 et
302 731 509 754 conservatores
526 726 589 753 ltinc
602 727 724 760 proiecti.
737 726 791 753 huc
803 731 946 754 reverten-

160 779 214 801 tur.
231 773 276 800 His
289 773 381 808 igitur,
396 773 440 807 qui
455 772 498 799 vel
512 772 616 806 scipsos
632 771 739 799 fortiter
751 780 799 807 pro
809 772 948 807 republica

161 819 240 846 morti
257 818 437 847 tradiderunt.
453 822 501 844 aut
515 818 542 844 in
562 818 622 851 ejus
638 818 785 845 utilitatem
795 823 880 846 artem
896 818 947 845 ali-

159 873 241 899 quatn
257 864 431 898 quantumvis
442 865 523 891 etiam
539 863 697 890 illiberalem
710 872 741 891 ac
753 865 945 895 sedentariam.

160 911 218 936 sive
233 909 372 944 quidpiam
387 910 414 936 in
425 917 456 936 ea
471 909 639 944 priet-ipuum
657 916 817 945 gratumque
830 911 947 946 posteris

159 956 371 988 adinvenerunt,
387 955 458 982 vices
477 956 625 990 rependere
640 957 754 991 cupiens
774 957 922 992 antiquitas
938 965 946 985 :

161 1007 188 1030 et
199 1010 251 1036 qua
265 1003 366 1035 liceret,
381 1006 538 1037 perpetuam
549 1009 644 1029 eorum
658 1003 815 1029 utemoriam
829 1003 862 1030 ab
874 1003 946 1031 inte—

160 1050 214 1076 ritu
229 1048 488 1078 \‘indicare,statuas
498 1055 584 1074 aereas
595 1055 642 1074 seu
656 1055 806 1075 marmorea
823 1048 947 1082 sepulcra

162 1095 258 1122 erexit.
273 1096 408 1122 Praeterea
426 1093 596 1120 ethnicorum
615 1094 700 1120 libros
716 1095 818 1129 ingenti
840 1095 947 1122 redem—

160 1148 221 1176 ptos
238 1141 325 1176 pretio
339 1147 437 1175 magna
455 1141 507 1167 lide
526 1140 568 1167 vel
580 1141 716 1175 religione
732 1142 821 1174 potius
842 1141 947 1168 descri-

160 1187 363 1222 ptos,cealrinis
388 1187 509 1213 inclusos
541 1187 671 1220 capsulis,
687 1191 742 1212 ttun
769 1187 843 1214 cedri
866 1195 948 1214 succo

160 1233 268 1264 oblitos,
280 1232 382 1267 posteri
400 1232 425 1258 in
446 1233 554 1266 templis
573 1233 730 1260 cautissime
748 1233 917 1268 repone-bant
939 1242 945 1260 :

160 1280 257 1313 partim
280 1284 309 1305 ut
332 1278 369 1305 rei
391 1283 444 1305 tant
460 1286 554 1308 saeue.
568 1284 676 1313 tamque
701 1279 800 1307 divina.-
825 1280 949 1307 custodia

159 1334 214 1352 Itan
231 1326 291 1352 aliis
304 1332 384 1360 quam
398 1316 461 1360 ipsis
474 1326 630 1352 numinibus
641 1327 870 1353 concrederetur:
886 1334 947 1361 par-

149 1371 211 1397 ‘tim
228 1377 263 1397 ne
279 1371 344 1404 quid
360 1370 431 1396 situs
445 1374 494 1396 aut
515 1370 602 1397 caries
624 1371 668 1397 illa
684 1377 860 1398 monumenta
871 1373 949 1399 vitia-

162 1421 212 1443 ret.
227 1416 279 1443 Alii
291 1424 325 1443 tte
352 1416 528 1450 itac‘qutdem
540 1417 661 1443 contenti
673 1417 822 1452 diligentia,
838 1418 949 1445 codices

160 1470 211 1490 ceu
233 1464 388 1490 thesaurum
410 1463 649 1497 incomparabilem
667 1463 693 1490 in
710 1463 850 1490 altissimis
872 1469 950 1491 terra:

161 1509 271 1536 latebris
295 1509 481 1536 recondebam
499 1513 574 1535 tanta
598 1516 675 1541 cura,
688 1514 717 1536 ut
733 1517 784 1536 nec
804 1510 947 1541 incendiis,

962 904 984 934 Β

997 313 1079 339 etiam
1097 312 1198 346 passim
1216 320 1249 339 ex
1261 312 1320 346 ejus
1337 311 1516 346 seriprisluee
1531 312 1633 339 clarius
1650 317 1689 339 est
1721 321 1785 347 per-

997 358 1104 393 spicere
1122 364 1148 385 ul
1164 358 1216 385 sibi
1233 358 1259 385 id
1276 358 1345 385 adeo
1362 365 1416 384 non
1436 358 1628 390 vindicaverit,
1645 359 1717 393 quod
1733 367 1787 386 nec

998 404 1612 440 propriumnomen.adjiciendumjcensuerit,
1630 405 1677 431 sed
1692 404 1782 440 Chry-

996 450 1111 477 sostomi
1127 449 1218 484 potius
1232 458 1294 477 cum
1321 451 1439 482 caete-ris,
1465 456 1585 485 quorum
1606 451 1722 485 ingerunt:
1749 452 1790 477 t'a-

996 496 1108 522 tebatur
1122 503 1183 523 esse
1199 496 1352 530 potissima,
1372 503 1434 530 qua»:
1450 495 1479 522 in
1497 503 1580 522 unum
1596 496 1656 530 ipse
1675 497 1767 530 colicg
1780 502 1790 522 t

998 550 1153 576 quanquam
1178 547 1204 569 et
1220 541 1278 576 ipse
1292 550 1342 569 suo
1364 547 1450 570 marte
1466 543 1583 577 p‘urima
1597 549 1657 576 quae
1677 546 1705 568 et
1718 550 1789 576 prae—

998 588 1166 616 stantissima
1188 593 1278 620 erant,
1306 589 1480 624 adjunxerat,
1507 594 1538 616 ut
1564 588 1629 616 hinc
1659 589 1790 622 coniicias

998 638 1129 669 quantum
1143 633 1235 660 animo
1253 634 1399 661 dissideret
1407 635 1441 661 ab
1452 634 1483 661 iis
1497 635 1543 668 qui
1561 633 1587 660 in
1599 634 1709 661 modum
1726 642 1788 661 cor-

998 680 1096 706 niculte
1109 679 1205 706 alienis
1217 687 1278 706 sese
1294 684 1392 707 ornant
1402 687 1434 707 ac
1448 680 1588 708 venditant
1608 680 1790 714 plumis.Plu-

998 725 1078 753 rimis
1103 732 1168 751 sane
1185 730 1280 752 auctor
1296 725 1343 752 hic
1370 726 1455 752 fuisse
1467 726 1574 754 videtur
1603 725 1789 754 OEcumcnius

997 773 1030 806 is,
1048 773 1094 809 qui
1108 773 1209 800 similia
1228 773 1432 800 Contmentaria
1458 782 1490 801 ex
1505 774 1606 801 eisdem
1620 774 1726 809 collegit
1743 782 1791 801 au-

993 820 1130 852 ctoribus,
1155 821 1182 847 in
1210 820 1278 847 Acta
1298 821 1491 855 apostoloruttt,
1513 820 1541 847 in
1568 819 1703 855 Epistolas
1727 828 1788 855 quae

997 866 1146 894 Catholica;
1159 871 1366 901 nuncupantur,
1388 874 1421 894 ac
1437 867 1463 893 iu
1481 866 1610 893 Paulinas
1628 874 1734 899 ontnes,
1760 871 1791 893 ut

999 914 1082 941 certis
1097 913 1260 948 quibusdant
1269 913 1438 949 argumentis
1455 912 1601 948 colligitur,
1614 913 1720 940 etiamsi
1738 920 1791 940 nec

999 961 1036 987 ibi
1052 960 1172 987 voluerit
1189 967 1268 987 suum
1282 967 1382 986 nomen
1411 960 1566 994 exprimere
1585 968 1592 986 :
1618 967 1670 994 qua
1698 960 1732 987 de
1759 967 1789 987 re

999 1005 1123 1041 pluribus
1145 1013 1267 1041 agemus.
1284 1013 1346 1032 cum
1363 1010 1465 1032 tomum
1492 1005 1567 1032 illutn
1582 1006 1698 1032 alterum
1724 1013 1790 1040 pro-

1000 1052 1108 1086 pediem
1138 1052 1165 1078 itt
1187 1052 1276 1078 lucem
1307 1051 1446 1078 dabimus.
1469 1051 1548 1079 llunc
1577 1051 1670 1087 itaque
1697 1052 1790 1079 Graeca

999 1105 1082 1124 manu
1102 1097 1276 1133 descriptum
1291 1103 1353 1125 ante
1367 1098 1466 1125 multas
1491 1103 1585 1125 aetates
1608 1098 1678 1133 quod
1693 1103 1791 1132 praeter

1000 1144 1072 1178 ipsas
1085 1145 1317 1179 evangelistarum
1339 1152 1411 1171 novo
1436 1145 1516 1171 modo
1536 1144 1789 1179 depictas,jamque

999 1190 1197 1225 propemodum
1230 1194 1366 1217 vetustate
1395 1190 1497 1218 deletas
1523 1190 1666 1225 imagines,
1694 1190 1789 1218 multis

1000 1236 1079 1262 nobis
1094 1237 1263 1272 argumentis
1279 1237 1399 1263 innotuit
1411 1244 1471 1263 cutn
1486 1244 1551 1263 casu
1567 1236 1731 1271 reperissent
1762 1236 1790 1262 in

1000 1282 1164 1309 bibliotheca
1184 1283 1303 1309 ctenobii
1320 1282 1443 1317 Deiparze
1461 1282 1580 1317 Virginis
1593 1289 1607 1308 a
1621 1282 1790 1316 Guadalupc,

999 1327 1104 1355 ordinis
1125 1327 1354 1363 'diviHieronynti
1378 1328 1404 1354 in
1422 1335 1505 1362 regno
1529 1327 1663 1360 Castellte,
1691 1328 1718 1354 in
1738 1335 1790 1362 qua

1000 1374 1153 1401 etiamnum
1170 1374 1311 1401 delitescit
1329 1383 1335 1401 :
1356 1379 1386 1401 ut
1405 1379 1469 1401 sunt
1484 1374 1544 1408 ejus
1570 1374 1697 1407 sodalltii,
1721 1382 1790 1409 prte-

999 1420 1095 1446 sertim
1107 1424 1206 1446 ‘autem
1223 1419 1394 1446 celeberrimi
1408 1419 1480 1446 illius
1496 1419 1654 1446 monasterii
1669 1420 1791 1447 ccenobi—

999 1468 1048 1496 tie,
1065 1472 1117 1491 non
1132 1464 1391 1492 modo-Christianae
1410 1470 1514 1491 nostra:
1529 1465 1676 1500 religionis,
1695 1473 1789 1493 verum

995 1510 1082 1537 etiam
1100 1511 1387 1545 praestantissimorum
1400 1517 1682 1546 semper‘auctorutn,
1703 1512 1791 1547 potis-

162 1562 213 1582 nec
226 1555 362 1582 bellorum
382 1555 519 1590 procellis,
531 1554 631 1589 quibus
645 1555 737 1582 omnia
756 1563 834 1582 sacra
856 1555 947 1590 profa-
963 1574 985 1602 ε
1002 1556 1100 1583 simum
1118 1561 1207 1583 tamen
1224 1561 1358 1589 veterum,
1370 1556 1584 1592 diligentissimi
1601 1558 1791 1585 observatores

162 1609 248 1636 itaque
260 1602 348 1629 solent
358 1602 475 1632 misceri.
489 1601 677 1633 interirent,el
688 1601 804 1636 posteris
813 1606 887 1628 certe
903 1609 948 1628 su-

160 1653 314 1683 peressent.
332 1648 415 1675 Porro
433 1647 513 1674 si‘bic
530 1648 617 1675 honos
634 1652 675 1674 est
693 1648 801 1674 habitus
814 1648 946 1681 supersti-

162 1694 239 1721 tiosis
254 1694 335 1721 etiam
359 1694 551 1726 voluminibus,
564 1694 758 1721 veluti'Nuntte
779 1701 811 1721 ac
831 1693 948 1728 Sybillte,

162 1745 309 1767 aunt-rum
327 1741 360 1768 ab
374 1741 531 1768 hominibus
546 1746 682 1776 gestarum
698 1740 858 1767 memoriam
865 1747 947 1766 eom-

156 1787 353 1821 'plectentibus,
365 1787 458 1822 quales
467 1786 740 1822 erant/Egyptiorum
752 1786 813 1814 libri
828 1794 834 1812 :
848 1785 950 1812 autali-

161 1840 242 1867 quam
271 1833 398 1860 humanae
416 1833 564 1867 sapientiae
589 1832 741 1867 portionem
761 1831 947 1863 tradentibus,

162 1879 245 1906 veluti
270 1878 392 1906 Platonis
416 1883 443 1906 et
467 1879 617 1906 Aristotelis
632 1887 639 1906 :
654 1876 761 1913 quanto'
780 1878 880 1913 justius
908 1882 950 1904 est

162 1923 232 1952 idem
250 1923 339 1951 facere
364 1924 533 1951 Christianos
551 1924 579 1950 in
596 1923 737 1951 servandis
763 1923 869 1950 illorum
893 1930 950 1950 tuo-

162 1969 325 1998 numentis?
340 1971 385 2004 qui
398 1976 475 1997 sat-ro
490 1969 577 1997 alilati'
585 1969 699 2004 Spiritu,
715 1977 769 1997 non
786 1973 838 1996 tam
854 1969 948 2001 libros,

161 2023 243 2052 quam
256 2016 455 2044 oracula'nobis
468 2016 648 2051 reliquerunt,
668 2015 773 2051 'quibus
786 2015 948 2048 lectitandis,

163 2067 258 2098 pectus
276 2069 330 2089 non
355 2061 479 2089 doctrina
501 2063 589 2089 solum
608 2065 656 2088 aut
677 2061 784 2089 dicendi
806 2060 950 2093 *iacultate,

163 2110 209 2136 sed
225 2110 367 2137 virtutibus
379 2118 410 2137 ac
425 2110 525 2145 pietate
537 2117 597 2145 erga
612 2109 695 2137 Deum
709 2109 872 2145 impleatur:
889 2117 950 2138 cum

163 2160 236 2182 certe
245 2155 554 2183 ethnicorumlibrorum
572 2156 677 2190 jactura
689 2155 716 2182 id
728 2159 831 2183 tantum
844 2156 951 2190 officiat,

164 2205 193 2227 ut
207 2201 306 2227 minus
318 2200 417 2228 eruditi
441 2201 537 2232 simus,
548 2205 595 2228 aut
614 2202 704 2228 minus
715 2201 883 2236 eloquentes,
899 2208 951 2230 non

164 2251 194 2273 ut
206 2246 296 2274 minus
314 2247 362 2282 pii.

201 2292 229 2319 lu
247 2292 290 2319 his
310 2293 401 2327 itaque
416 2292 462 2327 qui
484 2296 609 2319 veterum
624 2296 769 2320 auctorum
793 2300 825 2322 ac
842 2293 954 2322 Patrum

165 2337 266 2371 scripta
273 2336 662 2368 nobistradiderunt,'tnaxime
669 2344 758 2365 autent
768 2339 953 2375 Chrysostomi

165 2389 219 2416 quo
232 2389 318 2408 ‘uettto
334 2383 361 2409 in
379 2382 539 2409 ettarrantlis
557 2383 643 2410 sacris
667 2384 850 2412 voluminibus
867 2386 956 2414 dexte-

165 2427 222 2454 rius
234 2431 356 2454 versatus
364 2432 415 2461 est,
427 2432 515 2462 etquo
525 2430 662 2456 neminem
677 2429 801 2458 invenias
812 2433 902 2467 magis
908 2440 954 2460 ac-

165 2473 367 2501 commodatum
385 2473 484 2508 his‘qui
501 2474 534 2501 ad
547 2480 646 2503 munus
654 2477 830 2504 concionandi
841 2485 900 2505 sese
909 2486 955 2513 pa-

168 2525 229 2546 rant
241 2526 295 2546 non
313 2520 480 2554 posteriores
498 2521 560 2548 tulit
571 2520 683 2549 Graecus
696 2523 813 2556 quidam
831 2529 927 2550 auctor
945 2532 953 2550 :

167 2565 213 2600 qui
243 2573 362 2593 cernens
383 2572 487 2594 veteres
515 2573 747 2597 sacrosauctorcs
764 2574 798 2597 -et
819 2567 955 2604 praecipue

155 2619 214 2638 ‘cos
225 2611 271 2646 qui
288 2612 639 2647 plurimumiaborarerant
651 2616 683 2641 'in
695 2616 857 2642 crtarrattdis
869 2623 954 2643 evan-

167 2659 261 2694 gelicae
284 2660 416 2688 doctrinae
434 2661 511 2688 libris
541 2662 574 2688 ad
590 2667 672 2697 qbam
686 2663 842 2690 docendam
870 2662 955 2691 Filios

169 2704 217 2732 hei
227 2705 264 2732 ad
283 2710 383 2733 terram
406 2706 843 2744 descenderatnequaquam‘pro
855 2710 954 2737 merito

167 2750 283 2778 lcctilari
294 2759 301 2778 :
313 2751 371 2779 sive
381 2752 408 2779 id
416 2752 745 2784 librorummuititudine.
755 2756 811 2782 sive
823 2755 955 2783 lectorum

169 2797 288 2830 fastidio,
305 2799 363 2825 sive
379 2800 510 2834 temporis
520 2800 652 2826 acciderit
669 2801 783 2835 penuria
800 2809 807 2828 :
825 2802 850 2828 itt
870 2809 955 2830 uttuttt

169 2843 278 2880 collegit
305 2845 444 2877 volumen,
476 2846 607 2880 quidquid
639 2846 675 2873 illi
704 2854 801 2882 magna
829 2849 955 2877 codicum

170 2890 248 2920 turba
260 2891 404 2925 selectum,
416 2891 491 2919 circa
502 2891 646 2929 E‘angclia
663 2893 840 2931 reliquerant.
858 2894 890 2923 Et
916 2900 956 2924 ta-

1002 1610 1033 1629 ac
1047 1602 1176 1634 cultores,
1190 1603 1277 1629 visum
1296 1604 1338 1629 cst
1350 1603 1519 1634 ittvidi'esse,
1546 1611 1579 1630 ne
1597 1603 1685 1631 dicant
1702 1602 1789 1638 impii,

997 1655 1031 1674 τε
1047 1648 1115 1674 adeo
1131 1647 1339 1682 'irugiiera'pati
1363 1648 1468 1675 diutius
1481 1649 1580 1683 privari
1596 1648 1717 1676 Latinos.
1733 1649 1792 1677 Nec

996 1697 1092 1719 tamen
1106 1694 1211 1720 inscius
1223 1701 1309 1725 eram,
1337 1701 1417 1728 quam
1449 1694 1562 1727 duram,
1579 1702 1722 1729 quamque
1748 1702 1793 1721 ar-

995 1737 1084 1764 ‘daam
1101 1738 1205 1765 adirent
1231 1739 1396 1773 provinciam
1415 1747 1422 1765 :
1445 1740 1684 1775 partimquidem,
1717 1741 1790 1775 quod

996 1790 1119 1818 propriae
1135 1784 1262 1811 conscius
1274 1784 1483 1816 imbecillitatis.
1507 1786 1657 1820 incultique
1675 1785 1790 1821 ingenii,

996 1829 1151 1857 that-bueram
1166 1838 1275 1865 semper
1288 1830 1315 1857 in
1331 1833 1432 1864 animo,
1447 1831 1516 1858 nihil
1532 1832 1558 1858 in
1574 1831 1713 1866 publicum
1724 1831 1792 1859 edc-

996 1883 1034 1903 -re
1049 1876 1168 1911 :qtartim
1185 1877 1334 1911 verolquod
1356 1877 1422 1904 mihi
1439 1885 1482 1904 res
1492 1884 1571 1905 esset
1582 1877 1791 1912 etmtejusmotii

996 1922 1178 1958 librosquem
1198 1923 1244 1950 Ivel
1256 1923 1345 1958 legere
1357 1923 1572 1951 nonmedioeris
1596 1924 1665 1951 foret
1680 1923 1792 1959 negotii,

996 1973 1096 2004 ‘utpote
1119 1969 1221 2004 ignotis
1236 1974 1264 1996 ut
1283 1970 1431 2004 plurimum
1448 1975 1561 1998 eaarato
1580 1971 1794 1998 Acharaeleribus

1003 2023 1035 2042 ac
1051 2015 1230 2050 compendiis,
1263 2017 1462 2044 maximalieet
1480 2024 1545 2043 cura
1567 2024 1598 2044 ac
1623 2016 1765 2052 diligentia
1784 2025 1791 2043 :

1004 2060 1157 2089 lifterarum
1171 2061 1253 2088 etiam
1264 2062 1539 2097 'ﬂgurisplerumque
1551 2063 1592 2089 vel
1600 2063 1678 2088 carie
1696 2069 1727 2088 ac
1739 2062 1793 2088 situ

1005 2107 1232 2139 oblitteratis,'vel
1247 2108 1381 2135 tinearum
1393 2108 1578 2135 aeblattaruttt
1592 2108 1691 2143 injuria
1703 2109 1794 2134 senti—

1005 2154 1087 2185 rosis,
1111 2154 1155 2182 vel
1178 2161 1250 2181 novo
1267 2153 1576 2190 .adeomoreudepictis,
1592 2159 1622 2181 ut
1645 2155 1672 2181 in
1699 2154 1794 2181 iormis

1006 2199 1086 2226 etiam
1124 2199 1294 2226 noscitandis
1318 2199 1393 2227 \mihi
1415 2199 1492 2226 lioret
1524 2201 1792 2234 trepueraseeudum.

974 2252 999 2282 υ
1012 2244 1116 2272 Ontilto
1131 2246 1201 2280 quod
1221 2245 1378 2280 frequenter
1396 2245 1423 2272 in
1436 2245 1568 2273 oratiottis
1584 2250 1711 2274 contextu
1735 2254 1789 2274 nott

1006 2296 1071 2318 sunt
1092 2298 1144 2317 asc
1155 2291 1268 2317 iuvicent
1287 2295 1420 2326 separatte
1442 2291 1578 2319 dictiones
1595 2301 1601 2320 :
1617 2298 1644 2319 et
1660 2301 1674 2320 e
1686 2294 1795 2321 diverso

1007 2337 1130 2372 ejusdem
1151 2336 1279 2364 dictionis
1304 2337 1402 2365 litterae
1432 2343 1480 2365 aut
1507 2339 1616 2374 syllabae
1651 2340 1794 2375 plusquam

1005 2383 1079 2418 justo
1103 2390 1118 2409 a
1148 2389 1177 2409 se
1192 2382 1308 2409 invicem
1331 2389 1493 2419 separantur
1508 2385 1662 2418 intervallo,
1678 2387 1746 2414 adeo
1764 2392 1794 2414 ut

999 2434 1058 2454 nec
1069 2432 1169 2454 versus
1183 2427 1313 2462 syllabam
1335 2428 1434 2463 sa-pius
1449 2429 1524 2456 tiniat
1540 2439 1547 2456 :
1563 2436 1698 2458 commata
1711 2439 1740 2458 ac
1751 2433 1793 2458 llt-

1006 2474 1061 2499 cisa
1087 2473 1132 2499 vix
1158 2473 1307 2506 adduntur,
1336 2479 1383 2501 aut
1405 2475 1449 2501 nbi
1466 2476 1534 2502 nihil
1551 2485 1618 2509 opus
1649 2482 1689 2504 est
1706 2486 1793 2513 appo-

996 2523 1133 2544 nuntur:
1155 2525 1221 2552 qute
1245 2527 1292 2546 res
1307 2520 1470 2555 plerumque
1499 2522 1684 2550 dillicultatem
1708 2525 1795 2559 g'gnlt

1006 2571 1063 2590 non
1078 2571 1200 2598 parvam.
1230 2564 1354 2593 Sciebam
1367 2573 1497 2601 praeterea
1511 2574 1614 2603 quanto
1631 2565 1669 2596 ut}
1686 2571 1712 2596 in
1732 2578 1796 2596 un:-

1007 2618 1116 2637 versnm
1134 2610 1301 2639 dicam-sese
1327 2619 1467 2647 exponant
1485 2616 1616 2650 periculo,
1633 2617 1678 2651 qui
1711 2617 1794 2644 libros

998 2662 1021 2682 'a
1038 2656 1178 2691 peregrina
1197 2656 1287 2691 lingua
1303 2659 1443 2687 traductos
1459 2661 1485 2687 in
1500 2661 1588 2688 ittcem
1606 2661 1692 2689 edunt
1707 2671 1713 2688 :
1726 2668 1794 2696 quot

1007 2705 1034 2737 et
1046 2702 1126 2736 quam
1141 2703 1522 2740 rariossusoipiantiudices,
1537 2712 1653 2741 quorum
1671 2707 1794 2743 plerique

1008 2748 1109 2775 (iuncis
1133 2749 1396 2778 litteristteal'rmine
1412 2752 1528 2787 quidem
1548 2753 1681 2786 salutatis,
1708 2755 1743 2782 oh
1768 2755 1793 2783 id

1009 2794 1100 2821 statim
1118 2795 1208 2822 omnia
1224 2795 1366 2829 damnant,
1389 2798 1461 2832 quod
1483 2799 1614 2826 mundum
1634 2799 1708 2826 illttttt
1730 2801 1794 2828 rltc<

1005 2841 1123 2869 toricutn
1135 2849 1196 2876 prae
1207 2849 1237 2869 se
1253 2850 1307 2870 non
1317 2842 1423 2875 ierant,
1434 2844 1707 2881 ignorantes-quibus
1737 2855 1797 2874 arc-

998 2887 1255 2938 ‘teturltttodis'ivs,
1284 2889 1331 2925 qui
1353 2888 1448 2936 allen:
1474 2890 1571 2927 lingua:
1594 2891 1796 2928 depositum-ti-
