1922 3070
108 210 144 245 37
830 208 1038 240 Panemo.
1707 213 1742 244 δίς

109 269 208 297 deliter
236 267 354 296 reddere
371 265 490 303 cogitur.
515 266 695 303 Summopere
712 266 784 295 enim
805 275 903 296 curan-
917 272 941 301 Α
957 276 1056 296 senem
1086 267 1171 303 magis
1187 267 1309 301 accedat,
1344 275 1396 295 non
1429 268 1497 296 nihil
1515 273 1606 297 tamen
1636 269 1744 298 subolet

109 313 174 341 dum
191 317 234 340 est
249 313 285 346 ei,
305 312 349 348 qui
363 312 397 340 ab
425 320 477 339 una
495 312 587 348 lingua
603 312 743 348 quidpiam
773 313 902 340 transfert

109 359 137 386 in
167 359 249 386 aliam
277 367 284 386 :
314 366 349 386 ne
379 359 443 386 dum
472 360 591 386 sermoni
619 359 716 394 quzerit
750 355 900 393 ornatum,

110 410 222 440 repente
237 413 286 440 pro
299 405 450 439 interprete
463 406 661 441 paraphrasten
675 410 737 440 agat
754 415 760 433 :
776 411 902 433 rursum-

109 459 164 486 que
179 459 214 478 ue
233 451 270 478 ita
285 451 373 478 verbis
383 451 495 486 hmreat,
512 456 541 479 ut
557 451 655 487 prioris
669 451 769 487 linguae
781 451 880 479 idioma
890 466 902 472 -

109 501 138 523 ta
156 501 203 523 aut
217 497 348 524 dialectos
365 496 483 523 retineat
502 506 508 524 :
527 497 573 524 sed
592 504 706 532 qumque
722 496 812 532 lingua
829 496 900 532 quod

110 549 193 569 suum
209 546 249 569 est
264 541 363 569 habeat
379 549 385 568 :
402 541 503 576 alioqui
520 549 570 568 nec
584 541 676 569 Graece
692 542 765 577 l0qui
785 543 901 574 videtur,

110 595 164 615 nec
181 587 278 616 Latine
292 596 299 615 :
315 588 398 624 idque
414 587 486 623 quod
501 587 528 614 in
541 587 682 615 indoctum
709 588 842 623 jactatum
860 591 901 616 cst

112 633 262 665 comicum,
278 633 330 668 ipsi
348 633 533 668 adaptabitur,
548 633 619 668 quod
644 640 681 660 cr
691 632 791 661 Cra-cis
812 633 900 667 bonis,

111 678 210 706 Latina
223 679 316 707 fecerit
328 688 382 707 non
402 680 484 714 bona,
500 679 525 707 id
541 680 614 715 quod
638 680 672 707 de
685 680 777 707 multis
793 680 902 708 exulce-

113 730 174 752 rato
193 726 245 753 hoc
257 726 357 753 saeculo
371 731 434 761 apte
449 726 510 760 quis
526 726 635 754 dixerit.
648 726 714 759 Quis
725 727 799 753 enim
810 733 902 754 sacras

110 770 168 804 jam
179 770 299 798 Litteras
314 772 415 806 passim
442 779 498 798 non
518 771 570 799 sibi
594 771 725 804 vindicat,
755 777 901 807 antequam

113 817 203 844 discat
218 826 225 844 :
242 821 361 852 torquet,
394 818 496 846 lacerat
512 827 519 845 :
535 826 639 853 suoque
657 819 816 852 intellectui,
848 819 902 846 imo

113 863 171 890 suis
187 863 331 891 aﬂ'ectihus
348 864 451 891 servire
471 864 542 900 cogit
569 864 733 900 scripturam
753 865 835 892 etiam
859 872 902 893 re-

112 910 302 944 pugnantem?
322 910 355 938 Et
365 910 595 946 quemadmodum
623 911 769 939 scribimus
799 911 901 940 indocti

954 314 1083 342 dictionis
1108 314 1183 341 illum
1213 313 1356 341 aﬂeetasse
1387 318 1586 342 venustatem:
1617 316 1744 351 quodque

954 360 1091 388 rhetorice
1107 359 1208 387 dixisse
1238 360 1304 387 satis
1334 360 1427 395 cupiat
1443 361 1539 394 videri,
1556 366 1583 388 et
1613 369 1666 388 non
1694 362 1743 389 soli

953 404 1050 432 littera!
1059 405 1226 432 enarratioui
1241 406 1356 432 haerere.
1369 405 1404 432 At
1416 411 1509 433 noster
1519 407 1562 434 hic
1574 412 1668 434 auctor
1683 409 1745 434 uni-

954 459 1015 478 cum
1030 452 1104 478 hunc
1122 451 1214 478 habuit
1228 459 1352 486 scopum,
1367 456 1395 477 ut
1406 452 1590 487 cvangelicam
1605 455 1745 482 succincte

954 497 1061 523 cunctis
1077 496 1196 530 aperirct
1212 496 1366 523 historiam.
1389 496 1466 529 Quod
1480 497 1500 524 si
1517 498 1550 524 ad
1565 506 1654 526 mores
1673 506 1742 533 quo-

953 549 1006 576 que
1019 541 1196 576 corrigendos
1211 539 1335 568 nonnihil
1351 542 1552 571 exhortationis
1565 549 1689 579 exoptes,
1717 544 1744 571 id

955 587 1035 614 etiam
1053 587 1172 614 breviter
1188 587 1299 621 quidem
1332 595 1362 614 ac
1396 588 1496 620 rarius,
1520 592 1567 616 sed
1587 590 1744 617 felicESsime

955 633 1037 660 tradit
1052 633 1095 660 hic
1117 638 1228 660 'auclor.
1264 632 1350 666 Quam
1379 639 1453 668 apte,
1481 634 1551 661 boue
1577 634 1657 667 Deus,
1681 643 1743 662 cum

954 679 1127 714 evangelista:
1143 679 1291 714 plurimum
1306 679 1438 707 dissidere
1457 680 1595 711 videntur,
1609 680 1645 707 ita
1666 681 1747 708 dissi-

954 725 1045 753 dentia
1061 725 1200 752 connectit
1213 725 1284 758 loua,
1297 729 1326 752 ut
1352 725 1386 752 ab
1413 726 1509 752 eodem
1541 726 1620 760 plane
1636 726 1680 753 illa
1702 726 1745 753 vi-

955 773 1072 800 dcantur
1087 779 1149 799 esse
1166 772 1251 799 dicta.
1268 772 1302 799 Et
1315 772 1378 799 huic
1388 772 1498 806 quidem
1515 773 1553 799 rei
1567 773 1669 804 nullus,
1684 780 1746 800 tneo

953 818 1069 854 judicio,
1082 819 1151 846 adeo
1170 818 1274 845 utiliter
1292 826 1324 846 ac
1335 819 1407 846 serio
1424 819 1559 846 hactenus
1585 820 1744 855 iuvigilavit.

954 865 983 893 in
999 873 1053 900 quo
1068 870 1169 899 tamen,
1184 865 1254 892 sicut
1269 872 1358 900 neque
1371 865 1397 892 in
1409 866 1527 896 caeteris,
1557 865 1640 892 nolim
1669 866 1747 900 quis-

955 919 1035 946 quam
1049 911 1118 938 meis
1132 911 1212 938 fidem
1227 910 1327 938 haheat
1361 910 1464 944 verbis,
1491 910 1546 938 nisi
1569 911 1648 946 longe
1667 912 1746 946 plura

111 953 242 989 doctique
273 960 397 990 poemata
414 956 528 991 passim,
546 956 583 984 ita
611 961 639 984 et
665 956 799 993 plerique,
815 965 902 993 quan-
918 957 940 985 Β
956 958 983 985 in
1010 958 1063 986 hoc
1089 957 1248 991 lectitando,
1276 958 1357 986 laude
1383 959 1464 994 digna
1491 960 1634 994 repererit,
1664 967 1746 994 quam

112 1007 193 1034 quam
210 1001 237 1027 in
256 1008 305 1028 sua
322 1007 406 1028 arena
432 1001 549 1029 feliciter
567 1007 752 1036 versarentur,
776 1004 902 1038 proprios

113 1045 217 1079 egressi
227 1044 340 1077 limites,
354 1046 418 1073 dum
430 1051 548 1078 sutores,
559 1047 661 1074 relictis
671 1048 799 1081 crepidis,
812 1049 903 1085 ignota

113 1096 230 1124 quinque
259 1091 412 1125 diiudicare
449 1098 595 1125 conantur,
627 1101 683 1120 non
710 1102 773 1122 raro
802 1102 903 1123 misere

115 1135 332 1164 hailucinantur.
350 1137 423 1170 Quid
448 1137 521 1165 cnim
549 1137 657 1166 medico
679 1140 903 1175 autjurisperito

114 1187 176 1208 cum
195 1181 324 1209 versione
348 1188 395 1209 aut
421 1183 647 1218 interpretatione
676 1191 817 1212 sacrorum
847 1194 905 1223 my-

113 1228 261 1254 steriorum
280 1228 292 1254 Ἰ
317 1228 450 1263 Quodque
482 1229 562 1265 longe
581 1229 665 1263 magis
680 1229 835 1258 delleudum
850 1236 901 1265 est,

115 1273 181 1300 dum
196 1273 287 1301 animo
302 1274 392 1309 pravis
419 1274 515 1302 imbuti
533 1279 599 1302 sunt
615 1276 760 1311 dogmatis,
783 1285 844 1311 qua:
870 1285 904 1305 ex

115 1316 211 1345 Graeco
225 1323 334 1346 vertunt
351 1320 379 1346 in
397 1319 535 1352 Latinum,
552 1327 607 1347 non
622 1320 689 1348 satis
709 1320 828 1348 ﬁdeliter
847 1325 903 1348 tra-

116 1368 209 1393 ctant;
225 1371 299 1392 nunc
314 1365 437 1400 quidem,
453 1367 524 1401 quod
538 1366 696 1400 frequenter
723 1366 833 1399 accidit,
859 1374 905 1394 co-

116 1414 199 1445 gente
216 1410 313 1437 harum
340 1419 432 1438 rerum
463 1412 610 1447 imperitia,
640 1413 711 1446 quod
730 1416 830 1445 tamen,
851 1413 904 1441 nisi

118 1457 200 1483 illotis
223 1457 388 1484 accederent
405 1457 439 1485 ad
454 1458 646 1485 contreetanda
667 1466 743 1486 sacra
768 1459 903 1493 manibus,

117 1502 224 1530 facilius
253 1508 347 1538 posset
363 1504 464 1540 ignosci
483 1514 488 1531 :
504 1511 577 1531 nunc
591 1512 664 1536 vero,
693 1512 728 1532 ne
747 1506 804 1533 suis
822 1513 904 1541 repu-

118 1554 203 1584 gnent
218 1549 362 1585 dogmatis,
380 1554 428 1577 aut
445 1550 604 1583 truncatim,
622 1556 669 1577 aut
689 1553 772 1585 prave
794 1559 905 1579 sensum

117 1595 199 1621 nobis
215 1596 343 1622 reddunt.
357 1595 435 1629 Quod
455 1595 516 1623 luce
532 1596 633 1622 clarius
653 1596 841 1629 ostendemus,
860 1597 905 1624 ubi

117 1637 234 1665 alterum
253 1644 356 1666 tomutu
373 1640 429 1667 Deo
445 1641 564 1675 propitio
580 1639 607 1666 in
623 1641 710 1668 lucetn
727 1642 904 1675 ediderimus,

117 1687 203 1720 quod,
216 1691 245 1714 ut
262 1695 353 1722 spero,
371 1688 448 1716 brevi
460 1688 602 1716 faciemus.
619 1689 659 1717 0b
671 1689 729 1716 hac
743 1689 823 1724 igitur
839 1689 906 1716 alia—

118 1737 171 1764 que
187 1731 302 1765 pluritna
314 1740 374 1768 qua:
391 1735 544 1760 versionem
560 1734 641 1761 variis
658 1738 822 1769 exaggerant
835 1734 906 1760 dilli-

117 1777 276 1811 cultatibus,
295 1786 351 1806 non
365 1779 389 1807 is
400 1787 459 1807 sum
473 1780 520 1815 qui
533 1788 588 1807 non
605 1781 762 1815 intelligam,
776 1785 907 1815 quantum

118 1822 184 1850 huic
205 1825 310 1851 auctori
341 1825 496 1860 dignitatis,
531 1832 721 1862 quantumque
752 1827 908 1861 splendoris

119 1871 311 1898 tenebricosus
326 1872 464 1908 interpres
491 1873 666 1901 abstulerim.
690 1873 743 1902 Sed
770 1879 908 1908 utcunque

117 1917 164 1949 sit,
181 1923 292 1944 sensum
319 1922 470 1946 tamen'tne
484 1924 640 1946 assecutum
662 1920 771 1954 opinor,
791 1920 855 1947 licet
865 1928 906 1955 tp-

118 1971 182 1990 sum
208 1965 284 1992 nullo
313 1966 387 1994 cultu
405 1967 596 1995 adornaverim
616 1977 623 1995 :
641 1975 737 1995 verum
765 1967 793 1995 id
825 1975 907 1995 nemo

119 2018 196 2038 sana:
229 2013 327 2040 mentis
351 2013 379 2040 in
405 2014 615 2042 Commentariis
636 2015 767 2049 requiret,
791 2014 908 2041 maxime

118 2057 156 2084 ab
171 2064 204 2084 eo
220 2058 277 2092 qui,
299 2064 328 2085 ut
344 2059 474 2094 praefatus
506 2067 566 2088 sum
581 2080 588 2094 ,
605 2060 756 2095 peregrina:
780 2061 908 2087 astrictus

118 2107 164 2130 est
182 2103 292 2139 linguae.
305 2105 383 2138 Quod
402 2106 425 2133 si
445 2106 581 2134 universis
591 2106 749 2133 satisfacere
763 2113 819 2132 non
831 2105 908 2140 potui

117 2149 201 2176 facile
218 2150 314 2183 feram,
331 2159 393 2179 cum
405 2160 441 2179 ne
454 2152 522 2179 mihi
533 2152 645 2187 quidem
664 2152 715 2187 ipsi
736 2151 763 2178 in
779 2151 908 2179 omnibus

118 2195 220 2222 faciam
237 2199 314 2224 satis.
329 2197 457 2224 Attamen
482 2206 554 2225 onus
579 2198 644 2229 hoc,
660 2205 815 2232 quanquam
839 2197 908 2225 meis

117 2242 204 2277 longe
217 2244 305 2278 impar
318 2244 452 2276 humeris,
467 2245 560 2272 Subire
574 2251 720 2279 aggressus
745 2252 818 2276 sum,
833 2236 907 2279 quod

954 1013 1004 1041 ego
1018 1005 1121 1040 possitn
1134 1005 1244 1041 assequi
1256 1006 1458 1033 enumerando.

990 1048 1048 1077 Hoc
1057 1050 1148 1085 itaque
1166 1057 1245 1085 opus,
1258 1056 1287 1078 ut
1298 1050 1346 1078 tibi
1359 1059 1559 1086 nuncuparent,
1577 1051 1749 1087 amplissime

954 1097 1066 1131 praesul,
1087 1096 1152 1124 fecit
1166 1096 1238 1124 inter
1251 1097 1412 1124 innumeras
1439 1102 1499 1125 tuas
1512 1098 1601 1130 dotes,
1627 1098 1747 1125 maxima

955 1142 1110 1169 humanitas
1123 1147 1168 1169 tua
1182 1151 1188 1169 :
1203 1151 1284 1178 quant
1301 1148 1400 1178 praeter
1413 1144 1531 1171 auditam
1543 1143 1644 1171 famam
1665 1144 1747 1179 longe

955 1188 1063 1224 lateque
1079 1189 1240 1224 dispersam,
1258 1198 1312 1218 non
1327 1190 1410 1217 semel
1427 1190 1454 1217 in
1470 1195 1497 1217 tc
1512 1199 1572 1218 sum
1595 1196 1745 1226 expertus:

954 1242 1018 1269 qua,
1037 1243 1098 1262 cum
1118 1243 1215 1263 omnes
1232 1236 1314 1263 etiam
1328 1240 1459 1263 extremae
1476 1235 1595 1264 fortunae
1618 1237 1747 1265 homines

955 1286 1012 1309 tum
1042 1282 1139 1309 studiis
1173 1282 1345 1316 potissimum
1380 1282 1498 1314 deditos,
1547 1283 1748 1318 benignissime

956 1334 1065 1362 semper
1095 1327 1292 1362 amplecteris:
1314 1327 1428 1362 ipsaque
1458 1327 1561 1359 studia,
1592 1327 1747 1362 ubicunque

955 1372 999 1399 vel
1015 1372 1126 1398 minima
1148 1372 1227 1399 datur
1242 1373 1363 1405 occasio,
1392 1372 1456 1400 totis
1485 1372 1617 1407 provehis
1632 1373 1746 1400 viribus.

956 1415 1091 1443 Prmterea
1111 1417 1138 1444 id
1156 1417 1241 1452 magis
1253 1417 1363 1452 aggredi
1381 1424 1442 1444 sum
1465 1425 1560 1449 ausus,
1588 1418 1659 1452 quod
1684 1426 1747 1444 cum

957 1462 1007 1490 tibi
1040 1463 1110 1491 forte
1138 1462 1247 1490 fortuna
1269 1471 1320 1490 nos
1346 1463 1486 1496 iuvisenti,
1518 1464 1637 1498 printum
1675 1465 1747 1491 huttc

958 1515 1048 1535 meum
1059 1512 1167 1543 partum
1187 1509 1301 1536 omnino
1336 1509 1427 1536 adhuc
1457 1508 1602 1537 informem
1631 1510 1747 1538 demon-

957 1558 1098 1587 strassem,
1108 1562 1160 1582 una
1173 1562 1236 1582 cum
1249 1554 1345 1582 Graeco
1356 1555 1516 1590 exemplari,
1533 1563 1703 1591 nequaquam
1719 1562 1747 1584 ut

957 1605 1111 1629 monstrum
1129 1601 1305 1635 abhorruisti,
1321 1602 1367 1628 sed
1378 1601 1460 1629 veluti
1475 1601 1638 1636 pulchellum
1652 1601 1746 1636 pusio-

956 1654 1019 1675 nem
1034 1647 1111 1675 avide
1124 1647 1323 1675 dcosculaharis
1336 1656 1342 1674 :
1357 1647 1492 1674 mirabare
1509 1654 1562 1675 non
1581 1647 1668 1674 nullas
1679 1654 1747 1681 quo-

956 1700 1009 1729 que
1023 1694 1144 1722 occultas
1156 1694 1182 1721 in
1197 1702 1228 1721 eo
1241 1686 1330 1726 doles,
1339 1701 1392 1721 non
1404 1693 1525 1730 cujusvis
1537 1694 1624 1721 orulis
1635 1694 1745 1728 exposi-

957 1741 1008 1766 tas.
1020 1738 1098 1772 Quod
1114 1739 1165 1766 nisi
1177 1739 1212 1766 ita
1225 1739 1396 1774 contigisset,
1409 1747 1461 1774 qua
1475 1740 1630 1767 temeritate
1643 1744 1746 1766 tentas-

956 1789 1026 1814 sem,
1040 1783 1247 1819 tam‘locupleti,
1262 1783 1313 1812 hac
1328 1785 1409 1812 etiam
1424 1785 1450 1811 iu
1465 1790 1551 1818 parte,
1570 1785 1638 1816 viro,
1652 1785 1745 1811 tantil-

955 1828 1126 1858 lum’oﬂ'erre
1146 1831 1338 1858 munusculum
1360 1839 1367 1858 :
1391 1828 1590 1864 Munusculum,
1609 1830 1716 1864 inquam
1736 1838 1744 1857 :

958 1882 1021 1901 nam
1039 1875 1103 1902 licet
1118 1874 1146 1901 in
1161 1881 1191 1902 se
1204 1881 1304 1901 munus
1318 1873 1363 1906 sit,
1378 1873 1502 1901 fortassis
1515 1882 1570 1901 non
1597 1881 1748 1908 aspernatio

953 1921 1034 1952 dum,
1048 1921 1069 1948 si
1090 1924 1179 1947 tamen
1191 1920 1225 1947 ad
1243 1920 1391 1948 immensas
1404 1927 1436 1947 ac
1452 1920 1665 1955 pretiosissimas
1689 1924 1750 1947 tuas

959 1973 1026 2001 opes
1055 1967 1224 1998 conferatur,
1264 1966 1406 2001 indignant
1439 1966 1607 1997 censebitur,
1632 1965 1749 2000 quodin

959 2018 1006 2040 tuo
1019 2014 1158 2045 thesauro,
1171 2013 1213 2039 vel
1226 2013 1354 2047 exiguum
1365 2012 1486 2039 inveniat
1496 2012 1597 2040 locutn.
1610 2011 1749 2046 Siquidem

958 2062 989 2085 ut
1014 2059 1071 2086 haec
1102 2058 1212 2085 interim
1237 2058 1342 2090 sileam,
1359 2063 1420 2092 qua:
1450 2058 1516 2085 dic.t
1545 2058 1692 2092 Apostolus
1722 2058 1750 2085 in

958 2105 1089 2139 episcopo
1115 2111 1169 2131 non
1210 2108 1338 2138 oportere
1383 2103 1558 2130 desiderari:
1594 2111 1693 2138 nempe
1715 2108 1751 2130 'ut

959 2148 1209 2184 irreprehensibilis
1240 2149 1287 2182 sit,
1317 2153 1445 2183 tanquam
1486 2148 1532 2175 Dei
1566 2148 1749 2183 dispensator,

960 2195 1075 2230 vigilans
1106 2202 1189 2230 super
1217 2202 1336 2230 gregem,
1358 2194 1476 2228 sobrius,
1497 2202 1552 2221 non
1579 2196 1749 2228 pra-tractus,

960 2249 1015 2268 non
1027 2241 1185 2273 iracundus,
1199 2243 1246 2267 sed
1263 2241 1413 2273 modestus,
1429 2241 1583 2275 hospitalis,
1602 2247 1683 2276 aptus
1715 2242 1748 2268 ad

117 2290 176 2317 alio
187 2297 247 2317 sese
263 2298 317 2316 non
333 2291 478 2323 odereute,
495 2291 597 2326 grande
616 2292 744 2318 ducerem
759 2290 907 2325 piaculum,
926 2298 947 2325 υ
962 2287 1126 2320 docendum,
1141 2287 1212 2321 pius,
1230 2291 1396 2321 temperans,
1411 2290 1491 2313 tenax
1513 2287 1573 2321 ejus
1591 2287 1636 2321 qui
1649 2294 1750 2313 secun-

118 2338 145 2364 si
159 2336 253 2363 ﬁdeles
271 2336 374 2364 diutius
386 2341 462 2364 tanto
477 2337 676 2364 *fraudarentur
687 2337 826 2364 thesauro.
837 2337 909 2369 Quid

120 2383 210 2412 enim.
224 2382 299 2419 quod
320 2384 355 2410 ad
367 2383 531 2419 evangelicae
561 2383 681 2411 historia:
708 2384 908 2411 enarrationem

120 2430 231 2462 attinet,
247 2430 274 2456 in
291 2429 488 2465 Chrysostomo
505 2430 690 2465 potissimum,
706 2431 805 2458 deinde
826 2435 853 2458 et
882 2431 910 2458 iu

121 2476 252 2512 Origene,
278 2477 388 2511 Basilio,
404 2483 454 2505 aut
482 2476 657 2504 Nazianzeno
675 2478 809 2510 invenies,
839 2479 911 2513 quod

124 2522 170 2550 hic
189 2523 319 2550 facillime
354 2528 381 2551 et
402 2524 620 2551 succinctissime
641 2530 698 2551 non
714 2525 864 2559 proferat?_
879 2526 912 2552 Et

125 2569 320 2604 uhrysosmmo
338 2569 451 2604 quidem
467 2571 535 2597 satis
562 2574 637 2605 patet
656 2577 711 2597 non
739 2578 801 2597 eum
827 2570 911 2597 luisse

124 2623 249 2650 scopum,
265 2621 294 2642 ut
314 2616 522 2652 Evangeliorum
538 2621 586 2643 aut.
615 2617 753 2644 actionum
781 2617 908 2651 apostoli-

123 2669 229 2695 carum,
243 2670 291 2689 seu
307 2662 480 2690 Paulinarum
507 2663 689 2698 Epistolarum
714 2664 817 2691 nudum
834 2663 911 2690 nobis

126 2708 246 2736 traderet
261 2709 440 2736 intellectum.
457 2709 566 2743 Alioqui
595 2709 668 2736 enitn
698 2713 752 2735 tam
781 2714 857 2736 vasta
883 2709 910 2736 in

126 2763 226 2790 paucos
239 2763 322 2783 sacrae
340 2755 489 2791 Scriptura:
503 2755 587 2783 libros
612 2763 669 2783 non
687 2756 840 2791 reliquisset
864 2764 913 2785 vo-

127 2804 242 2836 lumina,
263 2803 311 2830 sed
339 2803 426 2838 plebis
445 2802 606 2830 formandos
636 2810 727 2830 mores
756 2804 913 2838 suscepisse

127 2853 211 2886 magis
227 2851 334 2878 videtur
352 2860 359 2878 ε
376 2856 404 2878 et
417 2851 517 2879 idcirco
529 2851 605 2879 locos
623 2851 656 2878 ad
671 2852 780 2886 plebem
810 2857 911 2880 tractat

128 2906 297 2931 communes,
326 2904 353 2926 et
378 2898 577 2926 enarrationem
611 2899 730 2928 ltomiliis
757 2900 911 2935 distinguit.

128 2947 195 2978 Quin
209 2952 237 2975 et
263 2946 491 2983 Thcoplnylactus,
516 2955 668 2983 quanquam
685 2947 708 2975 is
728 2949 760 2976 ad
779 2947 911 2986 -historiae

963 2333 1027 2360 dum
1037 2334 1195 2360 doctrinam
1210 2338 1252 2360 est
1266 2332 1358 2360 ﬁdelis
1381 2333 1538 2365 sermonis,
1551 2337 1580 2359 ut
1608 2338 1705 2368 potens
1716 2334 1751 2360 sit

962 2378 1045 2405 etiam
1088 2378 1227 2406 exhortari
1269 2385 1325 2413 per
1370 2378 1522 2405 doctriuatu
1568 2386 1674 2412 sanam,
1724 2384 1752 2405 et

962 2425 1181 2453 contradicentes
1204 2426 1380 2458 convincere,
1413 2433 1470 2452 non
1500 2425 1667 2458 vinolentus,
1696 2434 1749 2453 non

963 2479 1117 2508 percussor,
1130 2479 1185 2498 non
1198 2472 1314 2505 turpiter
1325 2471 1393 2498 lucri
1407 2472 1514 2504 avidus,
1530 2473 1578 2499 sed
1607 2479 1700 2506 aequus
1720 2480 1750 2499 ac

960 2519 1051 2554 justus
1079 2519 1199 2554 apugnis
1225 2523 1254 2545 et
1284 2519 1318 2546 ab
1335 2520 1448 2546 avaritia
1461 2519 1577 2551 alienus,
1590 2520 1636 2553 qui
1657 2522 1748 2546 domui

963 2573 1018 2592 sua:
1046 2565 1117 2593 bene
1147 2565 1249 2601 prwsit.
1261 2564 1339 2600 (Nam
1367 2566 1390 2592 si
1424 2565 1495 2600 quis,
1514 2565 1613 2599 inquit,
1635 2573 1750 2599 propria:

962 2612 1055 2639 domui
1069 2620 1187 2646 praeesse
1197 2620 1252 2639 non
1264 2613 1351 2645 novit,
1379 2613 1517 2646 quomodo
1538 2612 1685 2638 Ecclesiatn
1703 2611 1748 2636 ltci

963 2658 1101 2693 curabit?)
1121 2666 1175 2685 non
1194 2659 1221 2685 in
1237 2659 1289 2685 fide
1305 2659 1437 2690 novitius,
1461 2665 1496 2684 ne
1515 2657 1622 2684 inﬂatus
1636 2658 1662 2683 in
1675 2657 1751 2692 judi-

964 2706 1035 2732 cium
1049 2705 1150 2733 incidat
1166 2705 1266 2733 diaboli
1281 2714 1288 2732 :
1315 2706 1360 2740 qui
1375 2709 1402 2732 et
1432 2705 1533 2732 bonum
1549 2704 1648 2731 habeat
1674 2704 1751 2731 testi-

963 2753 1088 2780 monium
1115 2752 1149 2779 ab
1177 2752 1327 2780 extraneis.
1365 2752 1400 2779 Ut
1430 2751 1500 2783 inec,
1520 2751 1750 2785 inquam,onmia

963 2800 1057 2826 sileam
1087 2807 1148 2834 qua:
1167 2799 1258 2826 nullus
1277 2799 1324 2833 qui
1344 2803 1369 2825 te
1401 2798 1512 2833 propius
1538 2798 1656 2830 noverit,
1678 2798 1704 2824 in
1726 2801 1752 2824 te

964 2846 1122 2873 desiderare
1137 2846 1239 2880 pulerit
1254 2854 1260 2872 :
1276 2845 1341 2880 quin
1352 2846 1482 2879 pleraque
1496 2844 1577 2872 etiam
1607 2844 1750 2871 abundan-

964 2892 1018 2919 tius
1035 2892 1165 2924 inveniet,
1182 2899 1264 2926 quam
1289 2891 1409 2926 exegerit
1427 2891 1583 2925 Apostolus.
1609 2898 1670 2917 cutn
1688 2891 1750 2924 pul-

964 2937 1102 2965 cherrimo
1130 2943 1238 2971 quoque
1272 2941 1298 2963 et
1325 2935 1526 2970 lulgentissimo
1552 2935 1597 2962 illo
1614 2932 1749 2961 castitatis
