1922 3070
193 156 228 188 39

913 153 1121 185 PREFATIU.

1791 155 1827 187 lii

191 212 313 249 cingulo.
347 213 446 240 Verum
481 212 542 248 quis
569 219 626 240 non
661 211 843 247 admirabitur
868 211 897 239 in
920 212 980 240 viro
994 219 1016 247 Α
1034 211 1174 244 facillime,
1194 210 1222 239 in
1251 209 1351 246 quibus
1372 217 1421 246 ego
1438 215 1535 239 noctes
1547 216 1630 246 atque
1663 211 1722 239 dies
1744 214 1826 240 desu-

195 264 250 287 tam
266 260 394 295 praeclaro
409 267 509 293 genere
520 264 590 291 orto,
600 259 643 286 cui
660 260 728 287 adeo
739 267 849 295 semper
877 259 980 287 arrise-

195 305 231 332 rit
243 312 276 332 ex
293 305 368 332 omni
385 311 462 340 parte
475 305 596 337 fortuna,
612 313 672 340 qua:
688 305 758 332 nihil
780 305 852 340 quod
868 312 980 332 suarum

194 355 237 377 est
265 351 382 386 partium
414 351 465 386 ipsi
492 359 611 386 unquam
638 359 753 387 negasse
777 351 894 384 videtur,
927 355 980 378 lam

194 395 307 428 variam,
327 397 621 431 tamquereconditam
636 396 830 428 eruditionem,
846 396 981 431 judicium

195 440 390 472 certissimum.
402 441 541 476 ingenium
552 445 606 468 tam
620 448 694 474 acre,
711 448 835 476 penequc
847 441 981 474 divinum,

195 487 355 514 memoriam
368 487 436 515 adeo
452 488 599 515 tenacem?
617 488 645 515 in
661 496 715 523 quo
740 493 837 526 praeter
857 492 981 516 exactam

194 534 338 568 utriusque
366 534 436 569 juris
480 534 664 570 prudentiam,
698 536 848 570 perfectam
874 542 982 570 quoque

194 578 278 605 trium
292 579 445 614 linguarum
459 580 585 615 peritiam
603 581 665 615 quis
684 588 738 608 non
750 581 901 616 suspiciat?
913 581 982 609 Nam

194 624 223 650 in
240 624 341 651 Grmcis
365 633 395 652 ac
409 626 512 653 Latinis
537 626 627 654 adhuc
650 634 719 661 puer
730 627 978 655 exercitatissimus

193 675 253 697 erat
268 678 276 698 :
292 670 320 697 in
336 670 458 699 Hebraeis
473 679 538 699 vero
555 672 627 700 Deus
661 673 732 700 bone
754 681 835 708 quam
868 673 983 702 feliciter

193 721 318 744 versatus
337 721 388 748 est.
405 726 484 752 quam
512 718 596 746 etiam
610 726 673 754 erga
687 727 766 747 suum
784 725 982 755 praeceptorem

193 760 325 790 liberalis.
342 762 393 796 Qui
410 764 452 790 his
482 765 565 799 igitur
597 765 744 793 comitibus
770 766 806 793 ita
831 766 865 794 ad
888 774 983 794 sacras

190 807 248 842 jam
262 808 364 836 dudum
392 810 509 837 accessit
527 809 656 843 Litteras,
685 815 818 847 utneque
852 811 984 839 naturalis

192 853 384 890 philosophiae,
417 863 508 890 neque
543 856 702 892 theologiaa,
728 865 809 892 quam
833 851 996 885 scliolasti-'

1033 258 1114 292 dans,
1132 258 1250 285 necdum
1262 265 1343 285 omne
1355 258 1382 285 id
1397 258 1468 293 quod
1481 259 1634 293 quaerebam
1665 266 1708 286 me
1731 260 1827 294 opinor

1031 309 1199 332 assecutum.
1212 303 1234 331 0
1249 304 1352 332 utinam
1387 305 1454 331 tales
1481 305 1572 332 forent
1592 312 1688 332 omnes
1703 304 1827 341 episcopi

1034 358 1067 378 ac
1095 351 1310 386 dispensatores,
1337 359 1407 386 quos
1430 351 1561 379 Dominus
1583 352 1726 379 constituit
1744 361 1827 388 super

1033 397 1166 424 familiam
1191 405 1280 431 suam,
1310 402 1342 425 ut
1370 397 1435 425 dent
1452 398 1488 424 illi
1503 397 1593 425 cibum
1622 398 1650 425 in
1683 401 1824 434 tempore!

1033 443 1158 479 profecto
1192 443 1301 474 felicius
1325 449 1453 479 ageretur
1479 451 1542 471 cum
1579 443 1682 472 Christi
1710 445 1821 477 ovibus,

1034 489 1090 516 imo
1117 496 1179 516 cum
1203 493 1259 517 tota
1284 489 1424 524 republica
1466 489 1633 518 Christiana.
1675 488 1825 518 Prmsulum

1033 542 1151 570 namque
1165 539 1193 563 et
1205 540 1346 570 pastorum
1356 535 1438 563 vitam
1449 542 1482 563 ac
1494 543 1584 564 mores
1600 544 1667 571 grex
1681 538 1826 566 universus

1033 578 1165 607 imitatur.
1177 579 1352 615 Quapropter
1362 580 1492 608 omnibus
1503 581 1530 608 in
1544 581 1637 612 rebus,
1651 582 1827 610 ornatissime

1033 626 1145 660 praesul,
1166 625 1219 653 hoc
1248 626 1355 653 aurium
1386 631 1578 654 ornamentum
1598 635 1633 655 ne
1646 626 1781 661 fastidias,
1800 632 1827 655 te

1033 677 1083 705 per
1096 674 1168 697 tuam
1183 670 1243 698 orbi
1255 671 1392 706 cognitam
1408 671 1606 698 humanitatem
1633 671 1717 699 etiam
1741 677 1823 707 atque

1033 716 1115 744 etiam
1132 717 1266 745 obtestor.
1287 717 1366 745 Nosti
1386 718 1460 745 enim
1474 718 1524 753 ipsi
1551 722 1719 754 praeceptum
1741 719 1826 747 fuisse

1033 761 1111 796 Mosi,
1128 766 1158 789 ut
1172 762 1206 790 ad
1221 762 1429 790 tabernaculum
1445 770 1477 791 ac
1498 764 1684 791 sanctuarium
1698 769 1826 792 constru-

1034 807 1138 835 endum
1165 816 1221 836 non
1249 808 1330 836 modo
1359 816 1455 836 aurum
1468 813 1495 836 et
1505 814 1660 845 argentum,
1678 817 1826 845 purpuram

1033 858 1061 880 ct
1071 853 1194 889 byssurn,
1207 854 1312 889 lapides
1322 855 1475 890 onychinos
1489 862 1521 882 ac
1539 863 1659 891 gemmas
1670 857 1826 891 acciperet:

194 906 254 927 eam
281 905 387 934 vocant,
421 901 619 929 destitueretur
641 903 748 937 peritia,
773 903 833 938 quis
864 903 982 939 ambigat
998 898 1018 925 Β
1034 907 1129 926 verum
1163 900 1244 927 etiam
1271 900 1339 928 viles
1364 901 1435 928 inter
1458 905 1557 928 caetera
1573 909 1716 936 caprarum
1745 902 1824 937 pilos.

194 945 285 981 ipsum
314 946 383 973 mira
410 948 596 981 praestiturum
612 948 623 974 ?
639 948 732 983 Itaque
759 949 863 975 nullum
888 949 916 976 in
942 949 983 977 eis

199 992 376 1025 quantumvis
387 992 544 1020 abstrusum
558 994 682 1021 invenias
695 994 797 1027 locum,
824 994 903 1029 cujus
919 1002 983 1022 exa-

195 1038 346 1064 ctissimam
362 1045 417 1065 non
430 1039 515 1073 possit
526 1047 557 1065 ex
574 1045 696 1073 tempore
709 1040 822 1067 reddere
836 1040 982 1068 rationem.

196 1083 249 1110 Sed
266 1084 332 1118 quid
350 1091 399 1119 ego
416 1084 473 1111 haec
488 1091 543 1110 non
558 1084 705 1112 crcdituris
718 1085 954 1114 frnslradenuntio
972 1087 983 1113 7

195 1129 229 1156 de
247 1128 360 1156 homine
394 1130 578 1165 potissimum,
597 1130 642 1165 qui
658 1131 782 1158 nondum
813 1133 941 1166 quintum
956 1136 984 1160 et

195 1174 364 1202 tricesimum
379 1176 468 1211 attigit
492 1183 604 1210 annum,
623 1177 649 1203 in
669 1177 878 1211 praeclarissimo
891 1178 980 1214 digni-

196 1224 280 1247 tatum
293 1228 430 1256 opumque
441 1221 588 1257 splendore
605 1230 713 1258 semper
735 1223 893 1257 constituto,
925 1231 985 1259 quae

198 1274 253 1295 non
285 1275 380 1302 parum
409 1268 596 1303 impedimenti
631 1269 731 1296 studiis
761 1269 858 1297 afferre
885 1270 983 1297 solent.

197 1314 284 1348 Spero
296 1314 422 1348 equidem
440 1314 512 1348 quod
524 1315 681 1341 concredita
698 1315 751 1342 sibi
769 1316 868 1342 talenta
880 1323 983 1351 nequa-

196 1367 277 1394 quam
290 1359 317 1386 in
339 1365 438 1386 terram
460 1360 590 1386 defodiet.
614 1360 775 1395 Quanquam
804 1361 877 1388 enim
903 1362 984 1388 etiam

195 1411 270 1431 nunc
299 1405 411 1431 lucerna
437 1405 472 1431 sit
502 1412 557 1431 non
572 1405 666 1431 subter
682 1405 813 1438 modium,
830 1406 877 1433 sed
902 1413 985 1441 super

196 1450 395 1478 candelabrum
425 1450 523 1486 posita,
552 1451 680 1478 omnibus
717 1451 764 1486 qui
795 1452 822 1478 in
857 1452 986 1480 Ecclesiae

196 1497 278 1524 domo
305 1501 380 1529 sunt,
407 1497 469 1524 vitae
483 1504 515 1524 ac
534 1504 640 1524 morum
657 1497 823 1532 integritate,
840 1498 986 1526 libroruin-

195 1551 249 1579 qne
269 1544 407 1571 editorum
435 1544 557 1571 doctrina
587 1543 748 1579 przelucens,
765 1552 797 1572 ac
822 1549 852 1572 ut
867 1544 984 1580 probum

196 1580 310 1625 prmstet
333 1590 436 1617 Christi
467 1590 559 1617 ovium
585 1589 638 1617 sibi
654 1590 875 1618 concrcditarum
890 1596 983 1626 pasto-

197 1644 267 1670 rem,
296 1636 421 1671 plurimis
436 1637 525 1671 iisque
551 1637 671 1664 maxime
686 1637 781 1664 arduis
801 1637 983 1673 distringatur

197 1682 317 1719 negotiis
334 1682 427 1710 :dabit
440 1687 533 1709 tamen
546 1683 719 1718 propediem,
730 1683 753 1711 si
777 1683 901 1711 divinare
919 1684 984 1712 licet

196 1730 284 1764 majus
310 1729 401 1756 adhuc
429 1729 471 1756 sui
501 1729 639 1762 specimen
659 1729 686 1756 in
699 1729 800 1763 lucem,
814 1737 868 1765 quo
880 1731 985 1766 perspi-

197 1783 279 1803 cuum
303 1776 431 1803 omnibus
470 1775 527 1808 lict,
549 1783 592 1802 me
626 1775 684 1802 haec
709 1776 866 1803 assentandi
896 1777 983 1813 gratia

198 1821 314 1848 minime
331 1821 529 1856 promulgasse,
542 1821 589 1847 sed
600 1821 678 1856 longe
694 1821 784 1849 adhuc
797 1822 868 1849 intra
881 1823 982 1850 verita-

198 1867 233 1894 tis
261 1867 364 1894 limites
393 1868 529 1894 calamum
547 1867 727 1894 continuisse.
757 1867 835 1901 Quod
851 1868 874 1895 si
900 1869 944 1896 his
969 1876 985 1896 e

197 1913 292 1941 Graeco
328 1913 466 1940 vertendis
506 1921 601 1940 vacare
635 1914 778 1947 voluisset,
816 1922 986 1950 supervacue

198 1957 278 1985 nobis
300 1957 436 1985 maximus
458 1958 503 1985 hic
537 1958 616 1985 labor
643 1964 807 1987 sumeretur.
825 1958 888 1988 Scio
912 1961 985 1988 enim

198 2005 330 2033 nonnulla
360 2012 423 2032 eum
438 2005 514 2040 quasi
532 2012 580 2040 per
591 2006 685 2033 ludum
718 2006 769 2034 sibi
793 2007 844 2041 ipsi
869 2007 985 2034 vertisse

1035 945 1094 973 Scis
1117 950 1145 973 et
1173 946 1262 973 vidua:
1287 946 1342 974 duo
1373 952 1426 973 ara
1452 947 1558 974 minuta
1573 955 1628 975 non
1646 948 1728 975 modo
1743 948 1827 976 fuisse

1035 992 1143 1020 Christo
1153 993 1318 1028 gratissima,
1330 993 1377 1021 sed
1391 994 1519 1022 omnibus
1547 1001 1657 1029 quoque
1674 994 1826 1029 splendidis

1034 1038 1149 1066 divitum
1182 1039 1344 1067 muneribus
1369 1039 1403 1067 ab
1430 1047 1463 1067 eo
1477 1041 1682 1075 praeposita:ct
1697 1041 1825 1076 poculum

1034 1091 1112 1118 aqum.
1141 1085 1243 1119 frigida:
1269 1085 1369 1112 Christi
1401 1085 1513 1113 nomine
1537 1085 1707 1119 offerentem,
1723 1094 1826 1121 nequa~

1035 1138 1116 1164 quam
1128 1131 1241 1166 praemio
1255 1130 1449 1158 fraudandum.
1464 1131 1493 1158 Si
1502 1131 1585 1167 igitur
1598 1140 1699 1159 tnunus
1714 1132 1767 1160 hoc
1792 1133 1826 1160 ad

1036 1181 1098 1203 tuas
1121 1177 1195 1203 domi
1227 1177 1362 1212 repositas
1389 1177 1499 1205 divitias
1537 1177 1673 1210 conferas,
1703 1178 1827 1213 profecto

1035 1223 1117 1250 vilius
1129 1223 1182 1250 erit
1196 1223 1388 1258 abjectissimis
1401 1231 1547 1259 caprarum
1557 1224 1619 1259 pilis
1636 1233 1643 1253 :
1661 1226 1704 1252 cui
1721 1225 1826 1252 nibilo«

1035 1269 1136 1301 minus,
1150 1269 1221 1296 sicut
1239 1274 1267 1297 et
1280 1269 1344 1303 illis,
1355 1269 1433 1297 locus
1447 1270 1500 1297 erit
1515 1270 1548 1297 ad
1569 1270 1706 1298 exteriora
1736 1271 1828 1298 taber—

1035 1315 1126 1342 naculi
1149 1315 1257 1343 Domini
1282 1317 1458 1344 asservanda.
1486 1317 1515 1344 Si
1543 1324 1607 1344 vero
1621 1317 1742 1345 animum
1773 1325 1827 1352 quo

1036 1361 1229 1388 munusculum
1257 1361 1310 1388 hoc
1325 1366 1377 1388 tua:
1395 1361 1587 1390 illustrissimae
1599 1362 1715 1390 olIertur
1739 1362 1828 1391 Celsi—

1037 1405 1122 1431 tudini
1134 1406 1321 1440 conspexeris,
1335 1406 1422 1433 audeo
1437 1413 1573 1440 asserere,
1590 1415 1657 1434 auro
1669 1412 1698 1434 ct
1722 1416 1823 1443 argen-

1037 1454 1073 1482 to,
1105 1458 1226 1485 purpura
1245 1455 1273 1477 et
1292 1451 1384 1486 bysso,
1402 1451 1538 1486 lapidibus
1550 1451 1696 1486 onychinis
1709 1460 1739 1478 ac
1751 1459 1827 1487 gem-

1036 1496 1089 1523 mis
1119 1496 1198 1531 longe
1228 1497 1404 1532 prmstantius
1427 1496 1496 1524 fore.
1511 1497 1619 1524 Etenim
1635 1497 1722 1532 siqua
1746 1497 1774 1524 in
1797 1505 1826 1524 re

1036 1543 1127 1574 detur,
1141 1546 1171 1570 ut
1185 1543 1313 1578 propensi
1329 1550 1391 1578 erga
1415 1547 1442 1570 te
1475 1543 1528 1570 mei
1543 1544 1626 1570 animi
1649 1544 1732 1573 facias
1753 1543 1828 1578 peri-

1038 1589 1141 1621 culum,
1170 1589 1272 1615 nullam
1298 1589 1390 1617 subire
1413 1596 1577 1617 recusavero
1603 1589 1777 1622 sententiain,
1802 1589 1826 1616 si

1037 1643 1081 1663 me
1104 1635 1160 1662 ullo
1186 1635 1267 1662 modo
1298 1640 1325 1663 te
1353 1635 1495 1663 inveneris
1526 1635 1667 1663 fefellisse.
1693 1635 1733 1663 Ne
1761 1642 1827 1671 ergo

1037 1688 1137 1708 munus
1152 1681 1203 1708 hoc
1217 1682 1244 1708 in
1258 1687 1288 1708 se
1310 1681 1478 1715 consideres,
1500 1688 1553 1708 nec
1567 1682 1600 1708 ad
1618 1681 1773 1708 universam
1787 1681 1826 1708 tui

1037 1727 1123 1754 musci
1150 1727 1347 1762 supellectilem
1368 1727 1515 1755 conferas:
1540 1727 1589 1755 sed
1625 1727 1660 1755 ad
1685 1726 1826 1754 offerentis

1037 1773 1170 1806 animum,
1193 1780 1248 1808 quo
1288 1773 1316 1801 id
1341 1774 1498 1801 verecunde
1528 1773 1654 1809 porrigit,
1679 1781 1826 1808 parumper

1038 1821 1131 1848 oculos
1138 1819 1259 1853 deﬂecte,
1267 1827 1298 1847 ac
1307 1821 1500 1848 munusculum
1511 1820 1589 1848 hilari
1599 1819 1688 1847 fronte
1696 1820 1804 1854 suscipe
1817 1827 1825 1848 :

1036 1871 1067 1893 ut
1086 1867 1150 1894 dum
1165 1867 1222 1894 lucc
1238 1874 1293 1894 non
1310 1867 1416 1903 ingrata
1433 1867 1481 1894 tibi
1501 1867 1586 1894 fuisse
1608 1867 1826 1902 deprehendero,

1037 1914 1154 1948 majores
1171 1914 1204 1941 ad
1215 1914 1372 1949 lmjusmodi
1384 1915 1474 1942 studia
1487 1915 1559 1942 vires
1580 1921 1727 1942 aSSumam.
1749 1913 1825 1947 Vale,

1037 1960 1183 1995 praesuluin
1211 1960 1295 1987 decus
1321 1961 1464 1988 eximium.
1495 1960 1608 1988 Lovanii
1624 1968 1697 1988 anno
1712 1969 1726 1987 a
1745 1964 1827 1996 partu

1037 2007 1170 2042 virgineo,
1189 2006 1269 2040 1545,
1287 2012 1365 2034 sexto
1381 2006 1445 2035 ldus
1458 2007 1585 2043 Augusti.

259 2140 409 2181 Ejusdem
428 2140 601 2170 admoniuo
626 2144 662 2170 ae
680 2145 806 2170 auctore
835 2140 1275 2219 horurrltsgomfmfntariorum
1304 2149 1341 2170 ea:
1367 2139 1499 2170 editione
1521 2137 1563 2179 (α)
1579 2139 1768 2170 Locanicnat‘

1007 2203 1015 2217 ,
1056 2189 1072 2209 ο
1090 2203 1098 2211 .

1007 2203 1015 2217 ,
1038 2189 1098 2217 [οι.

240 2242 369 2272 Studioso
395 2244 513 2272 Lectori.

236 2289 304 2317 Cum
317 2291 367 2317 hos
381 2290 597 2320 Commentarios
613 2296 677 2320 ante
697 2293 799 2328 aliquot
823 2301 931 2322 menses
949 2293 986 2330 (ιι)

201 2335 231 2364 in
247 2336 335 2363 lucem
348 2337 504 2370 ederenius,
518 2338 640 2366 studiose
655 2339 752 2373 lector,
762 2348 813 2368 nec
825 2341 893 2368 certi
905 2340 987 2376 quid—

202 2391 285 2418 quam
316 2383 488 2417 haberemus,
520 2384 592 2419 quod
608 2385 641 2412 de
656 2391 768 2413 auctore
788 2386 985 2419 divinaremus,

203 2429 318 2456 aliorum
341 2429 438 2463 magis,
466 2437 547 2464 quam
576 2435 699 2458 nostrum
734 2433 821 2459 secuti
841 2432 986 2467 judicium,

203 2474 307 2510 praefati
332 2482 440 2511 sumus,
467 2475 630 2510 quibusdam
659 2477 746 2506 videri
761 2482 900 2505 auctorem
926 2484 987 2505 esse

239 2553 278 2587 (a)
290 2553 366 2580 Hanc
381 2552 540 2589 editionem,
555 2560 635 2587 quam
651 2553 784 2581 beneficio
804 2553 909 2589 lleynii,
936 2554 987 2580 viri

206 2588 380 2623 perillustris,
396 2595 430 2615 ex
450 2587 615 2615 bibliotheca
645 2589 834 2615 universitatis
845 2587 851 2589 ⁷
863 2589 987 2616 Goettin-

206 2622 297 2657 gensis
308 2623 411 2657 accepi,
426 2622 733 2658 recensetHamberger,
745 2625 779 2650 im
789 2624 884 2650 vierleii
899 2623 987 2650 Tlieile

207 2659 254 2684 u'er
275 2659 464 2692 aurerldssigcn
483 2658 660 2685 lVacIiricliten
678 2667 725 2685 eou
743 2659 791 2685 den
808 2661 989 2685 vot'nehmstelt

207 2693 410 2726 δι’]ινὶίιδιείιριη
441 2695 555 2728 ιμςῶἳ.
579 2695 621 2720 85.

241 2730 278 2761 (ἡ)
295 2732 372 2754 Anno
390 2729 467 2760 £045,
489 2733 566 2755 sexto
581 2729 644 2755 ldus
674 2729 798 2763 Augusti,
819 2734 848 2755 ut
869 2735 903 2755 ex
928 2729 988 2764 ejus

207 2766 366 2798 pra-latione
384 2763 554 2798 intelligitur.

243 2801 277 2831 (ei
295 2799 417 2833 Magnum
432 2807 491 2825 esse
517 2798 663 2824 discrimen
697 2800 842 2831 acuminis,
871 2799 987 2831 ordinis,

206 2834 323 2865 consilii,
354 2833 554 2868 gris-citatisque
573 2834 644 2860 inter
667 2833 985 2863 PseudoOEeumenium

205 2874 233 2898 et
248 2870 319 2896 inter
332 2869 519 2904 Euthymian
535 2875 616 2896 nemo
635 2869 663 2896 in
675 2869 789 2897 dubium
808 2871 926 2902 vocabit,
939 2871 988 2906 qui

1001 2252 1024 2280 ι)
1039 2245 1253 2278 OEcumenium,
1283 2252 1364 2280 quem
1395 2245 1423 2271 in
1438 2248 1538 2272 caetera
1562 2244 1631 2272 Novi
1657 2245 1827 2274 Testamenti

1039 2291 1115 2319 brevi
1147 2299 1162 2318 a
1192 2291 1271 2319 nobis
1301 2291 1428 2318 Latinum
1446 2291 1579 2326 accipies.
1597 2292 1756 2327 Quanquam
1773 2294 1782 2329 (
1799 2299 1830 2320 ut

1038 2345 1133 2364 verum
1157 2337 1252 2372 fatear)
1269 2338 1351 2373 hujus
1377 2337 1486 2372 phrasis
1502 2338 1536 2365 ab
1550 2338 1596 2366 illo
1612 2346 1667 2366 non
1692 2339 1827 2375 parum(c)

1039 2383 1248 2412 mibidissidere
1262 2384 1416 2412 videbatur.
1436 2384 1515 2412 Nunc
1526 2393 1591 2412 vero
1608 2386 1734 2413 eumdem
1753 2387 1827 2413 nacti

1040 2436 1180 2458 auctorem
1210 2431 1237 2458 in
1272 2431 1394 2459 Psalmos
1421 2431 1578 2465 Davidieos,
1607 2439 1634 2461 et
1653 2433 1678 2459 in
1711 2432 1824 2460 Cantica

1041 2483 1100 2511 quae
1119 2476 1157 2511 (ά)
1187 2484 1242 2504 una
1270 2484 1333 2504 cum
1353 2476 1469 2505 Psalmis
1495 2478 1571 2505 canit
1607 2478 1740 2510 Ecclesia,
1776 2479 1829 2511 iam

1041 2561 1188 2590 utrumque
1201 2556 1307 2591 legeritI
1321 2556 1368 2584 sed
1379 2557 1412 2584 de
1424 2556 1593 2584 (lEcumenio
1605 2556 1666 2590 quid
1683 2557 1828 2591 setilircm_

1042 2591 1093 2618 dici
1109 2591 1185 2618 alibi.
1201 2591 1269 2618 Cum
1283 2591 1426 2626 Eutliymio
1438 2593 1513 2619 nullo
1525 2593 1605 2619 modo
1616 2595 1828 2625 comparandus.

1043 2626 1204 2663 lsimilliinus
1214 2631 1305 2663 autem
1321 2627 1467 2663 Cuthymio
1489 2633 1531 2655 est
1557 2627 1829 2663 Pseudo—Tlieopliy-

1043 2661 1131 2687 laetus
1146 2661 1173 2687 in
1186 2661 1321 2695 Epistolas
1334 2661 1473 2689 l’aulinas.

1079 2696 1117 2730 ((1)
1130 2696 1180 2722 lsta
1197 2697 1302 2732 cantica
1326 2697 1352 2723 in
1384 2698 1522 2732 plerisque
1550 2697 1690 2725 codicibus
1718 2697 1774 2724 τῶν
1785 2700 1826 2732 θ’,

1041 2730 1193 2765 junguntur
1233 2731 1357 2758 Psalmis.
1383 2730 1483 2766 Atque'
1501 2735 1536 2760 ita
1570 2733 1652 2760 etiam
1687 2736 1773 2766 reperi
1799 2730 1829 2762 tn

1042 2766 1150 2793 duobus
1172 2766 1312 2802 codicibus
1338 2766 1547 2802 Mosquensibus
1571 2767 1740 2794 Psalmorum
1763 2777 1827 2796 eum

1042 2801 1268 2837 interpretatimie
1296 2801 1447 2837 Eulhyniii,
1475 2804 1602 2830 nimirum
1618 2805 1647 2831 in
1663 2803 1724 2830 cod.
1753 2803 1826 2832 Bibl.

1042 2836 1092 2863 SS.
1111 2836 1206 2872 synodi
1220 2844 1296 2864 num.
1316 2836 1405 2865 196'et
1419 2837 1464 2865 97.
