1922 3070
117 140 149 171 Η
832 139 905 169 ΡΒΑ

961 140 1041 172 λΤΙΟ.
1714 145 1749 177 42

116 194 238 222 secundo
258 193 292 229 (ι’)
307 193 377 230 typis
391 201 535 226 excusum,
555 193 710 221 certissimo
722 184 824 221 certius
849 193 909 221 ausi
923 196 949 226 Α
962 195 995 222 Ει
1006 195 1150 230 utrobique
1175 203 1258 231 super
1273 204 1305 224 eo
1321 197 1416 232 verbo,
1433 198 1546 226 Pro-ibis
1566 204 1629 228 ante
1653 200 1749 236 facient

117 248 213 268 sumus
240 240 314 267 terre
339 239 486 275 judicium,
514 240 611 267 horum
642 239 910 267 Commentariorum

117 290 257 313 auctorem
277 292 339 313 esse
361 285 540 321 Eutltymium
556 285 588 320 (f)
609 284 789 319 Zigabonum.
815 284 909 320 Neque

117 331 190 358 enim
219 338 300 358 ovum
325 338 377 358 ovo
393 331 446 358 fuit
474 338 594 365 unquam
624 331 693 358 adeo
710 331 809 363 simile,
826 338 907 366 quant

119 377 177 403 haec
188 377 225 411 (g)
245 376 353 411 phrasis
368 375 417 403 illi.
437 375 536 403 Videas
548 375 574 402 in
595 380 710 410 utroque
726 380 832 411 gratam
844 384 906 403 cum

117 422 201 450 simili
221 423 325 456 pietate
340 422 515 455 brevitatem,
530 421 698 449 succinctam
732 421 911 449 chraismo-

117 476 179 495 rum
201 468 434 503 explanationem.
449 468 482 495 Et
498 468 727 503 quemadmodum
744 468 781 496 ibi
800 468 905 496 Psalte-

115 515 201 547 rium,
219 515 254 541 ita
270 518 298 541 et
313 515 359 542 hic
373 515 544 549 singulorum
564 515 795 550 evangelistarum
826 523 908 543 enar—

116 562 238 587 rationes
250 560 333 587 simili
356 567 387 588 ac
414 565 579 595 pervenusta
607 560 909 596 concludit(h)8o$o).o—

116 607 167 642 γίᾳ
180 607 274 642 juncta
305 607 477 642 παραινέσει.
493 607 571 634 Adde
598 608 627 642 (ἰ)
656 607 728 642 quod
753 608 825 635 inter
854 615 909 635 ca:-

118 657 178 680 tera
208 657 317 680 enarrat
341 658 369 680 et
382 653 476 680 Marite
496 660 528 680 ac
540 653 681 680 Zachariae
709 654 826 686 cantica,
847 661 908 688 quae

115 699 203 727 habet
222 699 309 726 Lucas
339 700 427 734 primo
452 700 540 734 capite
555 708 562 727 :
579 707 694 735 quorum
711 705 739 727 et
771 700 800 727 in
816 700 869 727 hoc
883 705 910 728 et

118 748 147 772 tn
160 745 207 772 illo
217 745 295 775 libro.
313 746 404 773 verbis
421 746 555 774 duntaxat
569 754 619 781 pro
633 746 764 773 varietate
774 746 909 782 interpre-

118 795 176 818 tum
189 792 351 826 immutatis,
370 793 494 820 eamdem
510 793 617 821 videbis
644 793 907 828 interpretationem.

156 871 190 906 (ε)
209 872 247 899 Ex
262 873 313 909 hoc
329 873 429 908 colligit
443 873 652 907 Hambergerus,
663 881 745 909 supra
762 874 887 901 laudatus
900 883 907 901 :

118 906 186 933 Das;
196 908 279 942 einige
291 906 458 942 Exemplum,
466 910 533 936 alter
539 906 818 936 Waltrsclteiittic/tkeit
828 909 908 942 uach,

116 942 167 979 das
183 942 251 969 Ja/tr
272 945 352 976 ISiZ,
367 945 417 978 aul'
436 945 494 970 dum
519 944 589 971 Tite!
604 945 708 979 [ii/areu.
728 945 783 972 Sed
797 945 912 972 vocabu-

117 977 176 1004 lum
206 986 330 1014 clausum
370 984 409 1006 est
443 977 612 1014 ambiguum;
646 979 782 1007 Incertum
823 980 908 1012 enim,

117 1017 212 1039 utrum
225 1014 257 1039 ad
275 1013 491 1041 Commentarios
510 1013 537 1041 in
548 1015 682 1046 Psalmos,
712 1022 745 1042 an
766 1015 800 1042 ad
827 1014 909 1042 Com-

118 1048 270 1074 mentarios
285 1049 311 1075 in
332 1049 477 1084 Evangelia
491 1051 526 1077 sit
556 1050 740 1077 referendum.
759 1049 811 1077 Sed
846 1049 912 1077 illttd

119 1087 196 1115 puto.
216 1083 320 1110 Etenim
340 1083 568 1111 Mottt’elalcottius
592 1085 619 1111 in
635 1085 805 1112 Bibliotheca
830 1084 910 1112 Cois-

117 1117 232 1150 liniana,
248 1126 274 1152 p.
291 1119 336 1149 58,
349 1124 483 1146 memorat
500 1120 607 1146 illorum
632 1121 908 1152 Commentariorum,

118 1160 152 1189 ex
166 1153 392 1189 interpretatione
405 1154 523 1189 Philippi
540 1155 625 1186 Sauli,
636 1155 783 1182 editionem
797 1155 910 1182 Veronae

117 1187 147 1213 in
161 1187 208 1214 fol.
221 1187 286 1215 ann.
300 1189 378 1220 1550,
393 1194 419 1216 ct
432 1187 519 1216 Lut‘et.
529 1189 556 1216 itt
569 1190 594 1222 8,
608 1198 673 1216 atnt.
686 1190 763 1216 1545.
778 1189 909 1221 Priorem,

117 1222 233 1258 sihrecte
250 1224 371 1256 memini,
387 1224 440 1251 vidi
453 1225 587 1258 quondam
611 1225 639 1252 in
663 1225 828 1252 bibliotheca
851 1233 909 1251 am-

117 1256 235 1291 plissimi
255 1264 364 1286 senatus
384 1256 544 1293 Lipsiensis.
567 1259 653 1292 llanc,
669 1265 699 1286 ut
723 1260 841 1292 videtur,
859 1267 910 1287 no-

119 1296 159 1329 tat
186 1293 396 1328 Ilambergerus,
419 1296 478 1322 loco
500 1295 609 1322 laudato
625 1302 780 1329 quanquam
796 1295 840 1322 Itic
860 1303 909 1329 pro

117 1325 244 1361 Lutetiae,
254 1325 364 1363 scripsit
374 1325 496 1358 Parisiis.
508 1325 836 1366 Alterutu-argumentum
852 1325 905 1363 est,

959 241 1068 268 Domini
1083 243 1248 277 pararevias
1271 243 1340 278 ejus.
1371 244 1439 278 Qua:
1469 246 1535 279 sint,
1566 246 1665 282 inquit,
1698 249 1750 275 via:

960 288 1019 322 ejus
1042 288 1160 316 diximus
1188 290 1269 317 tertio
1297 290 1385 326 capite
1429 291 1571 326 Evangelii
1599 293 1751 321 secundum

960 332 1128 367 Matthatum,
1145 334 1190 361 ubi
1204 335 1318 362 habetur
1334 343 1341 362 :
1362 336 1414 363 Vox
1426 336 1568 364 clamantis
1582 339 1609 364 in
1638 339 1749 372 deserto,

961 384 1058 414 parate
1074 380 1142 407 riam
1160 379 1278 407 Domini.
1294 381 1361 408 Cum
1375 383 1432 410 haec
1442 383 1550 418 aliaque
1580 385 1752 420 plurimaque

961 426 1115 453 certissima
1139 427 1172 453 de
1203 427 1255 454 hoc
1289 433 1403 456 auctore
1444 430 1545 457 indicia
1573 431 1749 465 haberemus,

961 472 1108 500 maluimus
1134 473 1162 499 in
1180 473 1223 500 his
1249 482 1310 508 qua:
1342 475 1463 503 nondum
1499 477 1630 504 distracta
1659 482 1749 509 erant.

961 519 1176 554 exemplaribus,
1206 521 1330 549 studioso
1357 522 1452 549 lect0ri
1469 523 1495 549 id
1512 523 1645 555 indicare,
1669 532 1750 559 quant

961 571 1024 591 eum
1040 564 1144 592 diutius
1156 573 1321 600 suspensum
1354 572 1458 594 tenere.
1474 567 1563 601 Quare
1588 568 1660 596 sicut
1688 569 1752 596 illo-

961 617 1022 636 rum
1036 609 1303 638 Commentariorum
1324 612 1351 638 in
1366 611 1499 645 Psalmos,
1517 619 1655 640 auctorem
1667 621 1751 641 nemo

960 655 1066 683 dubitat
1095 664 1159 684 vere
1183 664 1244 684 esse
1276 657 1453 694 Euthytnium
1493 658 1674 694 Zigabonum,
1707 660 1749 688 sic

961 710 1051 737 neque
1069 703 1202 738 deinceps
1227 704 1324 731 horum
1361 704 1386 731 itt
1407 705 1555 740 Evangelia
1572 705 1751 733 Commenta-

961 749 1066 776 riorum
1079 750 1236 785 suspicetur
1250 751 1395 786 quisquatn
1423 751 1506 778 aliuut
1522 759 1583 779 esse
1598 756 1749 779 auctorem.

962 794 1036 822 Vale.
1053 795 1132 823 Anno
1149 796 1226 824 1544.
1243 796 1329 824 Nonis
1344 796 1499 825 Februarii.

963 873 1033 911 quod
1061 873 1089 899 in
1102 873 1343 911 hactpsaeditipne
1357 875 1505 911 Euthymii,
1534 875 1597 902 anni
1626 875 1751 908 I544,iu

963 908 1054 945 indice
1075 908 1223 945 scribitur:
1243 919 1252 934 ε
1268 909 1349 936 Liber
1371 911 1415 937 ltic
1430 908 1645 945 'nequeGraece,
1663 919 1752 945 neque

960 942 1057 981 Latine
1069 949 1150 981 antea
1163 944 1232 981 typis
1241 953 1361 979 unquam
1371 942 1695 981 excususest.tDenique
1705 942 1753 974 hic

961 978 989 1005 in
1007 978 1059 1016 [itte
1083 979 1163 1016 hujus
1176 978 1386 1007 admonitionis
1414 981 1532 1016 legitur:
1551 990 1560 1006 ι
1580 981 1610 1008 In
1633 978 1676 1009 his
1691 989 1753 1016 qua:

961 1013 1084 1052 nondum
1112 1014 1248 1052 _t_li_stracta
1260 1020 1349 1048 erant,
1374 1025 1383 1040 ι
1399 1013 1454 1044 etc:
1477 1017 1524 1043 Est
1540 1024 1619 1052 ergo,
1633 1013 1708 1049 haec,-
1722 1021 1752 1044 ut

962 1049 1054 1085 credo,
1086 1048 1170 1076 editio
1197 1050 1332 1085 princeps,
1363 1048 1586 1079 mutatotantmﬁ
1613 1048 1714 1079 Indice.

998 1085 1030 1118 (ι’)
1045 1083 1094 1115 Ita,
1110 1092 1160 1118 pro
1174 1083 1335 1119 Zigabertus.

997 1120 1034 1154 (g)
1057 1118 1085 1146 id
1115 1119 1174 1156 ipse
1203 1118 1284 1147 etiam
1313 1122 1406 1148 testari
1431 1130 1629 1156 possum,cum
1640 1122 1751 1151 codices

961 1153 1143 1188 Musquettses
1163 1155 1332 1182 I’salmorum
1352 1153 1536 1184 tractaverim.

996 1189 1100 1229 (It)‘Sed
1121 1190 1172 1216 ltoc
1202 1190 1229 1216 itt
1261 1191 1385 1225 pluribus
1415 1192 1526 1219 Patrum
1542 1193 1752 1220 Commentariis

961 1229 1106 1250 renerttur.

992 1232 1276 1296 lziiriilisretsimilibus
1288 1261 1455 1296 argumentis
1471 1262 1498 1288 in
1513 1262 1609 1296 primis
1623 1263 1748 1294 edicitur.

963 1299 1103 1333 auctorem
1128 1294 1225 1322 horum
1258 1294 1525 1324 Commentariorum
1556 1306 1617 1326 esse
1645 1299 1752 1333 Euthy-

964 1337 1059 1355 "Ilum.

597 1503 660 1546 EJ
676 1502 867 1548 USDEM
929 1502 1271 1550 PR/EFATIO.

392 1682 512 1710 Candido
522 1682 638 1710 Lcelori.

154 1774 194 1802 Ne
226 1774 291 1810 quid
319 1774 346 1801 in
370 1774 423 1802 hoc
453 1779 564 1802 auctore
603 1774 753 1803 evolvendo
786 1774 905 1808 hmsitcs,

118 1821 237 1850 candide
248 1821 358 1852 Lector,
375 1820 470 1856 paucis
485 1821 518 1848 de
541 1821 622 1848 rebus
640 1826 665 1848 te
690 1820 817 1847 duximus
835 1828 906 1856 pra:-

118 1868 299 1895 tttoncndum.
330 1867 358 1894 Id
391 1867 472 1902 igitur
498 1867 615 1901 pritntttn
640 1867 685 1898 sit,
722 1867 838 1902 quodin
872 1874 905 1894 eo

115 1913 267 1948 exemplari
282 1913 354 1948 quod
371 1913 403 1939 ad
416 1918 525 1939 nostras
549 1919 646 1939 manus
659 1913 793 1947 pervenit,
828 1920 903 1948 qure-

116 1960 180 1986 dam
203 1959 396 1985 annotationes
423 1958 562 1986 interdum
608 1959 781 1993 ponebantur
811 1959 846 1994 (Ir)
878 1958 903 1985 itt

115 2005 311 2040 marginibus:
338 2013 415 2040 quas,
445 2013 505 2032 cutn
537 2012 706 2039 nequaquam
733 2004 905 2039 puruitendas

115 2059 271 2082 censerem,
286 2059 341 2078 nott
371 2051 422 2078 fuit
437 2052 545 2077 anintus
572 2051 682 2085 penitus
712 2051 841 2085 abjiccre,
869 2058 905 2077 ne

116 2096 162 2123 vel
180 2097 233 2123 hoc
249 2097 392 2123 COmmMIO
420 2097 595 2123 fraudareris.
609 2095 711 2123 Verum
741 2103 775 2123 tte
806 2095 903 2131 hujus-

113 2144 190 2171 modi
218 2143 442 2171 adnotationibus
467 2143 605 2178 margines
639 2143 820 2178 replerentur,
852 2150 904 2170 nec

112 2195 189 2216 esset
213 2190 333 2224 spatium
359 2189 493 2224 ponendis
518 2197 602 2217 sacra:
645 2189 793 2224 Scriptura:
824 2189 901 2222 locis,

110 2244 176 2271 qua!
198 2236 298 2270 passim
327 2236 361 2262 ah
382 2240 493 2263 auctore
518 2236 646 2269 citantur,
676 2245 721 2264 cas
735 2236 763 2262 in
792 2236 902 2271 reliqua:

110 2282 264 2316 Scriptura:
302 2282 426 2309 ordinem
450 2282 616 2316 redegimus,
646 2287 727 2317 atque
756 2288 816 2316 post
841 2283 901 2316 ejus

109 2328 256 2363 particula:
274 2332 363 2355 textus
389 2329 590 2355 enarrationem
610 2329 643 2355 ad
659 2336 739 2362 quattt
762 2328 901 2363 poneban-

111 2380 170 2406 tur,
189 2374 338 2400 locavimus
353 2384 358 2400 :
372 2373 454 2401 certis
466 2379 555 2401 tatnen
566 2374 727 2408 quibusdam
745 2374 774 2408 (Ι)
785 2375 898 2408 notttlis,

111 2421 178 2448 hinc
193 2421 302 2455 quidem
312 2420 516 2447 adnotationem
530 2420 627 2456 ipsam,
643 2421 718 2448 illinc
735 2429 798 2447 vero
810 2422 899 2448 locum

112 2467 357 2502 cuimspondeant
383 2467 602 2502 designantihus.
629 2467 702 2494 Alias
726 2473 899 2503 autem,qua:

111 2513 221 2539 duobus
238 2512 328 2539 verbis
344 2512 463 2547 capitum
490 2513 639 2539 sententias
665 2513 898 2545 demonstrabant,

110 2559 172 2585 suis
187 2558 253 2584 locis
266 2558 435 2592 reliquimus.
450 2557 521 2589 Quin
537 2562 564 2584 et
588 2558 682 2592 paucis
696 2558 722 2584 in
746 2559 823 2590 locis,
854 2559 898 2586 ubi

109 2612 202 2639 opera:
229 2605 347 2639 pretium
375 2605 463 2631 visunt
480 2608 531 2637 cst,
561 2610 669 2631 nostras
687 2613 794 2639 quoque
812 2605 897 2633 adno-

111 2651 280 2678 tatiuncnias
298 2651 411 2686 margini
424 2650 576 2677 addiditnus
593 2659 600 2677 :
634 2653 784 2685 praesertim
800 2660 807 2679 :
837 2660 897 2679 cum

109 2697 209 2724 littera:
239 2697 323 2723 dictio
349 2697 439 2731 aliqua
467 2696 625 2724 llebraieam
654 2703 702 2724 aut
725 2697 897 2726 Chaldaicam

148 2776 182 2811 (tr)
197 2776 272 2803 Idem
284 2775 606 2803 observavitRichardus
634 2776 774 2804 Sintonius
804 2778 830 2805 in
843 2779 898 2805 Eu-

109 2812 206 2849 thymii
235 2812 378 2849 codicibus
408 2812 553 2844 Parisinis,
586 2817 614 2839 ct
643 2820 692 2839 nos
721 2813 748 2839 in
783 2819 898 2849 utroque

112 2847 278 2883 Mosquettsi.

297 2896 431 2926 ΡΑτιιυι.
454 2897 511 2926 (in.
536 2894 674 2927 CXXIX.

928 1688 949 1717 ο
967 1683 1049 1711 habet
1079 1684 1224 1720 originem,
1253 1694 1314 1721 qua
1341 1695 1400 1715 toea
1429 1692 1529 1716 auctor
1542 1692 1749 1726 noscenutqui

959 1729 1070 1757 Graecus
1085 1735 1189 1758 tantum
1199 1737 1281 1765 esset,
1291 1738 1338 1760 aut
1346 1734 1459 1762 omnino
1468 1737 1691 1770 pmternriserat,
1701 1742 1750 1765 aut

960 1776 1104 1804 infeliciter
1112 1782 1285 1806 tractaverat.
1300 1779 1329 1806 In
1341 1781 1428 1815 primo
1438 1783 1530 1809 statim
1537 1783 1659 1818 cujusvis
1668 1784 1749 1812 faciei

959 1821 1037 1849 initio
1056 1831 1155 1850 nomen
1177 1825 1360 1860 evangelista',
1376 1834 1429 1854 una
1440 1835 1503 1855 cum
1523 1829 1619 1863 capitis
1633 1837 1750 1857 numero

958 1870 1034 1905 juxta
1049 1871 1206 1900 Latinorum
1227 1875 1461 1903 enumerationem
1481 1877 1622 1910 posuimus
1641 1886 1647 1904 :
1666 1886 1750 1913 supra

960 1915 1032 1951 ipsos
1041 1922 1131 1945 autem
1142 1919 1244 1954 pagina
1254 1928 1357 1953 versus,
1366 1922 1523 1956 majusculis
1533 1923 1642 1956 litteris,
1652 1932 1750 1952 nume-

960 1969 1020 1989 rutn
1035 1963 1132 1998 capitis
1151 1965 1227 1999 juxta
1248 1965 1402 1994 Graecorum
1427 1971 1659 2002 supputationem,
1676 1971 1749 2004 quod

955 2016 1015 2036 eam
1033 2010 1115 2037 solam
1139 2015 1234 2038 auctor
1251 2017 1344 2039 noster
1365 2018 1421 2041 toto
1446 2022 1528 2049 opere
1551 2020 1746 2051 prosequatur.

990 2055 1060 2084 Loca
1068 2065 1132 2084 vero
1145 2065 1159 2084 e
1170 2056 1262 2085 Bibliis
1288 2060 1379 2090 citata,
1395 2065 1442 2087 aut
1455 2069 1486 2087 ca
1499 2063 1701 2094 concernentia,
1718 2063 1743 2090 in

955 2102 1076 2136 margine
1099 2104 1309 2138 adnotavimus;
1332 2107 1454 2134 numeris
1481 2108 1557 2142 juxta
1586 2108 1744 2137 Latinorum

955 2146 1159 2175 distinctionetn
1180 2149 1268 2184 capita
1286 2150 1504 2186 designantibus,
1521 2154 1592 2188 quod
1615 2154 1672 2181 haec
1684 2156 1745 2189 opi-

954 2200 1052 2219 nemur
1074 2201 1133 2221 esse
1157 2195 1204 2222 tini
1231 2196 1349 2225 notiota.
1382 2196 1433 2225 Ubi
1460 2204 1550 2226 autem
1582 2200 1744 2236 locusqttis-

954 2239 1025 2273 piam
1051 2240 1159 2274 citatus,
1176 2249 1230 2269 non
1247 2242 1329 2270 fuerit
1342 2243 1369 2270 in
1385 2245 1507 2278 margine
1529 2254 1684 2282 expressus,
1709 2249 1743 2275 ad

954 2284 1077 2318 ejusdem
1091 2287 1238 2315 voluminis
1256 2289 1343 2316 locum
1367 2295 1447 2318 antea
1464 2291 1576 2319 citatum
1591 2294 1741 2328 recurrito;

956 2331 982 2358 id
1001 2332 1074 2359 enim
1100 2334 1132 2361 de
1159 2334 1293 2362 industria
1320 2336 1472 2370 omisimus,
1503 2345 1537 2364 ne
1562 2338 1631 2366 idetn
1664 2346 1744 2375 caput

956 2378 1077 2413 ejusdem
1099 2380 1243 2408 voluminis
1260 2383 1339 2410 toties
1360 2383 1462 2411 iteratis
1481 2384 1584 2412 vicibus
1599 2386 1745 2414 adnotare-

956 2432 1026 2452 tttus.
1056 2426 1182 2461 Ignosces
1195 2427 1276 2454 etiam
1302 2436 1351 2463 pro
1365 2433 1411 2456 tua
1431 2430 1610 2464 humanitate,
1627 2433 1743 2459 candide

956 2470 1052 2503 lector,
1062 2473 1133 2506 quod
1144 2481 1222 2500 voces
1239 2473 1369 2508 quasdam
1385 2483 1437 2501 non
1456 2477 1640 2509 vitaverimus,
1655 2485 1668 2503 a
1680 2479 1743 2512 qui-

956 2515 1007 2543 bus
1024 2522 1116 2544 nostro
1129 2519 1180 2545 hoc
1194 2519 1308 2546 feliciori
1322 2520 1420 2547 saeculo
1435 2521 1584 2548 abhorrent
1598 2523 1722 2550 nonnulli
1734 2531 1742 2556 ;

953 2561 1035 2588 veluti
1052 2568 1126 2594 sunt,
1146 2563 1274 2596 salvator,
1292 2565 1408 2597 salvare,
1432 2567 1557 2601 compari,
1581 2568 1740 2600 compasst'o,

952 2606 1215 2644 ittcoittpassibilitas,
1240 2611 1411 2646 dispensatio,
1437 2613 1626 2646 dispensatorie
1646 2621 1678 2638 ac
1700 2614 1739 2639 si-

953 2655 1048 2683 miles:
1072 2655 1241 2690 potissimutn
1290 2665 1351 2684 cum
1376 2658 1497 2685 viderem
1523 2658 1694 2685 doctissimos
1708 2667 1740 2685 ac

953 2702 1190 2736 eloquentissimos
1222 2703 1376 2730 christiana!
1402 2703 1539 2738 religionis
1565 2711 1694 2738 proceres
1707 2706 1741 2732 ab

954 2781 1020 2844 lal(.1)
1033 2781 1166 2810 Nimirum
1184 2782 1261 2818 signo
1285 2782 1374 2810 crucis
1388 2782 1460 2818 quod
1482 2791 1533 2811 nos
1547 2791 1657 2820 quoque
1679 2783 1743 2812 imi-

995 2825 1002 2844 t
1018 2825 1122 2844 sutttus.

965 2823 1002 2844 aII
1018 2825 1122 2845 SUIIIUS.

1536 2894 1552 2925 2
