1922 3070
180 137 217 170 λίό

890 139 1097 171 ΡΠΗΡΆΤῘΟ.

1777 142 1814 174 Η

184 195 228 222 his
259 193 429 229 nequaquam
461 192 646 227 abitorniis‘se,
676 191 873 222 Tertu‘lfianum
901 191 973 227 dico,
991 199 1011 226 Α
1026 200 1146 229 prm'sens
1160 197 1209 221 aut
1227 193 1571 230 pmteritum‘eﬂ‘eruntur,
1589 196 1688 224 habeat
1701 197 1727 224 in
1741 197 1814 226 tutu-

184 237 368 273 Lactantimn,
396 239 572 275 Cyprianum,
589 238 784 276 Hieronymum
821 246 847 268 et
864 241 970 276 Augus-

183 287 281 316 tinum,
296 287 341 320 qui
360 286 441 312 etiam
454 294 503 313 xm
517 286 555 313 De
570 283 688 318 Trinit.,
704 294 754 321 cap
771 285 814 320 lo,
829 287 866 313 ita
880 288 971 321 inqui-

177 337 226 359 -tur
241 341 248 359 :
268 330 338 359 «Nisi
351 329 505 362 .iuilrmitas
522 337 604 362 esset,
622 333 763 359 'medicnm
789 333 971 360 necessarium

182 384 237 406 non
247 379 457 413 'haberent,qui
471 385 512 406 est
527 376 660 406 ilcbmlce
673 379 758 412 Iesus,
776 379 868 407 Gra‘c'e
886 379 971 413 δοῖεν,

183 429 275 451 nostra
306 429 397 451 autem
425 424 565 451 locutione
587 424 732 452 Salvator:
761 425 833 459 quod
860 426 972 452 verbum

183 470 281 496 Latina
304 470 396 506 lingua
415 475 471 497 non
498 471 626 502 habebat,
649 471 701 497 sed
727 472 827 498 habere
856 478 972 507 poterat,

182 516 254 542 sicut
274 516 367 542 habuit
388 516 495 550 quando
512 516 625 542 voluit.»
644 516 678 542 Et
694 516 791 543 merito
819 518 875 544 ha-c
902 516 974 545 dicit

183 562 364 596 Augustinus.
375 561 444 594 Quis
458 561 530 587 enim
544 561 661 593 dubitat,
675 562 742 596 quin
756 561 862 595 Cicero,
876 564 975 590 sinos-

179 607 234 633 ‘tris
246 607 348 634 fuisset
364 606 545 641 temporibus,
570 612 725 642 nostraeque
744 607 806 635 ﬁdei
818 608 974 643 recepisset

182 653 318 687 dogmata,
335 653 458 687 plurimis
474 652 648 679 ususfuisset
667 654 779 681 vocibus
795 654 894 689 quibus
915 661 974 682 non

185 704 224 725 εει
244 703 327 725 ustis:
344 705 500 733 quanquam
514 703 544 725 et
559 698 620 733 ipso
635 699 843 727 verbO'Saluare
859 707 924 728 usus
933 700 975 727 cs‘t

180 746 212 772 in
227 745 257 771 L.
270 746 415 778 ’Pisoncln,
434 751 461 773 et
486 753 545 779 eius
560 753 625 773 voce
641 747 759 781 passiva,
773 747 795 774 ll
811 747 850 774 De
877 753 975 775 natura

185 794 309 820 deorum.
325 793 508 826 Quintilianus
524 801 631 828 quoque
644 793 690 821 lib.
707 801 754 826 xrt,
771 798 830 829 cap.
849 794 974 826 {mustis

186 842 227 865 est
243 839 338 865 eodem
354 839 457 871 verbo;
482 839 554 872 quod
581 838 661 865 etiam
687 840 886 866 adnotaverunt
912 845 975 866 ante

186 892 236 911 tios
248 883 299 911 viri
316 883 478 911 doctissimi.
492 881 652 918 Quanquam
668 885 834 912 recentiores
849 890 973 921 typogra-

187 931 300 964 phorum
320 931 497 965 castigatores
512 931 569 958 ha'c
587 931 732 959 immutare
743 931 805 959 ausi
822 931 895 959 sint:
914 933 972 959 sive

185 977 212 1002 id
229 978 288 1003 'suu
308 975 422 1003 fecerint
445 977 567 1010 arbitrio,
586 978 642 1005 sive
663 977 777 1005 aliorum
807 984 903 1011 suasu,
925 978 973 1013 qui

187 1024 244 1049 haec
259 1022 407 1057 depravata
425 1021 511 1050 fuisse
525 1024 693 1056 asserebant,
709 1024 781 1059 quod
797 1031 858 1050 rara
881 1025 973 1051 essent

187 1070 310 1096 inventu.
329 1069 384 1104 Ego
401 1073 492 1096 tamen
510 1070 590 1106 vulgo
608 1077 651 1097 me
666 1070 792 1098 nonnihil
815 1077 972 1098 accommo-

186 1115 251 1141 dare
270 1111 446 1148 débuiuQuia
464 1123 528 1143 vero
542 1116 632 1143 locum
648 1117 771 1151 quemvis
782 1121 972 1144 occurrentem

186 1161 258 1187 idem
284 1164 391 1194 auctor,
414 1161 489 1189 nullo
512 1162 695 1196 praztermisso
711 1162 747 1190 ita
780 1163 917 1198 explanat,
945 1167 973 1190 ut

184 1212 355 1239 quaecunque
371 1206 443 1232 circa
457 1213 515 1232 eam
530 1207 683 1239 materiam,
699 1211 747 1234 aut
759 1207 831 1234 idem
856 1215 974 1242 evange-

185 1249 245 1278 li'sta
260 1251 432 1284 aliain-loco,
444 1255 494 1279 aut
509 1253 599 1279 cateri
607 1253 768 1284 ‘recensent,
784 1254 885 1288 pariter
900 1255 972 1281 etiis-

185 1302 267 1329 serat,
283 1297 316 1324 ad
329 1297 439 1324 tnini't‘n‘a
456 1306 542 1333 usque
552 1298 719 1334 singulorum
731 1299 867 1326 interdum
880 1301 970 1331 verba,

186 1342 231 1369 ubi
242 1349 305 1369 vero
313 1350 374 1370 sese
382 1344 554 1377 postmodum
567 1345 662 1371 eadem
677 1352 720 1371 res
733 1345 873 1376 obtulerit,
885 1345 919 1372 ad
932 1346 976 1372 di-

184 1391 255 1414 etatn
272 1389 523 1423 interpretationem
538 1390 622 1417 citato
646 1390 723 1425 juxta
735 1389 891 1417 Graecorum
906 1398 973 1426 sup-

186 1434 352 1468 putationem
362 1435 450 1469 capile
462 1437 642 1463 transmittat:
656 1436 756 1463 idcirco
771 1441 882 1471 praestat
894 1441 972 1464 ante-

186 1487 267 1514 quam
281 1481 402 1507 auctoris
416 1481 498 1508 verba
515 1481 705 1516 aggrediamur
723 1484 888 1517 praemittere
900 1483 974 1510 ordi-

185 1533 248 1552 nem
260 1533 292 1552 ac
316 1533 461 1553 numerum
486 1527 651 1562 singulorum
679 1529 796 1562 capitum
824 1529 904 1556 modo
919 1536 973 1564 quo

184 1572 257 1606 apud
270 1572 378 1599 Graecos
402 1573 529 1600 distincta
545 1578 619 1604 sunt,
638 1581 718 1607 quem
733 1579 760 1601 et
774 1582 825 1602 nos
840 1583 892 1602 una
908 1583 972 1603 cum

185 1620 299 1643 auctore
327 1616 356 1643 in
380 1621 475 1643 n0stra
503 1617 629 1644 \ersione
655 1618 837 1645 servabimus.
868 1618 973 1648 Deinde

181 1662 249 1696 quia
261 1661 288 1688 in
299 1661 407 1694 Greco,
426 1661 454 1689 in
469 1661 543 1697 quod
558 1662 715 1695 incidimus,
733 1663 892 1699 exemplari,
905 1672 973 1692 con-

181 1711 275 1734 textus
282 1706 418 1742 Evangelii
435 1715 488 1735 nou
512 1715 573 1735 raro
591 1707 727 1743 discrepat
741 1716 756 1736 a
770 1708 906 1738 Novarum
921 1710 975 1738 Te-

186 1757 387 1780 stamentorum
408 1753 538 1786 edi-tione,
553 1761 613 1789 quae
627 1755 726 1789 passim
748 1755 849 1783 Greecis
875 1763 974 1784 excusa

180 1800 258 1835 typis
273 1800 506 1827 circumferuntur
518 1809 525 1828 :
550 1801 622 1835 quod
636 1800 680 1827 ubi
694 1801 802 1834 accidit,
815 1801 974 1837 plerumque

185 1845 328 1873 conforme
346 1851 390 1873 est
408 1847 545 1882 exemplar
562 1847 647 1875 Graeci
675 1848 755 1882 hujus
777 1847 897 1875 auctoris
917 1848 975 1875 edi-

186 1892 252 1919 tioni
267 1892 426 1925 Bibliorum,
440 1900 499 1928 qua:
518 1893 645 1921 dominus
666 1892 829 1921 Frauciscus
843 1893 974 1921 Ximenez

182 1937 408 1973 archiepiscopus
423 1938 487 1965 olim
502 1937 660 1970 Toletanus,
675 1946 706 1965 ac
719 1937 748 1965 S.
761 1938 794 1965 fi.
806 1938 839 1966 Ε.
851 1939 976 1966 cardina-

184 1982 231 2015 lis,
245 1983 387 2011 immensis
410 1983 575 2018 sumptibus,
590 1983 728 2011 laboribus
744 1991 777 2011 ac
796 1984 901 2020 vigiliis,
915 1992 974 2013 ma-

184 2029 257 2056 xima
274 2036 336 2056 cum
352 2029 490 2065 diligentia
506 2029 634 2064 compluti
661 2030 766 2058 curavit
788 2031 889 2058 nostris
907 2035 975 2059 tem-

184 2076 299 2110 poribus
313 2075 396 2103 variis
416 2075 516 2110 linguis
539 2074 714 2102 excudenda:
738 2075 832 2103 accitis
856 2075 975 2111 undique

183 2126 318 2148 terrarum
335 2125 391 2148 tum
411 2121 475 2148 viris
491 2121 518 2148 in
535 2122 687 2157 linguarum
702 2122 857 2156 cognitione
872 2121 976 2149 doctis-

182 2166 268 2199 simis,
294 2171 351 2193 tum
382 2167 584 2200 exemplaribus
608 2166 826 2201 castigatissimis
839 2173 871 2193 ac
887 2171 967 2193 vetu-

997 1551 1008 1561 Ἰ

1024 248 1084 267 rum
1100 248 1188 272 versa,
1204 240 1275 267 sicut
1290 240 1416 267 nonnulli
1433 240 1590 276 frequenter
1607 241 1706 270 fecisse
1717 244 1816 272 viden-

1025 289 1090 314 tur:
1112 287 1390 313 animadvertendum
1409 290 1461 317 est,
1492 288 1675 323 evangelistas
1696 295 1724 317 et
1748 298 1816 325 apo-

1024 333 1108 360 stolas
1125 352 1133 364 ,
1148 340 1210 360 cum
1228 339 1327 368 genere
1349 332 1452 359 Hebraei
1470 338 1574 365 essent,
1592 334 1641 361 hac
1657 335 1685 361 in
1701 343 1731 363 re
1743 337 1815 364 sicut

1024 383 1051 405 et
1066 378 1092 404 in
1108 378 1170 405 aliis
1185 378 1289 410 multis,
1314 377 1477 405 chraicum
1504 383 1613 406 secutos
1635 379 1744 414 idioma,
1760 388 1815 417 quo

1024 424 1062 451 illi
1083 424 1307 459 frequentissime
1334 432 1385 459 pro
1413 426 1552 459 pra-senti,
1578 426 1650 461 quod
1672 427 1814 462 proprium

1024 474 1080 497 non
1097 470 1208 501 habent,
1236 474 1285 497 aut
1298 478 1347 505 pro
1365 470 1469 502 futuro,
1485 471 1605 498 eﬁ’erunt
1617 473 1811 507 praeteritum:

1024 515 1108 550 [itque
1123 516 1148 542 in
1165 516 1321 543 universum
1338 516 1438 548 dicam,
1452 521 1564 551 tempus
1580 525 1669 544 unum
1697 526 1745 553 pro
1759 519 1813 547 alio

1021 560 1130 588 Hebraei
1146 566 1334 596 saepenumero
1349 561 1501 588 collocant:
1514 563 1587 597 quod
1600 563 1683 590 etiam
1694 571 1814 600 evange~

1024 606 1094 633 lieres
1110 615 1163 633 non
1182 614 1243 634 raro
1256 607 1394 640 fecerunt,
1421 612 1475 635 nec
1490 609 1564 635 solus
1589 609 1742 643 Matthaaus,
1765 611 1814 646 qui

1023 652 1110 687 patria
1131 653 1241 687 Scripsit
1256 653 1359 688 lingua,
1384 653 1436 680 hoc
1450 657 1492 681 est
1514 652 1639 688 Hebraea,
1662 656 1709 683 sed
1723 661 1816 684 etot-

1019 696 1087 730 ieri,
1105 699 1151 733 qui
1174 699 1266 726 Gneee
1282 699 1460 734 scripserunt.
1487 698 1615 732 Quaedam
1638 707 1703 737 ergo
1723 708 1756 729 ex
1769 702 1815 729 in-

1019 746 1145 771 nttureris
1160 744 1226 772 locis
1239 745 1357 772 seorsim
1378 746 1578 778 recensuimus,
1597 747 1625 773 in
1640 747 1740 782 quibus
1754 755 1815 775 ma-

1020 789 1124 817 nifeste
1136 797 1273 824 praesens,
1301 790 1438 817 interdum
1463 791 1544 818 etiam
1571 793 1740 826 pne/teritum
1764 801 1814 829 pro

1026 835 1120 863 futuro
1135 836 1253 863 locatum
1278 841 1321 863 cst
1335 846 1341 862 :
1359 845 1474 871 quormn
1491 842 1518 864 et
1532 846 1583 864 nos
1607 839 1730 873 quaedam
1754 840 1815 867 exi-

983 874 1105 924 'B.gente
1120 881 1266 914 sententia,
1281 890 1329 917 per
1338 882 1459 910 futurum
1470 884 1616 911 vertimus:
1630 884 1694 912 alibi
1707 893 1815 921 quoque

1026 926 1052 954 id
1077 933 1111 953 ex
1133 926 1232 954 littera:
1256 932 1386 956 contextu
1400 932 1448 956 aut
1473 937 1503 956 ex
1523 929 1588 964 ipsis
1605 929 1814 959 Commentariis

1017 972 1138 1007 .planum
1156 973 1235 1001 erit:
1261 974 1398 1002 interdum
1428 983 1495 1003 vero
1514 977 1550 1003 ob
1579 977 1698 1004 auctoris
1726 979 1814 1006 nostri

1020 1019 1229 1046 enarrationem
1243 1020 1389 1048 immutare
1399 1028 1453 1048 non
1467 1021 1550 1048 licuit.
1566 1022 1614 1049 Est
1625 1026 1652 1050 et
1669 1023 1719 1050 alia
1731 1031 1799 1058 pecu

1026 1065 1100 1094 liaris
1113 1064 1291 1093 Hebraeorum
1307 1067 1423 1102 phrasis,
1442 1075 1522 1103 quam
1538 1075 1593 1096 non
1609 1076 1670 1097 raro
1680 1070 1813 1098 :emulan-

1027 1117 1071 1140 tur
1096 1113 1278 1148 evangelista},
1293 1121 1346 1148 qua
1358 1121 1408 1148 pro
1429 1114 1550 1149 epitheto
1565 1115 1622 1142 sive
1641 1116 1750 1143 nomine
1764 1117 1813 1144 ad-

1025 1159 1136 1194 jectivo,
1151 1159 1255 1186 addunt
1270 1159 1420 1194 genitivum
1436 1160 1650 1194 substantivum,
1670 1162 1812 1191 dicentes:

1027 1200 1096 1232 Deus
1108 1205 1188 1239 pacis,
1206 1205 1400 1238 misericordiae,
1416 1206 1538 1241 justititc,
1558 1207 1675 1241 ultionis,
1693 1208 1748 1237 hoc
1760 1216 1813 1243 est,

1026 1249 1166 1284 paciﬁcus,
1187 1250 1355 1284 misericors,
1371 1251 1472 1286 justus,
1488 1253 1640 1281 ulciscens:
1656 1253 1698 1281 (ea:
1710 1256 1814 1289 mortis,

1027 1295 1053 1322 id
1069 1299 1110 1322 est
1132 1296 1270 1323 mortifera
1285 1306 1292 1330 ;
1312 1297 1364 1332 ﬁlii
1379 1298 1579 1331 inobedientitv,
1604 1299 1812 1334 inobedientes;

1023 1341 1108 1376 judta:
1123 1342 1281 1376 iniquitatis,
1293 1343 1410 1377 iniquos,
1423 1347 1574 1371 mammona
1590 1346 1748 1381 i‘m‘quitatis,
1760 1347 1815 1375 ini-

1027 1395 1111 1422 quum
1123 1396 1133 1420 ;
1156 1396 1204 1414 tam
1218 1388 1368 1422 clamantia,
1384 1389 1502 1417 clamans
1516 1397 1524 1423 ;
1541 1390 1663 1419 iortassis
1677 1397 1704 1419 et
1717 1401 1814 1421 mersa

1029 1433 1190 1467 iniquitatis,
1205 1433 1310 1468 iniqua.
1329 1433 1374 1460 sic
1391 1433 1475 1460 Judas
1489 1434 1588 1461 dicitur
1604 1435 1675 1469 filius
1686 1438 1814 1470 perditio-

1028 1478 1078 1511 nis,
1096 1478 1148 1506 hoc
1162 1483 1204 1506 est
1218 1480 1351 1514 perditus,
1365 1480 1471 1515 aliaque
1485 1480 1636 1508 innumera.
1651 1481 1678 1510 Id
1692 1485 1814 1518 plerum—

1027 1532 1080 1559 que
1103 1525 1247 1552 immutare
1274 1533 1329 1552 non
1355 1526 1433 1553 licuit
1451 1531 1563 1561 propter
1583 1528 1702 1555 auctoris
1727 1529 1813 1557 nostri

1026 1570 1141 1602 scholia,
1155 1578 1216 1606 quas
1232 1571 1349 1598 litteram
1366 1579 1414 1606 per
1424 1572 1572 1606 genitivum
1584 1572 1813 1607 interpretantur:

1025 1616 1160 1643 interdum
1176 1623 1284 1651 quoque
1298 1624 1353 1644 non
1369 1617 1459 1650 libuit,
1478 1618 1550 1652 quod
1563 1618 1633 1654 apud
1649 1626 1744 1646 omnes
1757 1619 1812 1655 jam

1025 1661 1088 1689 olim
1103 1662 1155 1688 alia
1166 1666 1275 1697 recepta
1292 1667 1365 1690 esset
1385 1664 1532 1691 sententia.

1060 1708 1100 1735 Ad
1110 1708 1167 1734 haec
1176 1707 1379 1735 solentilebnei
1395 1709 1468 1736 hanc
1488 1709 1633 1737 dictionem
1644 1711 1749 1738 uerbum
1765 1717 1813 1740 aut

1022 1761 1112 1780 sermo
1127 1760 1175 1787 pro
1189 1760 1218 1780 re
1237 1754 1280 1780 vel
1294 1752 1366 1780 facto
1377 1761 1500 1789 ponere:
1519 1757 1592 1789 quod
1609 1756 1635 1782 in
1651 1755 1740 1784 Veteri
1749 1758 1814 1792 qui-

1027 1799 1088 1826 dem
1100 1798 1534 1834 Testamentofrequentissimum
1544 1805 1595 1834 est,
1607 1805 1636 1828 ut
1644 1802 1815 1830 cum'dicitur

1024 1841 1094 1877 Usa.
1106 1841 1168 1877 59):
1194 1841 1257 1868 Non
1268 1843 1318 1878 fuit
1336 1845 1440 1870 verbum
1452 1844 1521 1878 quod
1538 1851 1589 1870 non
1613 1845 1754 1872 ostenderit
1775 1847 1813 1874 eis

1028 1888 1155 1915 Ezechias
1173 1889 1201 1915 in
1217 1889 1295 1915 domo
1310 1897 1370 1921 tua,
1400 1888 1445 1915 ubi
1474 1893 1565 1916 tamen
1594 1890 1674 1924 paulo
1700 1890 1814 1919 inferius

1025 1935 1221 1970 subsequitur:
1249 1935 1309 1962 Non
1325 1936 1379 1971 fuit
1397 1944 1437 1962 res
1453 1943 1533 1970 quam
1555 1936 1699 1963 ostenderet
1726 1937 1762 1964 eis
1784 1937 1812 1965 itt

1025 1983 1156 2010 thesauris
1175 1983 1250 2010 meis.
1272 1983 1305 2010 Et
1325 1983 1388 2010 alibi
1409 1982 1441 2018 (ll
1456 1982 1520 2017 Reg.
1536 1982 1556 2018 ι)
1574 1990 1636 2010 cutn
1664 1982 1702 2010 ait
1729 1983 1814 2012 David

1025 2035 1121 2063 puero,
1135 2028 1182 2063 qui
1196 2035 1229 2055 ex
1245 2028 1341 2055 castris
1353 2028 1436 2056 lsrael
1450 2036 1479 2056 se
1492 2027 1593 2063 fugisse
1604 2028 1721 2056 diccbat.
1738 2029 1814 2061 Quod

1024 2079 1064 2101 est
1078 2075 1184 2102 verbum
1198 2075 1267 2110 quod
1285 2076 1385 2111 factum
1401 2081 1438 2102 est
1454 2076 1467 2102 7
1484 2075 1572 2101 indita
1587 2075 1650 2102 mihi
1664 2083 1671 2108 ;
1687 2079 1715 2102 et
1730 2076 1812 2102 innu-

1026 2120 1109 2148 meris
1124 2120 1223 2148 aliisin
1241 2121 1320 2148 locis.
1348 2121 1422 2148 ldem
1451 2121 1476 2147 in
1494 2119 1570 2147 Novo
1593 2128 1700 2156 quoque
1716 2120 1813 2148 Testa-

1029 2170 1123 2191 mento
1138 2164 1240 2199 passim
1257 2165 1353 2199 (Marci
1368 2172 1387 2198 ι,
1402 2163 1458 2191 Luc
1477 2171 1494 2193 ι,
1511 2171 1541 2194 it,
1555 2163 1592 2198 iv)
1616 2172 1665 2191 usu
1680 2164 1763 2195 venit,
1784 2170 1814 2193 ut

182 2211 323 2243 stissimis,
348 2211 391 2238 vel
432 2212 466 2238 ab
507 2212 564 2246 ipsa
601 2211 700 2238 Leonis
737 2211 760 2237 Χ
794 2211 973 2243 Bibliotheca,
991 2215 1089 2251 “cum
1121 2208 1247 2243 leprosos
1270 2214 1380 2236 curatus
1405 2208 1598 2236 disseminasse
1623 2209 1724 2236 dicitur
1749 2209 1813 2236 Ser-

183 2256 226 2284 vel
240 2264 254 2283 a
276 2256 441 2284 Venetorum
461 2262 556 2284 senatu
588 2256 764 2288 transmissis,
781 2261 828 2284 aut
850 2257 970 2290 aliunde,

182 2302 257 2329 nulla
273 2309 454 2337 expensarum
471 2310 520 2330 seu
539 2303 661 2329 laborum
677 2302 769 2329 habita
784 2302 889 2330 ratione
906 2311 971 2330 con-

182 2348 301 2383 quisitis.
323 2347 362 2375 Ne
374 2348 436 2383 quis
464 2356 528 2383 ergo
567 2349 777 2384 lirangcliorum
812 2353 969 2376 contextum

181 2402 232 2421 nos
246 2399 348 2421 temere
364 2395 523 2421 immutasse
543 2394 691 2426 existimet,
708 2393 767 2420 loca
783 2393 968 2429 discrepantia

181 2440 387 2467 adnotavimus:
406 2447 560 2475 quanquam
575 2439 734 2474 frequenter
758 2446 802 2466 res
816 2439 851 2466 sit
878 2441 967 2475 exigui

181 2487 323 2519 momenti,
340 2494 400 2522 quas
413 2487 556 2514 dissidiutn
584 2486 674 2514 faciat.
704 2486 755 2514 Ubi
780 2491 868 2514 autem
888 2487 968 2514 Com-

180 2533 308 2569 plutense
324 2533 376 2560 hoc
402 2533 578 2560 citaverimus
597 2533 746 2567 exemplar,
768 2532 890 2560 Griecum
925 2533 967 2560 iu-

181 2580 328 2615 telligimus
351 2583 509 2606 contextum
536 2586 590 2606 non
609 2578 755 2606 Latinum:
790 2587 853 2606 nam
873 2579 899 2606 in
916 2580 966 2607 hoc

181 2626 250 2653 nihil
264 2633 280 2652 a
303 2625 415 2661 Vulgata
431 2625 552 2652 editione
568 2625 739 2652 immutatum
760 2630 813 2653 est.
826 2625 910 2653 Porro
937 2625 965 2652 in

179 2671 280 2705 quibus
294 2670 425 2697 dissideat
440 2669 554 2704 Vulgata
571 2670 655 2696 editio
681 2672 715 2696 ab
739 2669 874 2697 universis
890 2669 964 2696 GN:-

179 2724 273 2743 corum
299 2715 510 2750 exemplaribus,
533 2723 565 2742 ex
585 2715 699 2742 aliorum
721 2720 776 2742 tum
793 2715 965 2743 versionibus

180 2766 238 2788 tum
253 2761 486 2792 adnotationibus,
509 2761 589 2788 facile
612 2761 698 2788 cuivis
711 2762 885 2796 perspicuum
900 2761 961 2788 erit.

178 2808 310 2836 l‘neterca
329 2816 364 2835 ne
383 2809 445 2843 quis
461 2809 586 2843 protinus
605 2807 756 2843 Vulgatam,
782 2808 873 2834 hacin
888 2811 963 2841 parte

177 2857 287 2882 damnet
302 2855 460 2887 editionem,
476 2854 547 2889 quod
563 2862 593 2881 ca
610 2861 669 2888 qum
685 2852 778 2880 Graece
793 2860 841 2887 per
854 2858 961 2887 tempus

1026 2261 1139 2282 manem.
1164 2255 1197 2282 Et
1212 2254 1431 2290 frequentissime
1455 2255 1527 2290 apud
1549 2255 1673 2289 Lucam;
1695 2255 1813 2284 [Venerit

1024 2298 1186 2334 impossibile
1206 2300 1261 2328 Deo
1274 2309 1350 2327 omne
1364 2302 1478 2328 verbum.
1496 2300 1633 2328 Videamus
1646 2305 1694 2328 hoc
1707 2305 1813 2329 uerbum

1023 2347 1092 2384 quod
1108 2349 1207 2383 factum
1224 2352 1271 2374 est.
1283 2362 1316 2367 —-
1328 2346 1402 2379 Quod
1422 2352 1459 2374 cst
1472 2347 1519 2373 hoc
1538 2348 1655 2379 uerbum,
1673 2349 1741 2381 quod
1752 2356 1812 2374 cum

1022 2395 1182 2421 auctoritate
1197 2402 1227 2420 ac
1242 2399 1372 2429 potestate
1392 2394 1502 2428 imperat
1526 2393 1661 2426 spiritibus
1677 2395 1689 2420 ἲ
1705 2393 1738 2419 Ει
1749 2394 1813 2421 alibi

1022 2439 1188 2474 frequenter.
1203 2438 1288 2471 Quam
1310 2444 1399 2466 tamen
1425 2437 1598 2465 llebra-orum
1620 2437 1740 2472 phrasin)
1755 2446 1806 2466 au‘

1005 2489 1080 2511 .ctor
1100 2488 1192 2511 noster
1208 2483 1371 2519 plerumque
1390 2492 1442 2511 non
1454 2484 1563 2510 videtur
1575 2483 1811 2517 animadvertisse,

1021 2530 1090 2557 sicut
1104 2537 1154 2558 nec
1162 2531 1360 2565 praecedentem
1376 2538 1382 2555 :
1399 2531 1470 2564 qqu
1483 2528 1615 2556 ilcbraice
1624 2537 1678 2557 non
1692 2530 1814 2564 calleret,

1020 2577 1067 2603 sed
1081 2581 1185 2603 tantum
1202 2575 1305 2603 Graece.
1319 2576 1407 2609 Atque
1422 2575 1456 2602 ob
1471 2575 1497 2601 id
1512 2583 1620 2610 quoque
1633 2575 1720 2602 citans
1733 2583 1814 2611 quip-

1020 2623 1091 2657 piam
1100 2630 1133 2649 ex
1141 2622 1230 2649 Veteri
1240 2620 1424 2653 Testamento,
1436 2622 1627 2657 sempcrjuxta
1638 2622 1813 2657 Septuaginta

1018 2668 1120 2703 profert
1132 2667 1304 2702 lnterpreics.
1315 2667 1448 2694 Caeterum
1462 2668 1513 2694 etsi
1522 2668 1627 2695 cunctis
1640 2667 1815 2695 manifesIUm

1017 2715 1054 2740 sit
1065 2721 1106 2740 me
1115 2714 1290 2749 interprcmm
1300 2718 1402 2740 tantum
1413 2721 1504 2748 agere,
1515 2713 1715 2748 nihilquequod
1725 2717 1815 2742 meum

1017 2760 1054 2787 sit
1076 2761 1167 2792 edere,
1186 2761 1242 2788 sive
1269 2760 1337 2787 illud
1361 2761 1566 2795 approbantium
1583 2761 1629 2792 sit,
1640 2761 1698 2788 sive
1717 2768 1814 2795 repro-

1016 2806 1158 2833 bandum:
1184 2814 1218 2834 ne
1241 2807 1305 2843 quis
1328 2811 1419 2834 tamen
1443 2807 1517 2834 hunc
1536 2811 1678 2835 auctorem
1700 2806 1816 2834 minoris

1016 2852 1110 2886 r‘lcial,
1121 2852 1193 2887 quod
1215 2860 1268 2880 uno
1290 2857 1337 2880 aut
1359 2852 1447 2881 altero
1468 2852 1497 2880 in
1512 2852 1573 2880 loco
1585 2860 1599 2879 a
1612 2851 1750 2880 communi
1764 2851 1817 2879 La-
