1922 3070
108 173 145 206 ιδ
826 169 906 201 PRIE

960 170 1037 201 TlO.
1709 173 1747 206 ω

109 230 230 258 tinos-nm
245 227 434 265 theologorum
453 227 582 263 opinione
601 226 748 255 dissentire
763 226 900 260 videatur,
914 229 941 260 Α
952 235 1003 262 que
1022 235 1077 255 esse
1097 228 1240 255 subsistens
1254 228 1333 255 habet
1351 236 1385 255 es;
1400 227 1484 256 Patre
1502 229 1585 256 simul
1607 234 1632 256 et
1654 229 1722 257 Filio
1736 239 1747 259 τ

108 275 335 311 quemadmodum
349 280 378 303 et
390 275 436 302 alii
451 273 537 302 Graeci
558 282 564 300 :
584 281 683 309 nempe
695 274 729 300 de
738 273 782 301 die
796 273 914 301 mensist

108 329 163 357 quo
186 321 313 349 Christus
330 321 470 357 mysticam
491 320 672 350 celebraverit
686 319 852 351 Coenam,et
866 318 901 346 de

108 367 243 395 bonorum
265 376 297 396 ac
311 368 442 395 malorum
459 367 640 395 retributione
656 374 770 402 operum
786 375 792 394 :
808 370 900 393 utrum

108 415 200 443 statim
222 423 237 442 a
252 415 385 450 cujusque
409 418 496 442 morte
516 415 572 446 tiat,
589 421 625 441 an
653 413 687 440 ad
713 413 785 440 diem
814 419 901 447 usque

107 462 237 496 postremi
248 461 342 496 judicii
354 460 506 492 diderntur,
520 459 748 494 quemadmodum
764 459 828 486 olim
836 467 900 486 sen-

107 512 204 535 serunt
221 507 318 534 Graeci.
330 507 367 534 Dc
377 507 484 542 Spiritu
500 511 595 534 sancto
604 514 712 541 quoque
732 506 805 541 quod
816 514 831 532 a
841 505 900 533 solo

107 552 190 580 Patre
203 553 341 588 procedat,
350 553 400 580 etsi
416 553 443 580 id
453 560 587 587 nusquam
601 554 671 579 dicat
683 558 780 580 auctor
794 556 899 584 noster,

109 600 182 628 idem
209 606 301 627 tamen
317 608 380 628 cum
398 599 504 626 cit-teris
529 599 631 635 Graecis
646 599 766 626 sensisse
783 598 900 630 videtur,

108 654 171 673 cum
188 647 273 674 semel
290 651 370 681 atque
388 647 488 673 iterum
515 646 590 673 dicat
609 646 686 672 illum
705 653 720 672 a
736 644 816 672 Patre
837 652 901 680 pro-

107 692 217 724 cedere,
237 692 311 719 nulla
337 692 397 719 Filii
423 692 495 720 facta
521 692 670 719 mentione.
694 691 726 719 Et
746 698 901 726 quanquam

108 740 245 774 praedictis
261 740 288 767 in
305 740 381 772 locis,
398 739 538 774 margin-ali
556 738 779 766 adnotatiuncula
799 743 825 765 te
835 746 903 773 pra:-

109 785 300 816 munierimus.
319 785 434 812 candide
454 785 566 811 lector:
594 784 629 811 ob
654 784 708 811 duo
737 789 828 811 tamen
855 784 901 811 illa

109 832 261 865 posteriora
289 830 338 858 tibi
370 830 597 866 perpendendum
632 834 684 862 est,
710 830 782 865 quod
806 834 902 857 auctor

108 882 204 904 noster
217 877 311 904 multis
327 877 422 912 procul
442 877 526 904 dubio
548 875 628 903 annis
653 881 774 910 tempora
793 875 901 902 concilii

107 920 258 948 Florentiui
288 921 460 955 praeessem
477 928 484 946 :
501 920 528 946 in
564 927 619 955 quo
644 920 781 954 Eugenius
811 918 903 946 Ponti-

106 967 154 995 fex
170 967 216 1000 IV,
247 968 438 995 consentiente
463 967 629 1001 imperatore
651 966 903 1001 Constantinopoli-

109 1019 185 1046 tano,
201 1018 229 1041 et
244 1014 302 1042 loca
317 1014 475 1041 tenentibus
495 1013 725 1048 patriarcharum,
743 1013 904 1048 caeterisun

107 1060 258 1088 Ecclesiam
280 1060 448 1087 Orientalem
466 1059 738 1094 repimsentantibus,
757 1066 830 1086 anno
849 1060 902 1086 Do-

108 1106 217 1133 minicae
232 1106 431 1133 lncarnationis
449 1105 530 1137 1459,
551 1105 639 1140 pridie
652 1105 743 1132 Nonas
758 1105 834 1138 Julii,
860 1105 902 1133 sui

107 1152 284 1187 pontiﬁcatus
297 1159 369 1179 anno
391 1159 476 1185 nono,
495 1152 600 1179 litteras
613 1156 716 1178 sancta:
730 1151 806 1178 dedit
822 1151 904 1178 unio-

107 1198 163 1230 nis,
178 1199 278 1233 quibus
293 1198 414 1233 praedicti
438 1205 534 1225 omnes
553 1205 602 1224 sua
629 1197 740 1225 nomina
765 1197 906 1232 subscrip-

106 1250 219 1276 serunt,
234 1244 292 1272 haec
311 1245 383 1272 inter
399 1249 499 1272 caetera
516 1243 700 1271 continentes.

145 1290 333 1317 Convenientes
357 1290 448 1317 Latini
471 1294 495 1317 et
517 1290 602 1317 Graeci
622 1289 648 1315 in
667 1290 717 1316 hac
733 1294 905 1316 sacrosancta

109 1336 271 1363 mcumenica
293 1337 405 1371 synodo,
424 1343 519 1370 magno
534 1334 622 1362 studio
638 1334 750 1360 inuicem
772 1334 812 1360 usi
833 1340 905 1368 sunt,

109 1388 139 1409 ut
155 1383 224 1409 inter
240 1383 295 1409 alia
322 1383 403 1409 etiam
425 1381 554 1408 articulus
575 1380 618 1407 ille
636 1381 667 1407 de
685 1381 774 1408 diuina
790 1380 906 1416 Spiritus

107 1430 197 1456 sancti
209 1429 383 1464 precatione,
399 1436 504 1456 summa
526 1436 585 1454 cum
599 1428 738 1463 diligentia
752 1433 777 1454 et
796 1428 905 1455 assidua

108 1476 286 1506 inquisitione
304 1476 489 1502 discuteretur.
505 1474 621 1501 Prolatis
634 1482 693 1501 vero
708 1474 864 1502 testimoniis
875 1482 907 1501 ea:

109 1522 209 1548 diuitiis
226 1520 383 1555 Scriptnris,
399 1520 570 1555 plurimisque
581 1520 785 1546 auctoritatibus
800 1524 908 1546 sancto-

953 278 977 300 et
996 281 1028 300 etc
1043 278 1152 309 utroque
1176 274 1340 301 aternaliter
1353 278 1483 309 tanquam
1503 275 1536 302 ab
1551 284 1602 303 uno
1616 277 1748 312 principia

952 324 976 345 et
989 319 1067 346 unica
1080 320 1223 353 spiratione
1232 321 1360 355 procedit.
1372 321 1546 349 Declarantes
1559 323 1629 358 quod
1642 324 1668 350 id
1678 325 1749 359 quod

951 364 1036 391 sancti
1054 365 1172 393 doctores
1186 370 1211 393 et
1227 366 1322 393 Patres
1338 367 1438 397 dicunt.
1452 375 1484 394 ex
1499 368 1579 395 Patre
1589 378 1635 403 per
1645 369 1749 398 Filium

952 411 1090 445 procedere
1103 410 1233 444 Spiritum
1245 417 1378 445 sanctum,
1396 414 1430 440 ad
1452 415 1521 441 hanc
1541 415 1749 451 intelligentiam

953 456 1046 490 tendit,
1064 462 1092 483 ut
1108 465 1154 492 per
1167 459 1216 484 hoc
1229 458 1390 493 significetur
1405 459 1505 487 Filium
1518 469 1619 496 quoque
1639 471 1693 490 esse
1705 471 1748 490 se-

952 503 1065 529 cundum
1089 503 1192 531 Gnaeos
1208 504 1312 539 quidam
1339 513 1459 537 causam,
1472 508 1616 534 secundum
1638 508 1749 537 Latinos

952 556 1012 574 ocro
1029 548 1190 583 principium
1203 549 1378 576 subsistentia:
1395 548 1511 584 Spiritus
1529 553 1615 578 sancti
1633 553 1701 580 sicut
1720 557 1749 580 et

952 594 1071 621 Patrem.
1090 595 1124 622 Et
1145 596 1269 629 quoniam
1291 596 1381 622 omnia
1402 604 1463 631 qua
1486 596 1578 624 Patris
1601 604 1673 631 sunt,
1691 601 1748 634 ipse

953 639 1036 667 Pater
1047 641 1180 676 unigenito
1194 641 1262 668 Filio
1280 650 1326 668 sua
1338 643 1468 677 gignendo
1485 643 1565 675 dedit,
1579 649 1677 679 pra-ter
1692 653 1749 676 esu

956 685 1074 718 Patrem,
1090 688 1137 713 hoc
1146 688 1231 721 ipsum
1243 688 1311 722 quod
1327 687 1443 721 Spiritus
1464 693 1571 716 sanctus
1581 691 1699 723 procedit
1715 699 1748 717 ea:

953 731 1031 765 Filio,
1061 733 1116 767 ipse
1131 733 1215 760 Filius
1239 742 1255 760 ιι
1275 733 1354 760 Patre
1374 735 1539 761 wtcrnaliter
1557 735 1645 768 liabet,
1662 744 1680 762 a
1698 744 1749 770 quo

954 778 1113 805 cternuliler
1125 779 1206 805 etiam
1224 779 1327 814 genitus
1347 786 1396 806 est.
1415 780 1562 814 Deﬁnimus
1574 773 1679 815 insuper
1698 790 1746 809 c1:-

953 825 1123 860 plicatianem
1150 826 1258 856 illorum
1287 827 1436 861 verborum,
1462 828 1595 864 Filioque,
1627 830 1749 858 verittﬂis

954 872 1123 900 declaranda:
1139 874 1227 909 gratia
1245 878 1269 900 et
1285 874 1435 900 imminente
1450 879 1512 901 tunc
1533 877 1695 907 necessitate,
1714 876 1750 904 li-

955 920 1005 947 cita
1027 928 1059 946 ac
1086 920 1282 946 rationabiliter
1296 920 1414 955 symbolo
1427 921 1513 956 fuisse
1538 923 1697 955 appositam.
1714 923 1750 950 Et

954 966 1026 994 infra
1042 966 1076 994 de
1105 974 1219 1001 operum
1248 967 1429 994 retributione
1446 967 1587 1003 subjungit
1601 977 1608 994 :
1624 968 1751 995 Illorum-

955 1021 1004 1048 que
1018 1014 1123 1041 animus
1135 1013 1179 1048 qui
1190 1018 1247 1048 post
1265 1013 1396 1048 baptisma
1413 1019 1562 1048 susceptum
1578 1015 1680 1042 nullam
1692 1024 1750 1042 om-

955 1059 1018 1086 nino
1041 1060 1142 1093 peccati
1166 1059 1298 1086 maculam
1323 1060 1501 1092 incurrerunt,
1521 1061 1582 1088 illas
1597 1062 1677 1088 etiam
1692 1069 1751 1098 qua!

955 1108 1012 1137 post
1031 1108 1195 1131 contractam
1215 1105 1315 1138 peccati
1331 1106 1475 1137 maculam,
1490 1105 1530 1132 uel
1542 1105 1570 1132 in
1588 1107 1643 1133 suis
1657 1115 1751 1140 corpo-

956 1149 1038 1181 ribus,
1052 1150 1094 1176 ocl
1122 1150 1218 1176 eisdem
1233 1155 1318 1177 exuta
1334 1150 1494 1184 corporibus,
1508 1151 1535 1178 in
1554 1152 1636 1186 paruis
1650 1160 1752 1188 purga-

956 1196 1028 1228 torii,
1048 1201 1126 1229 prout
1151 1196 1274 1230 superius
1301 1196 1402 1223 dictum
1428 1201 1477 1230 est,
1495 1202 1558 1224 sunt
1574 1203 1704 1234 purgata,
1721 1199 1752 1226 in

957 1242 1051 1268 cretum
1067 1249 1128 1268 mos:
1143 1242 1235 1276 recipi,
1248 1247 1273 1268 et
1290 1242 1387 1269 intueri
1399 1242 1471 1270 clare
1484 1243 1571 1276 ipsum
1589 1244 1673 1271 Deum
1696 1246 1746 1271 tri-

957 1296 1019 1314 num
1036 1292 1061 1314 et
1074 1296 1157 1314 unum
1171 1288 1249 1314 sicuti
1260 1292 1310 1320 cst,
1328 1289 1484 1315 meritorum
1499 1293 1588 1316 tamen
1598 1290 1751 1319 dicersilale

959 1334 1043 1361 alium
1063 1334 1117 1361 alio
1134 1335 1284 1369 perfectius.
1299 1333 1411 1361 Illorth
1427 1339 1516 1361 autem
1533 1335 1652 1368 animas,
1667 1337 1751 1372 quiin

957 1382 1060 1408 actuali
1085 1381 1194 1408 mortali
1216 1385 1322 1416 peccato
1339 1381 1380 1408 vel
1394 1381 1450 1408 solo
1466 1382 1593 1417 originali
1609 1382 1749 1416 decedunt,

958 1435 1019 1455 mox
1034 1428 1061 1454 in
1076 1428 1218 1462 infernum,
1233 1427 1315 1461 plenis
1326 1432 1415 1454 tamen
1427 1427 1578 1462 disparibus
1589 1430 1750 1464 puniendus.

957 1474 1043 1501 Porro
1060 1474 1094 1501 de
1118 1475 1206 1508 prima
1221 1473 1268 1500 illa
1296 1473 1456 1501 diversitate
1472 1473 1527 1502 diei
1545 1482 1602 1510 quo
1624 1475 1753 1507 Christus

957 1527 1059 1556 sgnum
1075 1520 1230 1555 paschaleni
1252 1520 1348 1553 ederit,
1371 1525 1400 1547 et
1421 1520 1455 1547 de
1469 1528 1502 1548 eo
1524 1529 1579 1556 quo
1601 1529 1651 1557 pro
1672 1522 1753 1553 nobis

111 1575 173 1592 tum
201 1569 337 1593 doctorum
359 1565 542 1592 Orientalium
559 1570 583 1592 et
603 1564 815 1593 Occidentalium
832 1565 908 1591 :-ali-
923 1574 944 1604 ς
960 1571 1085 1594 mortuus
1093 1565 1140 1599 sit,
1159 1566 1237 1601 longa
1253 1572 1362 1601 semper
1374 1565 1426 1593 luit
1439 1566 1512 1594 inter
1530 1566 1638 1596 Graecos
1653 1572 1681 1596 et
1698 1567 1753 1597 La-

111 1612 209 1647 quibus
228 1613 333 1646 quidem
346 1611 471 1638 ex‘Putre
486 1617 509 1638 et
527 1611 604 1640 Filio,
620 1611 777 1646 quibusdam
794 1619 854 1638 vero
875 1619 907 1639 ea

111 1657 196 1684 Patre
207 1665 254 1691 per
266 1656 365 1683 Filium
382 1656 524 1690 procedere
535 1656 683 1683 dicentibus
700 1655 831 1691 Spiritum
840 1663 907 1683 san-

110 1708 199 1736 ctum,
214 1707 238 1730 et
252 1703 286 1729 ad
304 1703 422 1729 eamdem
436 1701 640 1738 intelligentiam
657 1702 841 1736 aspicientibus
852 1710 908 1729 om-

112 1750 191 1776 nibus
215 1753 261 1776 sub
282 1750 392 1776 diuersis
408 1748 552 1776 uocabulis.
567 1748 652 1777 δι’ωεὶ
667 1749 775 1784 quidem
790 1756 910 1775 asserue-

113 1799 178 1821 rstnt
190 1795 297 1829 quodid
312 1795 380 1829 quod
393 1795 484 1821 dicunt
503 1794 633 1829 Spiritum
648 1799 769 1821 sanctum
781 1801 813 1821 ea;
827 1793 910 1822 Patre

112 1841 268 1876 procedere,
286 1849 337 1867 non
357 1843 407 1868 hac
431 1846 517 1868 mente
536 1841 696 1876 proferrcnl,
713 1845 741 1867 ut
765 1840 910 1869 excludant

114 1887 232 1920 Filium,
247 1888 292 1914 sed
303 1889 365 1923 quia
379 1888 416 1914 eis
426 1888 574 1920 videbatur,
586 1893 620 1914 ,ut
635 1888 724 1919 aiunt.
737 1887 847 1914 Latinos
865 1895 911 1914 as-

114 1942 206 1961 serere
223 1933 353 1969 Spiritum
373 1938 495 1961 sanctum
511 1942 544 1961 ea:
569 1934 652 1961 Patre
678 1933 801 1969 Filioque
820 1942 912 1970 procc-

113 1980 190 2013 dere,
204 1984 333 2015 tanquam
347 1987 379 2007 ea:
393 1980 492 2006 duobus
503 1980 643 2014 principiis
662 1983 687 2006 et
707 1979 808 2007 duabus
823 1980 913 2015 spira-

114 2026 245 2059 tionibus,
260 2027 317 2053 ideo
335 2026 517 2053 abstinuerunt
533 2035 549 2052 a
567 2027 676 2053 dicendo
702 2026 770 2061 quod
795 2024 913 2060 Spiritus

115 2076 229 2100 sanctus
257 2079 288 2098 es
308 2070 392 2098 Patre
415 2071 540 2107 procedat
562 2079 595 2098 ex
612 2071 705 2098 Filio:
733 2071 825 2098 Latini
853 2078 913 2101 vero

114 2118 315 2153 «ﬁrmaverunt
331 2126 383 2145 non
395 2126 422 2145 se
436 2120 485 2145 hac
496 2125 580 2144 urente
600 2119 686 2145 dicere
699 2117 829 2152 Spiritum
848 2125 914 2147 san-

113 2170 191 2192 ctum
207 2172 239 2191 ea:
257 2164 325 2191 Filio
333 2165 481 2199 procedere,
499 2169 527 2191 ut
545 2163 688 2192 excludant
712 2164 832 2196 Patrem,
849 2163 913 2199 quin

110 2213 153 2239 sit
171 2212 230 2246 fons
248 2219 280 2238 ac
293 2211 454 2246 principium
479 2211 559 2238 totius
578 2211 702 2242 Deitatis,
720 2210 785 2237 Filii
811 2210 911 2237 scilicet

110 2262 144 2286 et
159 2257 277 2293 Spiritus
288 2259 385 2290 sancti,
404 2262 450 2285 aut
464 2258 534 2294 quod
548 2259 574 2285 id
590 2258 659 2293 quod
671 2257 788 2292 Spiritus
803 2262 912 2284 sanctus
929 2254 950 2280 υ

113 2305 240 2339 procedit
258 2311 291 2330 ea:
315 2302 399 2337 Filio,
416 2304 500 2332 Filius
519 2312 535 2330 a
556 2303 639 2330 Patre
655 2311 707 2330 non
730 2303 836 2335 habeat,
859 2303 913 2329 sive

115 2352 192 2387 quod
204 2353 257 2378 duo
269 2357 369 2385 ponant
386 2350 518 2385 principia
535 2358 582 2377 seu
595 2350 662 2376 duas
684 2350 853 2385 spirationes,
868 2348 913 2375 sed

113 2402 148 2424 at
169 2405 253 2424 unum
270 2394 374 2423 tantum
386 2400 509 2423 asserunt
520 2404 575 2423 esse
585 2396 746 2430 principium
756 2395 914 2429 unicumque

115 2446 294 2478 spirationem
316 2442 431 2478 Spiritus
444 2444 542 2474 sancti,
560 2446 640 2476 prout
654 2443 777 2467 hactenus
794 2447 914 2467 asserue-

118 2497 184 2518 rnnt
196 2499 205 2517 :
219 2495 244 2517 et
254 2498 316 2517 cum
338 2498 370 2516 es:
383 2490 423 2516 his
437 2489 557 2516 euntibus
578 2496 647 2515 unus
666 2492 690 2514 et
707 2488 777 2514 idem
792 2487 914 2513 eliciatur

118 2538 245 2565 veritatis
268 2545 370 2568 sensus,
389 2538 494 2562 tandem
508 2535 536 2562 in
560 2535 629 2570 infra
644 2534 770 2568 scriptam
793 2538 914 2560 satietatis

117 2585 179 2612 Deo
200 2583 341 2610 amabilem
361 2583 449 2609 eodem
465 2589 542 2608 sensu
563 2581 705 2615 eademque
731 2585 816 2607 ruente
838 2581 915 2609 ustio-

117 2638 196 2662 ntm,
217 2629 381 2656 unanimiter
406 2628 598 2655 concordarunt
612 2633 634 2653 et
657 2632 868 2658 consenserunt;
888 2626 915 2652 in

119 2678 231 2704 nomine
255 2676 337 2710 igitur
360 2680 459 2702 sancta:
482 2674 629 2706 Trinitatis,
646 2673 736 2699 Patris
761 2676 786 2698 et
804 2671 870 2698 Filii
891 2677 916 2699 et

119 2723 241 2758 Spiritus
250 2723 345 2756 sancti,
361 2724 409 2749 hoc
418 2729 496 2748 sacro
508 2720 654 2748 universali
673 2719 836 2754 approbante
852 2718 916 2745 Flo-

121 2770 229 2798 rentino
247 2769 359 2797 concilio
385 2768 534 2803 deﬁnimus,
549 2773 577 2794 ut
603 2769 656 2794 hinc
684 2766 746 2801 ﬁdei
763 2766 861 2792 ueritas
884 2769 916 2792 ab

121 2818 248 2845 omnibus
267 2816 427 2845 Christianis
446 2816 571 2842 credatur
590 2819 614 2841 et
636 2813 808 2848 suscipiatur,
828 2814 918 2848 sicque

121 2872 217 2892 omnes
232 2864 406 2900 proﬁteantur
418 2871 428 2890 :
446 2864 514 2895 quod
533 2861 649 2896 Spiritus
669 2865 776 2887 sanctus
791 2867 823 2886 ex
836 2858 918 2886 Patre

122 2919 149 2941 et
175 2911 245 2938 Filio
266 2910 428 2939 trtcriialitcr
443 2914 491 2944 est,
506 2913 531 2936 et
556 2909 696 2936 essentiam
722 2914 808 2942 suam,
825 2914 917 2934 suum«

956 1612 1031 1640 tinos
1043 1612 1192 1644 contentio,
1205 1612 1358 1645 dicentibus
1366 1611 1474 1639 ,ϐλ-κείς
1486 1612 1574 1647 ipsum
1585 1613 1752 1644 decimater-

957 1659 997 1686 tia
1022 1658 1086 1686 luna
1114 1666 1212 1693 agnum
1238 1658 1331 1685 edisse
1353 1658 1519 1693 paseltalem.
1547 1666 1657 1694 iussum
1684 1667 1752 1691 uero

959 1705 1173 1739 decimaquarta,
1196 1709 1226 1731 ut
1250 1705 1354 1734 ueritas
1381 1705 1560 1738 responderet
1583 1706 1676 1740 ligurte
1695 1714 1702 1733 :
1724 1711 1770 1743 et,

961 1756 1072 1786 propter
1086 1750 1150 1777 illud
1159 1750 1274 1778 Joannis
1291 1750 1381 1786 (Joan.
1394 1759 1468 1781 xvut.
1479 1750 1530 1786 .29)
1549 1760 1555 1777 :
1576 1752 1609 1779 Et
1635 1753 1687 1786 ipsi
1701 1761 1754 1781 non

960 1797 1121 1824 introierunt
1147 1798 1176 1823 in
1194 1797 1360 1831 praetorium,
1376 1804 1408 1823 ne
1432 1797 1756 1830 contaminarentur,rcod

963 1848 991 1870 ut
1001 1843 1232 1871 ederent-Pascha.
1245 1843 1284 1870 Ac
1295 1843 1363 1870 illud
1375 1841 1524 1878 (JutthLI,
1541 1843 1583 1874 Ut)
1596 1852 1602 1869 :
1624 1843 1691 1873 Erat
1704 1851 1755 1871 an—
1804 1843 1806 1845 ’

962 1894 1016 1917 tem
1033 1889 1181 1917 Parasmc
1194 1889 1297 1925 pascha
1316 1897 1327 1922 ;
1346 1893 1390 1916 et:
1408 1889 1448 1916 lbi
1463 1897 1524 1925 ergo
1543 1894 1651 1923 propter
1664 1889 1755 1917 Para—

964 1945 1053 1964 sceven
1073 1936 1238 1969 Iudaeorum,
1271 1936 1334 1971 quia
1359 1944 1440 1971 prope
1453 1941 1513 1963 erat
1541 1942 1752 1968 monumentum,

962 1987 1106 2018 posuerunt
1130 1982 1232 2010 Jesum.
1264 1981 1407 2017 Siquidem
1437 1982 1481 2009 illa
1507 1981 1657 2010 Parasccve
1686 1982 1755 2013 nihil

963 2030 1038 2058 aliud
1047 2034 1115 2062 erat,
1129 2037 1210 2064 quam
1223 2029 1284 2056 dies
1300 2028 1520 2063 pratis-rationis,
1535 2035 1590 2063 quo
1603 2035 1634 2056 se
1648 2035 1754 2064 priapo-

966 2077 1063 2103 rahant
1083 2075 1168 2102 Judaei
1186 2075 1219 2101 ad
1244 2073 1380 2102 edendum
1395 2081 1495 2108 agnum
1515 2074 1681 2108 paschalem.
1703 2073 1756 2106 La-

966 2122 1015 2150 tini
1039 2130 1104 2149 vero
1132 2124 1258 2149 asserunt
1267 2127 1330 2148 eum
1353 2120 1557 2154 decimaquarta
1573 2120 1754 2154 lunaagnutn

965 2168 1074 2204 quidem
1089 2167 1179 2195 tulisse
1194 2166 1361 2202 paschalem,
1377 2166 1447 2193 sicut
1455 2170 1483 2193 et
1496 2171 1610 2193 cateros
1622 2165 1752 2195 Judaos:

965 2214 1030 2249 quia
1062 2218 1092 2241 ut
1118 2213 1197 2240 habet
1226 2211 1308 2239 etiam
1335 2211 1446 2239 Gracus
1469 2210 1694 2247 Chrysostomus,
1720 2212 1755 2240 ad

965 2265 1079 2288 mortem
1110 2266 1196 2294 usque
1222 2265 1332 2293 semper
1353 2258 1474 2285 servavit
1498 2258 1586 2293 legem
1606 2267 1612 2285 :
1641 2266 1755 2293 passum

966 2313 1031 2333 vero
1058 2305 1136 2332 aiunt
1165 2303 1366 2339 decimaquinta
1391 2304 1465 2336 luna,
1484 2308 1594 2339 propter
1617 2304 1685 2334 alios
1700 2309 1757 2334 tres

963 2351 1148 2386 evangelistas
1169 2350 1275 2386 (Matth.
1292 2357 1370 2383 xxv-1;
1394 2351 1482 2377 Marc.
1511 2358 1574 2384 xw;
1592 2350 1656 2378 Luc.
1673 2351 1754 2388 ηιμ]

967 2397 1014 2433 qui
1031 2401 1158 2424 astruunt
1173 2396 1258 2424 fuisse
1285 2396 1403 2431 primum
1426 2395 1498 2424 diem
1518 2404 1684 2432 azymorum,
1700 2405 1757 2432 quo

966 2444 1091 2472 Christus
1106 2449 1272 2478 postremam
1285 2449 1391 2474 orenam
1406 2449 1468 2469 cum
1485 2442 1625 2477 discipulis
1638 2443 1756 2474 celebra-

967 2489 1015 2516 vit.
1032 2487 1066 2515 Et
1086 2488 1113 2517 hi
1136 2492 1226 2515 autem
1247 2492 1276 2514 et
1296 2487 1334 2514 illi
1357 2493 1553 2522 repugnantem
1585 2489 1756 2524 scripturam

967 2535 1075 2562 obtorto
1084 2534 1155 2562 collo
1163 2534 1272 2562 trahere
1280 2534 1481 2568 quodammodo
1493 2534 1657 2565 videmurad
1673 2542 1754 2567 suum

967 2588 1091 2609 sensum.
1105 2579 1277 2615 Quapropter
1287 2586 1376 2614 operae
1390 2579 1507 2614 pretium
1517 2581 1638 2608 facturus
1649 2580 1754 2612 videor,

968 2627 991 2654 si
1006 2627 1033 2653 in
1047 2626 1085 2653 tui
1100 2627 1226 2661 gratiam,
1243 2625 1374 2652 benevole
1386 2625 1481 2658 lector,
1496 2625 1548 2655 hoc
1562 2625 1622 2652 loco
1637 2625 1756 2652 dilucide

967 2674 1146 2704 adnotavero,
1160 2680 1221 2707 quae
1235 2672 1309 2700 varia
1324 2672 1440 2700 lectione
1461 2672 1621 2707 magnisque
1645 2672 1755 2699 sudori-

969 2720 1020 2747 bus
1032 2719 1082 2746 hac
1092 2718 1127 2745 de
1140 2725 1170 2745 re
1186 2718 1214 2744 in
1230 2717 1420 2753 compendium
1439 2718 1539 2752 redegi.
1554 2718 1676 2745 Primum
1703 2719 1756 2747 ita-

968 2773 1023 2800 que
1048 2765 1199 2792 notandum
1222 2769 1274 2796 est,
1296 2764 1368 2798 quod
1384 2763 1515 2791 naturalis
1531 2764 1588 2792 dics
1612 2766 1683 2799 apud
1699 2765 1756 2794 He-

969 2811 1058 2838 braeos
1071 2810 1169 2844 incipit
1182 2809 1217 2836 ab
1239 2817 1337 2836 occasu
1351 2809 1425 2842 solis,
1443 2809 1580 2837 etdesinit
1591 2810 1619 2837 in
1634 2810 1756 2845 ejusdem

970 2865 1096 2886 occasum
1112 2856 1166 2884 diei
1184 2856 1335 2890 sequentis,
1351 2856 1428 2891 juxta
1451 2855 1528 2889 illud,
1541 2856 1615 2892 (Gen.
1629 2857 1649 2893 l)
1664 2865 1673 2884 :
1686 2856 1757 2884 Fac-

973 2910 1027 2931 tum
1044 2908 1082 2931 est
1100 2910 1204 2936 vespere
1222 2907 1246 2928 ct
1265 2908 1341 2930 mane
1359 2901 1413 2931 dics
1435 2910 1514 2930 unus.
1536 2901 1635 2935 Mensis
1662 2908 1726 2930 vero
1741 2907 1756 2927 ι
