1922 3070
168 174 202 206 Η

877 157 1085 192 ΡΡκεΈΡΑΤΙΟ.

1767 148 1801 179 48

165 231 357 268 coniunctione
373 228 461 257 media
485 223 659 254 luminarium
678 231 686 256 ;
706 226 734 249 et
744 221 824 248 durat
845 219 953 253 triginta
970 222 991 249 Α
1005 224 1066 252 quae
1079 215 1124 243 die
1136 213 1246 242 Sabbati
1257 213 1347 241 facere
1360 220 1415 239 non
1429 209 1671 245 licuisset,'scpties
1683 209 1802 237 circnm-

774 267 777 268 '
852 266 856 268 “
907 265 912 268 ·
1069 262 1075 268 ·
1136 261 1151 268 ι-
1320 259 1339 268 γι
1360 267 1381 268 η
1397 266 1445 268 ν
1468 257 1525 268 ea“,
1539 256 1566 268 ιει
1580 264 1609 268 ..η
1652 256 1677 268 ι,,
1697 263 1784 268 ,ηηΜη

166 265 273 310 diebus,
287 275 430 305 duodecim
447 273 532 305 horis,
545 276 572 298 et
585 270 689 298 duabus
706 267 795 295 tertiis
811 266 894 292 unius
907 265 954 290 ho-

166 334 204 353 ra:
216 332 277 352 eum
295 323 383 351 tribus
399 320 522 351 minutis,
541 325 601 352 qua:
623 314 780 350 supputatio
807 310 955 339 invariabi-

166 373 229 400 liter
242 369 388 398 conformis
403 371 445 394 est
456 363 683 393 cumholemmo
698 360 811 394 aliisque
827 361 953 384 astrono-

169 418 222 445 mis
237 415 388 443 secundum
403 411 522 440 medium
536 416 645 438 cursum
661 408 742 434 lunze.
757 405 853 432 Annus
864 407 955 429 autem

169 462 310 490 exordium
326 459 433 487 sumita
453 455 600 484 Neontcuia
619 454 677 481 sive
695 452 761 479 solis
776 450 888 478 acinum
900 448 957 475 coi-

171 511 244 537 tione
264 506 388 542 proxima
410 502 573 538 acquinoctio
597 498 713 531 vernali,
726 495 878 525 secundum
902 501 960 521 mc-

171 556 246 583 dium
274 560 383 581 cursum
410 550 475 577 solis
501 552 528 575 et
551 549 621 574 luna:
646 545 742 581 (Levii.
763 551 850 575 xxtu;
877 540 959 567 Nunt.

173 609 254 629 xxvtn
266 604 293 626 et
306 598 381 631 χχιι)
398 616 404 623 .
425 596 560 622 Praeterea
583 592 673 619 omnia
685 591 755 618 testa
772 589 960 619 Hebramrum,

173 655 233 682 qua:
257 654 272 673 a
295 643 410 672 Mosaica
432 642 490 676 lege
514 640 659 670 habentur,
676 644 774 672 praeter
802 634 962 664 Sabbatum,

175 701 250 721 suam
273 690 491 719 numerationem
515 695 547 714 ac
567 685 745 712 variationem
763 689 816 716 {per
840 680 964 707 diversos

177 737 352 767 hebdomade:
383 736 452 767 dies,
484 735 594 761 sumunt
613 738 628 757 a
654 729 741 764 primo
765 726 809 754 die
829 724 964 760 praedicta:

176 784 341 816 Neonteniat,
353 791 367 809 a
385 789 437 817 quo
456 781 532 815 juxta
552 778 639 812 legem
655 774 747 802 omnia
765 780 813 800 sua
828 771 899 798 festa
911 777 964 797 nu-

177 835 284 860 merant
308 816 432 856 Hebraei:
455 831 519 862 puta
543 823 648 852 decimo
669 821 765 856 quinto
781 818 825 846 die
842 816 965 852 ejusdem

178 879 258 914 primi
275 877 375 904 mensis
390 875 489 902 festum
500 877 559 900 erat
575 876 743 906 azymorum,
763 871 789 894 ct
805 865 892 900 pridie
906 863 966 898 ejus

275 900 374 904 ...ν-η.-
390 900 452 902 ηπ
610 901 615 906 ,

179 926 244 957 diei,
260 925 285 952 id
305 928 346 950 est
364 921 468 950 decima
485 923 581 954 quarta
599 918 662 943 luna
682 915 715 942 ad
733 910 968 948 vesperam,ede-
984 900 1004 927 Β

180 973 260 1000 batur
285 977 371 1005 agnus
391 966 535 1002 paschalis.
557 966 579 991 Α
601 965 672 991 testo
697 966 788 988 autem
802 959 967 993 Azymorum

183 1018 326 1046 transactis
339 1020 443 1051 septem
463 1010 649 1041 hebdomadis,
667 1007 792 1043 sequenti
802 1006 856 1037 die,
870 1010 970 1038 nempe

181 1065 416 1100 quinquagesimo,
429 1061 528 1088 festum
542 1063 601 1085 erat
612 1055 818 1083 Primitirorum
829 1052 888 1079 sive
901 1051 971 1077 Pen-

182 1115 315 1139 tecostes.
333 1110 396 1136 l‘ost
415 1115 462 1134 sex
483 1112 548 1132 vero
564 1110 672 1131 menses
693 1101 804 1128 lunares
826 1098 859 1125 ab
876 1096 971 1124 eadem

183 1158 271 1192 prima
283 1153 440 1185 Ncumenia,
450 1152 476 1179 id
487 1156 529 1178 est
537 1156 597 1184 post
608 1152 717 1175 centum
728 1143 899 1179 septuaginta
909 1148 973 1175 sep«

181 1210 238 1231 tem
264 1202 350 1234 dies;
377 1197 506 1234 sequenti
534 1196 580 1223 die
605 1197 664 1221 erat
696 1192 796 1219 festum
822 1189 972 1220 Tubarutn,

185 1258 284 1284 nempe
310 1249 336 1275 in
357 1245 505 1274 Neomenia
528 1242 650 1277 proxima
675 1236 840 1272 aequinoctio
864 1238 974 1261 autum-

187 1281 258 1325 nali:
269 1295 377 1322 Decimo
397 1292 461 1319 inde
474 1291 519 1318 die
539 1290 639 1316 festum
666 1283 836 1320 Expiationis
854 1281 974 1309 celeber-

186 1345 296 1372 rimum.
317 1341 425 1367 Decimo
441 1338 536 1372 quinto
551 1334 675 1370 ejusdem
691 1331 794 1358 mensis
808 1329 860 1360 die,
875 1327 976 1354 festum

187 1386 435 1424 Seenopegitesive
451 1380 711 1410 'l‘abernaeulorum.
726 1377 760 1404 Et
780 1375 814 1402 ab
827 1375 880 1401 hoc
895 1373 976 1404 festo,

190 1438 234 1466 die
248 1420 354 1466 octavo,
372 1432 398 1459 id
416 1435 458 1458 est
476 1433 537 1464 post
553 1432 659 1462 septem
670 1423 798 1459 ejusdem
822 1422 884 1449 [esti
907 1420 976 1452 dies,

185 1479 489 1512 occurrebatvultimum
497 1481 594 1502 eorum
607 1473 717 1500 festum.
729 1477 828 1504 nempe
842 1472 928 1495 cretus
937 1466 979 1493 vel

189 1530 310 1559 collectae
327 1526 384 1554 sive
410 1521 570 1551 retentionis
586 1527 594 1548 :
610 1517 683 1553 quod
707 1516 797 1544 solum
821 1513 980 1548 designabat

192 1575 312 1604 fidelium
333 1572 361 1599 in
380 1573 475 1597 sancta
492 1565 614 1594 Ecclesia
626 1561 865 1598 congregationem
890 1567 923 1586 ac
937 1566 980 1585 re-
994 1574 1014 1602 ο

193 1621 346 1650 teutioncm
369 1618 428 1645 sive
450 1611 690 1650 perseverantiam,
709 1607 780 1643 quod
810 1607 912 1634 factum
940 1610 982 1632 est

191 1674 256 1705 post
276 1666 378 1694 veteris
400 1662 466 1697 legis
491 1659 581 1687 ﬁnitas
604 1657 704 1691 ﬁguras
731 1661 764 1681 ac
791 1651 980 1680 caeremonias.

195 1697 299 1741 beinde
325 1704 661 1737 animadvertendumest
675 1699 747 1735 quod
770 1697 881 1733 quando
906 1697 984 1732 juxta

192 1758 305 1787 vernale
317 1752 520 1790 aequinoctium,
535 1745 691 1782 coniunctio
701 1743 878 1772 luminariqu
888 1749 986 1769 secun-

194 1807 260 1834 dum
275 1803 393 1831 medium
404 1805 515 1827 cursum
534 1794 694 1822 occurrebat
712 1794 775 1826 post
786 1788 921 1816 decimam
941 1793 986 1813 oe-

195 1859 285 1881 tavam
300 1848 355 1876 dici
386 1848 490 1876 horam,
511 1842 575 1877 quia
604 1840 660 1875 jam
678 1840 797 1873 peractae
818 1837 897 1861 erant
925 1832 986 1866 plus

198 1906 278 1935 quam
296 1903 352 1924 tres
364 1897 466 1929 quartte
475 1894 566 1925 partes
576 1886 641 1918 diei,
651 1889 678 1912 et
688 1881 841 1911 declinabat
859 1878 945 1913 magis
955 1877 988 1904 ad

193 1924 271 1974 diem
285 1945 453 1977 sequentem,
469 1937 530 1963 ideo
556 1931 715 1961 servabatur
743 1933 851 1962 quoque
875 1924 918 1952 die
946 1930 991 1950 se-

197 1990 304 2028 qumti,
315 1969 342 2015 ct
352 1987 384 2014 ab
395 1987 445 2013 hoc
455 1980 667 2010 numerabantur
674 1974 764 2002 omnia
773 1972 900 2008 praedicta
911 1969 989 1996 festa.

574 2025 579 2028 '
655 2021 676 2028 “
778 2020 796 2028 ’ν
833 2016 989 2028 μικ......λι.,.ι

234 2039 370 2064 Pnntcreu
399 2031 423 2059 si
446 2029 518 2057 dicta
541 2025 627 2061 prima
655 2020 802 2049 Neomeuia
830 2016 992 2045 occurrebat

201 2082 331 2113 secundo,
361 2081 468 2113 quarto,
497 2072 539 2100 vel
570 2074 647 2099 sexto
672 2064 852 2095 hebdomada:
871 2063 916 2091 die
934 2068 992 2089 ser-

202 2130 300 2159 vanda,
316 2125 489 2160 rejicicbatur
505 2120 532 2146 iu
553 2118 625 2145 diem
646 2118 816 2149 sequentem.
833 2109 899 2137 Nam
917 2108 939 2136 si
951 2115 995 2135 se-

204 2156 484 2205 cundo'hebdomadaa
499 2166 544 2193 die
558 2164 654 2191 luisset
668 2164 787 2191 servata,
805 2163 871 2185 tunc
895 2156 993 2182 festum

204 2218 385 2257 Erpiationis,
408 2214 480 2249 quod
507 2215 566 2239 erat
587 2207 810 2237 celeberrimum,
828 2201 995 2230 occurrisset

206 2250 340 2297 die-seno
350 2259 541 2291 celebrantium
556 2264 564 2283 :
580 2253 676 2290 quodsi
689 2255 767 2279 sexto
778 2250 822 2277 die
834 2251 993 2275 servaretur

205 2316 279 2343 dicta
290 2312 376 2347 prima
387 2303 536 2335 Necmenia
550 2303 608 2329 sive
622 2299 726 2335 primus
737 2296 802 2324 anni
816 2291 993 2323 eorumdies,

207 2367 272 2389 tunc
290 2340 390 2386 dictum
415 2348 583 2387 Expiationis
607 2346 706 2373 festum
726 2342 771 2370 die
794 2340 894 2377 primo,
914 2345 995 2373 quem

208 2413 258 2434 nos
281 2407 412 2432 vocamus
428 2396 611 2425 Dominicum.
628 2390 793 2419 Occurrisset
816 2387 849 2415 ab
867 2386 908 2414 eis
923 2384 995 2412 cele-

206 2451 342 2482 brandum
363 2457 369 2474 :
387 2451 504 2482 quorum
521 2445 667 2473 utrumque
675 2436 820 2465 admodum
837 2440 918 2470 grave
933 2439 997 2459 cen-

211 2478 321 2528 sebatur
334 2500 360 2523 et
373 2478 449 2522 valde
463 2494 608 2518 onerosum
619 2485 669 2513 toti
679 2483 834 2520 populo,eo
847 2479 920 2514 quod
930 2478 997 2505 duo-

209 2547 264 2575 bus
274 2541 415 2572 continuis
432 2537 529 2566 diebus
553 2531 734 2562 naturalibus,
746 2535 846 2563 nempe
860 2526 930 2554 festo
944 2524 997 2551 Ex-

214 2569 339 2628 piationis
353 2591 381 2614 et
397 2579 616 2613 Sabbato..nullo
633 2577 714 2604 modo
737 2575 831 2602 liceret
845 2579 942 2607 parare
958 2569 999 2597 ci-

213 2622 273 2670 bos,
290 2640 336 2662 aut
350 2633 466 2668 sepelire
484 2633 605 2656 mertuos
622 2634 628 2651 :
643 2630 756 2657 cor—pora
775 2625 865 2647 autem
882 2622 1000 2648 mortua,

214 2689 262 2711 aut
277 2686 353 2709 col-ta
376 2679 449 2706 olera
477 2683 533 2703 non
562 2675 675 2708 possent
700 2670 728 2695 in
743 2667 863 2694 tertium
894 2662 1000 2691 servari

215 2733 297 2759 diem,
312 2725 460 2763 praesertim
476 2723 502 2749 iu
518 2719 612 2748 calidis
627 2715 793 2750 regionibus.
807 2711 910 2745 Quodsi
925 2713 1001 2737 sexto

216 2779 260 2806 die
274 2778 426 2803 servaretur
442 2769 571 2805 pnedicta
583 2762 730 2792 Neoutettia
745 2761 801 2787 sive
816 2759 932 2794 primum
947 2764 1002 2783 no-

218 2823 360 2851 vilunium,
375 2823 439 2846 tunc
454 2815 587 2850 septimus
600 2811 659 2837 dies
676 2808 736 2835 testi
755 2804 930 2839 Scenopegia:
946 2802 1004 2829 sive

217 2866 466 2898 Tabernaculorum
478 2859 639 2889 occurrisset
657 2855 700 2882 die
715 2851 838 2880 Sabbati.
851 2851 878 2877 lu
893 2850 945 2876 hoc
955 2856 1004 2875 au-

219 2896 274 2948 tem
292 2917 408 2951 septimo
425 2912 468 2940 die
484 2909 567 2937 multa
586 2903 689 2932 latitia:
705 2901 782 2936 signa
812 2896 1005 2927 ostendebant,

1013 2263 1033 2290 D

1005 262 1094 290 eundo
1118 261 1202 288 altare
1219 268 1279 287 cum
1298 259 1448 294 palmarum
1467 256 1621 287 frondibus,
1652 256 1682 282 in
1697 263 1802 282 mento-

1008 309 1076 336 riam
1097 312 1184 342 captze
1204 305 1314 333 Jericho
1327 305 1421 340 prima:
1440 303 1568 335 civitatis,
1583 310 1665 337 quam
1683 301 1710 328 in
1726 306 1800 328 terra

1007 354 1197 391 promissionis
1213 353 1260 380 lilii
1276 351 1358 380 [smel
1385 350 1542 385 hujttsmodi
1566 348 1719 383 septenaria
1747 348 1810 375 cir-.

1008 401 1127 428 cuitione
1142 402 1281 433 ceperant,
1305 399 1331 424 in
1347 397 1399 424 hoc
1423 400 1552 431 praeterea
1569 394 1613 420 die
1636 393 1716 420 lectio
1732 401 1802 428 quo-

1009 455 1062 483 que
1080 447 1123 474 illa
1140 445 1291 473 Psalmista:
1305 443 1391 479 (Psal.
1405 442 1498 477 exvit),
1516 441 1623 480 publice
1637 440 1788 468 deeantaba

1009 498 1054 521 tur
1064 502 1070 520 :
1079 493 1200 524 Obsecro,
1213 491 1332 523 Domine,
1343 490 1429 522 salua,
1439 496 1525 524 quwso
1539 495 1548 514 .'
1560 487 1674 518 obsecro,
1683 486 1802 517 Domine.

1011 548 1132 576 prospere
1151 547 1199 574 age
1216 546 1224 564 :
1243 538 1390 564 benedictus
1415 535 1459 570 qui
1482 535 1550 562 venit
1573 534 1600 560 in
1616 533 1721 560 nomine
1748 532 1804 559 Do-

1012 586 1085 612 mini.
1104 585 1170 612 Nam
1185 589 1212 611 et
1227 584 1298 611 hanc
1323 582 1550 610 constitutionem
1569 580 1670 607 scimus
1693 585 1802 613 quoque

1014 632 1040 659 iu
1062 640 1110 659 usu
1136 618 1373 661 fuisselsraeliiis,
1391 636 1452 655 cum
1478 627 1568 654 adhuc
1591 626 1618 652 in
1647 624 1805 659 captivitate

1015 682 1107 709 essent
1124 675 1297 711 Babylonica.
1325 673 1466 708 Siquidem
1485 680 1517 700 ex
1540 671 1676 705 Thargum
1705 668 1806 696 Esther

1014 725 1167 761 colligimus
1180 722 1250 757 quod
1266 729 1299 749 eo
1309 720 1354 748 die
1373 720 1502 747 secabant
1519 718 1628 745 frondes
1643 717 1805 752 palmarum,

1017 777 1098 806 atque
1113 768 1296 804 decerpebant
1318 766 1403 794 citrea
1422 772 1513 799 poma.
1528 763 1725 791 ahscindebant
1747 770 1813 789 ros-.

1018 818 1168 846 marinum.
1186 819 1213 842 et
1240 814 1376 841 faciebant
1401 812 1452 839 sibi
1480 815 1589 842 myvnn
1620 810 1722 836 hosana
1741 816 1748 834 :
1765 808 1806 835 le-

1019 863 1171 899 gebantquc
1187 860 1215 887 in
1231 859 1308 886 libris
1334 858 1391 885 suis
1414 862 1443 884 et
1462 855 1587 888 orabant,
1605 854 1767 882 laetabantur
1781 857 1809 880 et

1021 910 1119 936 hilares
1139 912 1217 934 erant
1242 906 1268 932 in
1291 909 1400 936 summa
1418 903 1522 930 hosana
1539 922 1547 936 ,
1571 901 1703 928 saltabant
1716 904 1743 927 et
1759 906 1810 926 ev-

1020 955 1148 983 siliebant
1160 953 1229 980 sicut
1245 951 1323 978 inedi.
1343 949 1422 978 Unde
1438 948 1531 975 videre
1544 947 1609 974 licet
1623 950 1652 973 ut
1671 946 1723 973 hoc
1742 953 1811 980 quo-

1022 1009 1074 1036 que
1094 999 1210 1027 docendi
1231 997 1317 1033 gratia
1331 996 1463 1023 addamus
1482 993 1642 1021 vocabulum
1663 991 1809 1018 Hebraeum

1020 1051 1069 1077 Ν
1097 1049 1222 1077 mnam
1248 1044 1352 1071 hosana
1391 1040 1462 1076 vulgi
1486 1047 1561 1067 more
1581 1037 1652 1072 apud
1681 1036 1812 1063 Hebraeos

1023 1093 1103 1120 etiam
1119 1096 1181 1118 ante
1196 1090 1335 1118 Christum
1357 1092 1450 1114 natum
1476 1085 1559 1112 fuisse
1582 1087 1740 1118 corruptum
1764 1085 1813 1109 aut

1023 1139 1084 1166 illos
1109 1143 1252 1171 usurpasse
1274 1135 1362 1169 ipsum
1389 1140 1464 1160 more
1487 1131 1551 1158 Chal
1562 1131 1643 1162 laico,
1662 1134 1690 1155 et
1712 1127 1812 1156 deinde

1024 1185 1125 1212 abusus
1144 1183 1228 1210 fuisse
1251 1189 1300 1216 pro
1325 1179 1498 1207 solemnitate
1524 1177 1689 1206 Palinurum,
1714 1175 1812 1208 inqua

1025 1239 1086 1259 cum
1103 1231 1185 1256 ramis
1199 1227 1368 1255 caeremoniae
1389 1226 1499 1252 licbant.
1517 1223 1545 1249 Et
1559 1223 1593 1248 ita
1609 1227 1672 1248 nato
1690 1224 1813 1255 postmo-

1026 1277 1090 1304 dum
1113 1275 1235 1305 Clmslo,
1255 1281 1317 1299 eum
1345 1270 1426 1298 vellet
1445 1268 1562 1303 populus
1589 1274 1650 1294 cum
1666 1265 1812 1295 honorare.

1027 1328 1138 1350 etcum
1167 1319 1304 1353 triumpho
1342 1315 1528 1349 Hierosolyma
1559 1312 1704 1344 deducere,
1736 1310 1814 1346 igno-

1027 1371 1121 1394 rantes
1135 1364 1342 1399 compleverunt
1381 1358 1550 1395 prophetiam
1581 1356 1745 1389 Davidicam,
1771 1362 1817 1383 oc—

1027 1413 1137 1441 casioue
1167 1415 1273 1444 sumpta
1289 1416 1322 1435 ex
1352 1405 1468 1434 surculis
1500 1403 1534 1430 ab
1560 1402 1640 1430 olivis
1679 1401 1815 1435 decerptis

1028 1465 1056 1488 et
1079 1460 1105 1486 in
1130 1458 1199 1485 viam
1226 1454 1329 1486 stratis,
1356 1452 1504 1479 clamantes
1543 1449 1669 1481 llosana,
1689 1447 1717 1474 id
1743 1446 1816 1482 quod

1029 1507 1149 1534 clamare
1186 1503 1388 1530 consueverant
1425 1499 1452 1525 in
1495 1497 1672 1524 solemnitate
1716 1494 1818 1522 Baino—

1032 1550 1265 1583 rnm.llisitaque
1292 1546 1439 1583 praemissis
1462 1542 1733 1571 animadvertendum
1759 1546 1819 1574 est,

1032 1598 1105 1634 quod
1145 1604 1218 1624 anno
1250 1602 1305 1629 quo
1341 1599 1439 1628 passus
1473 1596 1514 1618 est
1544 1581 1669 1617 Citristus
1702 1587 1822 1615 occurrit

1033 1645 1119 1679 prima
1138 1640 1295 1670 Neomenia,
1312 1639 1370 1665 sive
1386 1635 1542 1671 conjunctio
1559 1634 1735 1662 luminat-ium
1755 1641 1821 1668 pro-

1035 1691 1107 1717 xima
1119 1686 1283 1722 aequinoctio
1299 1684 1400 1712 vernali
1416 1684 1564 1710 secundum
1579 1681 1697 1708 medium
1710 1687 1821 1707 cursum

1035 1737 1100 1764 solis
1114 1740 1141 1762 et
1153 1735 1224 1761 lunae
1238 1733 1315 1768 juxta
1325 1738 1417 1758 veram
1427 1734 1586 1757 etexactam
1601 1726 1823 1762 supputationem

1037 1780 1262 1816 peritissimorum
1278 1777 1464 1807 Hebrazorum.
1480 1775 1524 1802 die
1539 1774 1634 1809 quinto
1651 1771 1824 1800 hebdomade:

1038 1832 1100 1863 post
1117 1826 1251 1854 decimam
1268 1831 1368 1851 nonani
1385 1822 1437 1849 diei
1455 1821 1560 1851 lteram,
1576 1827 1637 1846 cum
1651 1818 1756 1852 aliquot
1771 1817 1824 1844 uti-

1039 1873 1115 1900 nutis
1134 1882 1142 1899 z
1162 1876 1189 1899 et
1204 1871 1240 1897 ita
1253 1871 1330 1905 juxta
1344 1867 1475 1903 praedicta
1491 1870 1550 1893 erat
1565 1863 1691 1900 sequenti
1705 1863 1749 1890 die
1763 1870 1825 1890 ser-

1039 1919 1138 1948 vanda.
1155 1917 1208 1944 Sed
1221 1916 1294 1950 quia,
1307 1918 1383 1941 sexto
1395 1913 1449 1944 die,
1464 1916 1493 1938 ut
1505 1911 1608 1939 dictum
1622 1914 1671 1941 est,
1686 1916 1826 1944 nunquam

1041 1965 1210 1996 servabatur,
1238 1962 1340 1989 idcirco
1354 1959 1441 1987 Judtei
1464 1966 1497 1985 eo
1521 1965 1592 1984 anno
1609 1956 1754 1984 servabant
1770 1954 1826 1990 pri-

1042 2018 1117 2039 tuum
1130 2009 1196 2037 illud
1215 2007 1385 2035 uovilunium
1402 2005 1446 2032 die
1458 2003 1567 2030 Sabbati
1587 2012 1595 2030 :
1613 2007 1640 2029 et
1655 2002 1691 2028 ita
1706 2000 1829 2029 decimus

1043 2059 1155 2094 quintus
1164 2057 1222 2084 dies
1231 2054 1352 2090 ejusdem
1366 2051 1476 2083 incusis,
1489 2058 1543 2085 quo
1557 2049 1717 2077 occurrebat
1729 2048 1829 2075 festum

1044 2104 1219 2140 Azymorum,
1238 2101 1315 2135 juxta
1338 2098 1494 2125 Judaaorum
1524 2094 1725 2123 observantiam
1743 2093 1828 2120 etiam

1035 2155 1105 2180 erat
1131 2148 1189 2176 dics
1206 2145 1316 2173 Sabbati
1343 2144 1476 2177 :ideoque
1490 2145 1601 2176 propter
1612 2140 1727 2167 duorum
1746 2139 1831 2167 festo-

1047 2202 1107 2223 rum
1125 2199 1299 2223 eoncursum,
1315 2190 1348 2217 de
1368 2190 1412 2216 illo
1428 2188 1493 2216 dicit
1507 2184 1737 2221 Joannes(Joan.
1753 2184 1831 2219 xxx);

1048 2240 1120 2276 quod
1137 2243 1197 2266 erat
1215 2244 1326 2272 "manus
1340 2236 1395 2263 dies
1411 2234 1455 2261 ille
1467 2232 1588 2264 Sabbau',
1608 2235 1638 2258 ut
1653 2230 1735 2258 etiam
1751 2231 1784 2257 ad
1801 2238 1833 2258 ea

1047 2287 1128 2316 verba
1138 2285 1221 2313 habet
1231 2288 1325 2311 auctor
1334 2286 1437 2309 noster.
1446 2279 1569 2307 Christus
1579 2285 1644 2304 vero
1652 2277 1770 2304 servavit
1777 2277 1835 2311 qui-

1048 2335 1109 2362 dem
1126 2331 1302 2360 Neomeniam
1315 2333 1393 2356 sexto
1407 2325 1582 2354 hebdomade:
1600 2324 1644 2351 die
1657 2331 1665 2351 :
1680 2330 1742 2350 cum
1762 2324 1833 2350 enim
1871 2315 1874 2319 ’

1041 2385 1110 2415 .post
1125 2379 1257 2406 decimam
1266 2382 1366 2403 nonam
1382 2374 1477 2400 horam
1492 2371 1656 2399 occurrisset
1670 2369 1757 2404 quinti
1771 2369 1834 2402 diei,

1049 2425 1245 2455 rationabiliter
1260 2428 1290 2450 ut
1299 2423 1402 2449 dictum
1414 2424 1466 2450 est,
1478 2418 1563 2453 magis
1576 2417 1713 2452 pertinere
1725 2415 1836 2443 videba-

1051 2481 1093 2502 tur
1111 2475 1143 2501 ad
1157 2474 1228 2500 diem
1245 2473 1416 2505 sequentem.
1430 2465 1531 2493 Verum
1545 2472 1560 2491 a
1572 2468 1649 2491 sexto
1662 2462 1706 2489 die
1724 2462 1756 2489 ad
1770 2462 1838 2490 Sab—

1051 2522 1144 2548 batum
1159 2527 1220 2546 cum
1235 2517 1336 2544 Judaeis
1353 2512 1499 2541 transferre
1513 2510 1610 2538 noluit.
1630 2508 1696 2535 Nam
1711 2508 1764 2535 hoc
1775 2516 1839 2543 pro-

1052 2573 1113 2603 pter
1135 2566 1202 2593 festa
1221 2563 1336 2598 septimo
1349 2566 1444 2588 mense
1471 2558 1563 2585 l'utura
1587 2555 1722 2584 faciebant
1740 2554 1840 2588 Judaei,

1053 2601 1082 2640 ut
1105 2612 1261 2648 praedictum
1278 2613 1336 2640 est;
1358 2607 1483 2634 Christus
1506 2609 1598 2631 autem
1619 2606 1742 2633 noverat,
1767 2601 1841 2635 quod

1054 2647 1189 2695 pcrrsuatn
1205 2655 1361 2683 Passioncm
1376 2660 1436 2687 qtun
1452 2651 1583 2682 instabat,
1604 2651 1724 2676 cessaret
1735 2647 1841 2682 obliga-

1056 2694 1094 2732 tio
1119 2701 1289 2738 sequentium
1311 2699 1420 2726 illorum
1440 2696 1586 2728 festorum,
1608 2694 1679 2721 sicut
1700 2698 1727 2719 et
1743 2696 1842 2719 caetera

1053 2751 1122 2786 legis
1135 2745 1342 2776 catrcutonialia.
1355 2745 1466 2778 l‘ropter
1479 2742 1531 2769 hoc
1539 2742 1639 2775 itaque,
1652 2744 1678 2766 et
1690 2738 1771 2765 etiam
1781 2738 1843 2772 quia

1057 2795 1182 2832 sequenti
1195 2795 1238 2821 die
1254 2793 1404 2820 moriturus
1419 2795 1477 2817 crat
1492 2788 1629 2820 Christus,
1647 2786 1766 2822 typicum
1783 2786 1846 2820 qui-

1058 2845 1120 2872 dem
1137 2849 1234 2878 agnum
1251 2847 1314 2868 vera
1336 2842 1364 2865 et
1384 2837 1506 2872 legitima
1522 2833 1628 2862 decima
1649 2835 1746 2866 quarta
1769 2830 1845 2860 luna,

1060 2899 1120 2927 quze
1136 2877 1187 2918 [ὧι
1204 2888 1247 2917 die
1261 2887 1367 2923 quinto,
1391 2883 1528 2914 comedit;
1548 2884 1644 2916 quarta
1657 2877 1762 2906 decima
1782 2883 1846 2905 vero
