1922 3070
141 116 178 147 Ml

853 115 938 146 ΡΠᾸΞ
942 115 1011 145 FAT
1017 115 1064 146 l0.

1737 114 1773 142 Ἰν

138 171 286 205 lnnajuvta
301 175 420 197 veterem
430 170 603 198 llebrzeorum
618 172 834 199 numerationem
844 171 926 198 etiam
942 174 964 202 Α
982 175 1043 197 rent
1056 170 1140 198 Exod.
1154 170 1214 204 xu).
1226 173 1253 197 et
1266 177 1318 196 non
1333 169 1630 204 l‘ermentatumpanem
1644 173 1768 197 ettamcn

138 216 269 250 legitima.
291 216 318 242 in
339 217 417 250 cujus
438 224 552 251 vespera
574 214 659 243 Judaei
683 217 801 252 typicum
826 224 926 250 agnum

137 265 218 287 erant
232 260 409 293 immolaturi,
423 261 479 296 ipse
491 269 570 288 verus
582 261 675 296 Agnus
688 262 738 289 fuit
753 262 926 289 immolatus:

137 311 167 333 et
182 307 217 332 ita
236 307 335 334 veritas
352 305 495 341 respondit
512 308 615 342 ﬁgurae.
633 308 734 335 llorum
750 313 841 335 autem
860 317 928 336 catt-

136 359 207 383 sam.
223 357 253 379 ut
266 352 413 380 verisimile
428 358 479 385 est,
491 353 578 380 solum
593 353 762 381 indicaverat
775 354 928 389 patrifami-

137 398 189 425 lias
205 399 231 425 in
247 400 324 433 cujus
338 399 442 426 uadibus
457 400 556 433 pascha
572 400 678 430 edebat.
696 405 722 427 et
741 401 808 435 ipsis
826 401 929 429 duode-

134 446 190 472 cim
203 446 356 480 discipulis,
371 453 486 480 quorum
497 446 571 479 (Luc.
586 448 649 480 χχιι)
663 446 760 474 Petrus
773 447 928 475 ctJoauncs

135 499 170 519 ex
181 492 260 526 jussu
271 492 369 519 Christi
383 493 535 520 necessaria
549 498 719 528 paraverant.
729 502 829 528 nempe
843 494 928 522 lactu-

135 545 184 564 cas
198 543 316 574 agrestes
331 543 358 566 et
373 539 483 565 bacnlos
500 548 507 566 :
522 547 585 566 nam
597 547 683 574 agnus
696 540 755 575 ipse
767 540 872 568 decimo
885 541 928 568 die

135 584 240 610 mensis
258 585 404 618 parabatur
422 593 429 610 :
447 593 530 618 panes
546 592 654 620 quoque
669 587 753 620 azymi
766 607 774 620 ,
789 591 818 613 ιιι
832 587 928 613 verisi-

135 630 201 656 mile
221 635 262 657 est
277 629 375 664 (Exod.
391 630 440 665 xu)
460 631 563 665 aliquot
583 637 646 658 ante
665 632 771 664 diebus,
787 633 862 667 juxta
886 633 928 659 fa—

135 675 273 703 miliarum
289 677 504 711 magnitudinem
522 677 606 712 parati
623 683 719 712 erant;
733 679 824 713 itaque
837 679 927 705 nullus

134 730 169 749 ex
183 723 235 750 hoc
252 730 347 757 passus
360 729 400 751 cst
416 723 623 757 odendiculum,
640 733 728 759 neque
743 726 777 753 ob
791 725 816 753 id
834 734 925 754 coram

135 770 226 805 judice
243 771 332 804 potuit
347 771 481 798 accusari.

172 815 243 848 Quin
272 820 300 843 et
326 816 511 844 Tertullianus
536 817 649 844 Latinus
673 822 768 844 auctor
789 816 929 852 proximus

134 861 319 896 apOstolorum
345 863 533 897 temporibus,
560 863 594 890 de
620 863 663 890 die
691 863 828 891 Passionis
852 865 931 892 Chri-

135 907 171 933 sti
199 907 235 933 ita
267 907 386 941 loquitur
416 908 443 934 in
467 908 633 943 Apologelica
664 909 786 936 adversus
814 909 929 938 Iudicas.

138 960 148 976 ι
164 949 231 983 Qua:
250 951 343 978 Passio
365 952 433 979 intra
451 957 572 987 tempora
592 955 760 989 septuaginta
785 955 931 982 hebdoma-

134 995 231 1022 darum
260 996 377 1030 perfecta
411 1003 461 1029 est.
492 999 542 1026 sub
572 998 679 1027 Tiberio
706 1000 830 1032 Ctesare.
857 1010 928 1029 coss.

135 1040 263 1068 Rubellio
283 1042 398 1069 Gemino
417 1050 443 1070 ct
461 1043 529 1070 Rufo
554 1044 686 1076 Gemino.
709 1054 801 1074 mense
818 1048 928 1081 Martio,

136 1089 310 1122 temporibus
328 1088 449 1121 Pasehre,
472 1089 516 1116 die
535 1095 631 1118 octavo
646 1091 828 1119 Kalendarum
845 1093 928 1127 Apri-

136 1133 221 1165 lium,
256 1133 300 1161 die
339 1134 426 1168 primo
461 1135 642 1170 Azymorum.
677 1145 731 1171 quo
764 1145 862 1173 agnum
899 1145 928 1167 ut

135 1178 292 1206 occiderent
320 1180 353 1206 ad
389 1188 552 1215 vesperam,
585 1190 598 1209 a
630 1182 703 1210 Mose
736 1183 824 1211 fuerat
852 1193 927 1219 prm-

135 1227 257 1258 ceptum.
280 1225 371 1259 Neque
388 1227 461 1253 enim
484 1227 518 1254 ob
543 1227 569 1254 id
589 1228 642 1255 dici
666 1233 753 1262 potest
771 1230 857 1264 primo
883 1232 927 1259 die

137 1269 302 1304 Azymornm
333 1277 475 1304 mortuus.
504 1273 581 1308 juxta
610 1275 738 1308 prmdicta
766 1276 925 1304 Tertulliani

136 1317 232 1347 verba,
249 1317 320 1351 quod
340 1325 372 1344 ea
390 1323 467 1346 nocte
482 1323 577 1353 captus
598 1320 691 1347 fuerit.
709 1320 847 1355 Siquidem
868 1331 925 1349 om-

137 1361 214 1389 nium
230 1363 386 1391 testimonio
399 1365 425 1391 in
438 1373 519 1392 cruce
533 1370 624 1393 etnon
641 1365 666 1393 in
680 1367 925 1402 comprehensione

138 1407 190 1434 fuit
211 1413 304 1435 nostra
330 1410 491 1444 redemptio.
514 1412 546 1438 Et
561 1412 653 1445 procul
681 1413 763 1439 dubio
789 1414 880 1442 divina
898 1415 924 1442 id

137 1458 228 1480 actum
241 1459 282 1481 est
295 1455 480 1489 Providentia,
491 1457 563 1491 quod
575 1465 608 1484 eo
620 1466 692 1484 anno
707 1459 806 1493 duplex
818 1460 923 1488 decima

980 217 1054 244 illam
1073 217 1273 244 immunditiam
1289 216 1441 244 levissimas
1458 216 1492 243 ob
1508 223 1604 243 causas
1621 217 1769 244 contrahe-

979 262 1058 290 bant.

1013 308 1090 342 Quod
1124 313 1213 336 autem
1248 311 1324 336 aiunt
1353 308 1477 336 nonnulli
1498 328 1504 339 .
1529 308 1637 335 Juda‘os
1669 315 1770 343 praece-

980 354 1054 382 denti
1073 355 1118 382 die
1132 360 1280 390 occupatos
1291 356 1362 382 circa
1376 356 1539 389 capiendum
1552 355 1704 386 Christum.
1721 363 1770 381 nc—

980 401 1096 434 glexisse
1117 409 1216 436 agnum
1239 402 1320 429 edere
1347 401 1513 436 paschalem.
1535 406 1562 428 et
1579 401 1651 436 quod
1667 401 1770 429 idcirco

979 451 1059 473 nocte
1072 447 1196 482 sequenti
1219 447 1294 474 illum
1311 452 1402 474 essent
1415 447 1572 476 comesturi.
1590 455 1644 474 non
1660 448 1689 474 lit
1700 448 1771 475 veri-

980 493 1078 520 simile.
1094 494 1235 528 Siquidem
1253 494 1335 521 etiam
1352 494 1389 521 illi
1407 495 1451 528 qui
1468 494 1588 530 legitimo
1604 495 1770 521 tenebantur

979 538 1175 573 impedimento
1191 541 1296 567 decimo
1314 545 1412 575 quarto
1426 541 1470 568 die
1487 541 1565 575 primi
1586 541 1698 572 mensis,
1712 548 1767 567 non

979 589 1106 618 poterant
1127 586 1251 619 sequenti
1267 586 1311 612 die
1326 594 1375 619 pro
1396 585 1473 612 libito
1488 593 1586 619 agnum
1602 586 1681 611 cdere
1707 593 1768 619 pas-

980 630 1086 657 chalcm
1098 651 1105 663 .
1123 631 1169 658 sed
1185 632 1328 665 sequentis
1342 632 1445 658 mensis
1458 631 1503 658 dic
1521 631 1646 658 similiter
1661 632 1769 658 decimo

980 681 1076 711 quarto
1098 677 1131 704 ad
1150 685 1300 711 vesperam.
1326 682 1354 705 nt
1375 678 1489 705 habetur
1509 676 1618 704 Numeri
1634 686 1661 704 ιιι
1678 678 1769 712 Itaque

979 723 1023 750 die
1038 723 1174 750 Passionis
1187 723 1285 750 Christi
1299 732 1360 751 cunt
1372 724 1493 751 nondum
1503 724 1630 751 inchoata
1643 728 1714 751 esset
1726 732 1770 751 sc.-

980 770 1107 797 lemnitas
1131 770 1269 797 Paschalis
1290 774 1337 797 aut
1360 771 1534 805 Azymornm.
1554 770 1631 805 juxta
1649 776 1768 798 veterem

980 816 1137 843 Judaeorum
1153 816 1364 846 observantiam.
1382 817 1480 844 licebat
1495 817 1536 844 eis
1556 825 1642 851 usque
1657 817 1689 844 ad
1704 818 1769 844 solis

982 869 1107 887 occasum
1123 860 1260 895 judicialia
1277 869 1415 893 exercere.
1432 869 1573 893 accusare.
1589 866 1674 888 testes
1689 862 1769 889 adhi—

982 907 1045 934 bere
1060 912 1088 934 et
1102 907 1267 937 examinare.
1284 908 1447 934 sententiam
1469 908 1550 937 ferre.
1566 907 1706 935 Simonem
1723 916 1768 935 co.

981 961 1044 989 gere
1066 959 1097 980 ut
1112 961 1219 981 crucem
1235 954 1351 985 tolleret,
1372 954 1498 989 sepelire,
1516 960 1636 982 aromata
1663 963 1767 990 prrepa-

981 1007 1050 1032 rare,
1067 1000 1173 1035 aliaque
1188 1000 1302 1034 plurima
1319 1008 1408 1035 agere,
1423 1009 1484 1035 qum
1495 1000 1581 1027 Judaei
1595 1009 1767 1036 nequaquam

980 1045 1119 1079 fecissent,
1137 1047 1157 1073 si
1175 1046 1308 1074 decimam
1330 1047 1451 1080 quintam
1469 1047 1559 1074 lunam
1573 1052 1600 1073 ct
1617 1047 1652 1075 ita
1667 1048 1767 1076 festum

982 1091 1091 1119 Pascha:
1123 1097 1150 1119 et
1170 1093 1332 1127 Azymornm
1360 1102 1393 1122 eo
1415 1093 1458 1120 die
1483 1093 1679 1122 celebrasscut.
1705 1102 1769 1121 cum

980 1136 1048 1163 facta
1061 1145 1110 1164 sua
1125 1145 1173 1172 per
1187 1138 1272 1172 legem
1286 1137 1430 1165 Mosaicam
1442 1138 1592 1172 iustiﬁcam
1601 1139 1767 1171 niterentur,

979 1184 1100 1210 dicentes
1118 1192 1124 1210 :
1144 1183 1198 1210 No.3
1214 1184 1294 1219 legem
1310 1184 1444 1214 habemus.
1459 1189 1525 1214 etc..
1542 1189 1569 1212 et
1587 1185 1704 1212 maxime
1719 1185 1767 1212 Jo-

978 1229 1043 1264 scph
1060 1229 1094 1256 ab
1113 1229 1269 1256 Arimathea
1290 1230 1332 1257 vir
1346 1231 1435 1257 bonus
1454 1237 1485 1258 ac
1499 1230 1592 1263 justus
1607 1236 1635 1257 et
1650 1231 1766 1258 Nicndc-

977 1283 1038 1302 mus
1051 1275 1096 1309 qui
1111 1275 1253 1302 Dominum
1266 1276 1442 1311 sepelierunt.
1458 1276 1503 1311 qui
1517 1281 1626 1310 propter
1640 1276 1768 1304 Parascw

976 1329 1027 1349 ven
1048 1321 1214 1351 Judreorum.
1231 1322 1293 1356 quia
1313 1329 1396 1355 prope
1413 1327 1472 1349 erat
1490 1327 1708 1351 monumentum.
1728 1323 1766 1350 ibi

976 1372 1127 1403 posuerunt
1144 1367 1248 1398 Jesum.
1264 1368 1301 1394 ait
1313 1367 1431 1394 Joannes
1452 1368 1557 1395 decimo
1570 1368 1668 1402 capite.
1687 1367 1765 1395 Circa

975 1421 1035 1448 qua:
1048 1413 1128 1440 verba
1141 1413 1222 1440 habet
1238 1413 1403 1447 Augustinus
1416 1421 1422 1439 :
1440 1414 1640 1441 «Acceleratam
1652 1414 1708 1440 vnlt
1724 1414 1767 1440 in:

977 1458 1058 1492 telligi
1074 1459 1295 1493 sepulturam,ne
1312 1459 1560 1493 advesperasceret,
1574 1467 1635 1486 cum
1645 1459 1700 1493 jam
1715 1460 1766 1493 alia.

137 1504 233 1534 quarta
249 1501 311 1528 luna
325 1502 493 1534 occurrebat,
518 1507 547 1529 ut
561 1503 675 1530 diversis
693 1510 800 1538 respet'l
812 1506 872 1537 bus,
897 1512 924 1534 et
938 1508 959 1535 C
975 1504 1038 1538 quid
1049 1504 1099 1530 Ia‘e
1109 1511 1161 1531 non
1173 1504 1266 1531 lien-ret
1278 1509 1386 1538 propter
1398 1513 1561 1539 parascevcn
1571 1513 1650 1539 quam
1660 1513 1768 1534 cmnant

138 1545 202 1572 hinc
223 1547 277 1572 veri
302 1547 363 1580 agni
388 1548 538 1575 immolalio
565 1551 654 1584 typico
683 1552 870 1585 responderet.
898 1558 925 1580 ct

137 1591 213 1618 illinc
231 1592 356 1620 Christus
370 1595 401 1621 ad
419 1594 497 1621 linem
515 1603 600 1629 usque
615 1597 675 1623 vitae
694 1597 778 1632 legem
792 1604 924 1632 servaret,

137 1641 167 1663 ut.
187 1636 268 1664 habet
283 1639 364 1664 etiazn
381 1639 492 1666 Greens
511 1640 732 1675 Chrysostomns,
753 1650 784 1669 ac
801 1644 922 1678 typicum

137 1688 236 1716 agnum
254 1691 315 1709 vera
332 1687 359 1710 et
373 1684 493 1719 legitima
508 1685 613 1712 decima
632 1692 726 1720 quarta
743 1689 806 1714 luna
820 1690 924 1721 ederet,

137 1727 209 1754 sicut
232 1735 292 1755 eum
320 1730 408 1756 edisse
438 1730 502 1757 dicit
530 1731 720 1768 Hieronymus.
753 1734 784 1760 Et
812 1734 846 1761 de
876 1735 925 1762 hac

138 1773 242 1800 decima
260 1782 355 1808 quarta
379 1777 452 1808 luna,
481 1777 556 1811 juxta
581 1778 681 1805 Christi
709 1781 924 1808 numerationem

137 1818 287 1853 loquuntur
300 1821 410 1848 indubie
423 1821 563 1850 Matthzeus
574 1844 580 1855 ,
603 1824 707 1851 Marcus
721 1830 747 1852 et
758 1826 852 1856 Lucas.
863 1835 924 1854 cum

138 1866 215 1892 aiunt
231 1865 316 1893 fuisse
334 1868 450 1902 primum
467 1869 537 1896 diem
553 1871 726 1905 Azylnorum.
744 1871 809 1898 Nam
825 1881 884 1900 cum
899 1874 924 1900 hi

138 1916 194 1937 tres
224 1913 395 1947 evangelista:
422 1922 546 1949 magnam
581 1916 702 1942 lacerent
733 1917 813 1951 hujus
841 1926 926 1946 coenae

138 1958 316 1989 mentionem,
329 1963 356 1986 et
369 1960 582 1987 consecrationis
597 1961 784 1993 Eucharistize,
799 1965 925 1991 ostende-

138 2007 204 2029 runt
230 2003 368 2031 Christum
397 2006 479 2033 etiam
508 2006 534 2033 in
563 2007 614 2033 hoe
639 2007 726 2042 legem
753 2009 924 2042 observasse,

138 2057 236 2084 nempe
247 2050 323 2084 juxta
335 2059 425 2078 veram
443 2052 527 2086 ipsius
542 2054 772 2087 supputationem.
786 2059 814 2081 ut
826 2056 924 2089 prwdi-

138 2095 227 2123 ximus
242 2096 330 2131 (Joan.
348 2099 417 2130 xui).
437 2098 555 2126 Joannes
572 2107 635 2126 vcru
650 2100 695 2134 qui
711 2100 745 2127 de
761 2109 850 2132 cmna,
866 2106 926 2128 ιιιιιο

139 2150 219 2177 quant
238 2144 272 2170 ab
288 2144 348 2171 aliis
367 2145 448 2171 latius
468 2150 593 2177 tractata,
612 2147 693 2174 unico
710 2147 792 2173 verbo
809 2147 924 2175 absolvit

137 2189 254 2216 dicendo
270 2200 276 2217 :
292 2190 369 2218 Coena
386 2192 456 2226 facta
468 2213 475 2223 ,
490 2192 569 2219 aliam
582 2193 658 2226 juxta
679 2198 796 2220 veterem
814 2193 923 2220 Judze0<

138 2241 198 2261 rum
216 2235 415 2263 observantiam
435 2237 568 2265 decimam
587 2243 709 2272 quartam
726 2239 816 2265 lunam
835 2239 924 2266 consi-

139 2281 261 2314 deravit;
285 2282 317 2308 ad
342 2282 538 2310 excludendum
563 2291 696 2314 errorem,
722 2285 768 2318 qui
788 2285 926 2312 nonnullis

140 2327 205 2355 oriri
230 2329 361 2362 potuisset
376 2337 407 2355 cx
433 2329 490 2357 aliis
510 2330 701 2365 evangelistis.
730 2338 827 2365 nempe
852 2332 924 2366 quod

139 2373 240 2400 veritas
253 2381 305 2400 non
317 2374 493 2408 responderet
508 2374 598 2409 lignrze
610 2375 636 2403 in
649 2374 706 2402 veri
722 2375 783 2409 agni
799 2375 924 2402 immola-

139 2417 222 2445 tione.
248 2418 280 2445 Et
302 2418 362 2445 ideo
385 2419 450 2446 dicit
465 2419 556 2454 (Joan.
576 2428 629 2450 χιχ,
648 2421 691 2456 14)
717 2421 789 2455 quod
805 2421 848 2448 die
872 2429 924 2455 quo

139 2469 264 2491 mortuus
289 2469 328 2491 est
345 2464 473 2492 Christus
497 2470 556 2492 erat
584 2473 730 2500 parasceve
754 2466 873 2497 Paschut.
898 2472 926 2493 et

138 2511 211 2545 quod
238 2518 291 2537 non
314 2511 478 2538 introierunt
506 2511 532 2537 in
554 2513 709 2545 praetorium
734 2520 768 2538 ne
792 2512 925 2539 contami-

137 2561 280 2588 narentur.
298 2557 344 2584 sed
361 2561 389 2584 ut
402 2557 515 2584 ederent
529 2558 628 2591 pascha
645 2566 652 2584 ξ
666 2558 710 2584 ubi
723 2557 806 2585 dictio
821 2557 924 2584 Pascha

138 2611 308 2638 nequaquam
324 2610 373 2637 pro
388 2603 491 2638 azymis
510 2603 570 2638 capi
586 2607 688 2638 potest,
705 2608 735 2630 ut
750 2603 859 2638 quidam
874 2612 924 2631 vo-

139 2649 208 2680 lunt,
226 2654 282 2675 tum
298 2650 369 2684 quod
385 2657 518 2684 nusquam
537 2650 600 2677 alibi
614 2651 648 2677 ita
664 2649 786 2684 capiatur
803 2651 829 2678 in
850 2651 924 2678 Scri-

139 2694 238 2729 pturis.
257 2699 312 2721 tum
325 2696 396 2730 quod
410 2696 443 2722 ad
454 2696 558 2723 edenda
573 2704 666 2731 azyma
677 2703 810 2730 nusquam
820 2696 925 2723 dicatur

139 2740 241 2775 requiri
253 2749 261 2773 ;
274 2748 362 2775 neque
373 2741 519 2768 verisimile
532 2742 568 2767 sit
581 2748 642 2768 esse
654 2749 777 2774 necesse,
788 2745 817 2767 ut
831 2741 924 2768 mutuli

139 2786 204 2816 sint.
225 2793 287 2812 cum
305 2793 385 2820 pmna
403 2786 499 2813 mortis
520 2786 664 2818 intentata,
687 2789 792 2820 septem
812 2784 925 2820 integris

139 2831 236 2859 diebus
253 2831 423 2860 naturalibus
439 2831 633 2867 pra‘ciperctur
652 2831 692 2859 eis
710 2835 740 2858 ut
753 2839 846 2867 azyma
859 2831 925 2859 cde-

939 2175 963 2205 D

978 1549 1160 1584 purathudzei
1170 1551 1263 1577 Latine
1276 1551 1399 1578 usitatius
1411 1552 1538 1584 aptidnos
1553 1557 1660 1579 vocant.
1674 1552 1766 1586 Neque

978 1596 1050 1623 enirn
1061 1601 1107 1623 aut
1122 1597 1158 1627 bi.
1175 1602 1222 1623 aut
1235 1597 1284 1631 piae
1294 1597 1343 1624 illae
1353 1597 1479 1624 mulieres
1487 1597 1574 1624 adhuc
1584 1603 1767 1632 cognoverant

979 1650 1087 1670 cessare
1105 1643 1131 1669 in
1148 1643 1248 1669 Christi
1266 1650 1352 1670 morte
1365 1643 1469 1676 lcgalia.
1485 1643 1607 1672 Dcnnun.
1619 1648 1647 1670 ut
1660 1645 1766 1679 epilogo

978 1688 1181 1720 (εωιιυιιιςιτιιιιυε,
1208 1688 1332 1715 Christus
1359 1697 1436 1716 suum
1465 1689 1565 1715 Pascha
1591 1689 1667 1723 juxta
1698 1690 1768 1724 legis

978 1732 1100 1759 Mosaicae
1122 1738 1242 1760 tenorem
1264 1734 1419 1766 celebravit,
1439 1733 1524 1760 Judaei
1549 1740 1638 1761 autem
1654 1735 1697 1761 die
1723 1743 1766 1760 sc-

979 1779 1071 1813 qnenti
1086 1779 1163 1812 juxta
1179 1779 1290 1806 Patrum
1310 1780 1469 1806 traditiones
1484 1788 1490 1812 ;
1508 1779 1608 1814 quippe
1621 1779 1666 1814 qui
1680 1779 1764 1813 legale,

978 1830 1143 1860 praeceptum
1160 1825 1193 1853 de
1209 1826 1319 1853 Pasclur,
1335 1827 1525 1853 observatione
1544 1826 1594 1852 hac
1613 1833 1661 1852 sua
1681 1826 1765 1852 tradi-

979 1871 1052 1897 tione
1065 1877 1255 1905 corruperunt,
1270 1879 1350 1906 quam
1367 1871 1449 1897 refert
1467 1871 1702 1904 historiograpbus
1717 1879 1769 1900 eos

978 1923 1037 1941 rum
1053 1916 1138 1942 Scdar
1153 1917 1245 1942 Olam:
1259 1916 1507 1950 cujustradilionis.
1521 1915 1622 1942 relictis
1635 1923 1764 1949 compen-

977 1961 1012 1988 dii
1027 1962 1108 1995 gratia
1125 1961 1262 1989 Hebraicis
1277 1962 1334 1988 lucc
1347 1966 1411 1988 stitit
1426 1962 1506 1988 verba
1525 1969 1531 1987 :
1549 1960 1593 1988 Sic
1611 1965 1765 1988 statuerunt

978 2009 1098 2041 magistri
1123 2008 1207 2035 nostri
1229 2009 1333 2042 judices
1363 2008 1515 2034 Sanhedrin
1533 2008 1621 2041 magni
1647 2007 1769 2034 nominis

978 2054 1004 2080 iu
1030 2055 1138 2080 sarculo.
1157 2053 1184 2080 In
1211 2054 1292 2080 domo
1315 2053 1463 2081 sanctuarii
1490 2053 1606 2079 secunda
1630 2060 1690 2079 cuin
1716 2060 1764 2078 C\-

977 2103 1078 2126 structa
1097 2103 1169 2126 esset
1189 2104 1215 2126 et
1233 2104 1432 2130 consummata.
1450 2103 1513 2125 tunc
1526 2098 1648 2132 apparuit
1666 2096 1762 2124 solitun

978 2145 1085 2179 igneum
1113 2144 1352 2180 perfectissimum,
1374 2153 1456 2179 super
1477 2144 1548 2179 quod
1568 2144 1680 2171 sedebat
1708 2143 1764 2170 llr;

978 2191 1070 2218 mundi
1087 2191 1211 2218 sublimis
1226 2191 1301 2218 valde
1318 2196 1394 2218 stans
1411 2191 1482 2218 inter
1497 2191 1632 2226 porticum
1652 2200 1658 2217 :
1674 2196 1701 2217 et
1716 2199 1763 2218 ιω-

978 2243 1109 2271 ceperunt
1124 2245 1266 2270 coronam,
1276 2238 1519 2272 appenderuntquc
1533 2236 1649 2271 sigillum
1668 2244 1764 2263 recon»

977 2284 1074 2315 (litum,
1085 2288 1280 2315 ctsanxeruut,
1296 2283 1544 2317 ordinaveruntque
1556 2288 1686 2310 statutum
1703 2291 1763 2317 per-

978 2336 1088 2365 petuum
1107 2339 1114 2357 :
1133 2335 1161 2357 et.
1177 2330 1306 2357 traditum
1327 2334 1368 2356 est
1386 2330 1412 2356 in
1436 2338 1518 2356 manu
1539 2330 1622 2355 Rabbi
1639 2330 1762 2360 liliczcr,

977 2377 1022 2410 qui
1046 2377 1157 2412 reliquis
1177 2377 1304 2403 omnibus
1321 2376 1407 2410 major
1422 2380 1502 2403 erat:
1525 2381 1552 2402 et
1579 2376 1600 2403 is
1630 2376 1764 2402 ordinavit

977 2423 1050 2449 dicm
1081 2422 1195 2449 sortium
1226 2430 1282 2449 non
1312 2421 1450 2450 observari
1485 2422 1623 2452 secundo,
1650 2425 1762 2456 quarto,

977 2469 1093 2503 septimo
1114 2468 1290 2496 hebdomada:
1306 2468 1349 2495 die
1370 2476 1377 2495 :
1397 2476 1485 2502 neque
1503 2468 1606 2495 Pascha
1626 2468 1757 2495 sccinnlo.

977 2519 1073 2548 quarto
1115 2518 1192 2540 sexto
1220 2523 1226 2541 :
1256 2522 1342 2547 neque
1372 2513 1443 2540 diem
1470 2512 1640 2540 Retentionis
1671 2512 1760 2542 ιιτιιυ,

977 2558 1082 2593 quinto,
1100 2558 1214 2593 septimo
1233 2567 1240 2586 :
1257 2566 1345 2593 neque
1357 2557 1520 2592 principium
1539 2557 1602 2583 anni
1625 2557 1759 2586 secundo.

976 2607 1072 2637 quarto
1085 2608 1164 2630 sexto
1178 2612 1183 2629 :
1199 2611 1286 2638 neque
1298 2603 1368 2630 diem
1381 2602 1547 2637 Expiationis
1558 2601 1656 2636 primo,
1671 2600 1763 2631 tertio.

977 2654 1054 2677 sexto
1071 2650 1248 2676 iuzeternum.
1265 2648 1336 2680 Ηιιιρ,
1354 2647 1376 2675 si
1392 2647 1434 2674 cui
1451 2647 1563 2681 placeat.
1579 2646 1658 2672 latius
1671 2645 1765 2673 videre

977 2695 1076 2730 poterit
1092 2694 1118 2721 in
1141 2694 1223 2722 Paulo
1247 2693 1374 2729 Burgcnsi
1402 2700 1484 2726 super
1511 2691 1675 2722 Mattbzeum.
1700 2699 1761 2726 cap.

975 2741 1022 2771 26,
1049 2744 1077 2767 et
1108 2740 1135 2766 in
1167 2739 1235 2767 libro
1262 2747 1341 2774 quem
1372 2737 1455 2765 edidit
1489 2736 1587 2764 Paulus
1616 2736 1761 2764 Midelbur-

977 2785 1067 2819 gensis
1080 2785 1223 2820 cpiscopus
1238 2783 1449 2819 Sempronianus
1460 2783 1493 2811 de
1505 2782 1686 2811 celebratione
1699 2782 1761 2809 l’as-

978 2830 1047 2858 clue.
