1922 3070
149 114 183 148 51
857 117 1068 149 ΡΒιΕπΑΤΙΟ.
1738 118 1781 149 52

180 172 251 201 Nihil
261 180 326 209 ergo
334 180 427 201 eorum
443 175 502 209 quae
511 177 606 201 noster
619 173 704 202 habet
715 178 810 202 auct0r
823 173 870 201 tibi
887 181 935 200 no-
951 176 974 205 Α
987 175 1040 202 niri
1059 175 1198 203 curaveris
1218 175 1359 204 antidotis.
1387 176 1456 211 Lege
1483 175 1574 212 itaque
1592 183 1698 210 secure,
1714 184 1778 211 qua:

148 223 275 246 eumeum
292 227 353 247 esse
368 221 479 255 poterit,
496 221 541 255 pie
559 220 656 253 lector,
677 219 700 247 si
715 219 757 247 bis
774 222 800 247 te
814 219 932 255 prmmu-

987 229 1043 248 non
1062 222 1120 249 sine
1138 222 1255 250 maximo
1270 222 1360 250 fructu
1373 221 1458 258 leges.

873 383 1062 415 EJUSDEM.

184 458 253 487 Loca
279 459 401 496 quadam
425 461 453 487 in
482 460 575 495 quibus
605 464 722 487 nostrum
751 460 1172 530 exemgl'gmaligwtzﬁqiahabel
1199 468 1279 496 quam
1307 469 1338 488 ea
1368 468 1426 496 qua:
1453 460 1529 496 vulgo
1556 461 1782 495 circumferuntur

939 576 976 583 ...-

453 643 495 670 Ea:
504 642 638 671 Matthteo.

185 690 282 719 Matth.
300 689 329 724 2,
346 690 376 718 11
395 690 444 731 (ᾳ).
460 690 494 718 Et
508 690 642 717 intrantes
656 689 767 718 domum
783 681 940 724 (viderunt)

151 746 278 774 puerum.
301 737 387 766 Habet
408 730 482 765 enim
503 734 574 764 εἶδον
595 744 651 764 non
671 730 751 772 εὖρον
764 734 939 763 invenerunt.

153 784 229 813 Facit
245 784 388 812 nobiscum
404 784 542 819 exemplar
555 783 762 818 Complutense.

989 636 1137 669 Nobiscum
1152 639 1256 669 faciunt
1270 644 1298 668 et
1309 639 1449 675 exemplar
1462 639 1656 674 Complutense
1671 643 1699 667 et
1715 639 1779 667 vul-

990 694 1051 727 gata
1077 689 1171 718 editio.
1204 688 1335 716 Similiter
1359 685 1429 715 inira
1456 687 1494 723 (v.
1523 686 1581 721 51.)
1606 687 1634 714 in
1660 685 1784 714 dictione

991 735 1148 767 Bethsaida,
1162 743 1217 763 non
1230 734 1406 762 Bethsaidan.

1026 782 1070 814 12,
1088 781 1116 809 8.
1132 781 1264 810 Dominus
1281 786 1323 809 est
1338 778 1450 808 Sabbati
1470 778 1553 806 Filius
1571 778 1702 806 hominis.
1718 778 1780 805 Non

189 830 216 863 δι
244 830 288 857 “-
319 829 380 865 Ῐρεθ
406 833 498 856 autem
525 827 674 863 bapiilab“
702 834 750 872 3’05
780 826 808 853 Ῐη
837 825 938 862 sitim“
953 831 1065 872 Benim
1094 830 1203 858 additur
1233 829 1281 856 καὶ
1311 833 1349 856 et.
1384 827 1430 855 sic
1455 831 1483 854 et
1506 825 1699 860 Complutense
1731 833 1783 853 ex-

153 881 261 906 sancto.
272 875 331 903 Non
341 876 416 903 addit
428 875 475 902 καὶ
488 874 565 910 πυρί,
575 878 603 902 et
616 872 682 909 igni.
693 871 847 900 Concordat
861 872 941 899 etiam

154 920 357 956 Complutensis
372 919 467 947 editio.

190 966 217 999 6,
233 966 276 995 18.
293 965 332 994 Ne
347 966 464 993 videaris
479 963 637 992 hominibus
652 962 788 999 jejunarc,
806 966 860 989 etc.
877 959 942 987 Post

154 1014 238 1043 Verba
256 1013 301 1041 illa
328 1022 335 1040 :
357 1012 461 1039 Reddet
485 1010 545 1043 tibi.
570 1018 625 1038 non
648 1010 768 1042 additur,
785 1009 815 1035 ὲν
829 1008 867 1035 τῶ
889 1015 943 1042 qm-

156 1060 238 1096 νερῷ,
259 1060 285 1087 in
301 1058 455 1095 propatulo.
474 1057 561 1085 Habet
572 1056 750 1085 conforntiter
763 1060 790 1082 et
804 1054 944 1088 exemplar

155 1105 360 1141 Complutcnse,
384 1109 411 1132 et
431 1103 544 1139 Vulgata
571 1103 665 1130 editio.
688 1103 848 1136 Quanquam
869 1104 896 1126 et
915 1099 943 1125 in

156 1156 251 1179 nostro
265 1155 293 1178 et
308 1150 335 1177 in
350 1148 538 1185 Complutensi
555 1147 703 1183 exemplari
718 1150 796 1174 antea
815 1145 850 1173 sit
866 1144 943 1172 addi—

157 1203 214 1225 tum
229 1205 291 1225 cum
307 1197 341 1224 de
355 1195 528 1231 elcemosyna
544 1194 621 1222 ﬁeret
637 1200 750 1225 sermo.,

192 1243 220 1275 7,
236 1243 280 1270 12.
301 1241 362 1276 (lta)
377 1242 448 1269 enim
465 1244 506 1268 est
533 1240 576 1267 lex
591 1244 618 1267 et
636 1239 786 1274 prophetae.
805 1235 943 1271 Siquidem

157 1290 239 1317 habet
252 1288 348 1320 οὕτως,
368 1288 403 1315 ita
419 1287 462 1315 vel
479 1288 529 1319 sic,
542 1294 597 1314 non
614 1283 703 1318 οὗτος,
722 1285 776 1312 hic.
791 1283 849 1311 Pati
864 1282 945 1309 modo

158 1335 222 1370 legit
235 1334 373 1368 Complut.
387 1332 538 1367 exemplar.

194 1381 222 1412 7,
239 1380 283 1408 14.
304 1379 412 1414 (Quam)
426 1382 540 1413 angusta
561 1381 603 1404 est
629 1380 706 1411 pOrta
728 1379 756 1403 et
781 1374 875 1401 stricta
904 1371 946 1399 via

160 1431 221 1461 Quae
234 1425 309 1453 ducit
329 1425 362 1453 ad
375 1425 468 1452 vitam.
485 1423 571 1450 liabet
583 1424 655 1450 enim
667 1421 705 1453 τὶ,
735 1428 790 1448 ηοη
807 1419 859 1451 ὅτι,
874 1417 945 1452 quod

161 1473 204 1500 Vel
227 1471 366 1508 quoniam.
394 1470 454 1498 Pari
480 1469 560 1497 ntodo
585 1468 679 1503 legunt
702 1471 729 1494 et
755 1465 947 1501 Complutense

160 1518 300 1553 exemplar
315 1522 343 1545 et
353 1517 437 1544 editio
456 1515 574 1550 vulgata.

197 1565 224 1598 8,
242 1565 286 1592 11.
309 1563 385 1591 Multi
406 1563 440 1590 ab
457 1562 563 1589 oriente
583 1565 610 1588 ct
637 1559 780 1588 occidente
797 1557 909 1585 venient
925 1561 952 1584 et

162 1611 326 1641 accumbam
352 1610 390 1646 (in
416 1608 532 1643 sinibus)
552 1607 700 1635 Abraham.
724 1604 811 1632 Habet
833 1603 905 1631 enim
923 1603 952 1629 ὲν

161 1659 218 1690 τοῖς
235 1657 358 1688 κόλποις,
377 1656 404 1684 in
420 1655 538 1686 sinibus,
556 1662 609 1681 non
629 1652 697 1689 μετά
718 1660 790 1679 cum.
805 1650 952 1678 Nobiscum

163 1704 263 1740 legisse
278 1703 316 1739 (Ιι)
331 1702 554 1738 Clirysostomum
568 1699 744 1727 manifestum
758 1702 800 1725 est
814 1704 847 1724 ex
865 1695 953 1723 homi-

162 1752 199 1779 iia
215 1751 300 1787 ipsius
311 1751 356 1781 27.
371 1758 453 1785 super
465 1749 632 1776 Matthatum.

199 1797 227 1830 8,
241 1797 284 1824 15.
294 1796 420 1824 Surrexit
430 1800 455 1823 el
467 1795 637 1823 ministrabat
649 1793 694 1828 (ei)
706 1791 773 1819 Nam
785 1790 867 1818 habet
878 1788 954 1824 αὺτῷ

164 1843 351 1878 singulariter,
368 1850 422 1868 non
444 1841 535 1872 αὐτοῖς
557 1841 607 1868 cis.
622 1840 769 1867 Nobiscum
787 1837 851 1864 facit
874 1835 955 1862 Com-

163 1887 290 1922 plutense
309 1886 457 1920 exemplar,
475 1889 502 1912 et
517 1885 626 1920 Vulgata
645 1883 727 1911 editio
750 1883 776 1909 in
792 1879 952 1916 quibusdam

164 1932 303 1960 veteribus
317 1931 530 1966 exemplaribus.

201 1978 246 2011 10,
263 1979 288 2006 1.
305 1978 450 2005 Accersitis
467 1977 500 2004 12
515 1976 656 2011 discipulis
670 1975 737 2007 suis,
754 1973 829 2001 dedit
842 1972 882 1999 eis
904 1979 952 2007 po»

167 2028 294 2052 testatem
323 2022 487 2059 (adversus)
511 2022 623 2057 spiritus
647 2019 812 2047 immundos.
841 2017 896 2044 Nec
927 2016 954 2043 in

165 2075 260 2099 nostro
284 2078 336 2098 nec
357 2070 384 2097 in
410 2069 596 2104 Complutensi
618 2066 764 2102 exemplari
791 2064 954 2101 exprimitur

167 2117 312 2152 pneposito
329 2116 399 2143 κατὰ
416 2116 556 2144 adversus.
575 2115 609 2142 Et
624 2114 659 2141 ita
675 2121 782 2148 quoque
798 2112 895 2147 legisse
911 2110 947 2136 vi-

168 2165 248 2192 detur
262 2163 308 2198 qui
323 2163 461 2198 vulgarem
476 2161 550 2188 dedit
562 2160 708 2188 editionem
727 2169 733 2186 :
746 2159 782 2186 ait
794 2159 866 2185 enim
880 2166 888 2183 ι
904 2158 956 2184 De-

167 2209 208 2237 dit
223 2210 262 2237 eis
282 2213 445 2244 potestatem
461 2207 606 2241 spirituum
631 2205 848 2236 immundnrum,
867 2202 952 2230 Addi-

169 2255 259 2283 dimus
268 2259 368 2284 tamen,
379 2253 504 2288 exigente
520 2252 546 2278 id
559 2251 707 2278 sententia.

206 2301 250 2334 10,
267 2301 293 2328 5.
304 2299 420 2327 Iacobus
430 2298 534 2333 Alpha‘ei
549 2297 619 2325 ﬁlius
633 2301 660 2324 et
675 2295 810 2331 (Lebazus)
822 2295 890 2321 Nam
904 2295 954 2320 ha-

171 2347 218 2375 bet
234 2347 334 2380 ubique
349 2345 457 2376 λεὸαῖος
474 2343 589 2378 simplici
611 2342 635 2378 β.
650 2342 682 2369 Ει
699 2341 735 2368 ita
752 2348 861 2376 semper
874 2339 957 2367 habet

174 2393 278 2428 vulgata
290 2392 383 2419 editio.

210 2440 252 2471 11,
273 2438 318 2466 16.
345 2437 447 2465 Similis
464 2440 506 2464 est
529 2435 621 2471 pueris
641 2431 800 2463 sedentibus
821 2433 848 2460 in
874 2433 956 2469 (foro)

174 2485 260 2513 Habet
273 2484 347 2512 enim
368 2484 457 2519 ἀγορᾷ
474 2482 656 2518 singulariter,
675 2482 730 2509 non
749 2481 865 2516 ἀγοραῖς
880 2481 956 2508 foris.

209 2585 248 2619 (α)
276 2583 346 2611 Loca

174 2618 265 2646 minus
284 2618 379 2646 deﬁnit

174 2654 300 2681 iudicavi.

211 2690 248 2723 (ὁ)
265 2689 406 2724 Cltrysost.
423 2692 442 2716 t.
461 2687 517 2719 VH,
532 2695 559 2724 p.
575 2687 638 2718 θος),
654 2686 685 2714 C.
701 2687 818 2724 Eiitqil;
832 2687 960 2724 xdlmug.

175 2722 250 2752 idem
267 2722 333 2752 ibid:
354 2732 381 2758 p.
407 2724 459 2751 5l5
487 2723 565 2758 μετά.
588 2724 620 2758 Et
647 2730 675 2757 ρ.
701 2723 762 2758 ζ561,
781 2723 814 2758 D1
827 2724 867 2754 εἰς
895 2722 961 2754 τοὺς

176 2760 304 2791 κόλπους.
320 2757 369 2786 Per
385 2757 589 2792 incogitantiam
613 2757 670 2784 liccc
694 2757 773 2784 ﬁnxit
799 2757 961 2792 Chrysosto-

177 2794 366 2858 initisnex_‘Luc.
388 2794 429 2827 16,
443 2792 490 2826 ‘25,
510 2797 538 2818 r'
555 2801 586 2820 ex
601 2793 689 2828 primo
704 2792 888 2827 Chrysostomi
902 2793 962 2820 loco

177 2838 204 2858 1η
219 2841 232 2858 t.‘
254 2839 289 2858 ιαι
304 2838 346 2858 ur.

177 2834 346 2866 intelligitur.

394 2588 492 2610 uatuor
513 2583 741 2618 evangelistarum
767 2582 802 2610 ab
822 2582 959 2618 Hentenio

409 2622 500 2645 notata
518 2619 544 2645 in
560 2617 638 2645 usum
656 2618 787 2645 lectorem
803 2617 959 2645 accuratius

991 877 1108 912 emplar.

1028 924 1072 957 13,
1092 924 1137 952 32.
1149 923 1236 958 Malus
1249 927 1291 950 est
1305 922 1454 959 (omnibus)
1472 920 1603 953 oleribus,
1619 919 1677 947 sive
1693 919 1783 946 maxi-

992 977 1068 997 mum
1088 969 1159 996 inter
1172 968 1263 995 omnia
1279 967 1364 995 olera.
1380 966 1495 994 Additur
1506 966 1580 993 enim
1601 965 1712 991 πάντων
1724 972 1786 992 om-

993 1017 1081 1044 nium.
1102 1017 1136 1044 Et
1154 1016 1190 1043 ita
1210 1015 1292 1044 habet
1315 1019 1343 1042 et
1358 1014 1471 1049 Vulgata
1490 1013 1576 1041 editio
1595 1017 1623 1040 et
1645 1012 1786 1047 exemplar

994 1062 1203 1097 Complutense.

1031 1108 1075 1138 14,
1089 1107 1133 1135 51.
1147 1106 1337 1143 (Gennezeret)
1348 1114 1457 1142 semper
1467 1106 1586 1133 habetin
1598 1105 1652 1133 ﬁne
1664 1113 1678 1131 τ
1691 1108 1786 1137 tenue,

996 1159 1025 1182 et
1051 1153 1150 1188 duplex
1183 1161 1224 1180 vv.
1249 1152 1405 1180 Chananaea
1432 1160 1497 1180 vero
1522 1152 1611 1187 capite
1639 1149 1787 1186 sequenti.

996 1199 1036 1233 (ν.
1047 1199 1105 1235 '22.)
1119 1204 1146 1227 et
1158 1200 1224 1226 alias
1234 1192 1343 1234 saepius,
1359 1206 1467 1234 semper
1482 1199 1565 1226 habet
1576 1198 1604 1225 in
1621 1197 1699 1224 initio
1711 1205 1726 1230 χ
1738 1203 1787 1222 as-

996 1250 1131 1282 peratum.
1159 1245 1236 1274 Facit
1264 1245 1291 1272 in
1317 1250 1434 1280 utroque
1469 1245 1611 1272 nobiscum
1646 1242 1788 1277 exemplar

996 1291 1201 1326 Complutense.

1033 1338 1075 1369 16,
1089 1338 1135 1365 20.
1151 1336 1227 1364 Tunc
1242 1336 1372 1372 praecepit
1388 1335 1530 1370 discipuns
1550 1343 1618 1367 suis,
1637 1339 1668 1362 ut
1681 1333 1786 1369 nemini

997 1383 1130 1415 dicerent,
1144 1382 1215 1417 quod
1229 1382 1288 1416 ipse
1299 1385 1373 1409 esset
1387 1380 1523 1409 Christus.
1537 1378 1596 1407 Non
1611 1378 1721 1406 additur
1736 1385 1787 1405 no-

998 1437 1060 1456 men
1084 1428 1196 1464 Ὶησοῦς.
1214 1427 1247 1454 Ει
1261 1427 1298 1455 ita
1320 1427 1405 1463 liquet
1421 1425 1566 1462 Origenem
1586 1424 1621 1461 (c)
1644 1425 1743 1460 legisse
1757 1424 1786 1452 in

1000 1474 1059 1502 suis
1074 1474 1205 1502 homiliis.

961 1515 983 1544 (Σ
1039 1520 1080 1553 18,
1097 1520 1123 1546 8.
1136 1519 1273 1548 Abscinde
1286 1517 1351 1553 (ea).
1364 1517 1451 1545 Habet
1465 1516 1537 1545 enim
1551 1516 1622 1544 αὐτὰ
1636 1515 1788 1551 pluraliter,

1003 1575 1058 1594 non
1081 1566 1162 1593 αὐτὸν
1179 1564 1362 1600 singulariter.
1377 1563 1531 1591 Concordat
1546 1562 1628 1590 etiam
1649 1561 1789 1596 exemplar

1003 1612 1140 1648 Complut.

1039 1659 1089 1691 18,
1106 1658 1149 1686 t9.
1167 1657 1286 1685 Rursum
1302 1655 1416 1693 (amen)
1430 1655 1491 1683 dico
1505 1653 1600 1686 vobis,
1612 1652 1685 1688 quod
1699 1652 1722 1680 si
1735 1651 1789 1679 duo

1003 1714 1035 1733 ex
1050 1706 1138 1737 vobis,
1155 1709 1210 1732 etc.
1222 1703 1290 1731 Nam
1305 1703 1413 1731 additur
1426 1701 1501 1737 ἀμὴν
1514 1700 1597 1728 etiam
1611 1699 1639 1727 in
1650 1698 1789 1734 Complut.

1004 1751 1165 1786 exemplari.

1041 1797 1085 1828 18,
1107 1797 1152 1824 29.
1175 1795 1325 1822 Procidens
1345 1801 1410 1829 ergo
1432 1792 1550 1828 (servus)
1568 1792 1602 1819 ad
1617 1790 1700 1826 pedes
1720 1790 1789 1825 ejus.

1006 1843 1093 1871 liabet
1104 1843 1176 1870 enim
1189 1842 1227 1877 (ά)
1240 1841 1344 1873 δοῦλος,
1357 1848 1411 1868 non
1427 1838 1571 1870 σύνδουλος
1584 1837 1667 1865 αὑτοῦ
1678 1843 1791 1864 conser-

1008 1898 1059 1918 vus
1074 1890 1144 1924 ejus,
1160 1895 1316 1923 quanquam
1334 1894 1398 1914 vere
1415 1892 1565 1913 conservus
1578 1887 1645 1911 erat.
1663 1882 1695 1910 Et
1710 1881 1790 1912 inira.

1005 1933 1102 1961 eodem
1122 1940 1202 1960 versu
1213 1952 1221 1964 ,
1242 1931 1276 1958 Et
1290 1931 1392 1959 solvam
1412 1930 1461 1958 tibi
1482 1938 1488 1957 :
1505 1937 1560 1956 non
1576 1928 1685 1956 additur
1702 1926 1792 1953 πάντα.

1006 1979 1107 2007 omnia.
1126 1978 1160 2005 Et
1177 1978 1203 2005 in
1226 1978 1279 2004 hoc
1302 1977 1455 2012 posteriOre
1477 1975 1628 2004 concordat
1649 1973 1791 2001 nobisnum

1006 2024 1144 2060 exemplar
1159 2023 1298 2058 Complut.

1041 2070 1088 2102 2i,
1109 2070 1134 2096 1.
1146 2069 1178 2096 Ει
1192 2068 1315 2096 similiter
1328 2067 1454 2099 Luc.19,
1471 2065 1516 2093 29.
1532 2064 1712 2098 Bctbsphage.
1728 2062 1792 2089 scri-

1008 2116 1082 2143 bitur
1097 2115 1131 2150 (e)
1147 2115 1309 2149 interposito
1324 2123 1349 2140 σ.
1364 2112 1517 2141 Concordat
1532 2110 1632 2145 ubique
1644 2106 1789 2142 exemplar.

1008 2162 1143 2196 Complut.

1043 2207 1088 2238 21,
1107 2207 1132 2234 7.
1157 2207 1190 2234 Et
1203 2207 1285 2243 (sedit
1298 2214 1379 2242 super
1396 2205 1439 2240 ea)
1466 2202 1593 2232 videliCet
1618 2199 1790 2228 vestimenta.

1010 2253 1097 2281 Habet
1121 2253 1193 2281 enim
1221 2252 1393 2289 singulariter
1421 2250 1548 2278 ἐκάθισεν
1578 2247 1659 2279 sedit,
1685 2249 1712 2272 et
1743 2244 1788 2271 αὺ-

1010 2301 1063 2328 τῶν
1087 2301 1238 2336 pluraliter.
1268 2300 1367 2327 Eodem
1389 2297 1470 2325 modo
1491 2293 1631 2329 exemplar
1656 2290 1790 2325 Complut.

1010 2347 1098 2383 quoad
1108 2355 1229 2379 sensum,
1238 2347 1300 2374 licet
1316 2345 1426 2372 verbum
1447 2342 1545 2369 habeat
1557 2337 1735 2374 compositum
1747 2336 1781 2361 ἐπ

1011 2393 1139 2420 εκὰθισεν
1155 2392 1198 2429 (f),
1212 2399 1265 2419 non
1280 2395 1369 2418 autem
1384 2393 1411 2416 ut
1427 2387 1478 2414 alia
1489 2384 1654 2419 exemplaria
1668 2380 1793 2408 ἐπεκάθι-

1013 2449 1062 2466 σιν
1077 2440 1169 2466 ἐπάνω
1187 2438 1224 2473 (9)
1244 2437 1329 2472 αὐτῆς
1344 2435 1514 2463 collocarunt
1528 2438 1611 2466 super
1624 2430 1716 2462 illam,
1731 2432 1795 2463 puta

1012 2493 1114 2513 astnam
1121 2505 1126 2511 .

1049 2584 1083 2617 (ι)
1098 2583 1177 2610 Tom.
1194 2582 1236 2612 Ill.
1255 2589 1282 2616 p.
1297 2580 1362 2617 7552.
1375 2579 1408 2606 Α.
1578 2614 1598 2617 _
1632 2613 1638 2617 _
1696 2609 1713 2617 __

1051 2610 1087 2652 ἰέί)
1102 2610 1246 2648 Σύνδοωωξ
1257 2610 1471 2652 liabet‘uterque
1484 2621 1561 2642 meus
1578 2610 1725 2652 Euthymii:

1050 2646 1085 2688 (οἱ
1100 2653 1201 2680 Scribis
1219 2646 1321 2679 scilicet
1339 2646 1440 2677 Graeéis
1456 2652 1549 2676 notum
1565 2651 1623 2676 erat
1638 2646 1743 2682 ἑφαγὴ.

1050 2689 1083 2722 (Ῑ)
1093 2688 1255 2714 ἐπεκάθισεν
1267 2690 1386 2722 uterque?
1395 2691 1482 2712 mens.

1051 2718 1088 2758 lli)
1110 2724 1200 2757 Αὐτῆς
1225 2718 1541 2758 Erasmusjmportavit
1559 2723 1657 2758 contra
1679 2718 1795 2758 codices.

1015 2753 1139 2786 Secunda
1159 2753 1250 2786 tamen
1265 2757 1326 2792 ejus
1342 2753 1428 2784 editio
1442 2759 1517 2782 recte
1534 2753 1617 2781 habet
1636 2753 1796 2780 ἐπεκάθισεν

1016 2795 1107 2821 ἐπάνω
1117 2793 1215 2820 αὐτῶν.

1031 2802 1107 2820 πανω
1117 2802 1215 2820 αυτων.
