1922 3070
149 124 188 163 '55
514 167 517 169 Α
860 131 948 162 me.

1005 131 1068 163 [‘lO.
1743 132 1776 164 56

154 187 347 223 (Iomplutense
359 191 387 215 et
403 186 514 223 Vulgata
529 187 625 219 editio,
653 187 727 222 quod
742 188 825 215 etiam
852 187 940 223 magis
955 189 976 216 Α
992 192 1034 216 cst
1054 187 1122 215 nihil
1136 188 1227 216 habet.
1248 187 1304 215 Nec
1333 187 1436 215 librarii
1453 187 1485 223 (ι)
1513 187 1618 215 incuria
1646 186 1773 215 omissum

155 234 269 269 quadrat
285 242 347 260 cum
366 233 582 268 prmccden-tibus
593 237 620 260 et
631 233 818 268 sequentibus.

190 279 216 310 6,
232 279 277 306 57.
293 279 401 314 Egressi
412 276 556 313 (ememits)
567 279 693 307 ducentis
706 279 827 307 denariis
842 287 936 314 panes.

157 323 296 359 Siquidetn
320 324 495 359 ἀγοράσομεν
527 324 609 352 habet
633 325 770 352 indicandi
795 325 885 355 modo,
913 329 941 352 et

157 379 213 398 non.
220 370 401 406 ἀγοράσωμεν
413 378 542 403 emeritus,
554 378 601 405 per
616 371 832 405 subiunctivum.

190 416 217 448 6,
231 418 275 443 JH.
289 417 373 444 Erant
387 421 477 444 autem
491 417 539 452 qui
553 417 784 444 manducaverant
798 417 881 453 (ipsos
895 426 941 452 pa-

156 463 215 499 rtes)
234 464 349 491 Additur
372 465 445 492 enim
467 463 531 495 τοὺς
560 464 671 499 ἄρτους,
700 464 779 492 Facit
797 465 939 493 nobiscum

156 511 294 545 exemplar
310 510 515 545 Complutensc.

192 556 218 588 7,
227 556 271 584 E6.
285 555 350 583 Erat
361 560 450 583 autem
466 556 563 584 mulier
573 555 664 584 Graeca
675 556 752 592 (Syra
761 556 940 590 Phoenicissa)

156 610 255 638 genere
271 611 279 633 ς
301 610 355 629 non
372 602 464 630 Grazca
481 601 690 637 Syrophmnissa
705 610 754 637 per
765 603 941 637 compositio-

155 657 230 676 nem.
261 648 323 676 Pari
351 648 431 676 modo
467 648 532 683 legit
559 653 587 676 et
623 648 815 683 Complutcnse
847 655 942 676 exem-

156 695 225 730 plar.

194 741 221 773 9,
242 740 269 767 6.
287 739 345 768 Non
375 740 448 768 enim
477 740 579 768 sciebat
596 740 673 776 (quid
705 740 827 768 dicturus
846 739 941 774 esset).

156 787 245 814 Habet
267 787 339 814 enim
374 787 498 821 λαλήσει,
535 794 584 821 per
619 786 807 819 indicativum,
835 790 862 813 et
887 793 943 812 non

157 833 272 868 λαλήσῃ,
287 840 337 868 per
352 832 568 867 subjunctivum.
596 832 673 860 Facit
688 832 831 859 nobiscum
861 832 944 858 Com-

158 878 226 913 plut.
241 878 344 910 editio;
363 885 415 905 nec
430 877 552 905 eamdem
570 881 611 905 est
628 877 775 912 utrobique
795 878 943 909 sententia,

157 929 188 952 ut
219 929 293 959 patet
323 932 355 951 ex
383 923 467 958 hujus
495 923 560 951 dicti
592 923 817 959 interpretatione
847 923 944 951 Matth.

157 979 222 1004 xvtt,
239 972 266 999 4.

193 1015 237 1047 10,
256 1015 301 1042 45.
318 1014 372 1041 Sed
387 1016 544 1049 quicunque
554 1014 673 1042 voluerit
697 1014 754 1042 ﬁeri
768 1022 884 1050 magnus
903 1014 946 1041 in-

160 1066 200 1088 ter
219 1068 276 1088 vos.
301 1061 360 1088 Non
378 1061 450 1088 enim
471 1061 578 1088 additur
593 1061 670 1096 ὑμῶν
699 1066 761 1096 post
789 1063 945 1097 quicunque.

158 1105 273 1134 Faciunt
302 1107 443 1134 nobiscum
460 1107 598 1142 exemplar
615 1107 751 1142 Complut.
768 1112 795 1135 et
811 1107 873 1135 ναι.
890 1108 946 1135 edi-

159 1151 208 1179 tio.
225 1152 251 1178 Id
262 1156 353 1178 autem
374 1160 429 1178 non
451 1157 555 1179 rectum
570 1156 621 1185 est,
636 1152 708 1187 quod
721 1160 810 1187 neque
841 1153 868 1179 in
892 1152 946 1179 Iine

159 1197 294 1224 dictorum
307 1198 450 1224 verborum
469 1198 551 1225 habet
561 1198 675 1234 Vulgata
691 1198 792 1226 editio:
807 1198 944 1229 Intervos,

159 1248 217 1275 aut,
235 1243 264 1270 In
280 1243 366 1271 vobis.

199 1290 246 1321 Η,
263 1290 307 1317 52,
330 1290 364 1316 At
382 1289 525 1324 (dicamus)
539 1290 580 1316 Ab
597 1289 753 1316 hominibus
771 1299 777 1316 :
799 1294 828 1317 ut
848 1290 948 1316 subau-

161 1335 259 1368 diatur,
275 1343 336 1362 non.
354 1334 448 1369 Neque
469 1335 542 1362 enim
558 1335 666 1362 additur
690 1336 738 1362 ἐάν
754 1337 787 1366 εἰ,
815 1340 845 1362 ιιι
863 1336 948 1370 possit

161 1381 211 1416 legi
229 1390 237 1408 :
259 1382 293 1407 At
305 1381 327 1407 si
337 1381 497 1407 dixerimus.
515 1380 609 1415 Neque
621 1381 689 1407 adeo
701 1380 842 1407 commode
858 1385 949 1415 potest

162 1427 250 1463 aptari
263 1426 451 1462 sequentibus.
467 1426 542 1454 Facit
553 1426 697 1454 nobiscum
715 1428 853 1462 exemplar
867 1427 948 1454 Com-

163 1474 232 1508 plut.

992 236 1128 268 arbitror;
1143 234 1242 269 alioqui
1257 235 1367 261 cftassct
1385 233 1476 267 utique
1505 234 1532 261 in
1550 234 1661 261 scholiis
1678 234 1722 261 ubi
1751 235 1775 259 id

992 280 1131 315 Scriptura
1151 280 1233 312 dicat,
1250 278 1478 314 quemadmodum
1495 278 1522 305 in
1537 278 1672 305 similibus
1686 277 1777 305 facere

992 327 1070 355 solet.
1083 326 1180 354 Nescio
1193 334 1228 353 an
1245 333 1260 352 a
1279 325 1403 352 studioso
1418 325 1545 360 quopiam
1562 324 1723 359 prophetam
1737 324 1778 351 ci-

993 377 1066 399 tante
1082 371 1106 399 id
1122 372 1239 407 primttm
1252 370 1367 406 margini
1381 370 1418 398 sit
1436 369 1571 401 additum,
1597 370 1696 397 deinde
1707 374 1776 396 ten:-

992 426 1058 454 pore
1071 418 1247 453 procedente,
1262 416 1358 444 litterae
1375 416 1411 443 sit
1425 415 1582 443 admistum.
1599 431 1603 435 -

1029 463 1071 490 I5.
1087 463 1131 490 29.
1146 461 1226 498 (Vah)
1242 462 1289 496 qui
1303 461 1421 488 destruis
1438 460 1569 495 templum
1599 459 1658 487 Dei.
1687 458 1778 486 Habet

992 517 1109 544 namque
1139 509 1199 542 οὐά,
1233 516 1286 535 non
1319 507 1393 539 οὐαί,
1416 515 1464 534 me.
1491 506 1607 533 Faciunt
1634 505 1776 533 nobiscum

993 554 1186 588 Contplutense
1205 552 1352 587 exemplar,
1371 551 1539 586 Vulgataque
1559 551 1656 578 editio.

1029 597 1073 629 16,
1092 597 1135 624 II.
1165 596 1238 624 Loco
1251 596 1322 631 ejus,
1338 596 1409 630 quod
1428 596 1454 622 in
1469 595 1529 622 aliis
1552 594 1656 622 Latinis
1680 594 1781 622 editio-

994 645 1074 672 nibus
1085 651 1116 671 ex
1134 642 1234 670 Grzecis
1252 643 1371 670 dicitur:
1393 643 1426 670 Et
1440 642 1478 669 illi
1493 641 1586 669 audito
1610 641 1681 676 quod
1695 641 1777 668 vive—

993 695 1036 718 ret
1046 695 1087 718 est
1100 690 1175 717 visus
1189 693 1262 717 esset
1277 689 1310 716 ab
1334 697 1377 721 ea,
1404 696 1459 715 non
1488 687 1685 715 crediderunt:
1711 687 1780 714 nihil

996 738 1076 765 habet
1090 736 1125 772 (υ)
1143 741 1267 764 nostrum
1281 736 1429 771 exemplar.
1457 734 1511 761 Nec
1543 734 1654 767 mirum,
1682 733 1705 761 si
1729 733 1782 760 hoc

994 784 1128 819 quispiam
1148 783 1289 816 addiderit,
1306 791 1368 810 cum
1388 788 1473 810 totum
1492 782 1545 809 boc
1571 781 1605 809 de
1629 780 1782 807 Resurrec-

995 830 1070 857 tione
1087 834 1169 865 caput
1187 829 1357 863 adjectitium
1382 837 1443 857 esse
1471 829 1595 864 plerique
1625 827 1782 855 Graecorum

996 878 1131 907 asseram,
1148 879 1177 901 ut
1196 874 1278 901 habet
1291 879 1386 901 noster
1415 879 1527 902 auctor:
1555 874 1681 907 idemque
1711 872 1783 899 inter

996 920 1107 948 Latinos
1118 919 1197 947 divus
1211 919 1389 955 Hieronymus
1402 919 1428 946 in
1440 918 1567 953 Epistolis
1581 917 1664 945 refert
1676 916 1782 952 pleros-

996 975 1048 1003 que
1078 966 1180 994 dicere.
1201 965 1234 993 Et
1248 971 1380 1000 prteterea
1399 965 1521 993 secundo
1548 964 1680 992 adversus
1705 962 1785 990 Pela-

997 1013 1090 1048 gianos
1103 1012 1155 1039 hoc
1169 1010 1208 1038 ait
1219 1010 1252 1038 de
1264 1011 1427 1046 exprobrata
1438 1010 1627 1039 incredulitate
1640 1008 1784 1043 cordisque

997 1058 1105 1086 duritie.

1324 1104 1366 1131 Ea:
1381 1103 1468 1130 Luca.

1032 1161 1067 1192 2,
1096 1159 1146 1186 55.
1173 1159 1206 1186 Et
1229 1162 1307 1186 erant
1334 1156 1435 1191 Joseplt
1471 1160 1498 1183 et
1523 1159 1608 1182 mater
1641 1153 1700 1188 ejus
1734 1152 1785 1179 ad-

998 1206 1140 1238 mirantes,
1165 1209 1217 1231 etc.
1255 1203 1314 1230 Non
1350 1203 1434 1230 habet
1463 1202 1537 1228 enim
1561 1202 1575 1228 ὁ
1607 1201 1711 1235 πατήρ,
1735 1199 1783 1226 sed

999 1253 1012 1278 ὁ
1032 1251 1142 1285 Ἰωσήφ.
1174 1250 1252 1277 Facit
1282 1249 1425 1277 nobiscum
1464 1247 1599 1282 Complut.
1637 1245 1784 1280 exemplar,

1000 1299 1054 1325 ituo
1066 1302 1092 1325 et
1108 1297 1220 1333 Vulgata
1240 1297 1335 1326 editio,
1353 1296 1447 1323 saltem
1465 1294 1492 1320 in
1508 1293 1647 1320 veteribus
1669 1291 1786 1327 quibus-

999 1344 1060 1370 dam
1072 1333 1283 1378 exetnplaribtts.
1298 1339 1522 1371 Similiterinl‘ra,
1538 1346 1608 1365 vers.
1623 1339 1655 1364 43
1668 1346 1674 1364 :
1689 1338 1719 1363 Et
1731 1344 1785 1363 non

1000 1390 1128 1425 cognovit
1149 1388 1286 1424 Joseph.el
1314 1392 1400 1414 mater
1423 1386 1492 1419 ejus,
1517 1384 1684 1412 assentiente
1706 1383 1786 1411 etiam

1001 1437 1045 1464 hic
1055 1436 1241 1471 Complutensi
1255 1433 1399 1468 exetnplari
1419 1441 1480 1460 cum
1504 1432 1548 1458 alii
1567 1431 1699 1458 habeant:
1733 1429 1787 1455 Καὶ
1816 1442 1819 1444 -

1000 1484 1049 1510 οὐκ
1067 1483 1188 1517 ἔγνωσαν
1204 1483 1228 1508 οἱ
1247 1483 1335 1516 γονεῖς
1347 1479 1439 1511 αὐτοῦ,
1458 1479 1490 1506 Et
1516 1486 1570 1505 non
1603 1479 1789 1512 cognoverunt

199 1520 243 1552 I2,
258 1519 304 1547 29.
320 1519 388 1547 Audi
407 1519 488 1566 Israel
507 1520 638 1566 Dominus
652 1519 724 1547 Deus
751 1519 864 1566 (vester)
896 1520 948 1546 Do-
961 1527 983 1556 (ι
1001 1534 1130 1566 parentes
1147 1529 1213 1564 ejus.

162 1566 253 1593 minus
271 1574 342 1593 unus
364 1570 416 1593 est.
434 1565 575 1600 Siquidem
594 1574 648 1592 non
666 1556 837 1600 habetmu'viv
850 1570 947 1597 noster,

163 1612 211 1640 sed
228 1612 304 1647 ὑμῶν
316 1616 409 1639 vester.
426 1612 459 1639 Et
489 1611 560 1638 inl‘ra
590 1619 661 1638 vers.
694 1612 738 1643 50,
769 1620 824 1639 non
853 1612 948 1643 habet,

163 1658 210 1685 καὶ
228 1658 257 1691 ἐξ
272 1657 338 1693 ὅλης
360 1659 410 1692 τῆς
425 1657 518 1692 ἰσχύος
533 1666 590 1684 σου·
610 1657 643 1685 Et
655 1666 686 1684 ex
705 1662 759 1684 tota
776 1658 877 1684 virtute
891 1662 947 1689 tua,

164 1704 238 1739 quod
257 1709 348 1731 tamen
363 1703 467 1731 librarii
485 1703 519 1739 (ν)
536 1703 602 1731 vitio
617 1703 718 1731 factum
737 1703 866 1735 arbitror,
879 1708 909 1730 ut
922 1703 949 1730 in

164 1751 212 1778 illo
227 1750 286 1777 loco
298 1750 497 1777 adnotavimus.
518 1750 584 1776 Item
601 1749 681 1776 infra.
701 1757 726 1776 ν.
743 1750 787 1776 3|.
804 1749 835 1776 Et
851 1757 950 1776 secum

163 1797 228 1824 dum
257 1797 344 1823 simile
377 1801 418 1823 est
448 1796 528 1832 (illi).
559 1795 625 1822 Nam
656 1795 738 1822 habet
772 1797 866 1830 αὐτῇ,
894 1803 950 1822 non

166 1842 236 1878 αὕτη
249 1843 310 1876 hoc;
328 1847 358 1870 ut
374 1843 427 1877 legi
446 1842 552 1877 possit:
570 1842 604 1869 Ει
616 1842 769 1869 secundum
785 1842 875 1869 simile
898 1842 951 1868 hoc

167 1894 220 1917 est.
241 1888 388 1916 Nobiscum
410 1888 508 1923 legisse
524 1888 642 1920 videtur,
662 1888 708 1922 qui
723 1888 862 1923 Vulgatam
878 1888 952 1914 dedit

166 1935 328 1963 editionem.

203 1979 247 2012 I2,
261 1979 306 2006 56.
322 1978 382 2012 Ipse
394 1978 466 2005 enim
485 1976 569 2005 David
585 1976 654 2004 dixit
670 1983 718 2011 per
740 1975 870 2011 Spiritum
887 1984 951 2002 san-

167 2030 242 2054 ctum
256 2033 263 2052 :
283 2025 374 2061 (Dicit)
391 2024 522 2051 Dominus
540 2023 656 2051 Domino
669 2030 741 2054 meo,
758 2031 813 2049 non
830 2022 863 2059 (δ)
875 2021 952 2049 εἶπεν

167 2073 246 2100 dicit.
261 2071 294 2099 Et
311 2071 338 2098 in
355 2071 468 2099 scholiis
482 2070 548 2098 facit
561 2070 642 2097 etiam
657 2069 738 2105 hujus
767 2070 931 2096 mentionem
945 2078 951 2095 :

167 2123 195 2147 et
208 2119 245 2146 ita
270 2118 352 2145 habet
369 2117 510 2151 exemplar
524 2116 673 2150 Complut.‘

204 2165 248 2196 Η,
269 2163 313 2190 52.
334 2162 433 2189 Sedete
449 2162 493 2188 hic
508 2161 571 2188 dum
589 2161 680 2187 orabo.
697 2160 756 2188 Non
773 2161 846 2188 enim
869 2161 952 2188 habet

168 2208 294 2236 ἀπελθὼν
307 2209 449 2242 digressus,
464 2211 528 2233 ante
547 2206 643 2234 Orabo.
659 2206 833 2233 Concordant
858 2207 953 2233 nobis-

168 2263 232 2284 eum
258 2259 286 2282 et
316 2254 510 2288 Complu—tense
540 2253 679 2288 exemplar
700 2257 727 2280 et
756 2253 871 2287 Vulgata
897 2253 954 2281 edi—

170 2302 218 2329 tio.
954 2322 955 2325 η

206 2348 250 2378 I5,
264 2347 312 2374 28.
324 2347 397 2374 Loco
409 2346 478 2381 ejus,
493 2346 565 2380 quod
586 2345 630 2372 alii
645 2346 757 2380 legunt:
780 2346 814 2372 Et
844 2346 954 2380 impleta

169 2399 212 2423 est
227 2393 368 2430 Scriptura
384 2401 444 2428 qua:
460 2392 525 2420 dicit
539 2402 545 2419 :
561 2392 594 2419 Et
611 2399 672 2419 cum
692 2392 792 2426 iniquis
815 2398 955 2427 reputatus

208 2486 243 2521 (r)
276 2484 360 2511 Recte
392 2481 513 2508 monuit.
543 2479 639 2508 Servat
666 2480 738 2507 enim
767 2480 818 2508 ista
840 2485 955 2516 uterque

170 2528 385 2590 mﬁrjsNimirum
401 2560 449 2587 pro
469 2550 589 2579 secundo
607 2550 689 2587 hujus
700 2559 797 2579 verstts
811 2550 887 2578 εἶπεν
905 2551 954 2579 ha-

170 2591 335 2687 “(figet
354 2623 382 2650 in
395 2628 508 2657 utroque
519 2631 594 2664 ‘meo.
616 2623 656 2650 Ad
680 2622 774 2650 Matth.
796 2630 880 2663 xxvtr,
909 2621 953 2664 ὅθ,

170 2660 214 2687 tau
236 2666 263 2686 at
273 2659 382 2687 uutdcm
400 2658 560 2687 Eutltvmtus
589 2659 657 2687 haec.
681 2658 727 2684 sed
758 2665 789 2685 ex
818 2659 897 2685 Isaia.
918 2657 953 2683 Ito

169 2657 263 2688 laudat
273 2659 382 2694 quidem
400 2658 657 2694 Euthymiusihaec,
681 2658 727 2684 sed
758 2665 789 2685 ex
818 2658 897 2694 Isaia.
917 2657 955 2694 ξξο

171 2701 263 2722 tamen
280 2691 305 2721 in
319 2691 541 2728 interpretatione
554 2693 635 2720 Marci
650 2695 764 2720 lectores
776 2693 900 2728 remittit.
917 2691 955 2718 EI

169 2729 348 2758 Leetionariis
365 2726 434 2756 hanc.
456 2729 659 2763 corruptionem
689 2733 774 2754 ortam
797 2735 856 2754 esse
873 2726 955 2754 docui

170 2773 232 2800 qua:
250 2765 306 2792 hmc
322 2764 348 2791 in
364 2764 446 2800 altera
464 2764 579 2792 lectione
607 2763 748 2796 omittunt,
772 2771 834 2790 cum
865 2767 955 2789 tamen

169 2799 199 2830 it)
224 2800 308 2827 altera
330 2799 460 2826 habeant.

207 2835 243 2872 (υ)
260 2834 338 2862 IIunc
349 2834 485 2862 defectum
505 2834 577 2869 apud
601 2833 686 2862 solum
712 2832 881 2867 Euthymium
898 2832 956 2858 atti-

1035 1576 1064 1607 5,
1076 1576 1121 1602 55.
1139 1575 1170 1602 Ει
1183 1575 1240 1609 ipse
1249 1573 1330 1600 ‘Jesus
1346 1576 1405 1599 erat
1429 1571 1514 1598 ferme
1529 1577 1662 1597 annorum
1678 1567 1788 1604 triginta

1001 1621 1142 1653 incedens,
1161 1620 1220 1647 Non
1237 1609 1382 1653 incipiens.
1416 1618 1502 1644 liabet
1534 1623 1652 1649 namque
1679 1614 1790 1650 ἐρχόμε-

1001 1677 1046 1699 νος
1063 1667 1099 1704 (αῖ)
1117 1675 1170 1694 non
1187 1666 1351 1701 ἀρχόμενος,
1368 1664 1440 1700 quod
1455 1663 1537 1690 etiatn
1551 1660 1726 1689 manifestum
1749 1665 1791 1687 est

1001 1722 1034 1742 ex
1048 1713 1165 1741 auctoris
1180 1711 1298 1739 scholiis.

1038 1760 1105 1787 Ibid.
1121 1759 1235 1792 Quifnit
1260 1758 1310 1784 Eli.
1338 1756 1495 1785 Notandum
1523 1756 1549 1782 in
1576 1759 1669 1782 nostro
1692 1760 1788 1779 exem-

1002 1807 1072 1843 plari
1094 1805 1165 1840 ἠλεί,
1192 1805 1280 1832 lenem
1303 1804 1405 1831 habere
1429 1802 1567 1838 spiritum.
1599 1800 1732 1826 Przeterca
1761 1803 1790 1825 et

1003 1853 1093 1888 ὴλίκς,
1104 1852 1321 1886 quotiescunque
1341 1849 1411 1884 apttd
1433 1848 1614 1883 evangelistas
1628 1845 1734 1880 legitur.
1747 1843 1791 1869 lil-

1003 1906 1055 1934 que
1071 1897 1236 1925 conformius
1251 1901 1293 1923 est
1310 1896 1409 1931 linguae
1435 1893 1573 1921 Ilebraicsc
1591 1893 1618 1918 in
1639 1899 1691 1925 qua
1719 1888 1790 1915 Elias

1004 1946 1037 1973 ab
1050 1945 1135 1980 Alcph
1151 1944 1240 1971 littera
1258 1943 1342 1970 sumit
1357 1941 1499 1969 exordium
1514 1948 1521 1971 ;
1544 1939 1596 1966 hoc
1614 1941 1704 1964 autem
1726 1935 1787 1962 elc<

1004 1995 1137 2022 mentum.
1168 1994 1197 2016 ut
1224 1988 1406 2016 communiter
1427 1987 1537 2016 dicitur,
1563 1985 1668 2012 nullam
1697 1988 1790 2009 secum

1005 2037 1088 2064 trahit
1100 2035 1305 2070 aspirationem.
1333 2033 1493 2066 Quanquam
1517 2034 1546 2057 ut
1573 2037 1668 2057 verum
1693 2027 1789 2054 fatear.

1004 2090 1093 2117 neque
1109 2081 1191 2112 Elias,
1206 2081 1253 2108 sed
1269 2080 1375 2106 Eliiahu
1387 2077 1560 2105 scribendum
1578 2079 1661 2106 esset,
1681 2073 1703 2099 si
1716 2076 1790 2099 recte

1005 2129 1134 2156 IIebraaos
1161 2127 1276 2154 velimus
1299 2124 1419 2152 imitari:
1440 2124 1513 2149 sicut
1529 2119 1717 2149 clJesahiahu
1745 2120 1792 2143 aut

1005 2174 1143 2202 lesaeiahu
1161 2181 1213 2200 non
1230 2171 1323 2199 Esaias
1337 2175 1383 2197 aut
1395 2169 1506 2196 Ilesaias
1518 2168 1574 2195 sive
1592 2167 1685 2194 Isaias.

1042 2221 1069 2252 5,
1083 2220 1126 2247 2L
1140 2219 1191 2252 Qui
1206 2218 1256 2245 fuit
1273 2216 1414 2252 (llatthan)
1428 2223 1481 2242 non
1497 2214 1607 2243 Malhat,
1624 2217 1652 2239 ut
1671 2220 1703 2239 ex
1715 2219 1791 2238 com-

1007 2266 1138 2293 munibus
1151 2265 1265 2292 habetur
1277 2262 1376 2290 Grtecis
1387 2261 1598 2295 exemplaribus.
1614 2259 1643 2286 In
1655 2259 1792 2293 plerisque

1006 2311 1087 2338 etiam
1120 2309 1201 2343 hujus
1232 2307 1395 2342 genealogize
1429 2305 1597 2332 nominibus.
1611 2307 1638 2330 et
1665 2303 1790 2329 similiter

1005 2357 1074 2390 ejus,
1091 2363 1171 2390 quant
1189 2353 1321 2381 describit
1337 2352 1489 2383 “attinens,
1507 2350 1624 2376 variatur
1647 2347 1717 2382 apud
1738 2355 1790 2373 au-

1006 2409 1109 2431 ctorem
1133 2407 1254 2429 nostrum
1276 2398 1468 2434 orthographia
1490 2405 1505 2423 a
1526 2395 1640 2422 lectione
1668 2400 1792 2420 commu-

1007 2491 1152 2519 madverti.
1167 2490 1259 2524 Neque
1283 2488 1416 2524 Birchius,
1433 2485 1596 2524 novissimus
1610 2481 1794 2524 editorhbunc

1006 2518 1142 2554 defectum
1156 2533 1188 2552 ex
1201 2518 1293 2552 codice
1306 2522 1417 2550 notavit.
1435 2523 1509 2548 Alter
1522 2519 1614 2549 etiam.
1628 2518 1668 2544 vir
1679 2518 1794 2554 diligen-

1007 2552 1138 2592 tissimus,
1159 2561 1262 2586 nullutn
1277 2559 1319 2585 hic
1335 2566 1368 2584 ex
1383 2557 1460 2583 codd.
1481 2552 1794 2593 Vindobonensibusde-

1007 2585 1235 2623 reatiiifﬁotatn.
1252 2593 1307 2619 lmo
1324 2597 1418 2619 contra
1443 2599 1475 2618 ex
1500 2590 1579 2618 codd.
1592 2587 1722 2616 indicavit
1732 2585 1793 2621 ἡπί-

1007 2622 1109 2666 imm
1126 2638 1189 2666 pro_
1203 2630 1311 2666 _vitiosa_
1326 2627 1405 2654 unius
1429 2627 1531 2654 codicis
1547 2626 1661 2666 lectione
1678 2622 1782 2666 "hﬁiqrq

1006 2658 1067 2693 καπῖ.
1083 2658 1190 2699 Aliquid
1203 2663 1312 2691 humani
1323 2670 1419 2698 passus
1443 2668 1483 2690 est
1497 2665 1542 2689 aut
1552 2661 1609 2695 ipse
1624 2658 1796 2693 Euthymius,

1006 2706 1052 2728 aut
1070 2701 1166 2728 scribae
1180 2700 1252 2733 ejus.

1043 2736 1080 2771 (π)
1099 2736 1161 2771 llocr
1176 2727 1332 2771 estAvitium
1346 2731 1531 2771 ‘manil‘cstum
1556 2729 1675 2771 scribch
1693 2727 1796 2771 Neuter

1006 2763 1130 2798 meorum
1155 2770 1193 2797 ita
1222 2769 1313 2796 habet.
1346 2766 1539 2801 Interpretatio
1573 2765 1645 2792 illius
1668 2763 1720 2790 loci
1741 2765 1797 2802 ‘est

1006 2807 1086 2833 etiam
1104 2814 1153 2841 pro
1165 2805 1328 2840 ἀρχόμενος.
1343 2802 1410 2830 Nam
1428 2803 1543 2837 ἑρκομαι
1560 2808 1614 2828 ιιοη
1625 2802 1796 2827 construitur

1006 2849 1068 2868 cum
1086 2841 1215 2876 genitivo.
