1922 3070
81 183 115 214 57
796 182 1006 212 PILIZFA'I‘IO.
1683 182 1716 214 53

80 241 160 268 nium
177 238 545 274 Grtecorumexemplarium,
561 238 717 273 frequenter
730 245 837 273 quoque
846 242 873 265 et
890 241 909 266 Λ
928 241 977 267 l'uit
995 240 1100 273 Melchi,
1116 239 1160 275 qui
1179 239 1229 267 fuit
1253 239 1389 274 Addi,qui
1414 238 1463 266 fuit
1479 239 1643 274 Cosam.qu
1666 240 1717 266 fuit

82 295 97 315 a
114 287 249 314 Germana
275 286 448 314 Hebraeorum
464 286 589 313 lectione.
617 285 790 320 Quapropter
817 293 874 320 prt-

84 342 159 360 mum
174 337 233 360 erat
248 333 355 360 animus
376 333 472 359 horum
493 331 714 367 orthographiam
731 331 873 358 nominum

81 380 115 407 ad
133 387 226 407 verum
250 379 424 407 Hchrteorum
451 379 552 406 fontem
579 379 710 406 reducere
729 387 735 405 :
753 383 873 413 postmo-

82 426 147 453 dum
159 434 224 453 vero
239 434 296 452 rem
309 425 420 460 propius
435 425 609 460 inspectanti,
623 429 650 452 et
664 425 736 460 quod
749 425 805 451 haec
818 433 872 452 non

82 473 116 499 ab
133 472 267 505 Hebraeis,
278 473 324 500 sed
342 481 356 499 a
373 472 475 500 Graecis
493 472 661 500 traducerem
680 472 870 507 perpendenti,

83 519 169 547 satius
185 520 273 546 visum
285 524 326 546 est
341 527 396 546 non
411 519 480 546 adeo
493 519 576 546 multa
592 519 619 546 in
630 519 721 546 littera
732 518 871 554 Evangelii

83 566 240 597 immutare,
256 574 290 593 ne
310 566 373 600 quid
390 565 525 592 interdum
542 564 659 592 haereret
671 566 767 596 lector,
782 565 871 591 incer—

83 616 127 639 tus
143 612 178 640 de
194 620 248 647 quo
263 612 340 639 ﬁeret
355 620 455 639 sermo.
467 612 522 639 Nec
538 617 626 639 tamen
645 611 804 638 Ilebraieam
823 611 871 637 ho-

82 667 144 686 rum
171 659 314 685 nominum
335 658 554 693 orthographiam
580 657 687 693 penitus
714 657 870 691 relinquere

82 705 167 735 volui.
181 712 215 731 ne
243 704 308 738 quid
328 712 342 731 a
359 711 401 731 me
420 704 561 731 studiosus
587 703 674 730 Ieetor
692 702 869 735 desideraret,

82 749 128 775 sed
145 749 171 775 in
189 749 260 776 hunc
276 748 364 776 locum
377 749 477 783 redegi.
493 748 615 775 Breviter
627 748 717 783 itaque
729 749 870 782 utriusque

82 793 260 829 Evangelislaa
277 794 459 829 generationis
474 794 571 821 seriem
590 799 660 821 recta
678 794 870 829 orthographia

82 845 212 866 retexam.
231 839 322 870 Liber,
337 840 424 874 inquit
439 840 590 871 .Ilatthzeus,
605 840 787 874 generationis
804 840 870 867 Jcsu

81 885 194 919 Christi,
214 886 260 913 filii
277 885 372 919 David,
391 886 437 913 [illi
454 886 588 913 Abraham
605 894 613 912 :
632 886 765 913 Abraham
777 886 871 921 genuit

81 929 179 960 lishac,
196 930 283 957 lishac
308 935 398 956 autem
414 930 507 965 genuit
533 929 642 961 .Iaacob,
655 929 754 956 Jaacob
780 935 871 957 autem

81 977 173 1012 genuit
183 976 315 1004 Jehudam
334 981 360 1004 et
372 976 467 1003 fratres
476 976 544 1010 ejus,
556 976 675 1003 Jehudas
684 981 773 1003 autem
783 977 876 1011 genuit

81 1021 187 1049 Pharez
204 1027 231 1049 et
248 1022 335 1049 Zarah
351 1022 385 1049 de
400 1021 530 1052 Thamar.
546 1022 648 1048 Pharez
669 1027 760 1049 autem
778 1023 874 1056 genuit

82 1067 198 1100 Ilesron,
211 1067 315 1095 Hesron
341 1073 430 1095 autem
458 1069 549 1103 genuit
566 1068 755 1101 Amminadab,
770 1067 874 1096 Ammi-

83 1115 171 1142 nadab
181 1120 272 1142 autem
284 1115 374 1150 genuit
383 1115 520 1144 Nahason,
534 1115 657 1142 Nahason
670 1120 761 1142 autem
782 1116 874 1149 genuit

83 1160 204 1192 Saltnon,
220 1160 327 1187 Salmon
344 1165 434 1187 autem
446 1161 538 1196 genuit
551 1161 618 1187 Boaz
634 1160 667 1188 de
685 1161 788 1190 Rahab.
804 1161 873 1188 Boaz

83 1213 175 1234 autem
203 1207 294 1242 genuit
309 1205 383 1234 Obed
411 1215 442 1233 ex
462 1206 544 1237 Ruth,
569 1206 643 1233 Obed
672 1210 762 1233 autent
781 1207 874 1241 genuit

83 1253 156 1286 lisai,
173 1253 234 1280 [isai
252 1259 342 1280 autem
358 1253 450 1288 genuit
468 1253 550 1280 David
565 1260 666 1287 regem,
683 1253 766 1279 David
780 1257 871 1279 atttem

82 1308 128 1327 rex
149 1300 242 1335 genuit
258 1299 430 1326 Solomouem
447 1307 478 1326 ex
492 1307 522 1326 ca
543 1307 602 1333 quae
626 1299 676 1326 fuit
698 1299 778 1330 UFItB,
793 1298 871 1326 Solo-

83 1354 146 1373 mon
171 1350 261 1372 aulem
279 1346 371 1380 genuit
393 1344 575 1376 Rechabeam,
590 1345 760 1372 Rechabeam
781 1349 870 1372 autem

82 1392 176 1427 genuit
193 1392 288 1418 Abiam
309 1412 316 1423 ,
332 1392 424 1417 Abiam
445 1397 534 1418 autem
551 1391 643 1426 genuit
667 1390 808 1425 ιῐοςξψῐιτιι,
822 1391 870 1418 Jo-

82 1439 179 1473 saphat
189 1438 380 1473 auteuigeuuit
391 1437 528 1468 Jvhoram,
540 1438 665 1465 Jehnram
678 1443 767 1464 autem
778 1438 871 1473 genuit

81 1483 184 1515 Osiam.
207 1482 284 1510 Osias
298 1488 388 1519 autem
413 1483 506 1518 genuit
519 1482 637 1513 Jotham.
654 1483 761 1510 Jotham
780 1489 869 1510 autent

82 1531 175 1565 genuit
187 1529 289 1562 Achaz,
304 1530 393 1557 Achaz
407 1534 497 1556 autem
516 1530 608 1564 genuit
620 1529 761 1562 Ilizkiahu,
777 1529 868 1556 Hizki-

927 286 1080 319 Elmodam,
1094 286 1138 320 qui
1156 286 1206 313 fuit
1223 285 1269 317 Er,
1287 286 1332 320 qui
1353 285 1404 312 fuit
1416 285 1489 315 Jose,
1507 285 1553 320 qui
1575 285 1625 311 fuit
1643 285 1715 311 Ειξιε-

926 340 981 363 zer,
997 333 1041 366 qui
1059 333 1109 359 fuit
1122 331 1226 364 Joram,
1241 333 1287 367 qui
1299 331 1350 359 fuit
1366 331 1495 360 Matatha.
1508 332 1552 366 qui
1573 331 1623 358 fuit
1636 331 1713 360 Levi.

924 377 969 412 qui
988 377 1037 404 fuit
1052 377 1412 412 Simeon,quifiuitJehuda,
1428 378 1472 411 qui
1484 376 1535 403 fuit
1548 376 1714 411 .Ioseph.qui

925 424 974 451 fuit
987 424 1116 459 Jona,qui
1131 423 1184 451 fuit
1204 424 1329 456 Eliaeim,
1343 424 1388 459 qui
1402 423 1455 450 fuit
1479 422 1587 452 Mileha.
1601 423 1646 457 qui
1665 422 1716 449 fuit

925 469 1045 500 Mainan.
1061 470 1106 504 qui
1124 470 1174 496 fuit
1192 470 1320 499 Matatha,
1333 468 1379 504 qui
1396 468 1447 495 fuit
1463 467 1581 499 Nathan,
1596 468 1642 502 qui
1660 466 1713 494 fuit

924 515 1019 546 David,
1033 515 1078 549 qui
1096 515 1147 542 fuit
1161 515 1234 547 Iisai,
1251 515 1297 549 qui
1315 515 1366 542 fuit
1389 513 1474 545 Obed,
1486 513 1531 548 qui
1553 513 1604 540 fuit
1629 513 1713 545 Boaz,

924 562 968 596 qui
984 561 1164 593 fuitSalmon.
1178 562 1222 597 qui
1235 561 1285 588 fuit
1298 561 1434 591 Nahason,
1449 560 1494 594 qui
1509 559 1561 587 fuit
1572 560 1712 586 Ammina-

924 609 984 639 dab,
1000 608 1044 643 qui
1063 608 1112 634 fuit
1128 608 1238 637 Haratn.
1252 608 1298 642 qui
1315 607 1366 634 fuit
1381 607 1498 636 Hesron,
1510 606 1555 640 qui
1575 605 1625 633 fuit
1642 605 1714 633 Pha-

924 661 979 682 rez.
997 654 1042 688 qui
1055 654 1104 681 fuit
1117 653 1241 683 Jehudaz.
1252 653 1298 688 qui
1312 653 1363 680 fuit
1376 651 1471 680 Iacob.
1485 651 1531 686 qui
1546 651 1597 678 fuit
1612 651 1712 683 lishac,

923 700 967 735 qui
981 700 1029 727 fuit
1043 700 1186 731 Abraham,
1197 700 1242 734 qui
1256 699 1306 726 fuit
1316 698 1434 728 Nachor,
1444 698 1487 733 qui
1504 698 1554 724 l'uit
1565 697 1711 731 Serug,qui

923 745 974 773 fuit
989 746 1073 781 Ragu,
1089 747 1133 780 qui
1161 745 1211 772 fuit
1234 745 1345 779 Phaleg,
1359 745 1404 779 qui
1419 744 1469 771 fuit
1481 744 1583 776 Ileber,
1597 744 1643 778 qui
1661 744 1714 770 fuit

923 793 1044 827 Sala,qui
1057 793 1107 820 fuit
1117 792 1230 820 Cainan.
1241 792 1285 827 qui
1300 791 1349 818 fuit
1359 791 1512 826 Arphaxad,
1523 790 1567 825 qui
1581 789 1712 818 l'uitSem.

923 839 968 875 qui
991 839 1040 866 fuit
1056 839 1142 871 Noah,
1155 838 1199 873 qui
1216 839 1265 865 fuit
1280 837 1409 869 Lamech,
1424 837 1469 872 qui
1488 837 1538 864 fuit
1552 836 1710 865 Mathusale,

923 886 967 921 qui
989 886 1039 912 fuit
1053 885 1158 916 Euoch,
1173 885 1218 920 qui
1239 884 1289 911 fuit
1308 883 1450 918 lared.qni
1476 883 1526 910 fuit
1544 882 1710 912 Mahalaleel,

925 934 970 968 qui
988 932 1037 960 fuit
1053 932 1165 964 Cainan,
1178 932 1222 966 qui
1250 931 1300 958 fuit
1326 931 1409 962 Eoos,
1423 932 1469 965 qui
1498 930 1549 957 fuit
1572 929 1650 963 Seth,
1665 929 1717 964 qui-

925 979 970 1014 qui
991 978 1040 1005 fuit
1057 978 1200 1012 Adam,qui
1216 977 1263 1003 fuit
1279 976 1336 1003 Dei.

961 1024 987 1058 5,
1002 1023 1045 1052 I9.
1062 1023 1182 1058 Cumque
1199 1031 1252 1050 non
1269 1022 1448 1053 lnvenissent,
1463 1029 1516 1055 qua
1534 1020 1609 1047 illum
1626 1020 1717 1047 inter:

929 1074 1001 1098 rent.
1032 1069 1092 1096 Non
1119 1069 1282 1104 exprimitur
1305 1067 1462 1103 praepositio
1487 1067 1531 1093 διὰ
1561 1074 1620 1101 per.
1637 1066 1717 1094 erit‘

924 1118 1067 1145 nobiseum
1082 1116 1216 1151 Complut.
1231 1115 1325 1142 editio.

959 1162 985 1194 5,
1000 1162 1045 1189 27.
1063 1161 1135 1188 Vidit
1164 1161 1340 1196 publicanum
1368 1159 1479 1186 nomine
1497 1158 1603 1194 (Lex-in)
1624 1157 1716 1184 Habet

924 1208 996 1235 enim
1013 1208 1095 1234 λευίν.
1110 1208 1142 1234 Et
1158 1207 1249 1234 statim
1273 1206 1342 1233 infra
1357 1214 1383 1232 γ.
1399 1205 1434 1232 29
1449 1214 1456 1232 :
1473 1205 1506 1232 Et
1526 1204 1589 1231 fecit
1605 1203 1629 1230 ei
1645 1210 1716 1229 con—

924 1254 1025 1282 virium
1046 1260 1173 1288 magnum
1193 1252 1294 1287 (Levis)
1317 1252 1404 1284 λευίς,
1417 1259 1470 1278 nou
1488 1258 1537 1284 per
1562 1249 1712 1283 diphthon-

922 1308 985 1336 gum
1004 1300 1030 1327 in
1045 1299 1187 1334 posteriori
1204 1298 1336 1333 sillaba(y)
1358 1297 1447 1324 λευείν
1461 1301 1488 1324 et
1511 1297 1609 1326 λευεῐς.
1637 1295 1714 1322 Facit

922 1347 1065 1374 nobiscum
1093 1346 1174 1372 etiam
1203 1345 1341 1379 exemplar
1367 1343 1571 1378 Complutcuse.
1593 1343 1712 1369 Possunt

922 1400 1012 1421 autem
1029 1393 1054 1420 hi
1073 1401 1152 1420 casus
1170 1393 1196 1419 in
1219 1391 1343 1418 Latinam
1361 1398 1467 1426 quoque
1481 1391 1600 1425 linguam
1620 1393 1710 1415 trans-

922 1439 1042 1470 formari,
1059 1439 1286 1473 quemadmmlum
1318 1446 1332 1464 τι
1370 1437 1527 1464 nominibus
1557 1434 1709 1470 Empltasis,

922 1486 1051 1516 Protasis.
1069 1486 1184 1519 Epitasis
1199 1493 1230 1511 ac
1247 1484 1392 1511 similibus.

957 1534 982 1565 5,
998 1533 1041 1559 50.
1053 1532 1084 1559 Et
1094 1532 1296 1558 murmurabant
1307 1530 1403 1557 scriba:
1416 1529 1470 1564 (qui
1484 1529 1555 1556 inter
1565 1535 1612 1555 eos
1621 1526 1711 1561 erant)

82 1574 135 1601 ahu
148 1578 238 1600 autem
254 1574 348 1608 genuit
360 1573 514 1605 Manassen,
528 1573 663 1600 Manasses
675 1578 764 1601 autem
778 1575 870 1609 genuit

928 1579 1039 1606 Additur
1055 1585 1173 1612 namque
1190 1577 1293 1604 αὐτῶν.
1313 1576 1357 1603 Sic
1374 1581 1400 1603 et
1416 1576 1558 1610 exemplar
1580 1573 1710 1608 Complu.

83 1620 181 1651 Amen,
196 1619 283 1645 Anton
297 1623 387 1645 autem
404 1619 498 1654 genuit
513 1619 635 1651 .Iosiahu,
649 1618 761 1646 .Iosiahu
777 1624 868 1646 autem

82 1665 176 1699 genuit
189 1664 342 1697 .Iekoniam,
357 1669 384 1691 et
403 1664 501 1691 fratres
517 1665 575 1699 ejus
587 1665 612 1691 in
633 1665 870 1698 transmigratione

82 1711 256 1747 Babylonica.
270 1710 302 1738 Et
317 1715 378 1745 post
395 1711 661 1745 trausmigrationem
679 1711 868 1746 Babylonicam

81 1757 229 1784 Jechouias
259 1757 353 1791 genuit
380 1757 626 1787 Sealtiel,Sealtiel
652 1761 742 1784 autem
776 1757 870 1792 genuit

81 1803 442 1835 Zorubbabel,Zurobbabel
482 1808 571 1830 autem
614 1803 708 1838 genuit
749 1803 868 1835 Abihud,

81 1850 190 1877 Abihud
204 1854 293 1876 autem
307 1850 400 1883 genuit
413 1849 534 1879 Eliakim.
551 1849 663 1876 Eliakim
676 1854 765 1876 autem
777 1849 870 1885 genuit

80 1897 162 1928 Δίον,
177 1895 246 1922 ΔιοΓ
255 1901 345 1922 autem
358 1894 450 1930 genuit
461 1894 559 1928 Zadoc,
575 1894 664 1922 Zadoc
674 1899 763 1922 autem
776 1895 870 1930 genuit

82 1941 299 1972 Aebim,Achim
331 1946 422 1968 autem
449 1942 544 1977 genuit
569 1942 752 1974 Eliud,Eliud
779 1947 870 1969 autem

81 1990 177 2025 genuit
188 1988 307 2017 Eleazar.
318 1988 428 2015 Eleazar
435 1992 523 2015 autem
531 1989 624 2024 genuit
634 1987 752 2021 Mathan,
762 1987 870 2014 Malhan

80 2039 174 2062 autem
189 2034 282 2069 genuit
304 2034 413 2067 Jaacob,
428 2034 527 2061 .Iaacoh
544 2038 635 2061 autem
657 2035 750 2069 genuit
768 2033 870 2073 Joseph

83 2081 171 2107 virum
194 2079 282 2106 Mariae
302 2080 336 2106 de
352 2087 403 2114 qua
421 2083 502 2106 natus
521 2084 563 2107 est
584 2079 664 2107 Jesus
691 2079 737 2114 qui
758 2085 871 2107 vocatur

81 2125 222 2153 Christus.
261 2125 350 2152 Lucas
388 2133 474 2153 vero:
494 2126 566 2161 Ipse,
582 2126 680 2160 inquit,
697 2125 778 2152 Iesus
812 2129 870 2152 erat

81 2173 170 2200 ferme
199 2179 332 2198 annorum
363 2171 474 2206 triginta
501 2171 643 2203 incedens,
663 2175 693 2198 ut
724 2171 870 2206 putabatur

81 2220 155 2246 ﬁlius
174 2218 276 2252 Joscph
292 2217 338 2252 qui
353 2218 404 2245 fuit
419 2218 469 2250 Eli,
484 2217 530 2252 qui
548 2217 598 2244 fuit
613 2217 732 2250 Mathan,
751 2218 796 2252 qui
820 2218 870 2245 fuit

81 2265 159 2295 Levi,
170 2264 216 2298 qui
228 2263 278 2290 fuit
290 2263 398 2294 Melchi,
412 2263 458 2297 qui
471 2263 521 2290 fuit
531 2261 629 2294 Janna,
641 2263 686 2298 qui
697 2263 748 2290 fuit
760 2262 870 2297 Ioseph,

81 2311 128 2346 qui
149 2310 202 2337 fuit
217 2309 378 2340 Matatheize,
395 2309 441 2342 qui
456 2307 506 2335 fuit
523 2308 614 2341 Amos,
629 2309 675 2343 qui
699 2307 750 2335 fuit
772 2308 871 2340 Naum,

81 2357 127 2392 qui
145 2355 197 2383 fuit
222 2354 294 2386 Ezel,
311 2354 356 2389 qui
376 2354 426 2382 fuit
453 2354 562 2389 Naggze,
575 2354 620 2389 qui
639 2354 690 2381 fuit
714 2353 812 2385 Mahat,
826 2354 870 2388 qui

82 2403 134 2430 tuit
152 2401 314 2432 Matatheim,
326 2400 373 2435 qui
390 2400 440 2427 luit
457 2400 558 2433 Semei,
577 2401 622 2435 qui
637 2400 687 2427 fuit
701 2399 813 2434 Ioseph,
825 2399 871 2434 qui

83 2448 135 2475 fuit
151 2447 280 2478 Jehuda,,
294 2447 338 2482 qui
360 2446 410 2473 fuit
424 2446 580 2477 Johannan.
594 2446 640 2481 qui
661 2446 712 2473 fuit
729 2446 809 2477 IIesa,
825 2446 871 2480 qui

83 2495 136 2522 fuit
149 2493 330 2526 Zorobbabel,
342 2493 389 2528 qui
404 2492 454 2520 fuit
467 2492 587 2525 Scaltiel,
600 2494 645 2528 qui
659 2493 708 2520 fuit
728 2492 804 2524 Neri,
826 2493 872 2528 qui

121 2603 160 2638 (ῃ)
177 2603 306 2630 Erasmus
326 2602 350 2629 εί
366 2602 452 2638 edidit
468 2621 476 2634 ,
488 2607 519 2629 ut
533 2609 614 2636 supra
631 2601 735 2635 ῥαϐϐεί.

119 2637 155 2670 (ἐ)
170 2639 310 2672 (lhrysost.
325 2643 345 2665 t.
367 2637 424 2668 VII.
442 2646 467 2672 p.
484 2638 544 2669 I92,
559 2637 591 2663 A.
604 2637 781 2664 vehementer
795 2641 873 2671 urget

85 2673 114 2700 τδ
130 2671 242 2703 uinci.
264 2671 294 2698 '0
318 2673 347 2699 δὲ
365 2671 483 2704 Λουκᾶς,
501 2673 574 2699 enim
597 2672 694 2707 inquit,
713 2673 759 2698 καὶ
777 2673 869 2707 ὲπιξιτε-

87 2709 211 2743 ταμένως
225 2708 271 2734 καὶ
291 2708 361 2742 μετὰ
375 2708 498 2738 πλείονος
508 2707 589 2734 αὑτὸν
604 2706 779 2741 πείραμυθίας
790 2706 872 2734 τοῦτα.

87 2743 143 2769 rlor
151 2744 228 2769 κέναι
246 2743 338 2769 φησίν.
355 2743 392 2769 Οὐ
409 2743 462 2769 γὰο
477 2743 507 2769 δὴ
526 2743 605 2769 μόνον
628 2743 690 2769 τοὺς
713 2743 806 2769 κακῶς
827 2742 871 2769 διὰ

87 2751 228 2777 Γιργλκεναι
246 2751 338 2778 φησιν.
355 2751 392 2769 Uu
409 2751 462 2777 γαρ
477 2751 507 2776 οη
526 2751 605 2776 μονον
628 2751 690 2773 τους
713 2751 806 2774 κακως
827 2751 871 2769 οισι

87 2778 132 2804 tim
147 2778 213 2805 Θεὸν
229 2778 378 2808 ἀκούοντας
398 2777 545 2812 μακαρίζει
555 2786 561 2792 ·
576 2777 644 2804 ἀλλὰ
660 2777 706 2803 καὶ
721 2777 783 2808 τοὺς
798 2778 873 2811 παρὰ

88 2812 207 2839 πάντων
222 2813 313 2844 καλῶς
330 2812 481 2844 ἀκούοντας
493 2813 710 2844 ταλανίζειὊὺαὶ
722 2812 775 2846 γὰρ
790 2813 870 2847 ὑμῖν,

89 2847 180 2880 φησὶν,
196 2848 261 2874 ὅταν
276 2848 366 2879 καλῶς
382 2848 453 2881 ὑμᾶς
472 2848 569 2874 εἴπωσι
598 2847 709 2880 πάντες
725 2848 750 2873 οι
763 2847 870 2881 ἄνθρω-

91 2888 144 2909 ποι.
160 2883 258 2911 Καίτοι
276 2884 324 2910 καὶ
335 2883 397 2915 τοὺς
408 2882 573 2915 ἀποστόλους
588 2883 677 2916 καλῶς
692 2883 799 2917 ἔλεγον·
814 2883 871 2911 ἀλλ’

922 1628 1011 1651 tense.

956 1668 1036 1701 6,18.
1044 1668 1077 1695 Et
1086 1667 1130 1703 qui
1144 1667 1313 1695 vexabantur
1322 1674 1335 1693 a
1346 1666 1487 1701 spiritibus
1495 1666 1652 1697 immundis,
1663 1673 1711 1692 cu-

920 1716 1059 1743 rabantur.
1073 1715 1131 1742 Non
1147 1715 1220 1742 enim
1245 1715 1343 1747 repetit
1367 1713 1592 1747 conjunctionem
1615 1712 1661 1738 xui
1675 1717 1709 1739 et.

921 1767 983 1789 aute
1009 1762 1121 1788 verbum
1149 1762 1321 1788 curabuntur.
1339 1759 1413 1789 Facit
1435 1761 1575 1788 nobiscum
1599 1758 1710 1793 Vulgata

922 1809 1017 1835 editio.

956 1854 983 1887 6,
998 1855 1042 1881 ‘20.
1057 1854 1088 1882 Et
1112 1854 1169 1890 ipse
1184 1854 1297 1881 elevatis
1323 1854 1409 1882 oculis
1430 1853 1488 1880 suis
1511 1853 1537 1879 in
1563 1852 1711 1885 discipulos

923 1900 1091 1934 (suos).Nam
1108 1901 1239 1935 repetitur
1252 1900 1333 1926 αὐτοῦ
1347 1908 1417 1927 suos.
1433 1899 1547 1926 Faciunt
1565 1898 1709 1924 nobiscum

922 1950 950 1972 et
967 1946 1168 1981 Complutensis
1181 1951 1209 1972 et
1223 1946 1335 1980 Vulgata
1351 1945 1437 1972 editio
1456 1954 1463 1972 :
1480 1951 1634 1979 quanquam
1652 1943 1711 1970 hrec

923 1992 957 2019 ad
977 1992 1122 2019 dictionem
1138 1991 1236 2020 Oculis,
1249 1999 1302 2017 non
1317 1991 1440 2026 adjungit
1458 1990 1628 2024 reciprocum
1643 1989 1709 2018 suis.

923 2037 1006 2072 idque
1024 2038 1105 2065 male.

957 2082 1042 2114 6,25.
1066 2083 1139 2110 Ecce
1161 2083 1234 2110 enim
1264 2089 1367 2109 merces
1386 2086 1474 2108 vestra
1507 2080 1591 2107 multa
1613 2083 1655 2106 est
1683 2078 1710 2105 in

922 2126 1013 2164 (caelo)
1027 2136 1082 2155 non
1106 2129 1135 2154 ἐν
1148 2129 1204 2159 τοῖς
1217 2128 1246 2153 οὐ
1253 2128 1353 2161 ρανοῖς,
1365 2127 1392 2152 in
1409 2125 1479 2152 mli;
1495 2125 1644 2160 pluraliter.
1659 2123 1711 2150 Fa-

924 2173 961 2201 cit
977 2173 1121 2200 nobiscum
1141 2172 1335 2206 Complutcuse
1350 2170 1498 2205 exemplar.

961 2218 1041 2251 6,26.
1058 2219 1102 2246 Vae
1118 2226 1180 2245 cum
1205 2217 1379 2245 laudaverint
1410 2224 1457 2244 vos
1489 2215 1624 2242 homines.
1651 2214 1711 2241 Non

925 2265 997 2292 enim
1013 2265 1121 2292 additur
1139 2265 1202 2298 ὑμῖν
1215 2263 1360 2298 vobis,post
1373 2262 1591 2297 interiectionem
1614 2268 1664 2286 υιυ.
1678 2259 1712 2286 Et

925 2311 952 2338 in
973 2311 1024 2338 hoc
1039 2311 1104 2338 facit
1118 2311 1260 2337 nobiscum
1289 2314 1387 2344 praeter
1410 2308 1550 2342 exemplar
1573 2306 1712 2340 Complut.

924 2356 1007 2383 etiam
1029 2356 1142 2391 Vulgata
1162 2355 1256 2382 editio.
1272 2355 1299 2381 In
1318 2362 1350 2381 eo
1366 2358 1455 2380 autem
1472 2352 1543 2387 quod
1561 2359 1616 2378 non
1638 2351 1714 2378 addit

924 2407 1019 2430 auctor
1037 2407 1129 2429 noster
1148 2402 1247 2432 πάντες
1257 2401 1399 2436 (damnes,
1416 2403 1479 2426 ante
1506 2398 1634 2428 Itomines,
1650 2396 1714 2423 facit

924 2450 1068 2478 nobiscum
1086 2448 1223 2482 Complut.
1236 2447 1330 2477 editio,
1350 2450 1376 2473 et
1396 2445 1494 2472 melius
1518 2443 1713 2478 corrcspondet

925 2495 1068 2524 contraria:
1079 2494 1255 2522 beatitudini.

924 2605 954 2632 οὺ
970 2603 1083 2637 πάντες
1094 2611 1100 2620 ’
1117 2602 1160 2630 διὰ
1177 2602 1256 2630 τοῦτο
1271 2603 1321 2630 οὐκ
1343 2600 1430 2634 εἶπεν,
1445 2603 1509 2628 ὅταν
1533 2601 1622 2637 καλῶς
1640 2600 1711 2634 ὑμᾶς

924 2641 1038 2667 εἴπωσιν
1056 2640 1079 2665 ot
1096 2639 1243 2673 ἄνθρωποι,
1268 2638 1324 2664 ἀλλ’
1342 2639 1405 2664 ὅταν
1426 2638 1546 2673 πάντες.
1574 2636 1640 2673 υῆδὲ
1658 2637 1712 2673 γὰρ

923 2675 1035 2702 δυνατὸν
1049 2675 1111 2706 τοὺς
1125 2670 1152 2699 ὲκ)
1163 2674 1246 2707 ἀρετῇ
1263 2673 1366 2703 ζῶντας
1379 2673 1452 2708 παρὰ
1467 2672 1589 2708 ςάνζων
1603 2670 1712 2708 exodio;

924 2710 1026 2740 καλῶς·
1040 2709 1072 2736 Et
1085 2705 1107 2736 t.
1128 2705 1195 2741 VIII,
1215 2705 1277 2739 485,
1298 2709 1329 2735 Λ.
1347 2705 1515 2740 Οὐαὶίύμῖν,
1534 2706 1597 2731 ὅταν
1622 2705 1711 2736 καλῶς

925 2745 1022 2771 εἴπωσι
1051 2745 1152 2775 πάντες
1187 2744 1211 2769 oi
1239 2743 1388 2777 ἄνθρωπθι.
1419 2742 1471 2768 Sed
1501 2741 1712 2777 Chrysustmur's

925 2780 1008 2806 multa
1031 2779 1186 2806 homiletice
1210 2774 1299 2814 magis
1322 2785 1401 2812 quam
1414 2777 1521 2814 _eritice
1546 2774 1710 2814 dicit.'l‘_;J_F-_I

923 2815 1024 2845 omitti,
1039 2815 1150 2845 πάντες.
1164 2814 1192 2841 in
1209 2811 1281 2841 textu
1298 2811 1391 2840 servat
1413 2812 1610 2847 Theophylaet,
1621 2811 1713 2845 p.31“

924 2851 956 2876 A.
972 2849 1024 2876 Sed
1047 2849 1128 2883 hujus
1152 2849 1336 2883 interpretatio
1358 2848 1404 2874 vix
1419 2847 1540 2883 rvidctur
1558 2847 1713 2883 ﬁnduntlerc

925 2885 1034 2916 πάντες.
1048 2881 1114 2913 Vide
1125 2881 1386 2919 ibit.C[‘I’pt’§mpt—:v,
1397 2882 1517 2918 ἀδελφώ,
1531 2882 1588 2914 πῶς
1603 2881 1632 2908 τὸ
1646 2881 1710 2907 οὐαὶ
