1922 3070
198 158 235 192 59

234 215 308 248 6.57.
323 214 376 251 (Et)
387 214 473 242 nolite
497 212 632 249 judicare.
648 211 790 247 Siquidem
819 211 988 246 praeponitur
1003 209 1027 238 Α

200 261 247 290 και
263 266 298 294 at,
313 261 341 288 in
359 259 507 295 exemplari
522 266 633 294 quoque
648 257 848 292 Complutcnsi.

234 308 262 342 6,
278 307 323 336 40.
339 307 481 335 Perfectus
496 310 587 333 autem
606 305 659 332 erit
675 304 747 332 sicut
762 303 893 339 magister
913 310 989 331 suus.

199 362 256 382 non
271 355 344 382 enim
361 354 441 381 habet
455 349 509 384 ἐτᾶς
525 352 564 387 (a)
577 352 672 383 omnis,
682 356 746 378 ante
761 351 820 376 erit.

237 402 264 432 7.
278 401 304 427 7.
321 399 393 427 Loco
408 407 503 427 eorum
519 406 579 433 quae
592 397 662 432 apud
677 397 745 424 alios
763 396 898 424 habentur
917 394 992 430 (pro-

201 452 264 483 pter
275 447 347 483 quod
366 451 393 474 et
408 453 452 473 me
467 445 557 480 ipsum
571 452 626 471 non
642 451 701 471 sum
716 442 827 477 dignum
844 441 992 468 arbitratus

201 497 234 520 ut
249 491 371 519 venirem
385 490 418 517 ad
444 489 481 524 te)
498 489 568 517 nihil
597 489 680 516 habet
697 492 793 516 auctor
818 492 921 514 noster.
939 486 993 513 Sed

203 544 293 572 neque
308 537 335 563 in
354 536 492 565 Matthszo.
508 534 735 570 evangelistarum
748 533 818 560 dicta
832 532 992 564 concilians,

201 582 300 610 horum
326 582 392 610 facit
411 582 592 608 mentionem.
604 579 662 607 Non
678 580 786 607 videtur
804 587 868 614 ergo
888 578 993 606 librarii

201 627 367 663 negligentia
386 626 612 661 praetermissum.
626 625 655 652 In
679 625 732 651 hoc
755 624 826 653 enim
848 623 937 658 capite
961 622 994 650 ad

201 675 261 703 hac
278 677 422 701 contextus
439 672 524 700 verba
541 681 548 699 :
570 671 649 699 «Non
665 671 737 699 enim
754 678 814 698 sum
835 670 961 699 idoneus.
981 678 990 695 ι

204 724 270 751 etc.,
285 719 347 746 loco
360 718 526 745 scholiorum
545 717 623 752 ponit
643 717 725 745 verba
741 724 801 751 qua:
815 719 970 750 sequuntur
987 724 994 742 :

209 764 273 792 Haec
294 764 376 792 etiam
398 763 467 791 dixit
490 763 634 790 Mattheus
650 771 657 789 :
672 761 706 788 Et
724 761 859 789 declarata
876 765 939 788 sunt
958 760 994 796 (ιν)

204 810 337 846 praedicto
353 809 454 845 capite.
469 808 548 842 Quod
565 808 586 836 si
598 808 749 844 iudicasset
764 808 817 834 hoc
832 807 893 834 loco
907 807 994 834 inter-

203 855 361 891 ponendum
375 863 382 882 :
395 855 508 889 Propter
519 853 591 889 quod
604 857 631 881 et
642 861 685 881 me
699 853 799 889 ipsum.
813 857 880 885 etc.,
894 859 996 887 nequa-

203 910 285 937 quam
303 901 418 930 dixisset
430 901 521 928 omnia
537 910 551 928 a
564 900 692 928 Matthmo
704 908 765 928 esse
780 900 863 933 dicta,
879 905 907 927 et
918 899 947 926 ln
964 906 997 927 eo

205 948 342 976 declarata
357 956 418 976 cum
436 947 472 974 ibi
488 947 562 974 nulla
579 947 624 974 fiat
647 947 744 974 horum
762 947 876 974 mentio.

241 1005 270 1038 7,
285 1004 330 1032 9.8.
350 1003 416 1031 Dico
433 1004 506 1031 enim
520 1003 595 1032 vocis
610 1013 617 1032 :
631 1003 660 1031 In
680 1004 723 1031 his
738 1003 783 1039 qui
798 1011 813 1030 e
829 1003 994 1030 mulieribus

206 1050 263 1078 nati
281 1054 355 1082 sunt,
374 1049 471 1084 major,
486 1048 593 1077 Joanne
613 1049 734 1085 Baptista
754 1056 836 1077 nemo
859 1052 911 1076 est.
938 1046 999 1075 Non

208 1095 285 1123 addit
299 1095 455 1131 προφήτης,
479 1102 530 1122 nec
551 1099 641 1121 tamen
668 1094 778 1123 videtur
802 1094 999 1129 negligentiam

207 1141 351 1171 ornissum,
365 1140 401 1168 ob
414 1140 538 1168 eamdem
555 1147 678 1173 causam,
695 1148 776 1176 quam
800 1140 934 1175 superiori
950 1139 1000 1167 ad-

205 1185 396 1214 notatiuncula
411 1186 566 1214 retulimus.

240 1231 268 1264 8,
289 1231 316 1259 5.
330 1231 364 1259 Et
379 1232 506 1260 volucres
520 1232 582 1259 coeli
603 1232 706 1268 (etiam)
726 1232 904 1261 comederunt
922 1230 1000 1260 illud.

206 1277 323 1304 Additur
335 1277 408 1304 enim
422 1277 457 1313 (c)
471 1285 579 1306 rursum
593 1277 641 1304 καὶ
658 1282 695 1305 et.

241 1322 269 1355 9,
284 1323 329 1350 45.
342 1322 477 1350 Omnibus
492 1331 558 1351 vero
568 1322 769 1350 admirantibus
785 1330 868 1358 supra
879 1322 923 1350 his
938 1330 999 1357 quae

208 1369 328 1398 faciebat
354 1369 465 1405 (Jesus).
498 1369 615 1396 Additur
648 1370 721 1397 enim
745 1377 845 1397 nomen
885 1368 1001 1404 Ἰησοῦς,

207 1415 290 1443 etiam
306 1415 333 1442 in
347 1415 495 1450 exemplari
511 1414 650 1450 Complut.

247 1463 275 1494 9.
291 1463 336 1490 55.
363 1462 518 1490 Conversus
543 1467 646 1493 autem.
676 1463 826 1499 increpavit
854 1448 923 1492 illos.
942 1463 1002 1490 Non

209 1510 283 1537 enim
301 1510 410 1537 additur
422 1518 522 1537 nomen
558 1509 671 1545 Ἰησοῦς,
691 1519 778 1545 neque
803 1512 829 1537 in
852 1510 1002 1544 exemplari

211 1557 360 1591 Complut.,
383 1565 471 1592 neque
490 1558 516 1585 in
533 1558 647 1593 Vulgata
661 1558 792 1585 editione.
810 1557 913 1585 Deinde
929 1557 1001 1592 quod
1016 1546 1036 1574 C

211 1603 336 1636 sequitur
351 1603 378 1630 in
389 1603 516 1630 omnibus
531 1604 712 1636 versionibus.
728 1609 755 1631 et
768 1603 794 1631 in
808 1604 899 1631 Graeca
920 1605 1001 1632 etiam

209 1647 331 1675 editione
352 1648 539 1683 Complutensi
563 1653 627 1684 puta
645 1659 652 1676 τ
672 1649 704 1676 Ει
719 1650 758 1676 ait
780 1649 858 1677 illis:
883 1649 1003 1676 Nescitis

211 1694 292 1728 cujus
318 1695 431 1729 spiritus
455 1695 521 1723 estis
539 1703 598 1723 vos.
616 1696 699 1723 Filius
720 1695 792 1723 enim
810 1695 931 1723 hominis
949 1703 1002 1722 nou

209 1739 327 1767 venitad
345 1741 515 1775 perdendum
531 1742 636 1769 animas
654 1742 806 1774 hominum,
824 1742 872 1769 sed
895 1742 927 1769 ad
948 1742 1003 1768 sal—

209 1787 329 1814 vandum
343 1796 350 1814 :
363 1795 517 1823 quanquam
533 1796 582 1816 nos
602 1789 757 1816 addidimus
774 1797 780 1815 :
799 1796 896 1816 vereor
910 1788 949 1823 (d)
969 1796 1004 1816 ne

210 1839 265 1860 non
297 1833 332 1860 sit
354 1833 457 1861 librarii
489 1835 595 1862 incuria
620 1835 750 1863 omissum
770 1845 777 1863 :
796 1835 912 1863 maxime
941 1843 1003 1863 cum

213 1877 242 1906 in
258 1879 370 1906 scholiis
382 1880 485 1907 nul-lam
501 1880 582 1908 faciat
603 1881 699 1909 borum
715 1881 894 1908 mentionem.

248 1924 275 1955 9.
292 1925 337 1952 57.
354 1924 460 1960 Sequar
479 1931 505 1953 te
519 1934 684 1963 quocunque
700 1927 764 1955 ieris
778 1926 929 1962 (Domine).
948 1927 1005 1954 Ad-

211 1970 315 2012 didilur
337 1971 409 1998 enim
432 1971 527 2007 Κύριε,
553 1973 635 2000 etiam
655 1973 681 2000 in
698 1972 896 2008 Complutcnsi.

248 2016 291 2048 10,
307 2016 407 2046 22.ζΕι
418 2025 567 2045 conversus
580 2019 612 2045 ad
629 2018 776 2053 discipulos
789 2019 865 2054 dixit)
882 2028 888 2046 :
907 2019 1002 2048 Omnia

211 2061 280 2089 mihi
299 2062 396 2089 tradita
412 2068 477 2089 sunt
497 2071 513 2090 a
527 2062 607 2090 Patre
626 2071 696 2091 meo.
730 2063 868 2098 Siquidem
896 2065 931 2101 (c)
958 2065 1004 2092 ad—

213 2107 317 2135 duntur
343 2109 425 2135 etiam
443 2109 469 2136 in
498 2109 646 2144 exemplari
673 2110 810 2146 Complut.
827 2111 885 2139 halt:
900 2112 1003 2146 verba;

212 2154 269 2181 Καὶ
280 2156 412 2190 στραφεὶς
429 2156 497 2190 πρὸς
522 2157 585 2188 τοὺς
609 2157 734 2192 μαθητὰς
754 2155 814 2184 εἶπε
843 2167 850 2184 :
878 2158 912 2186 Et
937 2166 1004 2186 con--

212 2207 311 2228 versus
325 2201 359 2228 ad
373 2201 521 2236 discipulos
535 2202 613 2230 dixit.
1017 2226 1041 2253 Β

212 2300 313 2335 ἔχωσιν
329 2301 354 2327 οι
374 2301 451 2336 παρὰ
467 2301 523 2328 τῶν
544 2300 698 2336 ἀνθρώπων
724 2301 928 2336 ὲπαινοὺμενθι.
956 2303 1002 2330 At!

215 2336 266 2371 μὲν
281 2337 336 2372 γὰρ
351 2337 399 2363 καὶ
415 2338 489 2372 παρὰ
503 2337 557 2363 τῶν
569 2337 918 2372 ἀνθριϋπωνγέπαινεῖσθαι,
934 2337 1002 2364 ἀλλὰ

215 2371 348 2407 πρότερὸν
357 2373 409 2399 ἀπὸ
418 2371 497 2399 Θεὸῦ.
508 2372 534 2398 Si
547 2373 667 2404 πάντων,
677 2371 829 2407 probasset,
843 2372 913 2400 haud
921 2373 1002 2400 dubie

215 2408 380 2442 scripsisset.
393 2408 450 2434 ἀλλ’
466 2408 495 2434 οὐ
511 2408 587 2441 παρὰ
602 2408 720 2434 πάντων.
734 2406 771 2434 Ita
787 2413 862 2435 certe
880 2408 1001 2443 Chryso-

214 2446 321 2478 atomus
337 2448 552 2478 argumentatur.
567 2443 623 2470 Hoc
643 2448 733 2470 autem
755 2443 781 2470 in
803 2444 931 2471 confesso
947 2448 1001 2475 est,

215 2476 392 2514 Euthymium
411 2484 438 2506 et
451 2479 695 2514 'l‘ln-ophylactum,
727 2479 921 2508 accedentibus
938 2487 1001 2513 pro-

216 2512 370 2542 batioribus
387 2512 536 2546 codicibus;
552 2512 660 2549 setnper
674 2517 763 2543 Valere
772 2519 867 2542 contra
880 2512 1002 2549 Chrvso-

215 2552 295 2585 stom.
312 2549 347 2576 Ex
367 2549 562 2585 Chrysostomo
577 2558 639 2584 ergo
653 2550 717 2584 ὑμῖν
731 2557 758 2578 et
776 2552 876 2581 πάντες
894 2549 998 2577 illatum

212 2583 326 2612 scholiis
340 2590 368 2612 et
382 2583 497 2614 catenis.
511 2593 545 2612 ac
557 2583 655 2612 deinde
670 2583 751 2614 etiam
765 2585 917 2614 contextui.

251 2619 290 2654 (α)
307 2621 362 2650 Πᾶς
373 2620 453 2648 habet
469 2624 582 2655 uterque
599 2628 684 2648 meus.

251 2655 289 2689 (ὁ)
305 2655 403 2683 Evolve
418 2656 488 2682 infra
501 2656 529 2683 in
542 2656 767 2690 interpretatione
780 2656 875 2684 Matth.
886 2664 945 2684 vtu.
957 2655 1001 2688 l3,

217 2689 264 2716 καὶ
285 2691 504 2726 ἰάθη.ϐοηείειίι
527 2692 570 2718 hic
599 2689 674 2719 locus
693 2697 855 2720 ceterorum
877 2691 1002 2718 codicum

216 2726 492 2765 _auctori_tate._Qu_id?
502 2727 573 2765 quod
587 2734 638 2754 nec
655 2727 836 2765 BirchiiACod.
848 2726 908 2754 Vat.
923 2726 1001 2759 1209,

215 2762 244 2786 in
261 2762 374 2795 gratiam
388 2762 547 2790 Latinorum
564 2762 622 2790 haec
640 2763 742 2791 omittit
758 2763 770 2790 Ἰ

253 2797 290 2859 (9
308 2797 412 2825 Neuter
427 2805 549 2825 meorum
570 2799 694 2833 agnoscit
714 2798 771 2825 καί.

254 2831 262 2859 f
285 2833 293 2859 l
318 2833 433 2859 Coniose
460 2834 494 2859 de
521 2833 573 2859 hoc
585 2834 645 2859 loco
659 2834 768 2859 disnuta

254 2831 293 2867 (d)
318 2833 433 2868 Copiose
460 2834 494 2862 de
521 2831 645 2861 hoclbco
659 2833 797 2868 disputavi
809 2833 837 2860 in
854 2840 915 2860 mea
934 2831 1003 2860 Novi

219 2866 386 2897 Testamenti
408 2868 527 2897 editione
546 2869 578 2896 ad
597 2869 625 2897 b.
643 2869 660 2896 Ι.
676 2866 771 2904 νξεῖἳὸ
786 2875 862 2902 seqq.

901 151 1112 184 PREFATIO.
1148 190 1149 196 η

1795 151 1834 181 6:)

1077 208 1121 240 ιο,
1136 208 1182 236 25.
1195 208 1271 236 Beati
1288 208 1360 236 oculi
1376 207 1424 244 qui
1436 207 1530 235 vident
1545 214 1606 242 quae
1618 206 1726 234 videtis.
1743 205 1840 241 Neque

1042 255 1114 281 cnim
1131 254 1157 281 in
1177 259 1288 282 auctore
1304 259 1409 286 nostro,
1431 261 1520 287 neque
1536 253 1562 280 in
1587 253 1734 287 exemplari
1756 254 1840 281 Com-

1041 301 1110 336 plut.
1131 301 1293 336 exprimitur
1309 301 1388 335 ὑμεῖς
1407 308 1460 327 vos.
1489 299 1574 327 Video
1600 303 1628 326 et
1656 299 1717 330 hoc.
1741 304 1768 326 et
1785 299 1840 326 alia

1042 347 1166 380 quaedam
1185 346 1341 382 bujusmodi
1360 345 1492 372 minulula
1510 352 1581 376 esse.
1593 349 1620 371 et
1632 352 1692 379 qum
1707 344 1837 371 fortassis

1045 392 1128 420 alicui
1171 392 1349 420 adnotatione
1387 391 1496 426 indigna
1540 391 1726 423 videbuntur;
1761 389 1845 417 nolui-

1048 444 1140 466 tamen
1159 439 1191 474 (Γ)
1217 438 1436 474 praetermittere,
1461 445 1496 464 ne
1511 438 1655 472 quisquam
1673 436 1840 472 negligentia

1044 490 1092 512 aut
1105 484 1259 512 temeritate
1275 484 1367 511 relicta
1387 487 1465 519 putet
1479 491 1527 510 seu
1542 484 1685 510 immutata

1081 542 1124 574 l0,
1138 541 1183 569 59.
1195 541 1260 574 Quae
1273 542 1354 568 etiam
1365 540 1489 568 assidens
1502 540 1625 574 adpedes
1635 539 1700 566 Iesu
1712 538 1843 566 audiebat

1045 588 1209 623 (sermones)
1223 587 1305 615 illius.
1324 587 1410 614 liabet
1422 587 1494 613 enim
1512 586 1593 614 etiam
1608 585 1747 620 exemplar
1757 584 1843 612 Com-

1045 634 1173 670 plutense
1188 634 1243 660 τῶν
1259 634 1347 667 λόγων
1365 633 1517 668 pluraliter.

1083 680 1127 712 ll,
1141 680 1185 707 53.
1214 680 1362 714 Cecperunt
1377 679 1499 715 (Scribis)
1518 683 1544 706 et
1563 678 1694 706 Pharisaei
1720 679 1843 714 graviter

1048 727 1189 756 insistere.
1217 725 1276 752 Non
1293 725 1366 751 enim
1380 725 1463 751 habet
1477 725 1585 759 νομικοὶ
1601 724 1665 760 legis
1686 724 1774 758 periti,
1793 723 1843 752 sed

1047 773 1224 808 γραμματεῖς
1237 770 1344 798 Scribat.
1363 769 1396 797 Et
1418 769 1508 796 statim
1542 769 1611 796 infra
1633 769 1729 796 eodem
1747 776 1842 799 versu.

1047 827 1103 846 non
1119 818 1201 846 habet
1214 816 1411 852 ἀποστομίζειν
1427 817 1543 850 captiose
1553 817 1718 851 interrogare
1732 825 1738 843 τ
1752 822 1844 850 neque

1049 873 1110 893 cum
1127 865 1186 892 aliis
1220 863 1408 898 ἐπιστομίζειν
1423 871 1451 890 os
1471 863 1616 895 obstruere,
1642 862 1690 890 sed
1721 862 1843 888 ἀποστο-

1052 909 1185 946 ματίζειν,
1217 909 1270 936 hoc
1288 914 1340 941 est,
1362 908 1396 935 ab
1423 915 1470 934 ore
1490 908 1672 943 interrogare.
1702 906 1772 940 Quid
1791 907 1844 934 hoe

1049 961 1140 984 autem
1162 955 1213 984 sibi
1242 955 1317 986 velit,
1344 954 1405 981 vide
1432 954 1458 981 in
1479 953 1560 988 hujus
1586 954 1637 981 loci
1655 953 1841 981 enarratione.

1086 1003 1130 1034 12,
1152 1001 1194 1028 l8.
1228 1001 1260 1028 Et
1285 1001 1348 1028 illuc
1376 1001 1549 1036 congregabo
1577 1001 1671 1028 omnia
1691 1007 1752 1034 qua
1778 1004 1844 1027 nata

1051 1054 1117 1077 sunt
1141 1048 1220 1076 mihi.
1238 1047 1332 1082 Neque
1351 1048 1388 1083 (g)
1405 1047 1477 1074 enim
1497 1047 1607 1075 additur
1623 1047 1669 1073 καὶ
1691 1045 1725 1073 τὰ
1752 1045 1844 1081 ἀγαθά

1052 1103 1114 1131 μου,
1130 1093 1162 1121 Et
1175 1094 1243 1122 bona
1262 1102 1331 1121 mea.

1088 1141 1131 1174 13,
1147 1141 1189 1168 l5.
1207 1139 1381 1176 (Hypocritze)
1397 1138 1586 1174 unusquisque
1604 1140 1724 1165 vestrum
1737 1136 1843 1164 Sabba-

1051 1187 1100 1215 the
1116 1194 1170 1215 non
1184 1187 1276 1219 solvit,
1296 1191 1350 1214 etc.
1384 1186 1472 1213 liabet
1500 1184 1574 1212 enim
1604 1183 1745 1219 pluraliter
1775 1183 1844 1209 ὐπο-

1053 1234 1158 1270 κριται.
1181 1233 1356 1262 Coneordant
1377 1237 1406 1261 et
1428 1232 1568 1268 exemplar
1595 1230 1788 1265 Complutense
1815 1233 1845 1258 et

1052 1280 1166 1316 Vulgata
1181 1280 1277 1307 editio.

1089 1327 1134 1360 15,
1150 1327 1193 1354 55.
1221 1327 1292 1354 Ecce
1317 1325 1482 1361 relinquitur
1507 1325 1586 1353 vobis
1605 1325 1703 1353 domus
1722 1328 1812 1351 vestra
1834 1332 1842 1351 :

1054 1373 1113 1400 Non
1134 1373 1295 1408 exprimitur
1321 1373 1423 1408 ἔρημος
1449 1372 1564 1403 deserta.
1590 1371 1663 1407 quod
1682 1379 1715 1398 ex
1732 1377 1844 1398 enarra-

1055 1420 1127 1449 tione
1143 1424 1218 1455 patet
1237 1419 1340 1446 librarii
1356 1419 1422 1446 vitio
1438 1419 1537 1446 factum
1554 1426 1608 1445 non
1629 1426 1700 1445 esse.

1091 1467 1135 1499 Η,
1153 1467 1195 1494 15.
1213 1466 1314 1493 Beatus
1333 1466 1379 1500 qui
1407 1464 1575 1500 (prandium)
1596 1465 1680 1492 sumit
1704 1464 1731 1491 in
1760 1471 1844 1499 regno

1057 1513 1113 1540 Dei.
1131 1513 1224 1548 Neque
1239 1512 1310 1539 enim
1335 1512 1416 1539 habet
1432 1511 1513 1546 ἄρτον
1540 1518 1644 1544 panem.
1669 1510 1717 1537 sed
1733 1509 1844 1545 ἄρκτον

1054 1560 1207 1593 prandium.
1241 1558 1394 1585 Concordat
1427 1557 1510 1585 etiam
1541 1556 1682 1591 exemplar
1712 1555 1843 1590 Complu-

1055 1610 1141 1632 tense.

1091 1651 1136 1681 14,
1158 1650 1204 1677 2|.
1236 1649 1269 1677 Et
1296 1657 1423 1677 reversus
1445 1656 1542 1677 servus
1568 1649 1635 1684 (ille)
1663 1647 1842 1680 renuntiavit,

1053 1701 1107 1724 etc.
1132 1696 1199 1723 Nam
1216 1696 1326 1723 additur
1339 1696 1441 1727 ἐκεῖνος
1455 1695 1509 1728 ille,
1528 1695 1610 1722 etiam
1638 1695 1665 1721 in
1694 1693 1844 1729 exemplari

1053 1742 1255 1776 Complntensi.

1091 1787 1138 1817 15,
1152 1786 1198 1813 96.
1216 1787 1248 1813 Et
1263 1786 1398 1814 accersito
1414 1793 1470 1813 uno
1484 1785 1519 1812 de
1531 1785 1627 1812 servis.
1647 1784 1706 1811 Non
1735 1783 1844 1810 additur

1055 1833 1137 1861 αὑτοῦ
1166 1833 1221 1860 suis
1239 1831 1289 1868 (It).
1309 1840 1361 1859 nec
1376 1833 1402 1859 in
1418 1831 1565 1867 exemplari
1580 1829 1778 1866 Complutensi,
1792 1837 1845 1856 nec

1055 1878 1083 1906 in
1099 1878 1220 1906 editione
1244 1877 1367 1913 Vulgata.

1091 1925 1136 1956 l7,
1148 1924 1175 1951 4.
1194 1923 1228 1951 Et
1246 1924 1347 1958 septies
1362 1924 1388 1951 in
1403 1923 1446 1950 die
1464 1929 1615 1951 conversus
1629 1921 1711 1949 fuerit
1725 1920 1821 1948 dicens
1834 1930 1842 1948 :

1055 1970 1175 1999 Pmnitet
1189 1979 1243 1998 me.
1259 1970 1317 1998 Non
1344 1970 1428 1997 habet
1448 1970 1494 1996 ὲπι
1518 1977 1547 1995 σε
1573 1968 1609 1996 ad
1630 1973 1664 1995 te.
1689 1967 1845 1995 Concordat

1056 2016 1141 2044 editio
1156 2015 1368 2051 Complutensis.

1091 2063 1134 2096 17,
1155 2063 1200 2090 21.
1213 2062 1307 2097 Neque
1327 2062 1438 2089 dicent:
1468 2061 1538 2088 Ecce
1551 2060 1607 2093 hic,
1619 2067 1682 2087 ecce
1699 2059 1764 2086 illic.
1784 2057 1844 2086 Non

1056 2110 1173 2145 (i)habet
1199 2110 1216 2144 ἢ
1240 2115 1286 2136 aut
1304 2118 1310 2136 :
1328 2109 1398 2136 sicut
1427 2107 1510 2135 etiam
1539 2107 1609 2134 infra
1640 2113 1719 2132 versu
1735 2105 1780 2136 25,
1799 2105 1844 2132 ubi

1055 2157 1149 2184 eadem
1167 2160 1327 2190 repetuntur
1345 2154 1437 2185 verba,
1468 2154 1494 2180 in
1511 2153 1586 2180 nullo
1615 2153 1731 2180 habetur
1751 2159 1845 2179 exem-

1055 2203 1134 2238 plari.
1152 2202 1335 2230 Conformiter
1347 2201 1412 2236 legit
1426 2204 1454 2227 et
1471 2199 1676 2234 Complutensis
1697 2198 1792 2226 editio.

1089 2295 1124 2329 (ε)
1139 2294 1178 2321 De
1192 2294 1343 2330 hoeietiam
1357 2293 1418 2330 loco
1437 2293 1486 2330 ibi»
1499 2291 1566 2330 disi.
1586 2298 1646 2330 pag:
1670 2289 1735 2318 9J0.
1747 2325 1753 2330 _
1823 2323 1830 2330 _

1089 2325 1121 2366 (f)
1149 2328 1349 2366 Recterfecisti,
1371 2327 1583 2366 llentetii._Nam
1603 2325 1644 2366 vel
1662 2333 1695 2351 ex
1715 2325 1769 2366 tuis
1787 2325 1845 2364 ani-

1053 2361 1288 2393 madversionibus
1313 2368 1445 2397 apparent
1470 2361 1695 2397 halluciuationes
1719 2361 1843 2397 (Erasini,

1054 2401 1174 2428 hominis
1188 2400 1267 2431 levis,
1284 2394 1458 2434 negligentis.
1473 2395 1651 2434 temerariinet
1662 2395 1767 2434 perfidi.
1778 2394 1844 2434 Ele-

1053 2444 1140 2470 raque
1155 2436 1239 2467 enim,
1253 2428 1499 2470 qum'itlemorasti,
1532 2439 1580 2466 per
1595 2428 1686 2470 “illum
1778 2428 1845 2470 Vul-

1054 2464 1152 2513 βειίθπιν
1163 2464 1443 2513 ιδιὶιίδῑιξέειξῐξεισειπ
1448 2487 1461 2513 ι
1466 2464 1650 2513 29311993.
1655 2470 1697 2513 FF.
1702 2464 1843 2513 93118619“

1054 2501 1081 2534 in
1097 2505 1242 2541 postremis
1257 2503 1423 2541 editionihus
1450 2501 1759 2541 suisAComplutvnsem
1786 2503 1843 2525 tra-

1054 2536 1146 2572 ctarit,
1161 2548 1241 2567 nemo
1254 2539 1367 2566 criticus
1382 2538 1498 2572 ignorat.
1513 2536 1655 2572 Quomodo
1668 2543 1732 2572 ergo
1745 2539 1830 2572 tracta

1053 2577 1123 2605 verit
1141 2569 1271 2603 codices?
1284 2574 1349 2600 Nam
1363 2569 1413 2600 etsi
1428 2580 1479 2599 nec
1494 2569 1726 2606 Compluteusisﬁa
1740 2569 1845 2606 criticis

1054 2612 1158 2639 idoneis
1185 2614 1277 2637 curata
1307 2613 1358 2640 est,
1390 2613 1480 2635 tamen
1509 2607 1592 2635 habet
1619 2607 1719 2633 multas
1746 2605 1845 2640 probas

1054 2646 1187 2674 lectiones
1204 2646 1237 2672 ab
1255 2645 1370 2672 Erasmo
1388 2643 1536 2678 neglectas.

1090 2681 1128 2716 (g)
1144 2681 1242 2716 Servat
1252 2684 1380 2716 Jtterque
1399 2685 1488 2716 tuens.

1091 2691 1097 2716 ι
1120 2691 1128 2716 )
1145 2691 1242 2708 aervat
1265 2691 1380 2713 "terqu
1400 2691 1488 2705 ιιιυιιδ.

1091 2691 1128 2751 (Ζ)
1155 2715 1238 2743 αὐτοῦ
1252 2714 1384 2751 Erasmus
1399 2713 1503 2751 intulit,
1517 2719 1568 2747 pro
1583 2715 1742 2751 quo_t_amen
1760 2709 1844 2737 silent.

1054 2747 1172 2781 codices.
1186 2759 1200 2778 a
1221 2749 1330 2778 Birchio
1345 2749 1492 2776 examinati
1507 2754 1613 2775 omnes.
1641 2747 1734 2774 Miror.

1091 2787 1121 2821 (ἱ)
1147 2780 1238 2814 Primo
1268 2785 1328 2812 loco
1356 2788 1472 2819 uterque
1497 2791 1575 2810 meus
1592 2782 1704 2815 omittit,
1724 2780 1847 2809 secundo

1055 2829 1170 2859 uterque
1196 2826 1298 2850 SCI'VII.
