1922 3070
86 177 119 211 ιι
789 178 1001 210 PR/EFATIO.
1677 183 1712 215 62

121 235 166 267 Π,
182 233 228 263 32.
241 232 379 262 lemures
392 237 480 262 estote
491 234 586 262 uxo‘ris
600 234 661 262 Lot.
677 234 738 261 Non
757 233 876 262 habetur
891 234 914 265 Α
962 235 1008 268 22,
1039 235 1083 263 50.
1114 236 1149 264 Ut
1176 234 1264 263 edatis
1290 241 1323 264 ac
1354 235 1455 264 bibatis
1480 243 1564 271 super
1588 240 1711 264 mensam

83 280 114 307 δὲ
133 283 232 312 autem,
261 287 312 307 nec
332 279 360 307 in
381 280 530 315 exemplari
545 276 745 315 Complulensi,
767 287 819 308 nec
844 280 872 307 in

84 325 171 353 veteri
202 325 391 353 translatione.
424 326 457 352 Et
486 326 613 354 similiter
635 326 663 353 in
689 326 743 354 tine
776 326 873 361 capitis

84 374 168 411 verso
180 372 277 399 ultimo
297 380 303 398 :
320 371 358 399 ibi
374 373 610 408 congregabantur
625 372 733 407 aquilae,
756 380 811 399 non
826 372 875 399 ad-

85 418 160 446 dittir
173 418 220 444 καὶ
235 422 269 449 ει,
287 424 338 445 nec
352 417 380 445 in
392 418 512 445 editione
535 417 718 453 Complutensi
736 416 784 453 (k).

121 463 168 496 i8,
177 464 204 490 5.
220 462 307 490 Vidua
319 468 410 491 autem
422 468 481 492 erat
492 464 519 491 in
533 464 642 492 civitate
657 464 711 492 illa.
724 464 780 492 Non
792 464 874 492 habet

86 509 128 540 τις
139 510 274 544 quedam,
288 517 340 537 nec
355 509 382 537 id
400 510 482 538 habet
496 510 633 546 Cnmpiut.
661 511 755 544 editio,
785 518 874 546 neque

86 553 230 588 Chrysost.
254 554 282 581 in
301 555 383 589 priori
404 555 439 582 de
456 555 560 582 orando
577 555 661 583 Deum
679 556 802 589 homilia,
827 556 874 584 ubi

86 603 209 634 presens
220 600 323 639 citetur
348 601 434 629 locus.

121 644 168 674 i9,
187 645 215 671 ι.
238 646 371 673 Ascendit
389 647 416 673 in
432 647 624 683 (capriﬁcum).
650 648 678 675 in
696 652 790 677 nostro
802 652 829 676 et
845 648 872 676 in

85 689 274 724 Complutensi
291 692 438 726 exemplari
466 692 580 721 habetur
603 693 682 721 tertia
706 693 808 730 syllaba
825 701 874 729 per

86 743 110 762 ω
126 744 133 762 :
151 743 187 762 ne
201 736 281 764 nobis
294 736 406 765 Stunica
420 738 450 772 (l)
461 739 572 774 obiiciat
581 739 616 766 ob
627 739 652 767 id
666 746 750 775 prave
764 746 874 767 versum

88 787 151 808 esse
166 781 336 816 capt-idcum,
356 784 430 818 quod
448 791 498 819 per
511 793 526 811 ο
538 785 642 813 micron
661 786 806 813 scribatur.
825 785 874 813 At-

88 829 181 854 tamen
208 826 345 862 Complut.
370 829 451 856 habet
479 829 657 864 penuitimam
687 837 738 866 per
771 831 873 866 ὲψιλὸν,

88 879 153 900 eum
182 874 305 902 eamdem
333 875 430 903 habeat
452 881 576 904 nostrum
608 877 747 913 exemplar
770 883 819 913 per
844 882 873 904 ait

89 919 286 956 diphthongum
304 921 351 957 (ιη)
375 923 577 958 συκομωραὶαν.

125 965 171 997 i9.
193 967 240 994 i5.
265 966 349 994 Iussit
375 968 468 995 vocari
497 969 531 996 ad
557 976 588 996 se
611 977 704 997 servos
728 969 799 997 illos.
817 967 876 998 Non

91 1011 204 1038 additur
230 1011 268 1047 (η)
294 1009 337 1044 οἷς
366 1013 451 1040 ἔδωκε
470 1014 501 1040 τὸ
528 1014 662 1049 ἀργύριον
679 1024 686 1042 :
702 1015 807 1048 Quibus
830 1015 878 1043 de~

90 1055 169 1084 derat
179 1057 333 1091 pecuniam.
347 1059 424 1092 Quod
439 1065 530 1087 tamen
557 1060 724 1093 addidimus,
742 1060 812 1089 sicut
839 1061 878 1096 (ο)

91 1102 254 1138 quibusdam
284 1104 345 1132 aliis
361 1105 388 1132 in
406 1106 471 1133 locis
504 1106 575 1134 idem
604 1107 729 1139 fecimus,
751 1107 823 1142 quod
849 1107 877 1134 in

90 1148 153 1177 aliis
167 1151 366 1185 exemplaribus
390 1155 418 1179 et
440 1152 567 1180 etiamin
593 1153 728 1188 Compiut.
756 1153 877 1182 editione

90 1194 243 1224 habeatur:
258 1202 286 1224 et
310 1202 400 1225 tamen
420 1206 527 1231 vereor.
553 1207 588 1226 ne
608 1199 634 1226 id
653 1199 757 1227 librarii
770 1199 877 1227 incuria

91 1241 197 1269 factum
209 1250 264 1270 non
277 1244 321 1277 sit,
338 1245 455 1272 maxime
474 1245 544 1279 quod
561 1245 587 1272 in
611 1245 821 1273 Commentariis
838 1245 877 1280 (ρ)

92 1289 197 1316 nullam
215 1289 308 1317 borum
323 1291 403 1318 faciat
418 1292 595 1318 mentionem.

124 1335 172 1367 ΞΟ,
185 1336 213 1363 5.
229 1335 256 1363 Si
271 1337 432 1370 dixerimus,
449 1337 469 1363 E
493 1337 573 1369 caelo,
590 1337 662 1365 dicet
680 1346 688 1364 :
708 1338 797 1371 Quare
820 1345 876 1366 non

90 1381 248 1409 credidistis
260 1382 296 1409 illi
312 1382 323 1408 Τ
338 1381 396 1410 Non
411 1383 521 1410 additur
535 1382 582 1410 οὖν
599 1390 671 1418 ergo,
684 1390 736 1411 nec
752 1383 779 1411 id
794 1383 878 1412 habet

90 1426 230 1462 exemplar
244 1427 380 1462 Compiut.

125 1473 172 1505 20,
185 1474 212 1500 9.
228 1473 316 1500 Homo
341 1475 476 1509 plantavit
488 1475 607 1503 vineam.
637 1475 697 1503 Non
711 1474 821 1504 additur
838 1476 875 1512 (ᾳ)

90 1520 133 1550 τὶς
163 1520 281 1554 quidam.
299 1520 331 1548 Et
349 1520 475 1548 similiter
489 1521 557 1548 Infra
575 1528 654 1550 versu
668 1523 709 1550 l9.
729 1523 761 1550 Et
776 1524 877 1552 timue-

926 290 1026 310 meam.
1039 281 1097 309 Non
1111 282 1219 310 additur
1233 282 1265 318 (ε)
1282 283 1311 309 ὲν
1325 283 1357 318 τῇ
1373 282 1497 318 βασιλείᾳ
1511 290 1572 317 μου·
1589 283 1617 310 In
1629 291 1712 318 regno

927 336 998 357 meo.
1017 327 1109 363 Neque
1129 328 1156 355 in
1170 328 1344 356 enarratione
1364 328 1394 356 tit
1420 328 1472 356 ulla
1498 328 1579 363 hujus
1598 330 1711 357 mentio.

960 374 1006 408 22,
1026 375 1070 402 '55.
1089 373 1203 407 Quando
1218 374 1278 401 misi
1299 381 1348 401 vos
1376 374 1435 404 sine
1460 374 1556 401 loculis
1581 378 1608 402 et
1635 382 1710 408 pera.

926 421 986 449 Non
1012 419 1122 448 additur
1153 419 1208 447 Kal
1243 419 1427 455 ὑποδημάτων
1449 422 1476 447 et
1493 420 1711 447 calceamentis:

926 475 978 495 nec
993 466 1046 494 ulla
1063 466 1093 494 fit
1106 466 1190 502 huius
1208 466 1312 494 mentio
1331 466 1358 493 in
1380 465 1597 493 commentariis.
1618 466 1714 498 Arcuit

928 514 960 550 (ι)
974 517 1066 541 autem
1082 513 1250 548 adjectitium
1273 519 1343 544 esse,
1365 511 1436 547 quod
1464 512 1532 538 infra
1557 519 1635 538 versu
1665 511 1711 543 36,

927 567 990 588 cum
1007 559 1128 587 dicitur:
1146 557 1193 585 sed
1220 565 1295 585 nunc
1309 557 1354 592 qui
1379 557 1461 584 habet
1490 556 1603 587 loculos,
1620 556 1707 585 tollat.
1757 555 1770 568 κ

927 605 1053 634 similiter
1066 608 1093 632 et
1120 611 1225 639 peram,
1256 603 1321 631 illud
1341 603 1369 630 in
1385 602 1462 629 nullo
1485 602 1598 629 addatur
1618 609 1712 628 exem-

945 651 996 679 iari
1001 671 1008 678 .

926 659 1010 730 p122;
1030 697 1077 725 ιτ.
1090 696 1125 724 Et
1151 694 1383 732 appropinquavit
1406 693 1470 721 Jesu
1491 695 1523 720 ut
1544 692 1712 719 oscularetur

927 752 1000 772 eum.
1014 743 1129 771 Additur
1153 742 1244 770 statim
1261 745 1468 776 consequenter,
1483 739 1565 766 etiam
1586 738 1614 764 in
1633 738 1713 764 Com-

927 789 1047 826 plutensi
1081 788 1231 824 exemplari
1249 795 1258 815 :
1277 786 1364 814 Τοῦτο
1389 786 1445 821 γὰρ
1472 786 1583 820 σημεῖον
1601 783 1710 810 δεδώκει

927 837 1028 869 αὐτοις,
1044 836 1092 863 ⁸ον
1101 834 1134 862 ἂν
1143 835 1260 870 φιλήσω,
1272 833 1352 865 αὐτός
1367 833 1435 859 ιστιι
1451 831 1508 858 Hoc
1520 830 1592 858 enim
1604 830 1710 866 signum

928 884 1037 911 dederat
1070 881 1123 909 illis
1141 889 1148 909 :
1164 880 1360 915 Quemcunque
1384 879 1522 907 osculatus
1536 876 1623 908 fuero,
1653 876 1711 911 ipse

927 934 980 957 est.

961 976 1008 1008 25,
1027 977 1054 1004 2.
1079 974 1158 1003 Hunc
1189 973 1342 1002 invenimus
1371 974 1572 1008 pervertentcm
1604 972 1710 1004 gentem

928 1022 1072 1059 (nostram)
1085 1022 1153 1050 Nam
1174 1021 1209 1058 (υ)
1223 1021 1250 1047 in
1267 1023 1362 1047 nostro
1386 1015 1535 1052 exemplari
1560 1015 1711 1043 addebatur

926 1069 1016 1106 ἡμῶν,
1044 1069 1116 1096 sicut
1136 1072 1165 1095 et
1190 1065 1305 1102 Vulgata
1329 1064 1410 1092 habet
1427 1063 1521 1091 editio.

962 1116 991 1144 in
1009 1115 1061 1143 fine
1076 1113 1213 1149 Evangelii
1241 1112 1280 1147 (π)
1313 1117 1367 1138 non
1398 1109 1505 1137 additur
1526 1108 1609 1142 ἀμήν,
1640 1105 1711 1133 sicut

927 1171 979 1191 nec
990 1163 1016 1189 in
1032 1162 1086 1189 ﬁne
1100 1161 1216 1189 aliorum
1231 1157 1466 1193 Evangeiistarum
1480 1155 1508 1182 in
1524 1154 1579 1181 ullo
1597 1152 1711 1181 habetur

927 1207 1086 1244 exemplari.

1228 1250 1270 1278 Ez
1295 1248 1410 1276 Joanne.

962 1298 989 1331 Ι,
1005 1297 1051 1325 28.
1079 1296 1140 1324 Haec
1156 1296 1184 1324 in
1200 1295 1353 1332 (Bethania)
1381 1294 1450 1321 facta
1479 1296 1554 1320 sunt.
1584 1290 1645 1318 Non
1671 1290 1709 1325 (y)

928 1343 1082 1380 βηθαϐαρά.
1105 1341 1258 1370 Conformis
1284 1344 1327 1367 est
1354 1344 1381 1366 et
1402 1336 1600 1372 Complutensis
1627 1335 1713 1380 editio

927 1378 960 1418 et.
978 1389 1115 1424 Vulgata:
1141 1392 1296 1422 quanquam
1322 1389 1417 1412 auctor
1445 1384 1517 1411 dicat
1541 1383 1569 1409 in
1600 1378 1713 1409 scholiis

927 1436 1018 1464 verius
1041 1435 1091 1470 legi
1110 1433 1269 1460 Bcthabara.

963 1483 989 1512 Ι.
1007 1481 1051 1509 50.
1079 1477 1137 1508 Non
1151 1483 1313 1514 repetuntur
1336 1477 1394 1505 hmc
1415 1480 1463 1504 aut
1481 1475 1578 1503 similia
1605 1473 1685 1501 verba
1702 1480 1710 1499 :

928 1525 1014 1559 οὗτός
1028 1527 1085 1553 ἐστι
1100 1525 1164 1561 περὶ
1178 1521 1209 1552 οὗ
1222 1524 1278 1559 lvd;
1299 1523 1387 1556 εἷπον,
1408 1520 1514 1549 Ὀπίσω
1540 1529 1590 1555 μου
1604 1520 1712 1555 ἔρχεται

91 1571 166 1594 runt.
191 1567 250 1595 Non
276 1568 387 1596 additur
401 1569 449 1596 τὸν
471 1569 536 1596 λαόν
563 1570 698 1605 populum.
722 1571 875 1599 Concordat

937 1574 1008 1609 ὶνὴρ,
1035 1572 1065 1604 ὃς
1096 1570 1251 1607 ἔμπροσθέν
1282 1578 1335 1604 μου
1374 1569 1496 1603 γέγονεν,
1526 1567 1566 1593 ὅτι
1604 1565 1713 1601 πρῶτός

91 1614 237 1649 utrobique
267 1614 469 1649 Complutensis
499 1615 593 1644 editio.

126 1659 173 1691 ιο,
188 1659 232 1687 20.
252 1659 287 1687 Ut
302 1666 432 1696 caperent
446 1662 506 1695 eius
531 1662 719 1698 (sermonem).
730 1662 817 1691 Habet
840 1663 875 1699 (r)

92 1712 211 1741 namque
229 1706 309 1741 λόγον
336 1707 423 1742 patrio
442 1712 508 1735 casu
523 1717 530 1735 :
543 1716 597 1736 non
616 1709 699 1744 λόγῳ,
715 1713 745 1736 ut
759 1708 876 1743 dicatur,

92 1753 120 1779 in
134 1752 175 1779 vel
196 1761 228 1780 ea:
243 1761 369 1780 sermone.
383 1753 536 1782 Coucordat
550 1754 631 1782 etiam
646 1755 784 1790 exemplar
795 1756 877 1784 Com-

91 1799 227 1834 plutense.

126 1846 172 1878 Si,
191 1846 235 1874 l6.
252 1845 410 1874 Trademini
426 1848 517 1875 autem
537 1855 551 1874 a
565 1849 723 1883 parentibus
734 1854 762 1877 et
775 1858 877 1885 cogna-

92 1891 140 1925 tis.
163 1893 260 1920 amicis
284 1897 312 1920 et
330 1893 472 1921 fratribus.
503 1893 561 1921 Hoc
590 1895 673 1922 etiam
700 1896 796 1923 ordine
813 1897 877 1932 legit

92 1938 229 1974 Complut.
247 1938 341 1971 editio,
362 1943 393 1966 ut
411 1939 509 1968 fratres
525 1939 622 1967 ultimo
638 1945 776 1976 ponantur
806 1941 875 1969 loco.

128 2040 165 2074 (lt)
193 2040 361 2068 Mirabuntur
378 2041 513 2073 nonnulli,
539 2041 572 2068 ab
600 2040 735 2069 Hentenio
750 2049 805 2069 non
824 2049 876 2069 no-

91 2079 178 2112 tatum
195 2082 255 2104 esse
269 2075 403 2104 defectum
418 2083 512 2104 versus
528 2075 623 2112 integri
640 2077 685 2109 36,
702 2084 782 2109 quem
806 2085 876 2112 pric-

92 2111 250 2139 IErmittunt
276 2112 383 2139 codices
400 2112 452 2138 mei
472 2111 621 2146 Euthymii.
650 2112 702 2139 Sed
728 2113 750 2139 is
771 2112 876 2139 Erasmi

89 2147 241 2187 editionem
259 2146 436 2187 comparavit,
453 2153 512 2187 quae
539 2147 587 2173 ista
611 2147 762 2187 appciidice
788 2151 874 2187 caret.

88 2182 177 2218 igitur
206 2182 288 2208 etiam
313 2181 385 2208 infra
405 2182 433 2207 in
453 2181 687 2218 interpretatione
713 2182 796 2218 liuius
821 2182 876 2218 loci

88 2216 166 2244 hunc
182 2221 268 2244 totum
282 2224 390 2243 versum
405 2217 498 2244 omisit
515 2216 679 2245 Hentenius.
713 2216 823 2245 Scilicet
848 2217 876 2243 in

929 1624 980 1656 pou
1004 1617 1049 1655 ἦν.
1077 1617 1126 1646 ilic
1144 1621 1185 1645 cst
1199 1617 1232 1644 de
1245 1623 1300 1652 quo
1325 1621 1377 1651 ego
1399 1614 1521 1642 dicebam
1550 1620 1557 1639 :
1579 1611 1644 1638 Post
1668 1617 1712 1636 me

927 1668 1060 1693 venturus
1070 1668 1112 1692 est
1123 1663 1175 1695 vir,
1189 1662 1235 1698 qui
1264 1665 1328 1689 ante
1354 1667 1398 1687 me
1422 1659 1482 1691 fuit,
1504 1659 1565 1693 quia
1579 1657 1653 1692 prior
1668 1663 1713 1682 me

927 1716 995 1739 erat.
1012 1710 1112 1737 Eadem
1127 1714 1218 1736 tamen
1234 1705 1430 1743 propemodum
1457 1704 1540 1731 verba
1562 1702 1643 1735 paulo
1666 1707 1713 1729 su-

926 1758 1020 1794 perius
1041 1757 1129 1792 posita
1151 1758 1240 1783 erant.

961 1805 989 1838 2,
1009 1804 1054 1832 22.
1083 1802 1264 1831 Crediderunt
1293 1799 1414 1828 sermoni
1439 1798 1518 1833 (ejus)
1538 1797 1605 1824 Nam
1631 1796 1714 1824 habet

926 1844 1010 1877 αὐςόῦ
1036 1850 1108 1884 eius,
1128 1852 1184 1875 t‘ton
1199 1843 1221 1882 ᾧ
1248 1845 1325 1874 εῐπιν
1339 1846 1354 1872 ὁ
1377 1845 1493 1881 Ἰησοῦς,
1510 1851 1591 1879 quem
1607 1843 1715 1870 dixerat

926 1898 1051 1976 185232;.
1067 1941 1106 1969 Eo
1128 1940 1201 1977 quod
1215 1940 1275 1976 ipse
1295 1943 1390 1967 nosset
1406 1937 1519 1974 (omnia)
1538 1936 1624 1964 Habet
1639 1936 1719 1963 enim

964 2041 998 2088 (r)
1013 2039 1065 2068 Mei
1080 2039 1171 2074 λόγου.
1199 2038 1329 2066 Erasmus
1346 2043 1376 2065 se
1403 2034 1508 2063 volutat
1533 2033 1605 2059 inter
1632 2032 1717 2066 λόγον

927 2077 1084 2146 “dinosa
1103 2110 1136 2138 de
1150 2109 1204 2137 hoc
1219 2108 1279 2136 loco
1302 2105 1415 2142 copiose
1431 2104 1460 2133 in
1476 2110 1537 2131 mea
1561 2100 1594 2130 Ν.
1613 2101 1713 2130 Testa-

926 2145 1012 2175 men'ti
1035 2145 1164 2173 editione.
1300 2178 1304 2179 ν
1359 2175 1376 2179 Α
1397 2177 1404 2179 μ
1545 2174 1553 2179 .
1638 2173 1654 2179 Α.

975 2183 994 2218 ι)
1019 2181 1136 2218 Arguta
1153 2178 1334 2218 cst_omissio.
1359 2174 1717 2218 Primoz‘qyodhclonftinuo

963 2183 994 2244 ῳ
1025 2183 1126 2216 Arguta
1153 2184 1194 2208 cst
1214 2183 1334 2207 emissio.
1360 2183 1464 2208 I'rtmo,
1482 2183 1554 2215 quon
1582 2183 1714 2214 continuo

927 2225 964 2245 nu
978 2218 1002 2245 la
1015 2217 1044 2244 iit
1053 2216 1156 2243 mentio
1170 2216 1427 2243 calceamentorum.
1458 2210 1510 2238 Sed
1525 2209 1645 2245 intelligi
1657 2216 1714 2245 po-

89 2251 262 2279 Bibliotheca
291 2251 405 2287 Patrum?
428 2252 544 2279 maxima
562 2244 748 2287 Lugduitensi,
766 2257 786 2279 t.
804 2250 875 2285 XIX,
892 2253 915 2282 D
928 2244 1001 2280 terat
1014 2260 1048 2279 ex
1064 2251 1259 2287 superioribus.
1288 2247 1488 2287 Deittde._quod
1505 2252 1560 2272 non
1584 2244 1720 2272 credibile

89 2295 118 2322 p.
136 2287 202 2316 652.
217 2287 343 2314 columna
355 2295 383 2318 α,
399 2286 489 2314 littera
506 2295 534 2314 a.
554 2286 644 2314 Bonus
658 2286 739 2318 Beza,
763 2286 815 2315 hac
829 2295 878 2322 ap-

90 2321 208 2363 pendice
226 2329 278 2349 nos
302 2321 479 2356 locupletavit
503 2325 530 2350 et
544 2329 578 2349 ex
597 2329 631 2350 eo
641 2323 761 2350 editores
788 2321 879 2350 textus

90 2363 192 2385 ηεευιι
197 2377 205 2384 .

127 2365 303 2427 ζῖἶωέιιιηίεε
328 2391 430 2427 nobilis
454 2390 506 2420 fuit
528 2392 703 2420 adversarius
721 2390 829 2419 Erasmi
851 2396 879 2419 et

89 2423 470 2490 IaegriIf‘tapulensis.Forte
499 2434 564 2463 ergo
593 2428 638 2456 hic
663 2427 879 2463 reprehenderat

150 2470 181 2490 ru
216 2483 225 2490 .

111 2469 225 2490 aurum.

127 2498 177 2532 (γη)
193 2498 314 2532 Uterque
326 2505 404 2533 meus
414 2498 611 2533 συκομοραὶαν.
627 2498 715 2533 Atque
726 2498 764 2525 ita
778 2497 879 2526 habent

90 2531 175 2568 etiam
191 2531 298 2568 codices
327 2531 500 2568 Mpsqucnses
515 2531 543 2560 h.
558 2538 586 2561 et
600 2539 625 2562 ν.
643 2531 689 2568 qui
704 2538 769 2561 sunt
781 2533 808 2560 in
830 2540 878 2561 or-

91 2566 255 2606 thographia
278 2566 487 2606 accui'ati'ssimi.

129 2602 168 2637 (it)
191 2602 239 2630 Mei
253 2611 314 2631 cum
329 2603 442 2638 reliquis
453 2603 532 2631 codd.
549 2603 599 2631 ista
617 2607 735 2631 sertant.

125 2639 251 2674 '(o)rSine
275 2638 459 2674 admonitione
479 2638 506 2665 in
528 2638 596 2666 locis
625 2638 740 2674 singulis
766 2639 792 2666 id
817 2639 876 2667 ﬁeri

92 2679 146 2700 non
161 2673 288 2701 debebat.
308 2672 364 2700 Hoc
381 2674 462 2700 modo
484 2674 578 2701 multis
598 2674 624 2700 in
648 2672 715 2701 locis
729 2679 876 2709 corruptus

92 2712 135 2744 est
153 2709 365 2744 Chrysostomus
382 2716 396 2735 a
413 2708 514 2736 Savilio
540 2713 567 2736 et
591 2708 703 2744 reliquis
714 2710 875 2742 editoribus.

93 2743 120 2770 et
136 2743 182 2770 alii
204 2743 353 2778 scriptores
368 2744 459 2776 plures
477 2744 509 2771 ab
522 2744 583 2770 aliis
601 2743 735 2778 pluribus.

129 2779 168 2814 (ρ)
187 2778 242 2806 iloc
253 2782 443 2813 argumentum
460 2786 513 2806 non
527 2780 607 2806 valet.
627 2779 709 2806 Multa
723 2778 796 2811 talia.
817 2787 876 2814 quae

92 2813 261 2850 tittellectuiu
276 2813 377 2841 habent
389 2813 506 2845 facilem,
524 2814 735 2850 praetermittunt
754 2815 780 2842 in
795 2813 876 2843 scho-

93 2848 146 2876 itis.

127 2884 165 2920 (ιι)
183 2884 258 2912 Alter
268 2892 384 2913 meorum
400 2884 511 2917 omittit,
525 2885 592 2912 alter
608 2884 698 2912 habet.

931 2288 1086 2318 videbatur,
1099 2282 1161 2313 sine
1171 2283 1362 2313 calceamentis
1379 2282 1478 2309 miSsos
1500 2287 1572 2308 esse.

968 2324 1003 2359 (υ)
1032 2315 1112 2359 ἠμῷν
1139 2321 1242 2359 addunt
1271 2320 1333 2359 mei.
1363 2317 1518 2345 Proximum
1544 2315 1592 2342 καὶ
1611 2318 1718 2348 autem,

931 2355 999 2386 ante
1018 2355 1167 2387 κῶλὺοντα,
1184 2355 1322 2383 omittt‘mt.

967 2393 1004 2428 (π)
1022 2391 1133 2420 Scilicet
1151 2391 1323 2428 interpretes,
1341 2387 1552 2423 ChrySOStomus
1565 2391 1592 2428 et
1609 2386 1712 2428 crciari.

930 2423 1092 2463 Ῐοὼάμὴν,
1102 2426 1179 2463 Aquod
1196 2423 1356 2463 _te'xtus_es_t.
1371 2428 1432 2457 post
1445 2431 1510 2463 suas
1518 2423 1718 2463 explicationes

930 2463 963 2490 de
978 2458 1034 2490 suo'
1052 2458 1079 2488 in
1097 2458 1150 2488 ﬁne
1170 2461 1274 2488 addunt
1291 2459 1375 2495 ἀμὴν,
1397 2463 1478 2493 atque
1504 2458 1541 2486 ita
1566 2460 1714 2486 terminant

930 2497 1190 2533 interpretationem2

966 2529 1050 2568 (yHn
1070 2532 1112 2568 bis
1128 2536 1155 2559 et
1170 2530 1304 2558 similibus
1319 2529 1583 2568 Origenesantiquis
1593 2529 1716 2568 __cri_t_icis

928 2563 1113 2602 expectoravit
1124 2571 1254 2602 mentem,
1270 2570 1300 2602 ut
1313 2563 1518 2602 recentioribus,
1530 2563 1579 2599 per
1589 2563 1716 2602 libellum

930 2599 1160 2630 Hérmeneutische
1179 2601 1377 2636 Vorbareitung.
1388 2599 1595 2636 semierus,_qui
1612 2600 1715 2636 diuturn

928 2642 1007 2666 antea
1023 2645 1052 2665 se
1070 2637 1104 2664 ab
1128 2637 1230 2664 criticis
1244 2636 1277 2663 ad
1304 2631 1460 2662 triu'mviros
1485 2635 1515 2661 A.
1533 2631 1564 2660 AZ
1582 2633 1615 2660 Α.
1635 2633 1665 2660 Ρ.
1682 2631 1714 2659 F.

930 2672 1080 2701 transferre
1097 2671 1246 2699 debuisset.
1260 2671 1328 2698 illud
1352 2675 1441 2697 autent
1458 2668 1522 2696 mihi
1539 2669 1572 2695 de
1586 2669 1639 2695 hoc
1653 2668 1716 2694 ἰοί-ο

928 2708 1052 2735 mirabile
1067 2707 1155 2735 visum
1169 2711 1219 2738 cst,
1229 2707 1301 2740 quod
1313 2705 1403 2732 nullus
1421 2712 1454 2732 ex
1476 2703 1614 2740 veteribus
1629 2703 1716 2740 inter-

949 2743 1050 2770 retibus
1081 2741 1182 2770 Graecis
1210 2738 1291 2772 infra,
1325 2749 1384 2774 cap.
1410 2745 1438 2771 κ,
1468 2746 1539 2765 vers.
1562 2738 1606 2771 ΔΟ,
1640 2738 1714 2767 hunc

938 2782 1017 2806 ocum
1043 2777 1190 2805 lectoribus
1214 2777 1242 2804 in
1268 2773 1426 2803 memoriam
1451 2779 1570 2801 revocat.
1603 2773 1716 2801 Scilicet

927 2813 1029 2841 conscii
1061 2817 1140 2840 erant
1166 2812 1227 2844 sibi,
1257 2817 1286 2838 se
1317 2816 1419 2838 temere
1436 2814 1545 2844 secutos
1574 2816 1635 2837 esse
1651 2808 1716 2836 Ori-

927 2856 1035 2883 genem,
1049 2848 1143 2875 relicta
1160 2842 1322 2883 auctoritate
1343 2845 1492 2883 codicum._
1508 2842 1580 2881 Ergo
1604 2844 1717 2873 consul-

929 2880 983 2912 iius
998 2883 1140 2919 putabant,
1157 2882 1294 2910 abstinere
1314 2887 1342 2909 sc
1362 2880 1396 2908 ab
1409 2881 1461 2909 isto
1484 2881 1555 2909 loco.
