1922 3070
187 108 222 139 67

893 102 1103 133 PREFATIO.

1779 100 1819 133 68

222 164 269 197 21,
284 163 329 192 15.
345 162 441 190 Simon
458 161 547 197 (Iona)
570 160 662 196 diligis
674 167 718 190 me
733 159 794 195 plus
810 158 874 186 his?
890 159 978 187 Habet
992 163 1015 192 Α
1031 160 1089 187 vice
1113 158 1298 194 subsequitur.
1322 157 1453 186 Similiter
1467 158 1549 186 etiam
1572 158 1654 187 habet
1679 160 1820 195 exemplar

188 218 318 245 namque,
341 211 429 241 Ἰωνᾶ,
447 217 502 236 non
526 208 638 234 Ἰωαννᾶ
654 216 661 234 :
675 211 704 234 et.
727 207 764 233 ita
784 213 893 234 rursum
911 206 976 234 bina

1029 206 1234 242 Complutense.

796 357 977 388 EIUSDEM
998 357 1204 389 BENTENII.

227 422 260 450 In
273 423 312 450 llis
326 431 384 457 quae
393 427 538 458 sequuntur
555 422 706 458 multisque
717 421 784 458 aliis
797 422 823 448 in
839 421 901 458 locis
915 420 1088 458 Evangeliunt
1103 420 1211 454 phrasin
1228 421 1327 458 imitati
1342 421 1510 455 Hebr-aleam,
1529 426 1671 456 posuerunt
1692 429 1818 456 pratum,

697 457 831 484 interdum
847 457 927 484 etiam
940 461 964 483 et
979 456 1140 490 praeteritum
1162 457 1323 492 profuturo.

230 603 326 631 Matth.
344 602 388 634 11,
400 602 428 635 5,
440 606 468 629 et
481 601 562 629 Lucae
576 602 603 634 7,
621 602 665 636 19,
683 602 728 635 20,
752 602 873 630 occurrit
887 601 913 629 in
929 602 984 637 pri-
997 607 1022 633 Α
1071 602 1137 630 Luc.
1156 603 1198 636 15,
1212 603 1257 630 55.
1273 603 1342 630 Ecce
1356 602 1542 638 (relinquitur)
1560 603 1636 632 vobis
1656 604 1754 632 domus
1774 613 1825 633 ve-

194 649 246 676 mis
262 649 327 675 illud
345 648 465 675 maxime
478 648 619 683 vulgatum
637 658 644 675 ι
661 648 702 676 Tu
719 657 749 675 es
759 649 803 676 ille
821 648 879 684 (qui
897 648 982 683 venit)

194 703 228 722 an
259 696 340 722 alium
367 695 590 729 exspectamus?
618 695 669 722 Ubi
698 695 807 730 ponitur
837 695 984 730 ἐρχόμενος

193 742 308 774 ueniens,
327 748 375 776 pro
388 748 420 767 eo
431 741 502 775 quod
515 744 556 767 est
571 760 577 767 .
593 740 645 773 Qui
657 747 780 767 venturus
799 745 849 773 est,
869 745 916 767 aut
931 744 985 774 'po-

194 786 259 819 tius,
277 785 328 818 Qui
344 790 475 812 venturus
491 790 562 812 erat.
584 784 617 812 Et
633 785 730 812 eodem
757 785 838 812 modo
859 785 937 812 Joan.
956 785 983 817 6,

195 832 229 859 11
246 841 253 858 :
273 831 321 858 llic
335 836 376 858 est
398 839 462 858 vere
481 831 613 866 propheta
640 831 775 866 (veniens)
791 831 818 858 in
841 831 983 864 mundum,

195 878 222 906 id
240 881 291 910 est,
310 878 355 911 qui
374 881 506 904 venturus
519 881 588 905 erat.
609 876 728 904 Rursum
745 876 841 905 Matth.
861 877 902 909 l7,
923 877 949 903 ll
977 885 984 903 :

197 924 270 952 Elias
281 924 391 959 quidem
408 924 504 958 (venit)
523 923 640 958 primum
661 931 668 950 :
688 923 820 958 Ἔρχεται
845 930 894 958 pro
916 922 987 949 Ven-

197 977 274 999 turus
291 976 342 1001 est,
364 971 484 1006 ponitur.
501 970 533 997 Et
546 977 612 997 sane
627 969 652 997 id
666 969 693 999 in
710 969 850 997 hocverbo
871 969 986 1005 ἔρχομαι

198 1017 453 1052 frequentissimum
471 1020 524 1043 est.

233 1074 327 1100 Matth.
361 1073 406 1104 10,
419 1072 464 1100 20.
480 1072 538 1099 Non
553 1072 625 1100 enim
640 1080 689 1100 vos
709 1072 795 1107 (estis)
822 1071 872 1106 (illi
888 1071 934 1106 qui
950 1072 989 1098 lo-

196 1122 330 1154 quuntur)
361 1119 409 1145 sed
431 1118 549 1152 Spiritus
568 1117 655 1145 Patris
667 1118 751 1145 vestri
781 1118 837 1152 (qui
855 1117 987 1152 loquitur)

200 1165 229 1191 in
245 1164 332 1191 vobis.
348 1164 399 1191 Ubi
418 1170 539 1198 praesens
555 1163 617 1189 ἐστέ
631 1170 681 1198 pro
706 1163 780 1189 eritis
810 1163 946 1195 sumitur;
962 1166 989 1189 et

198 1209 345 1241 λαλοῦντες
363 1217 411 1244 pro
426 1217 459 1236 eo
478 1208 552 1244 quod
572 1213 622 1241 est,
637 1209 688 1241 Qui
705 1209 870 1242 loquentur;
895 1212 922 1235 et
940 1207 989 1238 λᾳ·

192 1255 273 1287 ζλυῦν,
289 1263 339 1290 pro
355 1255 494 1290 loquetur.
516 1254 618 1281 Eadem
643 1254 724 1281 etiam
746 1254 880 1282 habentur
904 1253 987 1283 Marc.

202 1303 246 1334 15,
268 1302 309 1328 li.

238 1357 334 1384 Matth.
343 1357 389 1390 22,
402 1357 446 1384 50.
460 1356 489 1383 lu
500 1355 700 1383 resurrectione
715 1363 803 1390 neque
815 1355 992 1389 (contrahunt

196 1403 420 1437 matrimonium)
436 1409 524 1436 neque
540 1401 648 1437 (nuptui
662 1401 828 1437 traduntur),
844 1402 892 1429 sed
914 1402 991 1437 quasi

201 1449 292 1484 angeli
308 1449 354 1475 Dei
370 1456 397 1475 in
413 1447 577 1483 ctelo(sunt)
592 1446 710 1474 \‘crbum
727 1447 858 1482 γαμοῦσι,
874 1447 946 1482 quod
959 1454 991 1474 ex

197 1495 380 1531 sequentibus
397 1495 496 1527 verbis,
513 1502 573 1529 quae
592 1494 738 1521 manifeste
752 1494 898 1528 praesentia
912 1498 987 1527 sunt,

203 1542 285 1569 etiam
295 1541 440 1576 (iudicatur
451 1547 512 1567 esse
529 1547 660 1574 praesens,
673 1548 722 1574 pro
737 1540 828 1568 futuro
837 1540 992 1566 contra/ient

198 1587 337 1622 .accipitur
354 1595 361 1613 :
378 1590 405 1613 et
422 1585 619 1620 ἐκγαμίζονται
637 1592 700 1619 pro,
714 1584 817 1620 Nuptui
832 1585 990 1618 tradentur;

203 1633 333 1660 similiter
349 1633 402 1659 εἰσί
423 1640 472 1667 pro
491 1637 579 1659 erunt.
605 1631 666 1659 Pari
696 1639 805 1667 quoque
837 1633 918 1659 modo
943 1631 992 1658 ha-

205 1680 306 1706 bentur
323 1680 404 1706 verba
419 1679 474 1706 hate
490 1677 557 1706 Luc.
570 1678 617 1710 20,
634 1678 677 1711 35,
692 1678 742 1711 36;
755 1678 840 1706 Marc.
857 1678 956 1711 12,25.

242 1736 338 1764 Matth.
352 1736 395 1769 17,
412 1736 457 1764 20.
473 1736 502 1763 Si
518 1735 664 1771 (habeatis)
681 1736 760 1764 fidem
787 1737 858 1764 sicut
879 1745 991 1772 granum

204 1782 321 1816 sinapis.
337 1783 437 1817 Ἐχητε
454 1790 504 1817 pro
519 1782 611 1809 futuro
630 1782 774 1809 habueritis
794 1782 921 1810 sumitur.

240 1827 336 1855 Matth.
350 1828 396 1860 26,
410 1828 452 1854 11.
467 1828 605 1862 Pauperes
615 1828 689 1855 enim
704 1835 814 1862 semper
828 1828 934 1855 habetis
946 1837 994 1855 vo-

202 1873 322 1906 biscum,
341 1881 384 1900 me
396 1881 461 1900 vero
473 1881 526 1900 non
544 1881 651 1908 semper
671 1873 810 1909 (habetis).
826 1873 881 1900 Hoc
892 1874 992 1901 in‘leco

205 1927 327 1954 praesens
338 1919 413 1954 ἔχετε
425 1920 574 1954 profuturo
585 1919 711 1947 Itabebttis
724 1921 839 1954 capitur.
850 1919 884 1947 Et
896 1920 992 1947 eodem

207 1966 290 1993 modo
309 1966 388 1994 Joan.
403 1966 447 1998 l2,
464 1966 490 1993 8.

243 2012 340 2040 Matth.
367 2012 414 2045 ‘28,
432 2014 458 2040 7.
486 2012 558 2040 Ecce
589 2012 739 2048 (pra'cedit)
754 2013 840 2040 vosin
857 2012 995 2043 Galilaeam

207 2058 322 2093 προάγει
349 2066 398 2093 pro
422 2058 513 2086 futuro
538 2059 667 2093 prta-edet
690 2059 835 2094 accipitur.
863 2058 996 2087 Similiter

206 2105 290 2131 etiam
306 2105 389 2131 habet
398 2104 509 2132 vllae-cus
526 2104 570 2137 16,
586 2104 612 2130 7.

244 2149 327 2177 Marc.
348 2150 375 2181 3,
389 2150 434 2177 29.
450 2151 610 2184 Quicunque
625 2150 852 2185 blasphemaverit
866 2152 997 2180 adversus

207 2195 342 2230 Spiritum
372 2200 508 2226 sanctum,
535 2198 601 2230 (non
642 2195 731 2230 habet)
756 2196 945 2226 remissionem
969 2197 997 2224 in

208 2245 352 2273 aeternum,
367 2241 414 2267 sed
435 2248 498 2267 reus
514 2242 578 2274 (est)
597 2241 692 2268 aeterni
710 2241 818 2276 judicii.
845 2242 921 2277 Ἔχει
948 2250 999 2278 pro

206 2286 311 2313 habebit
331 2287 473 2322 accipitur,
489 2292 518 2314 ct
535 2287 610 2313 ἐστὶν
636 2295 686 2321 pro
700 2288 759 2314 erit.

245 2343 330 2371 Marc.
349 2344 375 2377 9,
392 2344 435 2370 19³..
450 2344 523 2371 Elias
543 2351 606 2373 cum
631 2344 838 2382 Vpriusvcnerit
854 2345 997 2381 (restituit)

210 2389 314 2417 Oznnia.
346 2390 403 2416 lloc
418 2390 444 2416 in
477 2389 537 2416 loco
562 2390 734 2423 ἀποκαθιστᾷ
751 2391 864 2418 verbum
881 2399 999 2426 praesens

211 2437 331 2464 sumitur
348 2444 398 2471 pro
411 2436 505 2463 futuro
524 2436 653 2464 restituet.
666 2436 734 2472 Cap.
750 2437 777 2470 9,
790 2438 833 2465 31.
852 2437 936 2466 Filius
950 2438 999 2465 ho-

210 2484 293 2511 minis
309 2484 448 2518 (traditur)
464 2483 491 2509 in
506 2490 603 2510 manus
631 2483 781 2511 hominum.
802 2484 934 2515 Similiter
949 2486 1000 2518 hoc

211 2530 238 2557 in
259 2530 320 2557 loco
345 2530 524 2565 παραδίδοται
541 2530 651 2561 verbum
670 2538 790 2566 pnesens
806 2533 938 2567 accipitur
951 2539 1000 2567 pro

211 2577 305 2604 futuro
321 2578 452 2604 tradetur.

247 2623 333 2651 Marc.
350 2623 394 2655 11,
407 2623 452 2650 21.
469 2623 644 2659 Quazeunque
654 2630 764 2651 orantes
776 2623 879 2658 petitis,
894 2623 998 2650 credite

212 2671 284 2705 quod
312 2670 454 2705 (accipitis)
480 2675 508 2698 et
529 2676 611 2698 erunt
636 2671 725 2698 vobis.
756 2671 916 2706 Λαμϐάνετε
948 2677 999 2704 pro

212 2715 359 2750 accipietis.

1033 652 1090 677 Stra
1112 649 1234 683 Ἄφιεται
1249 656 1298 683 pro
1312 649 1403 676 futuro
1422 649 1594 684 relinquetur.

1068 693 1147 721 Joan.
1158 694 1184 725 6,
1194 693 1240 720 ‘28.
1250 693 1322 725 Quid
1333 693 1470 729 (facimus)
1479 700 1508 721 ut
1518 701 1664 730 eperemur
1672 703 1755 731 opera
1769 696 1821 725 Dei

1035 737 1166 773 ποιοῦμεν
1181 745 1231 772 pro
1256 737 1395 772 faciemus.

1069 783 1150 812 Joau.
1167 783 1194 816 7,
1214 783 1260 810 27.
1287 783 1416 812 Christus
1439 792 1502 812 cum
1534 785 1651 819 venerit,
1671 793 1752 814 nemo
1775 795 1828 816 co-

1035 829 1142 865 gnoscit
1161 830 1234 856 unde
1245 830 1301 864 (sit)
1316 830 1376 856 ἐστὶ
1391 837 1440 865 pro
1457 830 1550 858 futuro
1559 832 1620 858 erit.

1070 875 1139 905 Joan
1168 875 1194 907 7,
1210 875 1256 902 53.
1272 876 1318 903 51.
1335 875 1409 904 Vade
1438 877 1471 904 ad
1487 884 1550 904 eum
1580 878 1626 912 qui
1655 878 1729 906 misit
1755 886 1798 907 me
1818 888 1826 906 :

1035 922 1162 958 quaeretis
1184 929 1229 949 me
1247 926 1275 949 et
1301 930 1355 949 non
1377 922 1520 950 invenietis
1536 931 1543 950 :
1558 928 1587 952 et
1610 924 1656 952 ubi
1666 931 1718 960 ego
1742 927 1827 962 (sum)

1036 975 1069 995 eo
1085 975 1134 995 vos
1150 975 1206 994 non
1235 968 1374 1004 (potestis)
1400 969 1505 996 venire.
1533 969 1598 1005 Ειμι
1623 978 1674 1006 pro
1697 979 1742 998 ero
1769 979 1776 997 :
1797 977 1828 999 et

1035 1015 1150 1042 δύνασθε
1165 1023 1215 1050 pro
1230 1015 1324 1042 futuro
1338 1016 1458 1051 poteritis
1473 1016 1655 1051 accipiuntur.

1071 1062 1152 1089 Joan.
1169 1062 1196 1094 8,
1222 1061 1266 1088 5i.
1283 1062 1311 1089 Si
1324 1069 1372 1089 vos
1390 1062 1548 1089 manseritis
1562 1062 1590 1089 in
1606 1069 1735 1090 sermone
1748 1070 1824 1096 meo,

1038 1107 1096 1135 veri
1111 1107 1238 1143 discipuli
1255 1107 1310 1135 mei
1330 1108 1404 1143 (esti)
1430 1109 1492 1134 ἐστέ
1508 1116 1557 1143 pro
1573 1109 1646 1136 eritis
1662 1109 1792 1141 sumitur.

1073 1153 1152 1180 Joan.
1168 1153 1194 1185 8,
1207 1153 1252 1180 46.
1264 1153 1314 1185 Qui
1326 1161 1360 1180 ex
1373 1154 1452 1181 vobis
1465 1154 1574 1190 (arguit)
1589 1162 1633 1182 me
1646 1155 1679 1183 de
1694 1154 1830 1190 peccato?

1038 1199 1144 1233 ἐλέγχει
1156 1206 1205 1233 pro
1225 1204 1316 1234 arguet
1332 1200 1474 1234 accipitur.

1073 1243 1153 1271 .loau.
1169 1245 1212 1276 15,
1228 1245 1255 1272 8.
1272 1244 1299 1272 Si
1315 1253 1371 1272 non
1383 1246 1519 1277 laverote.
1535 1254 1589 1273 non
1603 1246 1710 1283 (babes)
1724 1252 1830 1283 partem

1005 1297 1027 1324 Β
1042 1297 1160 1317 mecum.
1175 1290 1266 1325 Ἔχεις
1281 1290 1360 1317 habes
1376 1299 1425 1325 pro
1440 1291 1556 1319 habebis.

1077 1335 1156 1363 Joan.
1172 1336 1216 1368 11,
1232 1336 1276 1363 17.
1291 1335 1346 1363 Vos
1361 1342 1453 1364 autem
1469 1338 1654 1373 (cognoscitis)
1671 1346 1745 1372 eum,
1761 1339 1827 1375 quis

1042 1384 1114 1417 apud
1127 1389 1175 1409 vos
1204 1382 1330 1418 (manet.)
1350 1383 1503 1410 Γινώσκετε
1528 1392 1578 1419 pro
1591 1386 1750 1420 cognoscetis
1767 1394 1775 1413 :
1803 1391 1832 1414 et

1045 1428 1119 1464 μένει
1136 1436 1185 1464 pro
1199 1430 1323 1457 manebit.
1339 1429 1432 1457 Ethoc
1444 1430 1515 1457 sicut
1528 1436 1556 1457 et
1572 1431 1624 1458 alia
1634 1433 1829 1467 propemodum

1043 1475 1145 1508 omnia,
1155 1475 1252 1502 littera:
1263 1475 1348 1502 series
1363 1475 1421 1510 ipsa
1432 1476 1563 1504 declarat.

1077 1520 1156 1548 Joan.
1176 1522 1220 1552 14,
1237 1521 1278 1548 l9.
1294 1521 1390 1549 Adhuc
1405 1522 1557 1556 modicum,
1578 1529 1605 1550 et
1624 1524 1744 1552 mundus
1775 1525 1831 1559 jam

1043 1575 1088 1594 me
1115 1574 1170 1594 non
1196 1567 1322 1602 (videbit)
1354 1575 1406 1595 vos
1423 1573 1516 1596 autem
1542 1567 1667 1606 (videbit)
1697 1578 1751 1598 me.
1782 1571 1832 1599 Hic

1043 1620 1109 1640 sane
1124 1621 1280 1648 quanquam
1307 1612 1346 1648 (a)
1363 1618 1459 1641 auctor
1473 1615 1584 1650 quidam
1601 1624 1656 1644 non
1681 1617 1757 1651 parvi
1780 1624 1833 1645 no-

1042 1659 1126 1687 minis
1149 1660 1225 1687 dicat
1253 1660 1353 1695 θεωρεῖ
1376 1667 1403 1688 et
1438 1662 1568 1698 θεωρεῖτε
1600 1663 1743 1696 praesentis
1770 1670 1833 1691 esse

1045 1706 1175 1741 temporis
1191 1715 1198 1733 :
1213 1711 1278 1734 sunt
1291 1711 1382 1735 tamen
1404 1708 1485 1735 etiam
1503 1708 1580 1743 juxta
1593 1716 1714 1737 canones
1729 1700 1837 1737 Graecas-

1044 1753 1235 1787 grammatices
1245 1753 1334 1780 futura
1349 1754 1479 1781 secunda.
1492 1753 1634 1788 Similiter,
1650 1762 1711 1790 cap.
1728 1754 1829 1788 45,26,

1044 1798 1091 1830 27,
1116 1805 1179 1831 cum
1196 1798 1318 1828 dicitur:
1335 1799 1383 1826 Ille
1406 1800 1593 1827 testimoniqu
1612 1801 1768 1835 perhibebit
1798 1802 1833 1828 de

1045 1851 1100 1875 me,
1120 1848 1148 1870 ct
1180 1851 1229 1871 vos
1244 1844 1339 1878 (testes
1354 1844 1455 1879 eritis.)
1472 1845 1559 1872 Etiam
1577 1845 1616 1872 ait
1644 1846 1716 1873 idem
1739 1851 1836 1873 auctor

1046 1892 1420 1926 pqptopeirspratsensesse
1447 1891 1601 1925 indicantis,
1629 1896 1658 1919 ut
1675 1892 1831 1927 significet:

1047 1937 1145 1964 Testes
1162 1937 1238 1969 estis,
1257 1943 1303 1964 aut
1319 1942 1409 1970 estote,
1425 1938 1656 1972 quemadmodum
1673 1938 1756 1965 etiam
1782 1937 1834 1966 hoc

1007 1966 1031 1998 δ
1047 1983 1108 2010 loco
1122 1985 1213 2011 vertit.
1229 1966 1454 2019 Attameu'puult'o
1465 1983 1637 2011 commodius
1649 1983 1755 2011 dicetur
1773 1990 1834 2011 esse

1047 2028 1171 2060 futurum
1184 2029 1336 2057 secundum
1350 2038 1357 2056 :
1371 2029 1523 2064 przesertim
1537 2036 1599 2056 cum
1610 2030 1672 2057 Aet.
1686 2036 1748 2064 cap.
1764 2029 1790 2060 1,
1805 2029 1834 2060 8.

1039 2075 1142 2102 eadem
1159 2075 1245 2102 ferme
1260 2076 1341 2103 verba
1367 2075 1488 2102 referens
1505 2075 1604 2106 Lucas.
1631 2075 1704 2103 dicat
1724 2084 1731 2102 :
1758 2076 1836 2104 Acci-

1047 2119 1128 2155 pietis
1141 2120 1269 2148 virtutem
1286 2121 1498 2156 superveniente
1509 2120 1613 2155 Spiritu
1630 2125 1724 2149 sancto
1737 2121 1765 2148 in
1787 2129 1836 2149 vos

1049 2170 1077 2193 et
1092 2167 1168 2199 eritis
1184 2167 1251 2197 mihi
1267 2172 1362 2196 testes.
1380 2167 1432 2195 Ubi
1447 2171 1542 2202 aperte
1555 2175 1605 2202 per
1620 2167 1741 2195 futurum
1754 2168 1835 2196 balbe!

1048 2212 1140 2239 Grawa
1155 2213 1245 2240 littera
1260 2213 1367 2244 Εςεοθε.
1384 2213 1455 2241 facta
1470 2213 1552 2241 etiam
1575 2213 1693 2250 primum
1707 2221 1822 2248 superve

1020 2280 1024 2282 .
1048 2258 1150 2286 utentis
1168 2259 1288 2294 Spiritus
1313 2260 1399 2287 stult-ti
1422 2260 1573 2292 mentione,
1590 2260 1662 2291 sicut
1673 2260 1756 2287 etiam
1783 2259 1834 2287 hoc

1048 2303 1120 2331 loco.
1155 2303 1291 2331 Praeterea
1310 2312 1373 2331 cum
1386 2305 1483 2331 eodem
1502 2305 1590 2338 capite
1606 2305 1650 2336 16,
1665 2304 1698 2331 10
1714 2303 1832 2331 dicitur:

1048 2350 1090 2376 Ad
1115 2355 1221 2384 patrem
1244 2350 1323 2383 vade,
1337 2355 1368 2379 et
1397 2351 1510 2385 posthac
1524 2357 1578 2376 non
1601 2349 1750 2384 (videbitis)
1779 2357 1833 2376 me.

1042 2396 1083 2423 Et
1103 2402 1164 2431 post
1181 2404 1265 2429 pauca
1288 2404 1359 2423 vers.
1379 2397 1411 2422 16
1438 2396 1560 2423 :Pusillo
1585 2399 1708 2430 tempore
1731 2400 1760 2422 et
1780 2403 1832 2422 non

1051 2442 1197 2477 (videbitis)
1217 2450 1270 2469 me.
1297 2443 1402 2470 Asserit
1428 2442 1498 2470 idem
1528 2441 1563 2477 (ιι)
1594 2446 1708 2476 tttroque
1738 2442 1833 2469 horum

1050 2487 1171 2514 locorum
1199 2488 1391 2522 evangelistam
1424 2488 1539 2520 abusum
1554 2491 1678 2522 tempore
1706 2489 1833 2522 presenti

1050 2534 1228 2568 profuturo.
1252 2533 1307 2560 Nos
1334 2540 1427 2560 autem
1453 2534 1607 2567 opinamur,
1625 2534 1697 2568 quod
1727 2534 1834 2568 proprie

1051 2580 1171 2607 futurum
1181 2581 1330 2607 secundum
1349 2580 1481 2614 posuerit.
1508 2580 1584 2612 Quod
1603 2580 1666 2607 inde
1691 2579 1769 2608 facile
1794 2584 1834 2606 est

1016 2626 1189 2669 Dcolligere,
1217 2625 1288 2660 quod
1317 2626 1409 2652 statim
1438 2631 1567 2660 sequatur
1589 2626 1710 2652 futurum
1740 2625 1836 2660 θᾲεσϐι

1052 2671 1192 2699 videbitis.
1221 2671 1345 2697 Scietuus
1369 2675 1460 2697 tamen
1486 2671 1617 2705 quosdam
1647 2671 1835 2705 grammaticos

1051 2718 1144 2745 futura
1172 2716 1293 2745 secunda
1319 2725 1335 2744 a
1348 2717 1441 2745 verbis
1450 2717 1633 2745 circumﬂuis
1649 2717 1675 2744 iu
1686 2721 1771 2744 totum
1786 2725 1834 2744 au-

249 2785 288 2823 (ᾳ)
301 2785 339 2823 Et
352 2785 406 2812 huc
420 2791 446 2813 et
458 2786 538 2821 paulo
560 2791 621 2821 post
634 2787 740 2814 videtur
764 2786 914 2820 intelligere
931 2785 1084 2820 Erasmum,
1097 2794 1178 2822 quem
1194 2786 1256 2815 vide
1270 2787 1298 2815 in
1309 2786 1535 2823 interpretatione
1551 2791 1580 2814 et
1595 2786 1622 2813 in
1634 2785 1716 2813 notis.

250 2821 286 2856 Ut)
300 2820 428 2849 Erasmus
445 2820 471 2848 in
484 2820 568 2849 notis;
