1922 3070
66 163 107 194 117

494 161 687 192 COMMENT.
708 160 749 190 ΙΝ
778 159 1013 191 ΜΑΤΤΗᾹΞΠΜ.
1032 173 1067 177 -
1092 160 1170 190 CAP.
1194 159 1216 189 Ι.

1618 154 1667 187 118

65 221 104 247 καὶ
115 218 213 253 ταύτην.
237 217 316 250 Τινὲς
333 217 361 245 δέ
388 225 481 252 φασιν,
504 217 556 248 ὅτι,
572 216 667 250 ἐπειδὴ
678 216 692 242 ο
711 215 829 251 Χριστὸς
845 240 846 244 η

892 215 918 242 .it
929 214 1073 250 generalis,
1090 214 1173 241 etiam
1192 213 1243 240 hoc
1269 211 1414 247 signiﬁcat.
1446 210 1561 244 Quidam
1578 214 1670 236 autem

63 265 186 302 ὑπερφυῶς
201 264 346 299 γεννηθεὶς
361 265 394 291 ὲκ
410 263 563 299 Παρθένου.
586 263 636 298 τὴν
654 263 726 290 κατὰ
745 262 827 297 φύσιν

64 313 167 346 γέννησιν
188 311 400 345 ἐκαινοτόμησε,
416 309 511 335 λοιπὸν
538 308 585 335 καὶ
601 309 615 335 ὀ
631 308 828 343 εὐαγγελιστὴς

64 358 237 392 ἑκαινοτύμησε
264 357 294 383 τὸ
307 356 378 383 κατὰ
391 356 473 390 φύσιν
486 355 574 390 δνομα
588 355 636 390 τῆς
662 355 827 390 γεννήσεως,

64 404 154 436 γένεσιν
167 403 247 438 αὐτὴν
267 401 387 433 καλέσας
402 401 452 437 (7).

92 492 124 518 Τὸ
140 492 164 518 δὲ
176 491 277 526 Ἰησοῦς
293 491 394 525 dvorsa,
417 491 566 526 Ἐὃραῖκὸν
583 492 632 526 μέν
647 492 715 523 ἐστι,
729 491 830 527 σημαί-

63 546 96 563 νει
109 537 132 563 δὲ
143 537 182 563 τὸν
193 537 325 571 Σωτῆρα.
341 552 377 557 --
392 537 489 570 Αὐτὸς
504 537 560 572 γὰρ
574 538 672 569 σώσει,
688 539 765 573 φησὶ,
778 538 832 564 τεν

61 585 128 612 ,ίοόν
137 585 224 612 αὑτοῦ
238 585 299 611 ἀπὸ
317 583 377 611 τῶν
390 584 543 619 ἁμαρτιῶν
553 585 662 612 αὐτῶν,
677 585 733 611 Ἰνα
753 585 781 611 δὲ
795 584 831 619 μὴ

62 630 187 665 πλανηθῇς
212 630 277 665 περὶ
295 630 343 664 τὴν
366 630 537 665 ὁμωνυμίαν,
564 630 670 663 Ἰησοῦν
690 630 830 662 ἀκούσας’

62 676 147 709 γέγονε
156 676 206 710 γὰρ
225 675 271 702 καὶ
286 675 366 706 ἄλλος
379 676 485 710 Ἰησοῦς
496 695 502 706 ,
524 676 538 702 ὁ
550 676 596 702 τοῦ
615 676 692 711 Ναυῆ
701 685 707 692 ·
726 676 777 702 οὐκ
790 673 831 702 εἴ-

61 731 105 748 πεν
118 722 196 756 Ἰησοῦ
214 723 304 757 μόνον,
319 722 387 748 ἀλλὰ
402 722 502 756 Ἰησοῦ
516 724 657 757 Χριστοῦ,
669 723 833 750 διαστέλλων

60 767 101 794 ἀπ’
118 768 215 794 ἐκείνου
239 767 345 794 τοῦτον.
366 768 531 804 ’Δπορήσειε
551 769 574 795 δ’
592 769 625 796 ἄν
643 778 695 803 τις,
710 770 762 803 ὅτι,
786 769 834 797 καὶ

61 813 232 848 μὴνήβίὸλος
246 813 316 848 αὕτη
333 814 383 840 οὐκ
410 814 469 840 ἐστι
496 815 581 850 μόνης
603 816 653 851 τῆς
679 817 834 851 γεννήσεως

64 857 142 893 Ἰησοῦ
157 859 283 893 Χριστοῦ,
298 859 355 885 ἀλλ’
368 859 432 894 ὅλης
454 860 537 887 αὐτοῦ
554 862 603 896 τῆς
615 861 772 895 οἰκονομίας
787 862 835 888 καὶ

59 905 199 936 πολιτείας·
223 905 324 939 λύομεν
355 905 383 931 δὲ
408 906 458 941 τὴν
485 906 614 942 ἀπορίαν,
633 908 674 934 ὅτι
699 907 729 934 τὸ
747 908 833 943 κεφά-

58 952 127 978 λαιον
141 952 177 985 (8)
199 953 264 986 ὅλης
278 953 327 987 τῆς
351 952 510 988 οἰκονομίας
535 954 583 980 καὶ
611 954 762 987 πολιτείας,
787 956 836 982 καὶ

57 997 123 1032 ἀρχὴ
137 998 183 1024 καὶ
200 998 264 1032 ῥίζα
278 998 328 1032 τῆς
356 999 496 1034 σωτηρίας
521 999 599 1034 ἡμῶν
615 1001 631 1034 ἡ
648 1001 775 1036 γέννησις
790 999 834 1037 ἦν,

56 1044 134 1071 Τοῦτο
148 1044 198 1080 γὰρ
214 1044 373 1080 ἐκπλήξεως
394 1045 475 1079 γέμει
495 1046 542 1072 καὶ
571 1046 683 1081 φρίκης,
701 1047 750 1073 καὶ
764 1047 836 1082 ὑπὲρ

54 1089 146 1116 ἐλπίδα
174 1091 263 1116 πᾶσαν
291 1091 339 1116 καὶ
359 1090 524 1124 προσδοκίαν
551 1091 619 1123 ἐστὶ,
651 1091 690 1124 τὺ,
707 1091 836 1125 γενέσθαι

53 1136 94 1161 τὸν
105 1135 170 1162 Θεὸν
184 1135 338 1170 ἄνθρωπον.
351 1136 371 1161 Τ
374 1136 453 1162 oti-tau
471 1136 525 1171 γὰρ
540 1137 699 1173 γενομένου,
717 1138 752 1164 τὰ
768 1138 837 1172 μετὰ

52 1183 127 1208 τοῦτο
156 1182 243 1208 πάντα
267 1183 327 1208 κατ’
345 1182 508 1209 ἀκολουθίαν
538 1184 586 1210 καὶ
614 1184 692 1218 λόγον
710 1185 835 1212 ἕπονται.

52 1229 152 1255 Λοιπὸν
167 1229 213 1256 οὖν
228 1229 282 1256 ἀπο
305 1230 352 1256 τοῦ
381 1231 551 1266 κυριωτέρου
566 1232 674 1266 μέρους,
689 1231 780 1265 βίϐλον
792 1239 838 1265 γε-

51 1276 159 1307 νέσεως,
184 1276 244 1302 ελον
259 1276 290 1302 τὸ
308 1276 410 1311 βιϐλίον
433 1278 574 1304 ἐκάλεσεν.
599 1277 677 1304 Οὕτω
692 1277 746 1313 γὰρ
763 1278 809 1304 καὶ
823 1279 837 1302 ὁ

50 1323 178 1356 Μωῦσῆς,
196 1322 286 1357 βίϐλον
314 1323 469 1355 Γενέσεως
499 1324 614 1358 οὐρανοῦ
644 1324 692 1350 καὶ
718 1324 780 1359 γῆς,
806 1323 837 1350 τὸ

50 1368 157 1402 πρῶτον
171 1368 253 1394 αὑτοῦ
268 1369 368 1404 βιϐλίον
385 1369 523 1404 ὠνόμασε,
540 1370 627 1396 καίτοι
654 1371 684 1396 οὐ
709 1370 774 1406 περὶ
791 1371 836 1397 οὺ-

52 1414 131 1448 ρανοῦ
149 1415 195 1441 καὶ
210 1415 262 1449 γῆς
278 1416 369 1449 μόνον,
387 1415 454 1442 ἀλλὰ
478 1416 526 1442 καὶ
552 1418 617 1452 περὶ
633 1416 688 1442 τῶν
715 1417 744 1444 ὲν
763 1417 837 1452 μέσῳ

49 1461 158 1487 πάντων
169 1461 328 1496 διαλεχθείς.

75 1509 138 1544 ΓΗ,
150 1510 188 1546 (9)
197 1510 259 1537 ἐπεὶ
267 1511 280 1536 ὁ
291 1511 406 1546 Χριστὸς
420 1512 466 1538 καὶ.
477 1512 545 1547 ὑπὲρ
556 1512 636 1546 φύσιν
645 1513 787 1548 ἐγεννήθη,
798 1513 836 1545 ὡς

882 263 988 295 dicunt,
1004 261 1076 296 quod
1090 269 1123 287 ex
1138 268 1192 295 quo
1207 259 1334 287 Christus
1353 256 1600 292 supernaturaliter
1623 263 1674 282 na-

882 314 926 336 tus
950 301 981 334 ex
1002 307 1122 342 Virgine,
1148 306 1299 333 naturalem
1324 304 1469 332 renovavit
1489 302 1672 332 nativitatem.

881 355 1020 399 reliquum
1037 357 1090 384 est,
1118 357 1147 379 ut
1168 353 1249 379 etiam
1270 350 1438 386 evangelista
1459 348 1584 376 naturale
1600 346 1672 374 nati—

884 402 973 430 vitatis
983 394 1145 428 vectabulum
1158 399 1344 427 renavarerit.
1365 396 1571 433 generationem
1586 394 1677 428 ipsam

882 456 994 476 vocans.

916 497 995 524 Iesus
1021 501 1110 524 autem
1131 502 1230 522 nomen
1261 491 1424 519 llebraieum
1456 493 1516 520 est;
1538 486 1674 523 signiﬁcat

883 549 974 571 autem
1000 543 1175 571 Salvatorem.
1188 555 1223 561 --
1236 540 1298 574 ipse
1317 538 1388 566 enim
1406 537 1444 564 ait
1459 544 1466 563 :
1494 535 1601 563 Salvum
1629 533 1674 567 fn-

883 592 930 617 cicl
946 590 1072 625 poputum
1092 596 1166 616 suum
1183 595 1198 614 α
1222 585 1335 620 νυοί-ιιιῖε
1359 591 1450 611 eorum
1463 583 1497 610 τ’.
1525 581 1563 607 Ne
1582 584 1673 606 autem

884 636 988 664 fallaris
1008 636 1035 662 in
1062 634 1175 662 nomine
1195 632 1270 659 varia
1293 630 1466 666 signiﬁcante
1504 634 1566 653 cum
1596 625 1675 652 .lcsus

884 684 962 712 audis
994 692 1001 710 :
1026 682 1170 717 Siquidem
1191 684 1219 707 et
1247 679 1316 706 alius
1344 677 1396 704 fuit
1421 674 1503 702 Jesus
1535 680 1542 700 :
1572 670 1685 717 ideirco

884 738 940 756 non
961 715 1119 763 simpliciter
1131 727 1219 761 ipsum
1237 722 1419 752 dixitJesum,
1437 719 1484 747 sed
1495 718 1588 746 Jesum
1601 715 1676 744 Chri-

885 780 969 807 stum,
984 762 1058 802 htinc
1087 773 1121 800 ab
1140 773 1186 799 illo
1208 770 1392 804 distinguens.
1423 766 1524 793 Verum
1552 762 1678 791 dubitare

886 821 1018 856 quispiam
1047 819 1157 854 poterit,
1174 825 1218 849 eo,
1250 815 1322 851 quod
1346 815 1390 841 hic
1404 813 1474 840 liber
1498 818 1554 838 non
1589 808 1677 856 solam

886 868 1028 895 contineat
1042 865 1144 893 Christi
1164 864 1349 895 nativitatem,
1367 860 1414 888 sed
1430 864 1460 887 et.
1489 863 1601 884 omnem
1618 854 1680 889 eius

887 914 1125 942 conversationem
1141 919 1174 939 ae
1193 910 1301 938 vivendi
1329 908 1476 935 rationem.
1494 904 1571 931 lianc
1598 901 1679 930 dubi-

889 962 1018 989 tationem
1046 959 1234 989 dissolvimus,
1262 957 1399 987 dicentes,
1423 951 1521 980 Omnis
1536 950 1595 985 ejus
1612 955 1681 976 eon-

887 1008 1061 1039 versationis,
1078 1007 1207 1040 modique
1228 1003 1337 1031 vivendi
1360 1004 1453 1036 caput,
1471 1003 1499 1026 et
1514 995 1680 1040 principium

887 1062 919 1081 ac
935 1052 1056 1080 radicem
1085 1038 1186 1078 nostra:
1202 1048 1308 1080 salutis,
1336 1046 1421 1074 fuisse
1444 1042 1627 1071 nativitatem.
1653 1038 1681 1066 ld

887 1100 960 1128 enim
976 1104 1089 1134 stupore
1119 1103 1148 1125 et
1162 1096 1346 1124 admiratione
1363 1092 1461 1127 replet,
1475 1094 1573 1124 estque
1598 1093 1681 1121 supra

887 1153 996 1173 omnem
1012 1133 1088 1180 spem
1099 1152 1131 1171 ac
1147 1141 1395 1177 exspectationem.
1414 1142 1446 1164 ut
1472 1137 1544 1163 Deus
1567 1134 1614 1161 ﬁat
1631 1133 1682 1160 ho-

885 1190 933 1218 mo
950 1199 956 1218 :
972 1199 1026 1225 quo
1042 1190 1124 1222 facto,
1143 1189 1235 1216 omnia
1250 1195 1310 1223 quat
1325 1185 1533 1222 posthoc-laeta
1558 1185 1632 1211 sunt,
1648 1187 1682 1207 ex

888 1237 1081 1271 consequenti,
1104 1243 1210 1270 suoque
1227 1234 1326 1261 ordine
1359 1234 1576 1266 consequuntur.
1607 1225 1684 1253 Reli-

887 1293 971 1321 qttum
984 1288 1025 1312 est
1049 1291 1124 1319 ergo,
1146 1287 1175 1310 ut
1191 1283 1225 1310 ab
1255 1282 1307 1308 hac
1320 1280 1409 1315 magis
1432 1277 1571 1314 praecipua
1592 1278 1681 1310 parte.

888 1339 987 1366 nempe
999 1335 1085 1358 totum
1102 1329 1213 1361 librum,
1224 1326 1409 1362 generationis
1423 1325 1523 1352 librum
1534 1320 1682 1348 vocaverit.

889 1378 976 1405 Moses
985 1384 1093 1412 quoque
1101 1376 1218 1411 primum
1228 1383 1309 1402 suum
1317 1373 1416 1401 librum
1426 1370 1534 1399 vocavit
1541 1368 1683 1395 Geneseos

888 1426 940 1452 hoc
947 1429 998 1456 est,
1009 1423 1155 1451 ereationis
1165 1423 1225 1450 coeli
1241 1427 1268 1449 et
1280 1420 1379 1448 teme"
1394 1426 1474 1446 :eum
1482 1425 1537 1444 non
1549 1415 1636 1442 solum
1649 1413 1683 1440 de

887 1471 957 1499 coelo
963 1475 989 1497 et
998 1475 1175 1501 terra,verum
1185 1467 1264 1495 etiam
1273 1466 1401 1493 omnibus
1409 1465 1533 1498 loquatur
1539 1460 1682 1490 creaturis.

926 1515 989 1542 Vel:
1001 1523 1061 1542 cum
1071 1514 1197 1542 Christus
1204 1517 1232 1540 et
1240 1510 1485 1547 supernaturaliter
1494 1513 1576 1535 natus
1584 1508 1683 1541 sit,ptr—

48 1557 113 1583 ᾶνευ
133 1557 301 1592 σπέρματος,
316 1558 362 1584 καὶ
374 1558 410 1588 ὡς
429 1559 461 1584 ὲκ
471 1558 620 1594 Παρθένου,
631 1558 679 1585 καὶ
694 1559 766 1586 κατὰ
784 1559 836 1593 φύ-

892 1566 915 1588 ta
926 1561 984 1588 sine
992 1561 1106 1592 semine,
1116 1565 1181 1587 etex
1189 1559 1298 1594 Virgine
1307 1562 1335 1585 et
1343 1556 1503 1585 naturaliter
1509 1558 1573 1590 pttta
1581 1562 1614 1581 ex
1625 1561 1684 1580 mu-

49 1612 104 1632 σιν,
117 1604 156 1633 ὡς
169 1604 201 1630 ἐκ
224 1605 364 1637 γυναικὸς,
380 1605 426 1631 καὶ
443 1605 481 1637 ὠς
499 1606 569 1640 μετὰ
590 1605 674 1641 θηλῆς
686 1614 694 1622 '
720 1605 776 1633 ἄνω
789 1607 840 1641 μὲν

47 1648 126 1676 εἶπεν
140 1649 307 1682 Γενέσεως,
318 1650 347 1677 τὸ
360 1651 430 1686 ὑπὲρ
442 1651 524 1685 φύσιν
542 1652 728 1687 αἰνιττόμενος
741 1661 747 1667 ·
763 1653 840 1680 κάτω

45 1697 86 1728 δὲ,
105 1695 155 1722 τοῦ
167 1696 256 1731 Ἰησοῦ
269 1697 399 1731 Χριστοῦ,
417 1698 509 1733 φησὶν,
523 1699 538 1733 ἡ
555 1699 681 1734 γέννησις
696 1699 782 1730 οὕτως
794 1698 839 1735 ἦν,

45 1743 76 1768 το
93 1743 168 1769 κατὰ
178 1744 260 1777 φύσιν
274 1743 371 1778 δηλῶν.
390 1744 469 1776 Τινὲς
479 1744 508 1770 δὲ
523 1742 599 1771 εἶπον
616 1745 723 1779 γένεσιν
739 1745 840 1780 Ὶησοῦ,

45 1789 97 1823 τὴν
111 1789 156 1820 εἰς
172 1789 219 1815 τὸν
237 1790 340 1824 κόσμον
368 1790 538 1826 παραγωγὴν
553 1790 648 1824 αὑτοῦ»
662 1789 718 1818 οἷον
731 1791 789 1823 πῶς
801 1792 843 1825 Υέ’

44 1834 155 1870 γονεν.]

85 1880 162 1908 1⁸Ιοῦ
177 1882 279 1914 Δαυτὸ,
295 1882 364 1910 υἱοῦ
383 1882 523 1917 Ἀϐραάμ.
540 1883 605 1910 Υιδν
622 1883 672 1918 μὲν
687 1883 734 1910 τοῦ
752 1884 842 1915 Δαυῒδ,

42 1927 92 1953 τὸν
118 1927 242 1963 Χριστὸν
265 1928 412 1955 ἐκάλεσεν·
442 1929 499 1955 υίδν
518 1929 546 1955 δὲ
565 1929 613 1955 τοῦ
643 1928 780 1964 Ἀϐραὰμ.
798 1931 844 1956 τὸν

42 1971 144 2003 Δαυῒδ,
167 1972 279 2006 ἀνάγων
296 1972 345 2004 τὰς
359 1973 477 2004 διανοίας
494 1973 548 2000 τῶν
563 1973 708 2009 ἀκροατῶν
719 1974 760 2004 εἰς
778 1975 845 2009 μνή-

43 2026 103 2052 μην
132 2017 191 2044 τῶν
212 2018 394 2052 ἐπαγγελιῶν.
420 2019 508 2046 Πάλαι
529 2020 583 2054 γὰρ
602 2021 615 2046 ὀ
629 2020 695 2051 Θεὸς
710 2020 844 2055 ἐπηγγεί-

41 2064 124 2095 λατο,
144 2064 244 2099 καὶτῷ
266 2064 403 2100 Ἀϐραὰμ..
417 2065 464 2092 καὶ
479 2065 518 2100 τῷ
530 2065 621 2096 Δαυῒδ,
637 2066 799 2101 ἀναστήσειν
813 2066 845 2093 ἐκ

41 2110 92 2136 τοῦ
123 2110 292 2145 σπέρματος
315 2111 407 2138 αὐτῶν
431 2111 477 2138 τὸν
502 2112 692 2147 Χριστόν.Ἐξ
707 2111 846 2138 Ἰουδαίων

40 2156 99 2190 γὰρ
118 2155 204 2187 ὅντες
218 2156 243 2182 οἱ
266 2157 411 2192 ἀκροαταὶ,
437 2157 508 2184 καθὰ
529 2159 745 2193 προειρήκαμεν,
762 2157 847 2192 ἐγνώ-

40 2201 125 2236 ριζον
146 2202 241 2236 (10-1)
257 2203 371 2235 ταύτας.
395 2203 506 2239 Πρῶτον
521 2203 549 2230 δὲ
564 2204 610 2230 τὸν
621 2204 702 2230 Δαυτδ
711 2204 844 2236 τέθεικεν,

38 2248 83 2273 ἐτι
101 2248 135 2274 ὲν
154 2249 215 2278 τοῖς
232 2248 361 2274 ἁπάντων
381 2248 496 2283 ἐφέρετο
513 2249 658 2284 στόμασιν,
684 2249 720 2280 ὡς
735 2250 845 2285 προφή-

38 2302 93 2327 της
113 2293 213 2328 μέγας
229 2294 275 2320 καὶ
289 2294 326 2325 ὡς
344 2294 471 2330 βασιλεὺς
501 2295 682 2328 ἐνδοξότατος,
699 2296 747 2322 καὶ
766 2296 804 2327 ὡς
814 2296 845 2322 οὺ

36 2339 132 2365 πάλαι
149 2340 367 2374 τετελευτηκώς.
390 2341 419 2367 '0
438 2340 493 2376 γὰρ
511 2340 648 2375 Ἀϐραὰμ,
665 2342 689 2368 εἰ
703 2342 750 2368 καὶ
765 2342 847 2374 αὐτὸς

35 2386 194 2419 ἐπὶσημος
209 2383 244 2420 ἦν
262 2386 298 2418 ὡς
314 2387 501 2422 πατριάρχης,
514 2387 574 2413 ἀλλ’
589 2386 635 2413 οὖν
649 2388 733 2414 πάλαι
748 2387 845 2420 θανὼν,

32 2432 67 2457 οὗ
92 2431 244 2466 τοσαύτης
257 2433 369 2468 μνήμης
384 2433 495 2468 ἠξίωτο.
512 2434 543 2460 El
556 2434 611 2468 γὰρ
623 2434 670 2460 καὶ
680 2435 845 2469 ἀμφοτέροις

30 2477 241 2511 ἐπηγγείλατο
255 2478 269 2504 ὁ
287 2478 363 2512 Θεδς,
382 2479 439 2506 ἀλλ’
455 2479 530 2513 ὅμως
545 2480 634 2506 ἐκεῖνο
658 2481 718 2515 μὲν,
740 2481 777 2512 ὼς
791 2489 847 2507 πα-

26 2523 135 2555 λαιὸν,
157 2525 273 2558 ὲσιγᾶτο
284 2533 291 2540 ·
306 2525 385 2552 τοῦτο
405 2525 443 2558 δὲ,
455 2525 493 2557 ὡς
512 2525 655 2560 νεώτερον,
669 2527 724 2553 ὑπὸ
736 2528 846 2554 πάντων

892 1609 968 1641 liere,
983 1611 1010 1635 et
1021 1607 1151 1634 uberibus
1165 1607 1307 1641 laetatus;
1325 1605 1386 1632 ideo
1399 1603 1476 1634 dixit,
1488 1601 1684 1638 generutionis’

891 1654 1034 1681 insinuans
1051 1653 1088 1685 id,
1102 1653 1174 1688 quod
1196 1656 1256 1679 erat
1272 1650 1489 1686 supernatttrale.
1507 1649 1577 1675 Infra
1593 1652 1684 1674 autem

891 1701 957 1728 dicit
976 1710 982 1727 :
999 1699 1062 1727 Jesu
1077 1699 1178 1727 Christi
1194 1699 1322 1726 nativitas
1337 1698 1377 1724 sic
1397 1696 1447 1723 fuit
1458 1696 1490 1726 '°.
1505 1695 1684 1722 manifestans

893 1747 929 1779 id,
956 1746 1028 1781 quod
1054 1746 1105 1772 fuit
1137 1745 1272 1772 naturale.
1307 1742 1422 1776 Quidam
1449 1749 1515 1769 vero
1545 1741 1684 1770 dixerunt,

893 1793 1096 1829 generationem
1112 1792 1188 1824 Jesu,
1205 1791 1292 1826 ipsius
1313 1790 1340 1817 in
1367 1789 1500 1816 mundum
1525 1786 1686 1814 descensio-

894 1848 969 1871 nem.
985 1848 1039 1875 qtto
1055 1840 1136 1866 modo
1154 1838 1281 1866 videlicet
1296 1837 1384 1865 {actus
1396 1837 1431 1864 sit
1442 1836 1484 1864 vel
1504 1839 1596 1862 natus.

930 1885 996 1912 Filii
1007 1885 1102 1912 David.
1126 1883 1334 1918 ﬁliiAbraham.
1352 1881 1450 1908 Filium
1465 1880 1575 1916 quidem
1600 1878 1685 1906 David

894 1930 1001 1958 vocavit
1011 1930 1161 1961 Christum,
1180 1928 1265 1955 ﬁlium
1281 1935 1347 1955 vero
1365 1926 1502 1954 Abraham
1530 1925 1619 1959 ipsum
1633 1923 1686 1950 [ὶδ-

896 1978 940 2005 vid
958 1977 1134 2004 :auditorum
1155 1979 1262 2002 mentes
1283 1974 1391 2010 erigens
1418 1973 1452 2001 ad
1472 1971 1687 2008 promissionum

897 2023 1069 2050 memoriam.
1085 2022 1155 2049 Olim
1181 2021 1254 2048 enim
1273 2020 1438 2055 promiserat
1451 2019 1522 2045 Deus
1548 2017 1686 2044 Abraham

896 2077 928 2096 ac
944 2068 1026 2095 David
1039 2076 1054 2095 e
1075 2067 1179 2094 semine
1194 2067 1317 2102 ipsorum
1330 2065 1503 2092 nasciturum
1521 2071 1583 2090 esse
1607 2061 1689 2089 (Zhrio

898 2121 981 2142 stum.
1003 2114 1070 2142 Cum
1086 2117 1176 2141 autent
1196 2113 1334 2140 auditores
1349 2116 1441 2139 essent
1461 2105 1558 2142 lttdtei,
1575 2113 1605 2136 ut
1621 2116 1688 2144 prae-

898 2162 1026 2193 diximus,
1044 2165 1175 2188 noverant
1191 2160 1250 2187 illas
1277 2158 1484 2194 promissiones.
1500 2157 1621 2184 Primum
1638 2163 1688 2183 att-

899 2210 953 2234 tem
981 2205 1066 2233 David
1082 2205 1183 2240 posuit,
1209 2205 1282 2239 quod
1300 2204 1327 2231 in
1355 2211 1402 2230 ore
1419 2202 1541 2229 omnium
1557 2201 1686 2233 ferretur,

899 2255 992 2287 utpote
1013 2251 1146 2287 propheta
1162 2258 1276 2286 magnus
1292 2256 1319 2278 et
1340 2254 1468 2285 tanquam
1486 2256 1532 2275 rex
1550 2247 1688 2283 gloriosis.

897 2299 996 2331 simus;
1017 2297 1119 2332 quique
1148 2305 1202 2324 non
1225 2300 1302 2322 tanto
1333 2299 1397 2322 ante
1418 2299 1540 2329 tempore
1562 2293 1686 2320 obiisset.

897 2344 1031 2371 Abraham
1045 2348 1146 2374 autem,
1165 2349 1320 2377 quanquam
1338 2340 1454 2376 insignis
1468 2339 1563 2369 fuerit,
1587 2345 1688 2372 nempe

897 2389 1063 2424 patriarcha,
1078 2393 1199 2416 attamen
1211 2396 1272 2416 eum
1284 2393 1347 2414 ante
1364 2387 1448 2413 ntttlta
1467 2386 1566 2413 saecula
1583 2393 1598 2411 e
1619 2384 1687 2410 \ivis

896 2436 1070 2467 excessisset,
1093 2440 1168 2462 tanta
1198 2434 1329 2462 memoria
1360 2441 1414 2460 non
1444 2432 1594 2460 colebatur.
1627 2430 1686 2458 Etsi

902 2482 984 2508 etiam
999 2482 1109 2516 utrique
1124 2481 1291 2516 promiserit,
1308 2481 1341 2508 de
1356 2481 1402 2507 illo
1420 2483 1510 2506 tamen
1530 2477 1608 2512 quasi
1638 2484 1686 2504 ve-

902 2527 1009 2555 tttstiori
1024 2527 1155 2555 silebatur
1173 2536 1179 2554 :
1201 2527 1252 2554 hoc
1267 2531 1356 2554 autem
1378 2531 1507 2561 tanquatn
1538 2523 1688 2554 recentius,

70 2615 97 2630 ⁷·
117 2613 230 2642 Matth.
247 2623 265 2648 ι,
280 2614 326 2642 21.
362 2615 374 2631 ⁸
390 2615 461 2644 Gen.
478 2623 508 2649 ll,
520 2616 546 2642 4.
585 2616 595 2631 ¹
613 2615 708 2643 Matth.
727 2624 745 2646 ι,
761 2616 786 2642 l.
821 2616 842 2632 ὀ

892 2618 928 2644 id.
955 2617 997 2644 l8.

660 2693 759 2724 Vat-ite
771 2694 926 2726 lectiones
944 2700 974 2726 et
991 2700 1082 2727 notua.

69 2778 116 2812 (7)
141 2776 218 2804 Post
242 2775 359 2808 καλέσας
387 2777 514 2812 leguntur
542 2777 567 2804 in
582 2777 649 2804 Cod.
667 2777 697 2804 Β.
724 2785 766 2808 ca,
788 2784 848 2809 quae

20 2811 225 2875 cs’lcodicis
251 2812 283 2839 Α.
316 2811 439 2848 margine
469 2813 550 2848 paulo
578 2818 642 2847 post
667 2812 711 2840 hic
727 2811 846 2846 ascripta

21 2857 83 2875 διιιι
105 2867 116 2874 ο

66 2884 114 2916 ε8)
151 2882 193 2909 Τό
213 2883 359 2911 delcvcrim
386 2893 393 2916 ;
413 2884 489 2911 τοῦτο
506 2883 588 2911 habet
606 2883 745 2920 Cltrysost.
776 2891 843 2914 tom.

905 2777 949 2805 vn
979 2787 1005 2813 ῃ.
1018 2779 1053 2805 ea
1067 2779 1097 2807 c.

938 2814 979 2851 (ξιξ
992 2814 1094 2851 Inclusa
1108 2815 1134 2841 in
1151 2816 1273 2851 margine
1289 2814 1372 2842 habet
1388 2814 1420 2840 Δ.

939 2849 984 2884 (i0
1004 2851 1027 2877 ll
1039 2850 1092 2882 Τὰς
1108 2849 1285 2885 ἐπαγγελίας.
