1922 3070
175 147 227 179 123

777 149 970 182 EUTHYMII
1003 148 1184 180 ZlGABENl

1750 134 1799 181 (ad

174 207 292 242 propriis
306 208 446 242 operibus,
465 217 520 236 non
533 210 567 237 ab
582 210 680 238 alienis
695 211 798 245 probus
823 210 959 245 iudicatur

1020 207 1055 239 ib,-
1070 207 1086 242 ἢ
1116 207 1227 242 φαῦλος.
1247 206 1301 233 Καὶ
1317 205 1370 241 γὰρ
1382 205 1429 232 καὶ
1446 205 1490 232 διὰ
1503 203 1583 232 τοῦτο
1607 203 1691 242 ἦλθεν
1707 207 1720 233 ὁ
1735 206 1802 241 Χριν

174 257 222 280 aut
250 253 400 288 improbus.
428 254 495 282 Nam
522 257 557 282 ob
580 256 606 283 id
617 256 699 283 etiam
718 257 792 284 venit
814 256 960 284 Christus:

174 307 230 326 non
258 306 286 326 ιιι
311 305 404 327 nostra
436 300 540 336 fugeret
555 303 714 336 opprobria,
727 303 777 330 sed
791 307 821 329 ut
833 310 863 329 ea
876 302 962 329 susci-

174 350 262 378 peret,
290 345 401 379 suisque
429 346 576 373 virtutibus
607 347 762 382 perimeret.
781 347 818 374 Ut
840 347 960 374 medicus.

174 399 293 424 namque
319 392 432 418 advertit
459 392 597 426 Christus,
630 401 684 420 non
715 399 745 420 ut
772 394 865 428 iudex.
900 393 962 420 Haec

176 437 259 470 igitur
275 437 361 470 prima
378 442 524 465 estcausa.
539 439 629 465 Altera
646 447 721 471 vero,
750 440 813 474 quia
825 447 858 466 co
889 439 961 474 quod

174 483 260 509 Judaei
280 483 400 515 virtutis,
417 492 477 518 qua:
492 485 564 511 circa
580 486 699 512 animam
718 490 854 518 versatur,
888 486 962 513 nulla

175 529 267 556 habita
297 537 373 562 cura,
399 530 433 556 de
448 531 668 565 progenitoribus
693 532 839 566 plurimum
860 532 961 567 gloria-

175 574 285 604 bantur.
303 576 514 609 generositatem
527 577 636 603 illorum
655 585 764 604 sursum
788 586 819 605 ac
834 578 961 605 deorsum

175 621 422 648 circumferentes:
463 623 589 656 reprimit
632 628 766 650 tumorem
816 623 961 658 ipsorum:

174 667 323 692 ostendens
338 667 420 693 etiam
437 667 496 694 illos
513 676 545 695 ex
577 668 726 704 illegitimis
742 674 821 696 natos
849 669 962 703 nuptiis.

176 710 273 738 Statim
286 712 358 738 enim
374 713 527 747 patriarcha
546 721 652 747 eorum,
687 715 809 749 ejusdem
841 715 962 742 nominis

176 755 271 789 Iudae,
287 765 318 784 ex
337 766 367 784 ea
383 767 442 793 quae
459 760 510 787 sibi
528 761 644 788 scelesto
660 761 740 788 modo
758 762 881 795 copulata
910 765 962 795 est,

179 803 377 836 progenitorem
418 805 538 839 ipsorum
567 805 670 833 Phares
693 811 720 833 et
757 806 824 834 Zara
859 807 962 842 genuit.

179 847 263 875 Daxid
292 856 401 884 quoque
433 850 477 877 ille
503 851 570 878 adeo
613 852 739 884 celebris,
782 861 814 880 ex
840 853 962 880 adultera

180 894 355 922 Solomonem
371 896 518 931 generavit.
533 897 628 925 Restat
643 899 747 933 itaque,
777 907 873 926 vanam
902 908 963 927 esse

178 941 212 967 de
225 941 483 977 primogenitoribus
501 944 670 978 iactantiam.
687 945 792 980 Opinor
815 949 905 972 autem
928 946 963 973 ob

179 988 250 1015 hanc
277 989 358 1016 etiam
387 990 559 1024 potissimum
590 999 710 1024 causam,
726 991 839 1020 fratrum
855 1001 964 1028 quoque

177 1033 255 1061 Iudae
270 1035 437 1062 meminisse.
454 1037 577 1069 Quatuor
591 1038 664 1064 enim
683 1038 802 1072 ipsorum
814 1039 848 1066 ab
860 1040 964 1067 ancillis

177 1079 261 1107 Iacob
285 1081 340 1108 nati
364 1086 439 1115 sunt,
468 1089 495 1109 et
528 1087 619 1110 tamen
644 1085 712 1111 nulli
736 1093 830 1112 eorum
858 1087 965 1121 generis

178 1127 266 1154 obfuit
284 1127 438 1155 diﬁ‘erentia
453 1137 459 1161 ;
475 1137 570 1156 omnes
584 1138 703 1165 namque
716 1131 842 1159 similiter
863 1137 890 1159 et
919 1141 965 1167 pa-

181 1173 306 1200 triarcha:
321 1173 441 1206 luerunt,
457 1179 484 1202 et
513 1175 602 1210 capita
627 1177 759 1204 tribuum.
788 1177 879 1205 Tertia
900 1186 965 1206 vero

179 1226 261 1246 causa
273 1223 325 1251 est,
334 1220 406 1254 quod
417 1221 546 1248 mulieres
554 1221 604 1248 illa:
612 1222 814 1258 fueruntﬁgura
826 1224 964 1255 Ecclesiae.

180 1273 240 1300 quae
251 1274 283 1293 ex
300 1267 426 1301 gentibus
452 1273 616 1303 congregata
645 1275 697 1296 est.
731 1269 965 1302 Quemadmodum

180 1312 253 1338 enim
271 1312 331 1339 illas
342 1313 459 1340 diversis
474 1315 609 1348 subiectas
625 1316 745 1349 peccatis
762 1316 814 1342 viri
843 1317 964 1350 praedicti

181 1356 318 1384 duxerunt
335 1367 342 1384 :
361 1358 397 1385 ita
409 1367 515 1393 quoque
527 1360 653 1388 Christus
672 1362 818 1388 humanam
841 1367 967 1390 naturam

181 1402 264 1428 variis
275 1410 432 1438 oppressam
449 1405 578 1439 peccatis,
593 1406 642 1432 sibi
656 1407 707 1441 ipsi
721 1408 818 1435 univit.
836 1407 869 1435 Et
895 1409 967 1436 sicut

181 1455 268 1482 genus
293 1449 385 1475 taliqu
421 1450 565 1478 mulierum
607 1460 780 1487 nequaquam
825 1453 965 1489 indignum

183 1494 327 1527 reputavit,
356 1495 392 1523 ita
439 1503 489 1523 nec
524 1497 651 1525 Ecclesia:
694 1506 786 1526 secum
819 1499 968 1534 desponsa-

181 1539 295 1567 tionem.

182 1591 238 1610 non
261 1585 293 1611 de
323 1587 527 1620 progenitorum
562 1589 693 1622 peccatis,
725 1590 772 1617 sed
798 1591 831 1618 de
848 1593 967 1626 propriis

183 1631 364 1659 erubescere:
379 1640 469 1667 neque
490 1633 522 1660 de
538 1635 687 1669 maioribus
705 1636 826 1671 gloriari,
844 1638 891 1664 sed
905 1646 968 1673 pro-

184 1677 251 1710 pria:
264 1684 357 1703 curam
370 1677 472 1705 habere
486 1679 608 1707 virtutis.
623 1679 717 1715 Neque
740 1681 813 1710 viros
846 1684 969 1718 egregios

184 1721 283 1749 talibus
303 1724 444 1758 copulatos
458 1725 559 1760 nuptiis
577 1731 687 1761 propter
702 1727 860 1762 huiusmodi
873 1730 969 1756 matri-

184 1768 277 1794 monia
303 1770 482 1804 vilipendere.
515 1771 607 1806 Neque
627 1781 675 1800 eos
704 1775 846 1809 repellere,
875 1776 922 1810 qui
954 1783 969 1803 a

185 1814 299 1842 diversis
313 1815 501 1850 iniquitatibus
510 1817 543 1844 ad
557 1818 636 1846 ﬁdem
650 1821 792 1848 accedunt.

221 1860 298 1888 Vers.
329 1861 355 1888 '5.
381 1861 482 1890 Phares
511 1868 609 1891 autem.
625 1879 659 1885 —
682 1865 712 1893 V.
729 1866 773 1894 11.
800 1866 970 1902 Babylonica.

186 1905 304 1937 Quartus
340 1913 413 1935 certe
458 1909 560 1944 Regum
605 1911 672 1938 liber
702 1913 725 1928 "
769 1920 801 1939 ac
835 1914 971 1941 secundus

186 1952 412 1988 Paralipomenon
427 1955 459 1987 “,
476 1960 530 1982 tres
539 1955 619 1983 Josite
635 1957 703 1985 ﬁlios
717 1957 970 1993 ponuntJoacham,

187 1997 301 2033 Joacim,
329 2001 373 2035 qui
398 2005 425 2028 et
451 2002 563 2030 Eliacim
590 2004 746 2037 vocabatur,
772 2013 803 2033 ac
819 2006 971 2040 Sedeeiam,

189 2048 235 2081 qui
280 2052 307 2075 et
334 2048 500 2076 Matthanias
533 2050 691 2084 dicebatur;
732 2052 766 2079 ab
800 2060 856 2079 uno
882 2058 971 2080 autent

188 2093 297 2128 horum,
343 2100 408 2130 puta
446 2096 585 2129 Joacham,
613 2098 785 2126 descendisse
813 2098 972 2127 Jechoniam

188 2140 294 2167 dicunt.
325 2140 407 2168 Liber
433 2146 524 2168 autem
548 2142 642 2170 Esdm
679 2143 839 2171 Jechoniam
885 2144 972 2171 ﬁlium

188 2186 272 2213 Josia:
300 2187 385 2214 fuisse
423 2188 502 2219 dicit,
551 2189 622 2216 sicut
647 2193 675 2216 et
702 2198 825 2224 praesens
855 2198 972 2225 evange-

187 2233 260 2259 lista.
288 2233 358 2265 Quid
379 2241 444 2268 ergo
474 2234 620 2261 dicemus?
637 2221 714 2267 Quod
743 2243 826 2269 quem
853 2236 891 2263 illi
906 2221 1012 2263 Joa-D

187 2278 267 2305 cham
300 2278 437 2310 dixerunt,
461 2279 506 2307 hic
535 2279 694 2308 Jechoniam
722 2282 864 2316 appellat;
889 2283 970 2310 bino-

187 2325 270 2352 minis
286 2326 357 2352 enim
374 2329 442 2358 erat,
459 2326 528 2353 sicut
542 2332 569 2353 et
582 2327 681 2355 fratres
701 2327 755 2356 sui.
772 2327 880 2355 Etenim
894 2337 972 2363 quae-

187 2379 298 2405 cunque
327 2371 364 2398 illi
385 2371 458 2398 circa
478 2372 608 2399 Joacham
630 2373 769 2406 dixerunt,
797 2374 856 2401 hac
880 2375 972 2402 omnia

189 2417 282 2445 Esdrze
308 2417 376 2445 liber
409 2418 607 2445 invariabiliter
621 2419 654 2446 de
682 2419 812 2447 Jechonia
840 2421 926 2448 dixit:
946 2426 973 2449 et

188 2463 260 2499 quod
277 2469 390 2491 matrem
410 2465 506 2492 habuit
529 2465 648 2496 Amitad.
682 2466 763 2493 ﬁliam
779 2465 926 2494 Jeremtre:
945 2473 973 2495 et

188 2511 260 2546 quod
276 2510 371 2546 viginti
403 2510 484 2537 trium
511 2518 644 2538 annorum
670 2516 739 2544 erat,
766 2519 827 2539 cum
855 2521 971 2548 regnare

229 2603 250 2618 ¹¹
266 2603 299 2630 IV
324 2602 388 2636 Reg.
407 2609 473 2629 nn.
512 2600 534 2616 ¹³
548 2599 570 2626 11
584 2600 670 2627 Paral.
701 2607 795 2628 um.

1014 255 1086 286 στὸς,
1110 254 1158 289 οὐχ
1185 255 1227 279 ἵνα
1254 254 1328 288 φύγῃ
1347 253 1382 279 τὰ
1396 253 1519 288 ἡμέτερα
1549 253 1650 287 ὀνείδη,
1670 252 1729 279 ἀλλ’
1758 253 1800 279 ἴνα

1011 300 1121 334 δέξηται
1142 299 1239 332 ταῦτα,
1258 300 1305 325 καὶ
1322 299 1404 334 ἀνέλῃ
1432 299 1478 325 διὰ
1492 298 1548 325 τῶν
1565 299 1665 325 ἑαυτοῦ
1681 298 1800 334 ἀρετῶν.

1018 344 1062 376 Ὠς
1077 344 1170 379 ἰατρὸς
1196 344 1260 378 γὰρ,
1288 344 1336 379 οὐχ
1355 344 1393 375 ὡς
1418 344 1526 378 κριτὴς,
1547 343 1731 378 παραγέγονε.
1744 343 1799 370 Mla

1014 391 1063 426 μὲν
1076 389 1121 416 οὖν
1136 390 1207 425 αὕτη
1221 390 1307 416 αῑτία.
1334 390 1457 424 Δευτέρα
1473 389 1515 421 δὲ,
1537 390 1589 422 ὅτι,
1617 389 1709 424 ἐπειδὴ
1733 389 1794 415 Ἰου-

1012 437 1084 464 δαῖοι
1099 437 1149 471 τῆς
1167 436 1239 462 κατὰ
1252 435 1342 470 ψυχὴν
1358 436 1460 469 ἀρετῆς
1475 434 1653 470 ἀμελοῦντες,
1669 435 1740 470 μέγα
1753 435 1800 461 ἐπὶ

1012 484 1067 514 ταῖς
1084 483 1228 517 προγόνοις
1254 481 1422 517 ἐκόμπαζον,
1438 481 1489 516 τὴν
1517 481 1659 514 εὐγένειαν
1687 479 1800 507 ἐκείνων

1012 530 1068 557 ἄνω
1085 529 1133 556 καὶ
1165 529 1241 556 κάτω
1265 528 1475 563 περιφέροντες,
1506 526 1687 553 καταστέλλει
1702 526 1732 552 τὸ
1747 525 1800 560 φύ-

1014 585 1047 611 ση
1054 585 1090 610 μα
1104 575 1219 607 τούτων,
1232 575 1373 605 δεικνύων,
1387 575 1428 601 ὃτι
1444 575 1567 600 κάκεῖνοι
1584 574 1615 599 ὲκ
1634 573 1801 607 παρανόμων

1012 622 1110 656 γάμων
1126 622 1263 654 ἐγένοντο,
1290 619 1396 646 Αὐτίκα
1423 620 1477 654 γὰρ
1491 621 1503 646 ὁ
1518 619 1694 654 πατριάρχης
1711 619 1801 645 αὐτῶν

1013 668 1061 694 καὶ
1085 667 1230 702 ὁμώνυμος
1251 665 1640 700 ’1οὑδας,ἐξάοεμιτογαμίας
1669 665 1714 691 τὸν
1732 665 1802 701 πρό-

1013 725 1092 750 γονον
1106 715 1196 741 αὺτῶν
1214 715 1302 749 Φαρὲς
1321 714 1428 740 καὶτὸν
1455 714 1531 749 Ζαρὰ
1549 714 1729 749 ἀπεγέννησε.
1747 714 1802 739 Καὶ

1013 762 1026 787 ὁ
1041 761 1203 796 περιϐόητος
1216 760 1245 787 δὲ
1272 760 1327 795 (15)
1360 759 1452 792 Δαυῒδ,
1468 761 1500 786 ἐκ
1520 759 1644 795 μοιχείας
1659 760 1705 786 τὶν
1721 760 1800 786 Σολο-

1016 806 1118 841 μῶντα.
1139 807 1194 833 Καὶ
1209 806 1303 832 λοιπὸν
1317 805 1406 840 μάτην
1420 804 1465 830 ἐπὶ
1490 806 1547 835 τοῖς
1559 803 1701 839 προγόνοις
1715 812 1801 838 μεγα-

1014 854 1173 888 λαυχοῠσιν.
1183 851 1266 888 Οἶμαι
1283 853 1338 888 γὰρ
1356 852 1400 878 διὰ
1413 852 1463 887 τὴν
1478 851 1568 879 αἰτίαν
1585 851 1687 885 μᾶλλον
1698 849 1801 885 ταύτην

1018 897 1240 934 μνημονευθῆναι
1267 898 1314 924 καὶ
1337 898 1400 929 τοὺς
1426 897 1557 931 ἀδελφοὺς
1595 897 1642 923 τοῦ
1662 895 1754 922 Ἰούδα.
1770 896 1802 922 Οἱ

1015 946 1148 981 τέσσαρες
1163 946 1218 979 γὰρ
1235 945 1325 970 αὐτῶν
1342 944 1396 971 ἀπὸ
1412 943 1541 970 δουλίδων
1558 943 1596 978 τῷ
1611 942 1711 969 Ἰακὼϐ
1726 943 1802 976 ἐγεν-

1015 992 1207 1027 νήθησαννκαὶ
1218 992 1294 1025 ὅμως
1313 991 1364 1017 οὐκ
1389 989 1507 1025 ἔϐλαψεν
1525 989 1620 1016 οὐδένα
1651 988 1754 1015 τούτων
1785 988 1801 1023 ἡ

1015 1038 1062 1065 τοῦ
1078 1039 1173 1073 γένους
1203 1037 1329 1072 διαφορά.
1360 1037 1464 1068 Πάντες
1490 1036 1545 1071 γὰρ
1561 1035 1662 1068 ὁμοίως
1677 1035 1803 1069 ἐγένοντο

1016 1086 1065 1112 καὶ
1077 1085 1257 1120 πατριάρχαι,
1280 1085 1327 1110 καὶ
1352 1084 1498 1118 φύλαρχοι.
1519 1083 1604 1118 Τρίτη
1617 1082 1645 1108 δὲ
1663 1081 1748 1112 αίτία,
1761 1080 1802 1106 ὅτι

1015 1132 1043 1157 αἱ
1062 1132 1191 1164 γυναῖκες
1214 1131 1330 1161 ἐκεῖναι,
1342 1129 1427 1160 τύπος
1446 1127 1516 1164 ἦσαν
1527 1128 1577 1162 τῆς
1592 1127 1622 1159 ἐξ
1635 1127 1719 1153 ὲονῶν
1740 1126 1803 1152 Ἑκσ

1017 1178 1142 1212 κλησίας.
1160 1177 1266 1212 Ὥσπερ
1277 1177 1331 1212 γὰρ
1348 1176 1466 1209 ἐκείνας,
1480 1175 1620 1210 διαφόροις
1636 1173 1804 1209 ἁμαρτήμα-

1019 1232 1060 1249 σιν
1079 1222 1274 1257 ὐποκειμένας,
1291 1222 1315 1248 οἱ
1334 1221 1502 1258 δηλωθέντες
1532 1220 1631 1255 ἄνδρες
1655 1219 1803 1254 ἠγάγοντο·

1017 1269 1088 1296 οὕτω
1101 1270 1147 1296 καὶ
1158 1271 1171 1295 ὁ
1184 1269 1302 1303 Χριστὸς
1317 1268 1366 1303 τὴν
1376 1266 1553 1303 ἀνθρωπίνην
1566 1266 1656 1300 φύσιν,
1666 1264 1805 1299 διαφόροις

1018 1316 1214 1350 ἁμαρτήμασιν
1235 1313 1435 1346 ὑποπεσοῦσαν,
1470 1313 1610 1348 ἡρμόσατο
1636 1311 1734 1346 ἑαυτῷ.
1751 1310 1806 1336 Καὶ

1018 1363 1113 1397 ὥσπερ
1130 1361 1160 1388 τὺ
1174 1361 1252 1394 γένος
1278 1361 1332 1386 τῶν
1357 1359 1489 1386 τοιούτων
1505 1357 1645 1392 γυναικῶν
1663 1357 1713 1383 οὒκ
1730 1357 1805 1391 ἀπη-

1019 1408 1116 1441 ξίωσεν
1128 1416 1134 1423 ·
1152 1407 1239 1438 οὕτως
1255 1406 1315 1433 οὐδὲ
1331 1406 1380 1441 τὴν
1393 1406 1443 1440 τῆς
1462 1405 1627 1439 Ἑκκλησῐας
1639 1403 1804 1437 νύμφευσιν.

1021 1456 1095 1489 ’Ἅμα
1110 1454 1137 1480 δὲ
1151 1454 1198 1480 καὶ
1220 1452 1406 1487 διδασκόμεθα
1419 1452 1463 1479 διὰ
1477 1452 1531 1478 τῶν
1549 1451 1690 1482 τοιούτων,
1709 1451 1747 1485 μὴ
1759 1449 1806 1476 ἐπὶ

1019 1503 1079 1532 ταῖς
1095 1500 1148 1527 τῶν
1158 1500 1298 1536 προγόνων
1310 1499 1472 1534 ἁμαρτίαις,
1486 1497 1544 1524 ἀλλ’
1555 1498 1602 1524 ἐπὶ
1614 1497 1674 1528 ταῖς
1689 1497 1806 1527 οἰκείαις

340 1540 427 1568 Simul
467 1551 575 1578 quoque
622 1552 672 1579 per
711 1545 773 1572 talia
813 1546 965 1580 docemur,

1020 1546 1206 1582 αίσχύνεσοαι,
1221 1546 1288 1581 μηδὲ
1305 1545 1376 1580 μέγα
1393 1546 1503 1581 φρονεῖν
1519 1545 1566 1571 ἐπὶ
1579 1544 1733 1579 προγόνοις,
1748 1543 1806 1570 ἀλλ’

1021 1594 1124 1626 οἰκείας
1138 1593 1328 1628 ἐπιμελεῖσθαι
1346 1593 1446 1627 ἀρετῆς
1460 1600 1468 1608 ”
1499 1591 1568 1627 μηδὲ
1585 1591 1727 1626 φαυλίζειν
1742 1590 1807 1621 τοὺς

1020 1642 1073 1668 ἀπὸ
1087 1640 1311 1675 δεαϐεΰλημένων
1323 1640 1420 1674 γάμων
1432 1638 1579 1673 ἐναρέτους
1592 1637 1805 1672 γεγενημένους,

1023 1688 1089 1723 μηδὲ
1101 1686 1286 1722 παρωθεῖσθαι
1315 1687 1376 1717 τοὺς
1392 1686 1424 1712 ὲκ
1448 1685 1583 1720 διαφόρων
1597 1684 1807 1720 ἁμαρτημάτων

1020 1735 1054 1770 τῇ
1073 1734 1162 1760 πίστει
1177 1733 1424 1768 προσερχομένους.

1058 1859 1153 1893 Φαρὲς
1169 1874 1203 1879 --
1218 1858 1410 1892 Βαϐυλῶνος.
1433 1858 1466 1884 Ἦ
1491 1858 1542 1893 μὲν
1568 1857 1686 1892 τετάρτη
1718 1856 1810 1892 βίϐλος

1022 1907 1076 1933 τῶν
1090 1906 1240 1933 Βασιλειῶν
1255 1906 1302 1932 καὶ
1317 1905 1459 1941 ἡδευτέρα
1473 1904 1528 1931 τῶν
1551 1904 1809 1939 Παραλειπομένων

1022 1955 1097 1989 τρεῖς
1111 1954 1186 1984 υἱοὺς
1201 1953 1338 1988 ἱστοροῦσι
1363 1952 1412 1978 τοῦ
1432 1951 1546 1982 Ἰωσίου,
1561 1951 1608 1978 τὸν
1631 1949 1747 1985 Ἰωάχαζ
1760 1950 1810 1977 καὶ

1023 2001 1069 2027 τὸν
1091 2000 1231 2034 Ἰωακεὶμ,
1244 1999 1272 2030 ὃς
1285 1998 1333 2025 καὶ
1354 1998 1496 2032 Ἐλιακε“ιμ
1523 1997 1658 2030 ἐκαλεῖτο,
1688 1997 1736 2023 καὶ
1763 1996 1809 2023 τὸν

1024 2047 1163 2078 Σεδεκίαν,
1178 2048 1208 2078 ὃς
1218 2046 1265 2073 καὶ
1275 2045 1432 2076 Ματθανίοις
1445 2044 1564 2079 ἐλέγετο,
1580 2043 1639 2075 ὲνδς
1655 2044 1683 2069 δὲ
1695 2043 1807 2075 τούτων,

1024 2094 1071 2121 τοῦ
1098 2093 1227 2128 Ἰωακεὶμ
1243 2092 1309 2127 (15⁸)
1333 2090 1553 2125 ἀπογεννηθῆναι
1567 2090 1614 2115 τδν
1632 2089 1761 2124 Ἰεχονίαν
1773 2097 1781 2105 '
1792 2089 1809 2124 ἡ

1024 2140 1053 2166 δὲ
1068 2140 1115 2166 τοῦ
1129 2139 1217 2175 Ἐσρα
1245 2138 1347 2173 βίῦλος,
1376 2138 1423 2164 τδν
1444 2136 1583 2172 Ἰεχονίαν,
1607 2136 1664 2162 υἱὸν
1677 2134 1746 2162 εἶναι
1761 2134 1810 2161 τοῦ

1031 2186 1134 2212 Ἰωσίου
1162 2185 1255 2220 φησιν,
1284 2184 1379 2219 ὥσπερ
1394 2185 1441 2210 καὶ
1455 2184 1469 2209 ὁ
1489 2182 1585 2218 παρὼν
1600 2181 1810 2216 εὐαγγελιστής.

1026 2234 1058 2260 Τί
1074 2232 1120 2259 οὖν
1135 2232 1268 2268 ὲροῦμεν;
1285 2232 1348 2258 Ὅτι
1361 2231 1390 2258 ὃν
1404 2228 1592 2257 ὲκεῖναιεῐπον
1611 2228 1735 2264 Ἰωάχας.
1752 2227 1812 2254 τοῦ-

1025 2289 1071 2306 τον
1087 2279 1155 2314 αὕτη
1169 2279 1249 2314 φησὶν
1268 2278 1405 2313 Ἰεχονίαν.
1438 2277 1577 2312 Διώνυμος
1590 2275 1644 2310 γὰρ
1661 2273 1705 2310 ἦν,
1717 2275 1812 2309 ὥσπερ

1026 2326 1072 2353 καὶ
1088 2326 1112 2352 οἱ
1127 2325 1236 2360 ἀδελφοὶ
1249 2325 1342 2352 αὑτοῦ.
1354 2325 1409 2350 Καὶ
1419 2324 1484 2359 γὰρ,
1498 2323 1570 2357 ἅπερ
1585 2322 1691 2356 ἔφασαν
1707 2322 1811 2347 ἐκεῖναι

1026 2373 1179 2407 παράσημα
1189 2371 1236 2398 τοῦ
1261 2371 1387 2406 Ἰωάχαζ.
1417 2371 1505 2397 ταῦτα
1521 2371 1632 2404 εἴρηκεν
1650 2366 1812 2402 ἀπαραλλά-

1027 2429 1098 2450 κτως
1110 2420 1126 2454 ἡ
1140 2419 1186 2445 τοῦ
1204 2419 1290 2453 Ἐσρα
1305 2418 1395 2453 βίϐλος
1404 2418 1493 2444 πάντα
1511 2417 1557 2442 ἐπὶ
1573 2417 1611 2450 τῷ
1628 2415 1753 2450 Ἰεχονίᾳ,
1770 2414 1812 2441 ὅτι

1026 2466 1171 2501 τε”μητὲρα
1181 2463 1237 2501 εἶχε
1249 2465 1298 2500 τὴν
1312 2465 1338 2491 Ἀ
1345 2463 1425 2499 μιτὰδ
1436 2463 1503 2499 (15),
1514 2462 1651 2498 θυγατέρα
1664 2461 1810 2496 Ἰερεμίου,

1027 2514 1073 2539 καὶ
1084 2513 1124 2538 ὃτι
1142 2512 1228 2539 εἴκοσι
1258 2510 1305 2538 καὶ
1329 2509 1415 2546 τριῶν
1434 2509 1503 2536 ὲτῶν
1521 2508 1693 2540 ἐϐασίλευσε,
1710 2507 1757 2534 καὶ
1769 2506 1811 2533 ὅτι

777 2684 878 2716 Variae
887 2681 1041 2713 lectiones
1064 2683 1094 2710 et
1114 2684 1209 2711 notae.

230 2770 287 2803 (1'5)
300 2769 343 2799 Δέ,
359 2769 468 2796 omittit.
486 2770 517 2797 A.

230 2806 297 2839 (κγ)
319 2804 486 2838 ¹1ιι›ἀχαζ.Α.
503 2840 508 2841 7
586 2839 594 2841 _
607 2839 624 2841 ﬂ
650 2839 657 2841 ν
752 2837 783 2841 __
830 2837 854 2841 __
917 2836 922 2841 ι

230 2837 254 2875 (Ι
266 2837 293 2878 1)
320 2837 428 2868 Videtur
439 2840 573 2875 respicere
586 2839 594 2866 Ι
606 2839 697 2867 Esdrtc
710 2845 740 2870 ιι,
752 2837 796 2865 52.
812 2837 855 2864 ubi
867 2837 971 2863 variant

1031 2763 1057 2790 in
1072 2763 1181 2803 nomine
1194 2763 1313 2803 ξῐωὰχαζ
1326 2769 1352 2803 et
1362 2763 1500 2803 Ἰεχονίαν.
1677 2798 1684 2803 _
1756 2796 1762 2802 _

1027 2833 1046 2861 ϐ
1068 2798 1126 2838 (Ιξ)
1151 2798 1203 2826 LI
1229 2799 1352 2834 Ἀμιτάλ.
1369 2799 1421 2827 Sed
1439 2800 1474 2827 ibi
1504 2806 1611 2834 quoque
1625 2798 1685 2826 libri
1707 2798 1809 2824 \arianl

1050 2841 1122 2861 neci.
