1922 3070
209 137 258 171 131

819 131 1011 162 EUTHYMII
1043 130 1224 161 ZIGABENI

1782 123 1834 157 132

205 197 308 222 matum
325 193 403 223 inea,
431 189 553 225 genitum
567 188 646 220 dixit,
663 193 692 214 ut
710 187 846 215 discamus
857 195 911 214 non
929 195 996 221 pau-

1059 187 1116 221 ιὺτῇ
1132 185 1309 212 διαπλασθέν.
1321 183 1453 219 Γεννηοὲν
1471 183 1524 219 γὰρ
1537 180 1625 216 εἶπεν,
1636 181 1679 208 ἵνα
1693 181 1835 217 μάθωμεν,

209 239 296 271 latim,
315 238 395 264 modo
415 235 542 266 seminis,
563 235 709 261 formatum
724 241 784 261 esse
799 242 807 261 :
822 234 869 261 sed
883 238 995 268 repente

211 290 345 320 quantum
364 283 396 310 ad
411 283 601 310 formationem
613 280 735 315 perfecte
750 280 838 307 factus
862 284 914 307 est.
931 279 995 306 Vide

207 333 311 359 autem,
329 327 466 362 quomodo
482 327 570 360 ipsum
584 325 726 352 admonuit
739 324 809 358 ejus,
825 325 894 358 quod
911 332 926 350 a
945 324 997 350 Da-

209 375 252 401 vid
270 373 478 408 exspectabatur
496 381 503 398 :
528 371 628 398 deinde
644 370 828 398 manifestarit
841 370 891 404 ipsi
906 370 995 397 occul-

210 426 267 448 tum
285 420 375 447 cordis
400 419 536 448 timorem,
553 422 580 445 et
601 418 665 452 quid
690 417 779 443 facere
791 416 958 444 decrevisset
988 425 995 442 :

209 470 304 502 postea
336 465 448 495 docuit,
476 471 571 498 puram
596 470 657 489 esse
672 463 732 496 ejus
747 466 933 496 sponsam:et
963 460 998 487 ita

210 513 331 542 tandem,
346 510 417 545 quod
428 510 466 536 rei
479 514 561 543 caput
575 513 634 535 erat
650 507 754 540 intulit,
771 507 908 539 videlicet,
925 507 998 541 quod

211 567 225 584 ιλ
245 557 349 592 Spiritu
382 559 476 583 saneto
496 558 580 585 esset,
595 558 623 580 ut
638 553 689 581 hoc
707 553 788 580 modo
807 552 916 579 facilius
929 552 999 578 reei-

211 605 236 638 pi
253 608 356 638 possut.

247 649 267 683 ὴ
282 648 360 680 Quod
373 648 406 675 ab
418 647 508 681 aliquo
518 654 578 674 esse
599 646 708 676 dicitur,
724 645 766 671 vcl
780 648 822 671 est
831 643 910 670 modo
919 650 999 677 gene-

213 695 335 725 rationis,
351 695 429 728 juxta
447 694 537 721 illud:
555 692 610 727 Ego
628 701 644 718 a
661 692 715 718 Deo
737 691 805 717 exivi
818 690 841 705 ”
858 690 900 716 vel
920 689 1000 715 modo

211 741 372 772 creationis,
390 739 467 773 juxta
488 739 554 765 illud
572 747 578 764 :
594 738 663 765 Unus
678 737 746 763 Deus
766 740 790 762 et
806 735 901 766 Pater,
918 743 934 761 α
949 742 1000 768 quo

211 787 300 813 omnia
318 786 354 818 ‘9;
376 785 418 812 vel
435 784 517 812 modo
539 783 666 815 naturali,
690 783 760 810 sicut
774 782 886 809 eﬂ'ectus
902 785 944 807 est
967 780 1001 806 ab

211 835 351 866 operante.
366 830 444 863 Quod
460 829 541 864 igitur
557 829 583 855 in
613 828 721 863 Virgine
745 828 865 862 genitum
881 831 932 857 est,
946 834 1000 852 non

1048 233 1089 258 ὅτι
1103 233 1133 258 οὐ
1154 232 1224 258 κατὰ
1251 231 1348 265 μικρὸν
1376 229 1535 264 ὲμορφώθη,
1563 228 1638 262 νόμῳ
1666 227 1835 262 σπέρματος,

1048 278 1105 304 ἀλλ’
1119 277 1210 309 εὐθὺς,
1227 277 1289 303 ὅσον
1308 277 1347 307 εἰς
1370 275 1521 310 μόρφωσιν,
1551 274 1654 300 τέλειον
1674 271 1836 306 διεπλάσθη.

1049 324 1120 359 Ὅρα
1143 323 1182 356 δὲ,
1199 323 1258 353 πῶς
1284 322 1416 357 πρότερον
1443 321 1597 354 ἀνέμνησεν
1621 319 1702 345 αὑτὸν
1726 318 1774 352 τῆς
1805 319 1838 343 ἐκ

1048 369 1130 396 Δαυῖδ
1158 368 1342 404 προσδοκίας,
1374 367 1471 393 ἔπειτα
1498 363 1661 398 ὲξεχάλυψεν
1693 363 1767 397 αὐτῷ
1791 362 1837 388 τὶν

1049 416 1204 450 ἀπόρρητον
1220 414 1302 447 φόϐον
1319 413 1368 447 τῆς
1383 412 1508 447 καρδίας,
1522 411 1570 436 καὶ
1587 410 1601 436 ὂ
1615 408 1761 444 ἐϐουλήθη,
1776 406 1836 434 εἶτα

1051 461 1179 493 ἐδίδαξεν,
1195 461 1235 486 ὃτι
1253 458 1504 494 καθαρὼς”μνηστή
1519 457 1591 482 ἐστιν
1601 455 1694 485 αὐτοῦ,
1712 455 1760 481 καὶ
1775 454 1836 480 τόῑε

1049 508 1079 533 τὸ
1096 506 1244 540 κεφάλαιον
1270 506 1432 540 ἐπήνεγκεν,
1460 504 1500 529 ὅτι
1529 503 1561 528 ὲκ
1584 500 1741 536 Πνεύματός
1763 501 1838 525 ἐστιν

1050 554 1141 586 ἁγίου,
1160 553 1203 578 ἵνα
1218 551 1420 586 εὐπαράδεκτον
1434 549 1505 576 οὕτω
1522 549 1647 583 γένηται.

1086 645 1134 682 [Τὸ
1149 646 1205 679 (28)
1219 644 1251 670 ἐκ
1271 651 1354 674 τινος,
1379 642 1396 677 ἢ
1416 639 1582 676 γεννητικῶς
1601 638 1673 665 κατὰ
1695 637 1742 663 τέ’
1765 635 1841 670 Ἐγὼ

1051 693 1085 718 ἐκ
1099 691 1152 718 τοῦ
1168 690 1241 717 Θεοῦ
1265 689 1397 723 ἐξῆλθον
1409 696 1415 703 ·
1430 689 1460 723 ἧς
1470 683 1687 721 δημιουργικῶς,
1702 683 1772 709 κατὰ
1790 681 1821 707 τό
1831 689 1838 696 ·

1051 735 1104 770 Εἷς
1127 737 1197 769 Θεὸς
1213 737 1228 762 ό
1245 736 1357 768 Πατὴρ,
1373 734 1406 766 ἑξ
1421 732 1456 761 οὗ
1474 733 1510 759 τὰ
1533 731 1650 758 πάντα·
1669 730 1685 765 ἢ
1704 727 1840 763 φυσικῶς,

1052 782 1089 813 ὡς
1104 783 1120 816 ἡ
1140 781 1268 815 ἐνέργεια
1284 780 1315 806 ὲκ
1331 779 1378 805 τοῦ
1400 777 1587 814 ἐνεργοῦντος.
1604 774 1641 801 Τὸ
1660 774 1748 801 τοίνυν
1762 773 1791 799 ὲν
1804 773 1840 806 τῇ

1053 828 1183 864 Παρθένῳ
1207 826 1347 862 γεννηθὲν,
1368 824 1430 852 οὔτε
1455 821 1620 858 γεννητικῶς
1635 822 1667 848 ὲκ
1686 819 1731 846 τοῦ
1758 818 1840 852 ἁγίου

212 878 397 913 generationis
408 877 487 903 modo
498 883 512 902 a
528 875 630 910 Spiritu
646 881 740 902 sancto
753 879 795 902 est
811 883 818 901 :
835 873 909 907 quia,
926 871 997 907 quod

1059 873 1228 908 Πνεύματος·
1248 873 1289 899 ὅτι
1305 872 1335 898 τὸ
1358 869 1487 905 γεννηθὲν
1505 868 1590 903 σάρξ·
1617 866 1680 892 οὔτε
1697 863 1839 900 φυσικῶςθ

212 929 306 951 natum
323 927 374 955 est,
389 929 452 950 caro
466 926 508 949 est
523 931 529 948 :
550 929 637 955 neque
662 920 776 947 naturali
795 919 875 946 motio
892 928 898 945 :
917 917 1000 952 spiri-

214 973 257 997 tus
278 970 351 996 enim
376 969 554 1002 incorporeus
569 972 620 993 est.
643 966 783 1001 Reliquum
808 971 848 992 est
864 965 956 1000 igitur,
972 966 1002 990 nt

213 1017 247 1043 ab
272 1024 305 1043 eo
316 1017 361 1048 sit,
379 1021 507 1049 tanquam
522 1018 659 1044 creatura,
673 1013 714 1040 \‘cl
730 1011 872 1047 plasmatio
889 1011 958 1046 ejus.

250 1062 329 1089 νοτε.
349 1062 395 1089 21.
411 1061 504 1088 Pariet
522 1075 555 1079 —
581 1069 598 1085 a
614 1060 726 1094 peccatis
745 1066 844 1086 eorum.
861 1058 902 1083 'l‘u
930 1057 1002 1083 hunc

214 1108 325 1135 vocabis
345 1107 452 1138 Jesum,
475 1107 552 1141 quasi
569 1106 627 1140 lege
643 1110 729 1139 pater.
747 1103 812 1135 Etsi,
831 1102 928 1136 inquit,
942 1109 1003 1135 qua:

215 1154 299 1189 patris
315 1159 380 1181 sunt
401 1154 472 1180 circa
500 1153 590 1187 ipsum
624 1159 677 1177 non
696 1149 862 1181 exercueris,
879 1149 1003 1182 quamvis

215 1207 292 1228 tuum
309 1209 363 1228 non
380 1207 431 1232 est,
448 1201 519 1234 quod
532 1202 685 1229 natumest,
701 1197 816 1231 ideoque
830 1203 930 1222 nomen
945 1195 1003 1229 ipse

215 1247 249 1274 de
265 1247 391 1281 supernis
403 1247 481 1273 attuli
500 1254 506 1272 :
521 1249 549 1272 tu
561 1250 651 1272 tamen
673 1244 725 1278 ipsi
743 1243 879 1277 impones.
896 1240 1000 1268 Verum

203 1293 282 1328 'quia
301 1300 401 1321 nomen
417 1292 508 1324 Jesus,
525 1290 692 1318 Saluatorem
709 1288 857 1324 signiﬁcat,
871 1286 1002 1318 ostendit,

215 1340 312 1367 merito
340 1339 377 1366 ita
405 1338 559 1366 vocandum
589 1335 764 1370 esse:1psc
794 1336 862 1361 enim
894 1332 1003 1368 (inquit)

217 1385 318 1412 caluum
333 1385 412 1420 faciet
426 1384 550 1419 populum
567 1391 654 1414 suum,
669 1390 725 1410 non
740 1390 754 1408 a
780 1381 859 1408 bellis
881 1379 999 1406 sensiti-

218 1431 299 1464 libus,
318 1430 377 1463 sed,
388 1430 460 1464 quod
473 1429 551 1463 longe
567 1429 653 1464 majus
667 1433 718 1460 est,
736 1436 752 1454 α
765 1427 876 1462 peccatis
892 1434 981 1452 eorum
996 1433 1004 1451 :

217 1476 289 1510 quod
309 1478 401 1502 nullus
417 1474 613 1509 unquzrmlecit
627 1473 770 1500 hominum
786 1481 792 1498 :
810 1472 914 1499 uthine
935 1478 1004 1506 quo-

220 1530 274 1557 que
302 1521 477 1550 manifestum
503 1521 584 1548 faciat
600 1519 686 1547 Deum
713 1526 785 1551 esse,
801 1517 848 1552 qui
876 1517 1003 1552 gignitur.
1020 1516 1040 1544 C

218 1568 351 1603 Populum
371 1571 463 1594 autem
496 1574 586 1600 suum,
604 1567 682 1601 juxta
709 1564 863 1599 proximum
895 1563 1005 1598 quidem

219 1614 398 1644 intellectum,
424 1617 502 1640 vocat
517 1611 635 1644 .Iudzeos,
660 1619 694 1638 cx
717 1610 816 1645 quibus
840 1613 921 1636 natus
937 1613 1006 1641 erat,

216 1661 295 1695 juxta
310 1667 442 1686 arcanum
465 1666 539 1691 vero,
557 1665 664 1690 omnes,
682 1657 729 1692 qui
746 1657 774 1682 in
799 1657 890 1690 ipsum
911 1655 1005 1682 crede-

219 1710 291 1740 rent,
303 1710 330 1734 et
344 1705 397 1733 sibi
412 1705 478 1740 ipsis
496 1712 586 1740 regem
604 1705 678 1731 hunc
691 1703 873 1730 ascriberent.

255 1804 333 1832 Vers.
353 1804 399 1831 2'2.
417 1803 473 1831 Hoc
501 1808 590 1830 autent
604 1817 639 1823 --
657 1802 824 1837 prop/telam.
845 1801 932 1828 Etiam
954 1802 1006 1828 hoc

220 1852 309 1879 subdit
326 1851 448 1886 angelus.
473 1850 530 1878 Hoc
547 1855 638 1878 autem
667 1855 755 1876 totum
776 1848 863 1880 :tale,
883 1848 1005 1882 inquam,

221 1898 361 1933 Virginem
390 1897 495 1924 scilicet
519 1904 534 1923 a
563 1895 668 1931 Spiritu
701 1898 797 1923 sancto
824 1893 1006 1929 imprmgnari.

222 1944 324 1971 Deinde
339 1943 449 1970 adducit
477 1942 675 1973 testimonium,
691 1948 739 1976 per
763 1940 923 1976 prophetam
946 1939 1007 1974 qui-

221 1990 283 2017 dem
299 1989 396 2017 lsaiam
425 1989 572 2024 prolatum,
589 1996 644 2015 non
661 1993 752 2014 tatnen
769 1987 846 2022 quasi
876 1986 935 2021 ejus
961 1985 1006 2017 sit,

221 2036 270 2063 scd
287 2036 352 2063 Dei:
374 2035 482 2063 Dictum
498 2035 571 2062 enim
596 2038 649 2067 est,
665 2033 765 2068 inquit,
793 2040 807 2060 a
827 2032 939 2060 Domino
963 2040 1008 2066 per

221 2082 386 2116 prophetam.

260 2130 339 2157 Vers.
354 2131 400 2157 22.
418 2130 551 2156 Dicentem
573 2142 608 2147 --
634 2127 683 2154 erit
707 2126 821 2161 gravida
855 2125 911 2152 Hoc
922 2123 1008 2151 Judaei

223 2178 382 2212 depravant,
413 2175 544 2210 quosdam
569 2173 741 2209 proferentes
757 2173 932 2206 interpretes,
962 2169 1009 2204 qui

223 2222 391 2256 scripserunt
405 2228 412 2246 :
426 2219 492 2246 Ecce
509 2217 715 2245 adulescentula.
742 2217 845 2248 Quibus
863 2215 1011 2250 responde-

225 2276 296 2299 tnus,
310 2266 417 2294 cunctis
432 2266 486 2292 illis
500 2264 705 2298 interpretibus,
725 2263 810 2289 multo
826 2262 880 2288 ﬁde
903 2261 1010 2296 dignius

225 2323 285 2343 esse
296 2315 334 2346 id,
349 2314 422 2349 quod
439 2313 542 2340 habent
559 2311 748 2346 Septuaginta,
763 2317 818 2336 non
844 2308 930 2335 solum
947 2315 1009 2342 pro-

227 2366 287 2396 pter
324 2367 416 2388 corum
459 2357 661 2385 multitudinem
707 2361 734 2383 et
769 2354 1008 2385 conformilatein,

225 2415 320 2435 verum
336 2407 419 2433 etiam
443 2404 572 2439 temporis
589 2403 704 2430 ratione.
732 2402 766 2429 lli
788 2401 923 2436 siquidem
948 2405 1011 2427 ante

226 2459 336 2481 centum
353 2458 380 2479 et
397 2459 430 2478 eo
441 2452 533 2486 plures
551 2457 638 2477 annos
652 2453 717 2476 ante
732 2447 835 2476 Christi
863 2447 1011 2474 adventum

227 2497 399 2534 interpretati
414 2501 480 2525 sunt
495 2505 504 2524 :
517 2496 634 2530 ideoque
645 2494 721 2522 omni
733 2498 830 2522 carent
840 2493 1011 2528 suspicione.

227 2545 279 2578 Qui
290 2549 380 2571 autem
396 2544 567 2578 scripserunt
588 2551 595 2569 :
620 2541 687 2569 Ecce
716 2539 923 2570 adulescentula.
951 2543 1013 2574 post

227 2591 329 2619 Christi
355 2589 570 2618 incarnationem
586 2588 758 2622 interpretati
775 2591 849 2618 sunt,
864 2586 928 2614 odio
956 2593 1013 2612 ma-

266 2662 368 2687 ”.loan.
381 2668 440 2693 \‘tll,
458 2659 502 2686 Μ.
543 2659 564 2674 ¹⁶
580 2659 590 2686 l
604 2659 666 2686 Cor.
682 2667 741 2690 \‘lll,
756 2659 782 2684 ὓ.

1051 921 1092 946 ὃτι
1107 919 1137 945 τὸ
1148 918 1260 953 Πνεῦμα
1273 917 1428 951 ἀσώματον.
1449 915 1619 949 Λειπόμενον
1641 911 1687 938 οὖν
1709 913 1794 943 ὲστιν,
1809 908 1841 941 ἐξ

1052 964 1134 991 αὑτοῦ
1153 962 1233 995 εἶναι,
1255 963 1293 994 ὡς
1310 962 1506 998 δημιούργημα
1532 960 1579 986 καὶ
1605 954 1842 992 κτίσμα¹αὺτοῦ.]

1091 1057 1210 1089 Τέξεται
1227 1072 1260 1077 -
1272 1056 1331 1083 ἀπὸ
1344 1055 1402 1082 τῶν
1415 1052 1564 1088 ἁμαρτιῶν
1574 1051 1684 1079 αὐτῶν.
1696 1050 1732 1076 Σὺ
1746 1048 1842 1076 τοῦτον

1054 1105 1178 1135 καλέσεις
1199 1103 1317 1138 Ἰησοῦν,
1333 1102 1369 1133 ὡς
1385 1101 1459 1135 νόμῳ
1476 1099 1578 1135 πατὴρ,
1595 1100 1619 1124 εἰ
1635 1097 1682 1125 καὶ
1696 1097 1733 1131 μὴ
1747 1095 1840 1130 φύσει,

1054 1152 1101 1178 καὶ
1121 1150 1155 1176 τὰ
1174 1149 1230 1185 (29)
1248 1149 1350 1184 πατρὸς
1366 1146 1488 1182 ἐπιδείξῃ
1508 1146 1573 1180 περὶ
1590 1143 1683 1175 αὑτὸν,
1697 1144 1721 1168 ει
1738 1141 1785 1168 καὶ
1801 1140 1842 1176 μὴ

1056 1198 1101 1223 σόν
1115 1198 1172 1222 ἐστι
1188 1197 1322 1231 γέννημα.
1341 1195 1390 1220 Διὰ
1404 1193 1485 1220 τοῦτο
1499 1193 1553 1226 γὰρ
1571 1190 1600 1218 τὸ
1616 1191 1667 1225 μὲν
1687 1189 1772 1223 ὄνομα
1788 1187 1841 1213 αυ-

1055 1244 1100 1275 τὺς
1119 1243 1222 1269 ἄνωθεν
1237 1241 1364 1275 ἐκόμισα,
1392 1240 1423 1265 σὺ
1447 1238 1475 1264 δὲ
1496 1237 1575 1264 τοῦτο
1591 1235 1732 1270 ἐπιθήσεις
1751 1232 1842 1268 αὐτῷ.

1054 1291 1133 1318 Ἐπεὶ
1152 1291 1180 1317 δὲ
1194 1290 1224 1316 τὸ
1239 1289 1343 1323 Ἰησοῦς
1369 1287 1464 1322 ὖνομα,
1486 1284 1610 1319 Σωτῆρα
1635 1283 1772 1318 σημαίνει,
1789 1280 1846 1306 δεί-

1056 1346 1163 1370 κνυσιν,
1188 1337 1228 1363 ὅτι
1243 1336 1355 1365 δικαίως
1375 1333 1446 1360 οῦτω
1469 1332 1649 1366 κληθήσεται.
1673 1327 1769 1360 Αὐτὸς
1787 1326 1844 1360 γὰρ

1055 1384 1159 1415 σώσει,
1179 1383 1257 1418 φησὶ,
1283 1381 1337 1407 τὸν
1348 1381 1425 1407 λαὸν
1447 1377 1552 1409 αὐτοῦ,
1569 1377 1618 1402 οὐχ
1632 1376 1687 1402 ἀπὸ
1703 1373 1843 1408 πολεμίων

1057 1430 1205 1464 αἰσθητῶν,
1221 1428 1278 1455 ἀλλ’
1293 1427 1307 1453 ὃ
1325 1425 1415 1461 πολλῷ
1433 1425 1524 1460 μεῖζον
1541 1421 1585 1459 ἦν,
1601 1422 1661 1450 ἀπὸ
1673 1419 1732 1447 τῶν
1746 1420 1843 1453 ἀμαρ-

1057 1476 1128 1504 τιών
1145 1474 1255 1507 αὐτῶν,
1281 1475 1348 1508 ὅπερ
1370 1472 1457 1503 οὐδεὶς
1473 1470 1626 1506 ἀνθρώπων
1643 1470 1709 1495 ποτὲ
1724 1466 1845 1500 πεποίη-

1058 1532 1116 1550 κεν.
1142 1523 1185 1554 Ὠς
1201 1520 1271 1549 εἶναι
1294 1520 1441 1548 κάντεῦθεν
1460 1518 1609 1553 γνώριμον,
1627 1516 1669 1543 ὅτι
1688 1514 1754 1545 Oed;
1766 1514 1845 1539 ἐστιν

1057 1571 1071 1596 ὁ
1099 1570 1267 1603 τικτόμενος.
1293 1568 1366 1594 Λαὸν
1386 1566 1415 1592 δὲ
1439 1564 1522 1592 αὑτοῦ
1546 1572 1625 1600 (mat,
1642 1561 1712 1588 κατὰ
1728 1561 1776 1596 μὲν
1791 1559 1846 1594 τὴν

1058 1617 1203 1652 πρόχειρον
1220 1615 1333 1649 γνῶσιν,
1356 1612 1420 1644 τοὺς
1443 1611 1602 1640 Ἰουδαίους,
1627 1608 1657 1640 ἐξ
1676 1604 1714 1633 ὧν
1730 1604 1847 1632 ἀνεϐλά-

1059 1671 1141 1698 στησε
1151 1670 1157 1677 ·
1176 1661 1247 1688 κατὰ
1261 1661 1289 1686 δὲ
1303 1661 1353 1695 τὴν
1373 1658 1535 1694 βαθυτέραν,
1571 1655 1674 1686 πάντας
1689 1653 1752 1683 τοὺς
1768 1651 1847 1686 αὐτῷ

1059 1709 1264 1740 πιστεύσοντας,
1282 1708 1328 1734 καὶ
1346 1705 1458 1741 βασιλέα
1482 1704 1577 1731 τοῦτον
1600 1703 1704 1732 ἑαυτοῖς
1725 1700 1845 1732 ἐπιγρα-

1057 1756 1201 1790 ψομένους.

1096 1801 1185 1828 Τοῦτο
1193 1798 1430 1833 δὲ-προςβήτου,
1449 1797 1478 1823 '0
1491 1795 1607 1830 ἄγγελος
1618 1793 1667 1820 καὶ
1674 1791 1753 1819 τοῦτό
1763 1799 1845 1826 φησι.

1059 1847 1144 1874 Τοῦτο
1153 1847 1182 1873 δὲ
1194 1846 1265 1878 ὅλον,
1274 1846 1303 1871 τὸ
1312 1843 1483 1879 τηλικοῦτον,
1496 1841 1567 1877 φημὶ
1578 1841 1610 1875 δὴ
1620 1840 1651 1866 τὸ
1658 1837 1847 1873 ἐγκυμονῆσαι

1057 1894 1107 1928 τὴν
1124 1892 1261 1927 Παρθένον
1279 1892 1312 1917 ὲκ
1329 1889 1489 1923 Πνεύματος
1519 1887 1608 1921 ἁγίου.
1633 1883 1699 1912 Εἶτα
1724 1882 1847 1917 παράγει

1060 1939 1224 1975 μαρτυρίαν,
1251 1937 1295 1963 διὰ
1322 1935 1369 1962 τοῦ
1391 1934 1531 1969 προφήτου
1560 1932 1610 1967 μὲν
1626 1930 1735 1957 Ἡσαΐου
1751 1928 1846 1964 ῥηθεῖ-

1060 1974 1120 2017 σαν,
1155 1984 1204 2011 οὐκ
1239 1982 1321 2010 αὑτοῦ
1341 1982 1369 2008 δὲ
1395 1979 1489 2013 οὖσαν,
1518 1978 1585 2005 ἀλλὰ
1612 1977 1659 2003 τοῦ
1675 1975 1744 2002 Θεοῦ
1770 1974 1845 2009 (30)-

1062 2031 1099 2059 Τὸ
1114 2031 1210 2065 ῥηθὲν
1228 2031 1294 2065 γὰρ,
1319 2029 1412 2063 φησὶν,
1429 2026 1489 2054 ὑπὸ
1506 2025 1560 2052 τοῦ
1585 2024 1696 2058 Κυρίου
1721 2021 1770 2048 διὰ
1788 2020 1845 2047 τοῦ

1060 2076 1224 2111 προφήτου.

1096 2121 1334 2157 Λέγοντος-ἐν
1353 2120 1459 2155 γαστρὶ
1478 2119 1551 2152 ἕξει.
1571 2117 1704 2145 Ἐνταῦθα
1724 2123 1848 2150 κακουρ-

1027 2180 1048 2207 ι)
1062 2168 1157 2202 γοῦσιν
1180 2169 1314 2200 Ἰουδαῖοι,
1333 2166 1549 2203 προϐαλλόμενοί
1563 2173 1640 2196 τινας
1662 2161 1846 2199 ἐρμηνευτὰς,

1063 2215 1222 2250 γράψαντας
1235 2223 1241 2230 ”
1261 2214 1334 2241 Ἰδοὺ
1361 2215 1379 2248 ἡ
1397 2213 1509 2246 νεᾶνις.
1532 2211 1603 2247 Ιιρὺς
1617 2210 1665 2242 οὓς
1691 2218 1793 2244 φαμεν,
1806 2209 1849 2234 δτι

1064 2263 1165 2298 μᾶλλον
1176 2262 1230 2288 τῶν
1245 2261 1332 2287 ἄλλων
1354 2261 1481 2287 ἁπάντων
1494 2257 1671 2294 ὲρμηνευτῶν
1697 2256 1727 2282 τὸ
1742 2255 1850 2287 ἀξιοπι-

1063 2309 1190 2344 στότερον
1207 2308 1232 2334 οι
1258 2307 1460 2343 Ἐὃδομήκοντα
1470 2307 1589 2340 ἔχουσιν,
1604 2305 1635 2330 οὐ
1658 2303 1739 2338 μόνον
1758 2301 1804 2328 διὰ
1819 2302 1849 2327 τὸ

1063 2356 1164 2390 πλῆθος
1182 2355 1229 2381 καὶ
1250 2355 1301 2389 τὴν
1330 2353 1501 2389 συμφωνίαν,
1520 2351 1588 2378 ἀλλὰ
1603 2350 1649 2377 καὶ
1662 2350 1706 2377 διὰ
1722 2349 1768 2375 τὸν
1785 2349 1851 2383 χρό-

1064 2410 1119 2430 νον.
1145 2398 1228 2429 Οὒτοι
1252 2401 1302 2437 μὲν
1328 2401 1382 2435 γὰρ
1413 2399 1467 2435 πρὸ
1489 2398 1586 2425 ἑκατὸν
1610 2396 1686 2432 ἦκα).
1716 2395 1849 2422 πλειόνων

1061 2448 1131 2474 ἑτῶν
1148 2447 1198 2482 τῆς
1224 2447 1271 2474 τοῦ
1292 2446 1412 2482 Χριστοῦ
1440 2445 1591 2481 παρουσίας
1617 2444 1848 2478 ὲρμηνεύσαντες,

1061 2494 1151 2529 πάσης
1161 2494 1230 2520 εἰσὶν
1245 2493 1364 2527 ὑποψίας
1374 2492 1582 2528 ἀπηλλαγμένοι
1592 2499 1598 2507 ·
1613 2492 1637 2518 οἱ
1648 2491 1676 2518 δὲ
1692 2490 1850 2526 γράψαντες

1061 2541 1102 2573 τὺ,
1127 2539 1238 2572 Ἰδοὺή
1264 2538 1382 2571 νεᾶνις,
1406 2539 1475 2573 μετὰ
1503 2538 1554 2572 τὴν
1577 2537 1784 2572 ἐνανθρώπησιν
1801 2534 1849 2562 τοῦ

1063 2585 1183 2622 Χριστοῦ
1220 2585 1462 2620 ὲρμηνεύσαντες,
1491 2584 1627 2619 ἀπεχθείᾳ
1659 2581 1781 2618 μᾶλλον,
1810 2581 1850 2612 ὡς

816 2736 912 2766 Variae
943 2735 1093 2766 lectiones
1109 2738 1138 2764 et
1156 2738 1249 2765 notat.

264 2814 320 2848 (‘28)
338 2814 444 2842 Inclusa
455 2813 522 2841 Cod.
535 2814 567 2840 A.
581 2813 664 2840 habet
675 2811 801 2848 inmarg.

262 2844 317 2883 (29}
330 2850 384 2876 Τοῦ
400 2849 653 2884 interponitChrys.
665 2851 685 2874 t.
701 2846 756 2878 Vll,
777 2854 802 2880 ι).
819 2845 862 2872 58.
875 2844 906 2870 Α.

1103 2807 1160 2842 (30)
1168 2807 1229 2834 ’Τοῦ
1251 2807 1352 2834 omittit
1364 2806 1394 2834 Β.
1413 2807 1416 2810 ’
