1922 3070
114 150 167 181 137

568 147 764 180 COMMENT.
787 149 826 179 IN
849 148 1086 179 ΜΑΤΤΗίΕυΜ.
1108 160 1141 164 -··
1162 147 1240 178 CAP.
1264 148 1305 179 ll.

1696 145 1746 181 133

111 205 175 238 ἐνὸς
197 205 315 241 ἀστέρος
341 203 537 239 πιστεύσωσιν,
548 206 627 232 αὐτοὶ
640 206 669 232 δὲ
689 205 757 241 μηδὲ
778 206 835 237 τοῖς
856 214 902 232 το-

959 205 1034 241 Magi,
1049 206 1110 232 \‘iso
1148 204 1230 231 unico
1261 204 1547 237 astro.credidcrunt,
1566 205 1617 240 ipsi
1651 211 1744 233 autem

111 252 219 283 σούτοις
234 251 389 286 προφήταις
400 251 550 286 ἀνέχωνται
571 250 712 277 πιστεύειν

145 297 295 332 Λέτοντες
321 311 356 317 —-
383 296 602 331 προσκυνῆσαι
620 295 713 328 αὐτῷ.
742 296 797 322 Καὶ
824 295 906 322 πόθεν

108 344 245 379 ἔγνωσαν,
272 344 338 370 ὃτιὸ
351 342 440 379 ἀστὴρ
469 344 573 374 ἐκεῖνος
600 342 735 378 βασιλέως
766 342 907 369 Ἰουδαίων

109 391 207 426 ἐδήλου
219 390 372 425 γέννησιν;
400 389 449 417 Ἐκ
476 388 523 416 τοῦ
551 389 648 424 γένους
666 388 715 415 τοῦ
739 388 905 424 ἀστρολόγον

110 437 226 472 Βαλαὰμ
250 435 448 470 καταγόμενοι,
481 435 530 463 καὶ
557 436 607 472 τὴν
636 435 741 462 ἐκείνου
766 434 907 470 μετιόντες

109 483 277 518 ἐπιστήμην,
292 481 421 516 εὕρισκον
437 481 519 508 αὐτὸν
531 481 719 517 προειρηκὸτα
729 500 737 513 ,
753 480 794 507 ὅτι
824 480 906 507 Ἀνα-

108 527 310 562 τελσῖᾶστρον
315 527 350 560 ἑξ
357 527 473 560 Ἰακὼϐ,
483 527 531 554 καί
540 526 906 560 ἀνασττὶσεταιᾶνθρωπος

107 575 143 607 ἐξ
155 574 294 610 Ἰσραὴλ·
308 574 355 601 καὶ
363 574 456 601 λοιπὴν
467 574 522 600 ἀπὸ
535 574 583 608 τῆς
594 573 723 608 τοιαύτης
735 572 906 608 προφητείας

109 621 270 655 ἑγίνωσκον,
284 620 326 646 ὅτι
341 619 492 654 βλαστῆσαι
510 619 603 655 μέλλει
619 619 649 651 ἐξ
670 618 807 645 Ἰουδαίων
826 617 904 652 βχσι-

107 666 182 698 λεὺς,
199 665 279 701 δίκην
294 665 410 700 ἀστέρος
435 664 538 700 ὑψηλὸς
557 665 604 691 καὶ
627 663 831 699 λαμπρότατος.
848 663 903 689 Καὶ

107 712 203 739 λοιπὸν
215 708 310 738 ἔκτοτε
326 711 502 746 παρετήρουν
517 710 581 742 τοὺς
592 709 728 744 ἀστέρας·
748 708 902 742 τηνικαῦτα

107 759 138 786 δὲ
156 759 202 785 τὸν
216 757 339 793 ἀσυνήθη
361 757 457 784 τοῦτον
481 755 529 784 καὶ
548 756 700 791 καινοφανῆ
727 755 903 790 θεασάμενοι,

110 805 192 840 μηδὲν
222 804 406 840 μελλήσαντες
429 801 512 840 ἦλθον
537 802 729 838 προσκυνῆσαι
756 801 796 836 τῷ
810 810 906 835 γεννη-

108 850 194 882 θέντι,
224 850 348 881 θέλοντες
373 850 404 876 ἐκ
439 848 554 884 πρώτης
584 848 694 884 ἡλικίας
721 849 795 884 αὑτῳ
812 848 904 882 φιλίαν

108 895 325 929 καταϐαλέσθαι,
353 896 399 922 καὶ
415 895 459 922 ἵνα
481 895 604 928 γνόντες,
630 894 674 926 τίς
688 903 719 920 τε
734 894 789 929 εἴη,
810 895 856 921 καὶ
872 895 900 920 ἐν

108 943 175 979 ποίᾳ
189 943 266 969 πόλει
289 941 466 977 γεγέννηται,
481 940 627 973 αὐξάνοντι
643 940 714 976 φίλῳ
732 941 900 975 χρήσωνται.

114 989 197 1016 ’Δλλὰ
211 989 291 1024 μέχρι
308 989 358 1024 μὲν
370 987 557 1022 Παλαιστίνης
578 987 632 1013 ὑπὸ
645 986 691 1013 τοῦ
705 987 819 1022 ἀστέρος
832 986 901 1021 ὡδη-

109 1037 226 1072 γοῦντο-
242 1036 299 1066 τοῖς
321 1033 518 1070 Ἰεροσολύμοις
529 1033 557 1060 δὲ
578 1034 790 1070 πλησιάσαντες,
809 1033 901 1059 οὐκέτι

107 1082 207 1110 τοῦτον
236 1080 316 1109 εἶδον.
347 1081 434 1108 Τοῦτο
460 1081 489 1108 δὲ
517 1081 641 1115 γέγονεν,
661 1081 705 1107 ῑνα
733 1081 779 1107 τὸν
805 1079 901 1114 ὁδηγὸν

109 1128 308 1160 ἀπολέσαντες,
343 1128 555 1161 ἀναγκασθῶσιν
582 1128 732 1163 ἐρωτῆσαι,
758 1127 806 1154 καὶ
830 1126 902 1153 οὕτω

107 1176 224 1211 γένηται
238 1176 389 1211 κατάδηλον
399 1175 551 1206 Ἰουδαίοις,
563 1176 604 1201 δτι
624 1175 789 1209 γεγέννηται
805 1175 818 1200 ό
835 1174 856 1200 Χ
862 1182 903 1209 pt-

109 1222 185 1256 στος,
213 1223 251 1254 ὡς
273 1222 312 1258 μὴ
335 1221 465 1248 δυνασθαι
488 1221 586 1253 αὐτοὺς
606 1222 634 1252 ἐς
659 1221 774 1257 ὕστερον
799 1221 901 1254 λέγειν,

107 1270 151 1296 ὅτι
174 1269 234 1296 Οὒκ
257 1269 382 1303 οἴδαμεν,
397 1269 422 1295 εί
444 1268 620 1302 γεγέννηται.
647 1268 783 1303 Ἐμήνυσε
809 1267 837 1293 δὲ
857 1267 902 1293 τὸν

109 1315 231 1350 Χριστὸν
253 1315 353 1350 ἀστὴρ,
370 1315 413 1341 ἵνα
438 1315 485 1341 καὶ
502 1315 519 1350 ἡ
534 1322 581 1340 του
610 1313 725 1348 Βαλαὰμ
748 1312 903 1347 προφητεία

111 1361 259 1397 πληρωθῇ.
281 1360 360 1387 Ίεττε)¹
378 1360 434 1396 γὰρ
456 1361 481 1387 οἱ
507 1359 660 1396 προφῆται,
684 1359 741 1390 τοῖς
764 1358 903 1390 Ἰουδαίοις

108 1407 176 1442 περὶ
209 1406 258 1433 τοῦ
293 1406 413 1441 Χριστοῦ
448 1406 672 1441 προμηνύοντες,
713 1404 764 1431 οὑκ
791 1404 904 1439 ἔμελλον

108 1453 228 1484 πείθειν,
239 1453 334 1479 λοιπὴν
351 1454 407 1484 τοῖς
429 1452 536 1480 ἔθνεσιν
550 1451 639 1487 ἀστὴρ
660 1451 757 1487 μηνύει
770 1450 816 1477 τδν
827 1450 904 1485 ἣλιον

107 1501 161 1535 τῆς
172 1499 359 1534 δικαιοσύνης.
377 1499 409 1525 ὲκ
422 1499 471 1534 τῆς
484 1499 536 1533 γῆς
560 1497 752 1525 ἀνατέλλοντα.
769 1497 838 1524 Οὔτε
850 1497 905 1533 γὰρ

109 1544 276 1581 προφήτην,
300 1543 362 1570 οὔτε
389 1543 506 1578 ἄγγελον
535 1543 661 1578 ᾔδεισαν,
690 1542 733 1569 ἵνα
759 1542 792 1569 δι’
815 1542 905 1569 αὐτῶν

108 1591 274 1618 ἑλκυσθῶσι.
306 1591 389 1617 Μόνοι
414 1589 442 1616 δὲ
464 1589 510 1615 τὸν
538 1589 642 1623 ἀστέρα
668 1588 764 1615 τοῦτον
781 1596 904 1623 παρεση-

112 1640 267 1675 μειώσαντο
296 1639 411 1674 Πέρσαι,
441 1637 479 1669 ὡς
503 1638 581 1672 μόνοι
609 1637 674 1673 περὶ
699 1636 748 1671 τὴν
774 1636 907 1672 ὀξυτέραν

111 1685 293 1721 ἀστρολογίαν
312 1686 344 1712 ἐκ
367 1684 495 1718 νεότητος
520 1683 728 1718 ἀσχολούμενοι.
747 1683 783 1709 οὑ
806 1683 906 1714 πάντες

108 1734 139 1760 δὲ
157 1734 182 1760 οἱ
197 1733 311 1768 Πέρσαι,
328 1733 368 1758 ὃτι
382 1731 444 1758 οὐδὲ
458 1731 517 1764 (54)
533 1731 638 1762 πάντες
654 1727 725 1766 ἦσαν
740 1729 824 1764 ὀξεῖς,
840 1729 902 1757 οὐδὲ

108 1780 225 1816 ἔμελλον
235 1778 337 1813 ὁμοίως
348 1778 488 1805 πιστεύειν

147 1827 221 1862 Πρὸς
243 1825 272 1852 δὲ
287 1825 353 1855 τοὺς
372 1823 612 1860 προὸαλλομένους
627 1823 674 1850 τὸν
687 1823 791 1858 ἀστέρα
812 1822 907 1849 τοῦτον

109 1873 151 1904 εἰς
165 1870 331 1907 συνηγορίαν
351 1870 400 1905 τῆς
414 1869 649 1904 γενεθλιαλογίας,
673 1871 783 1905 ῥητέον,
800 1869 842 1895 ὃτι
854 1869 906 1895 οὒκ

111 1916 148 1952 ἦν
173 1916 251 1948 οὗτος
282 1916 363 1951 φύσει
376 1916 476 1951 ἀστὴρ,
493 1916 551 1942 ἀλλ’
573 1914 635 1947 δψει
650 1916 730 1949 μόνον
742 1915 843 1949 ἀστὴρ,
859 1914 907 1941 καὶ

113 1965 154 1996 ὡς
166 1963 274 1997 ἀληθῶς
292 1963 351 1989 θεία
377 1971 419 1994 τις
429 1963 556 1998 δύναμις,
577 1962 618 1993 εἰς
637 1961 739 1997 ταύτην
767 1969 906 1996 μετασχη-

117 2011 281 2045 ματισθεῖσα
293 2009 342 2044 τὴν
361 2008 432 2043 δψιν.
449 2009 507 2035 Καὶ
522 2007 602 2034 τοῦτο
622 2008 705 2042 δῆλον
719 2007 773 2034 ἀπὸ
785 2007 903 2034 πολλῶν.

115 2056 228 2091 Πρῶτον
243 2055 305 2090 μὲν,
329 2057 384 2081 ἀπὸ
399 2057 449 2089 τῆς
465 2054 589 2089 πορείας.
607 2053 712 2084 Παντὸς
723 2053 777 2089 γὰρ
791 2053 906 2088 ἀστέρος

111 2103 144 2136 ἐξ
159 2102 291 2137 ἀνατολῆς
318 2102 358 2133 εἰς
382 2101 459 2127 δύσιν
482 2100 651 2135 βαδίζοντος,
672 2095 750 2130 οὗτος
775 2099 856 2134 μόνος
876 2099 906 2131 ἐξ

112 2151 218 2184 ὸρκτου
241 2148 310 2184 πρὸς
334 2146 509 2182 μεσημϐρίαν
536 2146 672 2180 ἐφέρετο·
699 2145 830 2180 τοιαύτην
851 2144 905 2180 γὰρ

112 2195 195 2230 ἔλαχε
210 2193 283 2220 θέσιν
296 2194 313 2229 ἠ
333 2193 499 2228 Παλαιστίνη
519 2193 587 2227 πρὸς
605 2191 654 2226 τὴν
682 2191 810 2227 Περσίδα.
837 2191 905 2217 Δεύς

112 2249 194 2276 τερον
206 2241 245 2273 δὲ,
264 2240 317 2267 ἀπὸ
328 2240 378 2274 τῆς
386 2239 581 2274 λαμπρότητος
594 2247 601 2254 ·
611 2238 718 2270 οὐδενὸς
730 2238 784 2272 γὰρ
792 2238 905 2272 ἀστέρος
918 2238 945 2267 D

113 2289 144 2314 ὶν
157 2287 248 2322 ἡμέρᾳ
262 2285 490 2321 φαινομένου,διὰ
501 2285 550 2320 τὴν
569 2283 721 2319 ὑπερϐολὴν
733 2285 781 2319 τῆς
792 2284 908 2319 ἡλιακῆς

112 2335 322 2369 λαμπρότητος,
342 2332 437 2358 τοῦτον
463 2332 557 2366 μόνον,
574 2332 603 2356 ἐν
621 2331 716 2366 ἡμέρᾳ.
732 2330 905 2365 φαινόμενον,

112 2380 166 2406 οὐκ
176 2379 292 2414 ἠδύνατο
304 2379 318 2404 ὁ
333 2378 409 2413 ἥλιος
431 2377 632 2411 ἀποκρύπτειν.
661 2377 769 2410 Τρίτον,
786 2376 840 2402 ἀπὸ
859 2375 905 2401 τοῦ

114 2426 340 2462 φαίνεσθαικατὰ
357 2425 448 2458 λόγον,
462 2425 510 2451 καὶ
525 2423 606 2450 πάλιν
619 2423 800 2458 κρύπτεσθαι.
815 2423 906 2458 Μέχρι

115 2474 170 2509 μὲν
184 2474 238 2508 γὰρ
255 2472 437 2505 Παλαιστίνης
451 2472 577 2506 ἐφαίνετο
587 2471 692 2506 ὁδηγῶν
708 2472 824 2503 αὐτούς’
846 2472 907 2498 ἐπεὶ

113 2522 144 2548 δὲ
168 2520 223 2547 τῶν
255 2519 450 2554 Ἰεροσολύμων
478 2519 628 2554 ἐπέϐησαν.
653 2518 770 2554 ἔκρυψεν
787 2518 904 2545 ἑαυτόν·

113 2568 175 2594 εἶτα
197 2566 278 2592 πάλιν
289 2567 443 2598 ἐξελθοῦσιν
458 2567 548 2597 αὐτοῖς
562 2565 617 2592 ἀπὸ
634 2565 690 2591 τῶν
708 2564 905 2600 Ἰεροσολύμων

154 2657 177 2674 ’⁸
193 2656 275 2684 Num.
294 2665 370 2690 xxiv,
383 2656 427 2683 l7.

958 259 1046 286 neque
1064 255 1105 278 tot
1124 251 1266 286 prophetis
1285 251 1398 279 credere
1417 251 1572 279 voluerunt.

992 297 1069 325 Vers.
1081 297 1108 324 2.
1125 297 1245 324 Dicente:
1259 313 1293 319 -
1304 298 1339 324 ad
1354 298 1519 325 adorandum
1532 306 1602 325 eum.
1618 298 1652 326 Et
1673 299 1745 326 unde

957 349 1146 379 cognoverunt
1168 343 1273 371 stellam
1291 343 1364 370 illam
1377 343 1448 379 regis
1464 343 1621 372 Iudaeorum
1640 344 1742 372 nativi-

959 395 1041 419 tatem
1058 390 1234 418 manifestare
1248 390 1262 418 ‘l
1278 390 1348 423 Quia
1365 399 1397 418 ex
1413 398 1514 426 genere
1533 390 1641 419 Balaam
1657 397 1748 419 astro-

958 438 1010 473 logi
1027 437 1240 468 descendebant,
1252 441 1280 464 et
1301 436 1403 471 scripta
1430 436 1503 464 illius
1516 437 1658 467 adeuntes.
1670 439 1743 466 inve-

959 486 1059 509 nerunt
1073 481 1108 509 ab
1123 489 1156 508 eo
1169 481 1271 509 dictum
1289 490 1295 507 :
1313 480 1419 508 Oriemr
1446 482 1526 508 stella
1553 490 1585 509 ea:
1612 483 1705 516 Iacob,
1720 489 1745 510 et

958 532 1094 563 consurget
1113 528 1189 554 homo
1203 536 1234 555 ea:
1261 526 1350 555 Israel
1362 527 1396 554 ".
1410 526 1467 554 Tali
1488 528 1578 563 itaque
1603 530 1744 565 prophetia

958 574 1086 609 permoti,
1102 578 1282 608 agnoverunt,
1298 581 1330 600 ex
1345 572 1446 600 Iudaeis
1463 581 1554 608 regem
1576 576 1743 603 nasciturum

958 620 984 646 in
1011 620 1121 647 modum
1136 619 1230 652 stellae,
1243 619 1379 647 excelsum
1395 620 1498 647 scilicet
1523 625 1550 648 et
1566 621 1678 649 clarum.
1706 622 1743 649 Ex

957 674 991 693 eo
1004 666 1088 702 igitur
1103 670 1224 701 tempore
1239 666 1331 693 stellas
1348 666 1530 694 observabant
1547 675 1553 693 :
1570 671 1635 694 tunc
1652 673 1742 695 antem

957 712 1029 739 hanc
1048 712 1195 744 insuetam,
1210 716 1238 739 et
1260 717 1385 740 recentcr
1417 718 1593 748 apparentem
1609 713 1742 745 ridentes.

956 757 1026 784 nihil
1045 757 1200 785 cunctando
1213 762 1357 789 venerunt.
1373 763 1403 785 ut
1417 766 1479 786 eum
1496 758 1542 793 qui
1564 763 1644 786 natus
1673 765 1742 789 erat.

957 804 1114 835 adorarent,
1130 804 1252 831 volentes
1269 811 1283 831 a
1299 804 1385 840 prima
1405 805 1496 832 statim
1517 809 1595 832 a-tate
1609 805 1659 840 ipsi
1674 814 1745 841 pen—

958 850 1022 878 dere
1037 850 1137 877 tributa
1152 850 1200 885 (b),
1214 854 1244 877 ut
1258 850 1375 885 cognito,
1388 851 1449 885 quis
1457 854 1541 883 esset,
1555 856 1582 878 et
1597 851 1623 878 in
1636 859 1688 886 qua
1703 859 1745 878 or-

958 902 1000 924 tus
1015 897 1135 929 civitate,
1148 897 1192 924 ubi
1205 897 1346 929 crevisset,
1358 896 1474 924 amicum
1491 897 1542 924 sibi
1552 898 1695 925 haberent.
1710 898 1746 926 Et

954 943 1063 978 quidem
1090 951 1176 978 usque
1199 943 1231 970 ad
1256 942 1407 970 Palaestina:
1421 944 1559 979 regionem
1587 944 1673 972 stella:
1695 944 1745 972 du-

956 994 1046 1017 catum
1070 988 1237 1016 habuerunt.
1252 988 1302 1016 Ubi
1328 993 1418 1016 autem
1435 988 1629 1025 Hierosolymis
1645 997 1744 1024 appro-

955 1036 1145 1071 pinquassent,
1157 1035 1274 1071 amplius
1286 1042 1345 1062 eam
1362 1043 1416 1062 non
1436 1035 1572 1062 viderunt.
1595 1035 1673 1068 Quod
1704 1035 1745 1063 fa-

956 1087 1029 1110 ctum
1059 1087 1112 1114 est,
1129 1087 1158 1110 ut
1173 1083 1242 1109 duce
1258 1081 1364 1117 perdito
1387 1082 1555 1117 interrogare
1569 1087 1743 1117 cogerentur,

957 1128 1087 1162 ﬁeretque
1116 1126 1215 1155 Iudaeis
1232 1126 1405 1154 manifestum
1420 1132 1512 1153 natum
1530 1134 1590 1154 esse
1606 1126 1743 1154 Christum

956 1182 991 1201 ne
1015 1175 1039 1200 in
1066 1178 1204 1208 posterum
1245 1173 1336 1200 dicere
1367 1177 1479 1207 possent
1498 1182 1504 1199 :
1521 1172 1579 1199 Non
1608 1172 1744 1206 novimus,

957 1225 1048 1247 utrum
1066 1223 1147 1246 natus
1160 1219 1203 1246 sit.
1221 1218 1389 1254 Signiﬁcavit
1402 1217 1483 1245 etiam
1499 1217 1576 1245 stella
1593 1217 1745 1252 Christum,

957 1270 987 1293 ut
1012 1265 1119 1292 Balaam
1138 1263 1279 1299 prophetia
1296 1264 1489 1298 compleretnr.
1505 1263 1573 1296 Quia
1593 1264 1665 1291 enim
1681 1271 1745 1299 pro-

957 1311 1056 1346 phetat,
1068 1310 1205 1338 Christum
1215 1314 1466 1345 praemonstrantes,
1475 1308 1576 1337 Judzeis
1589 1311 1746 1344 persuasuri

958 1365 1012 1384 non
1030 1361 1124 1390 erant,
1153 1357 1289 1391 reliquum
1307 1360 1375 1386 erat,
1390 1360 1420 1383 ut
1435 1356 1562 1391 gentibus
1583 1355 1661 1383 stella
1675 1356 1747 1383 iudi-

957 1409 1032 1432 caret
1052 1403 1166 1438 jnstitim
1183 1403 1274 1431 Solem
1287 1410 1302 1430 e
1318 1407 1390 1429 terra
1405 1403 1548 1431 orientem.
1565 1401 1658 1438 Neque
1673 1402 1745 1430 enim

957 1451 1119 1487 prophetam
1135 1455 1183 1477 aut
1198 1449 1326 1477 nuntium
1341 1449 1477 1482 viderant,
1495 1452 1524 1476 ut
1538 1450 1573 1476 ab
1590 1449 1629 1476 eis
1643 1456 1745 1484 cogno-

959 1503 1077 1526 scerent.
1090 1497 1146 1525 Soli
1167 1502 1256 1524 autem
1269 1497 1359 1524 Persa:
1374 1496 1479 1523 stellam
1496 1495 1566 1523 hanc
1580 1495 1746 1523 observave-

959 1549 1037 1577 rant;
1054 1543 1104 1571 soli
1129 1550 1248 1578 namque
1262 1541 1420 1578 diligentius
1433 1541 1503 1569 circa
1519 1541 1693 1576 astrologiam
1712 1542 1747 1570 ab

959 1590 1072 1618 infantia
1089 1589 1309 1624 occupabantur.
1321 1586 1413 1623 Neque
1430 1592 1520 1615 tamen
1538 1596 1633 1616 omnes
1646 1588 1746 1622 Pers:e.

957 1637 1019 1672 quia
1035 1644 1089 1664 non
1102 1643 1198 1663 omnes
1215 1635 1286 1662 acris
1302 1638 1381 1662 erant
1399 1634 1513 1670 ingenii,
1526 1641 1616 1669 neque
1634 1635 1745 1669 aequali-

958 1689 998 1712 ter
1012 1690 1108 1711 omnes
1128 1686 1208 1710 erant
1221 1681 1364 1709 credituri.

992 1829 1074 1857 Nune
1089 1836 1153 1856 vero
1164 1827 1310 1856 dicendum
1326 1831 1367 1854 est
1383 1832 1476 1854 contra
1489 1826 1744 1861 Genethliacns.qui

957 1876 1063 1904 stellam
1075 1875 1144 1902 hanc
1159 1874 1302 1910 proferunt
1314 1873 1341 1900 iu
1356 1872 1535 1907 patrocinium
1547 1872 1613 1899 artis
1622 1872 1745 1899 Genetii-

958 1923 1042 1954 linea),
1059 1922 1163 1948 stellam
1195 1922 1264 1948 hanc
1300 1927 1355 1947 non
1386 1925 1510 1947 naturam
1531 1919 1681 1951 stellarum,
1698 1920 1745 1946 sul

963 1968 1078 2004 ﬁguram
1093 1968 1226 1995 duntaxat
1237 1966 1373 1994 habuisse.
1385 1965 1417 1992 Et
1439 1973 1503 1993 vere
1518 1966 1609 1993 divina
1622 1966 1745 2000 qurellam

958 2015 1045 2042 inerat
1063 2013 1183 2049 potentia
1205 2013 1231 2042 in
1262 2013 1332 2039 hanc
1351 2012 1463 2047 ﬁgurant
1481 2011 1681 2039 transformata.
1714 2011 1747 2037 lit

958 2061 1009 2088 hoc
1028 2061 1135 2096 quidem
1152 2068 1184 2086 ex
1201 2058 1292 2086 multis
1306 2058 1479 2085 manifestum
1504 2063 1555 2086 est.
1581 2057 1703 2084 Primum
1731 2065 1745 2084 a

957 2107 1011 2134 via.
1028 2107 1094 2134 Nam
1110 2106 1237 2141 quarlibrt
1265 2105 1341 2131 stella
1367 2104 1400 2131 ab
1427 2109 1489 2131 ortu
1521 2103 1692 2139 progreditur
1717 2103 1744 2130 in

957 2151 1165 2184 occasum,sola
1195 2150 1252 2177 h:cc
1281 2157 1296 2177 a
1323 2148 1510 2183 septentrione
1543 2148 1570 2175 in
1604 2148 1746 2175 meridiem

958 2198 1096 2225 ferebatur
1117 2206 1123 2224 :
1142 2196 1220 2223 talem
1237 2202 1335 2229 nempe
1352 2193 1464 2220 sortitur
1486 2192 1627 2220 Palmstina
1651 2192 1745 2224 situm.

959 2245 982 2271 si
995 2245 1028 2272 ad
1049 2243 1184 2271 Persidem
1204 2241 1338 2269 conferas.
1355 2240 1480 2268 Secundo
1493 2247 1507 2266 a
1526 2239 1680 2274 splendore.
1705 2239 1748 2266 Si-

958 2290 1067 2325 quidem
1096 2287 1168 2315 nulla
1195 2288 1221 2314 in
1253 2287 1297 2313 die
1322 2289 1444 2321 apparet,
1467 2289 1578 2318 propter
1606 2291 1745 2312 excessum

959 2335 1028 2362 lucis
1045 2334 1140 2361 solaris
1163 2342 1170 2360 :
1189 2334 1260 2360 hanc
1279 2333 1367 2360 solam
1390 2332 1417 2358 in
1445 2331 1488 2358 die
1511 2335 1687 2365 apparentem
1715 2331 1748 2357 'ol

959 2381 1095 2408 occultare
1115 2386 1168 2406 non
1192 2383 1308 2413 poterat.
1324 2377 1415 2404 Tertio
1432 2385 1464 2404 ex
1495 2377 1545 2403 hoc
1572 2377 1644 2411 quod
1669 2375 1748 2410 prout

959 2434 1028 2461 opus
1039 2430 1096 2452 crat
1111 2424 1269 2460 apparebat,
1285 2430 1433 2457 rursusque
1445 2421 1645 2449 occultabatur.
1657 2421 1748 2455 Usque

959 2472 991 2499 ad
1004 2470 1150 2498 Pala‘stinre
1162 2470 1235 2497 enim
1245 2469 1381 2504 regionem
1393 2468 1521 2494 ducatum
1536 2467 1587 2493 illis
1604 2470 1747 2501 praestans,

959 2518 1094 2553 apparuit.
1113 2516 1152 2543 Ex
1176 2523 1230 2551 quo
1247 2520 1337 2542 autem
1357 2514 1540 2548 Hierosolyma
1560 2515 1746 2544 accesserunt,

961 2565 1077 2599 seipsam
1093 2562 1240 2590 occultavit
1254 2571 1261 2589 :
1277 2568 1440 2595 rursumque
1456 2557 1691 2592 abilicrosolymis
1700 2564 1747 2583 ex-

718 2689 818 2720 Varim
846 2689 1000 2720 lectiones
1017 2692 1047 2720 et
1067 2693 1162 2720 notae.

152 2754 208 2790 (st)
225 2755 268 2786 οι,
286 2753 360 2780 addit
373 2757 403 2780 Α.

151 2825 190 2860 (b)
211 2824 327 2860 Pendere
343 2821 453 2860 tribuite.
466 2820 645 2860 Fortegépov
661 2825 707 2847 aut
721 2820 830 2856 φόρους,
843 2827 893 2855 pro
906 2828 913 2854 ς

959 2819 1008 2852 ἴαν,
1018 2818 1094 2855 legit.
1117 2818 1220 2851 Redde,
1247 2817 1394 2844 amicitiam
1417 2816 1547 2844 exhibere.
1567 2816 1604 2843 ita
1627 2814 1747 2842 εὒτωιίαν

115 2857 346 2889 καταϐάλλεσθαι.
362 2857 484 2891 Alciphr.
498 2864 526 2891 p.
544 2857 588 2883 45.

277 2907 417 2937 PATROL.
441 2907 498 2936 Gn.
522 2903 649 2933 CXXIX.

1573 2896 1591 2925 5
