1922 3070
244 133 295 165 16⁸1

279 188 357 216 Vers.
372 188 416 216 ίί.
430 187 487 224 Ego
500 188 606 224 quidem
619 188 765 224 —Spiritu
782 193 884 217 sancto.
899 190 932 216 In
947 190 1032 224 paeni-
1049 193 1070 220 Α

242 235 365 268 tentiam,
376 235 430 262 hoc
441 240 494 268 est,
512 235 629 270 Propter
647 236 850 270 ptenitentiam,
867 236 942 270 ipsos
955 235 1030 262 enim

242 282 406 308 conﬁtentes
421 281 482 308 sive
500 281 696 316 resipisecntes
718 281 884 316 baptizabat,
901 281 965 316 quia
985 289 1034 308 eos

243 326 412 361 paenitebat;
434 331 548 360 eratque
566 327 620 353 tale
637 327 772 361 baptisma
795 327 966 361 ptenitentize
982 327 1031 354 de-

243 373 418 400 monstratio.
435 373 498 400 Post
514 381 544 400 se
568 378 659 399 autem
677 377 820 399 venturum
835 372 901 400 dicit
924 373 1031 405 Jesum,

243 424 306 446 ante
316 426 397 453 quem
413 418 471 453 ipse
488 418 559 445 viam
572 418 610 444 illi
625 418 806 452 praeparabat,
817 418 959 445 clamans:
979 417 1034 444 Pa-

243 471 302 493 rate
316 466 387 493 uiam
402 465 520 497 Domini,
536 469 566 491 ut
579 472 661 499 supra
674 464 857 491 narravimus.
875 463 948 491 Dixit
962 472 1033 500 quo-

243 521 297 547 que
309 506 455 540 'Cbristum
473 519 503 538 se
528 510 682 543 fortiorem,
703 515 797 545 utpote
813 510 952 538 divinitati
970 511 1034 538 uni-

244 564 312 586 tum.
345 559 411 585 Illud
431 564 519 584 vero:
549 556 609 583 Non
630 564 688 583 sum
716 557 826 584 idoneus
852 557 1033 584 calceamema

242 607 359 636 portare.
389 602 567 630 excellentem
588 602 659 636 ejus,
688 602 734 637 qui
754 602 956 638 prmdicabatur
983 611 1034 631 ex-

242 649 337 684 pritnit
350 649 522 683 dignitatem.
539 648 723 676 Tantumdem
739 649 814 676 enim
826 653 869 677 est
881 657 913 677 ac
940 649 964 677 si
990 650 1033 676 di-

241 699 316 721 ceret
338 703 344 721 :
363 695 457 729 Neque
478 694 550 721 inter
562 699 703 722 extremos
718 694 808 729 ipsius
819 702 914 723 servos
936 703 1034 722 nume-

243 740 299 767 rari
334 748 458 775 possum,
486 745 600 775 propter
630 741 847 776 magnitudinem
877 740 1033 769 Divinitatis

243 787 297 822 ipsi
319 787 422 822 imitat;
446 787 592 822 postremis
619 787 755 823 siquidem
771 788 860 816 servis
877 787 1032 823 huiusmodi

241 833 418 861 commissum
434 839 476 860 est
491 834 664 868 obsequium.

863 131 1058 164 EUTHYMII
1077 131 1261 162 ZIGABENI

1128 188 1199 223 Ἐγὼ
1215 187 1274 223 μὲν
1296 202 1332 208 —
1355 188 1507 223 Πνεύματι
1523 188 1606 224 ἁγίῳ.
1632 189 1685 222 Εις
1707 187 1877 223 μετάνοιαν,

1085 235 1145 262 ἀντὶ
1160 235 1217 266 τοῦ,
1230 234 1280 261 Διά
1290 234 1340 269 τὴν
1351 234 1508 270 μετάνοιαν.
1527 234 1811 270 Ἑξομολογουμένους
1822 235 1878 270 γὰρ

1084 281 1194 312 αὐτοὺς,
1207 282 1296 307 εῐτουν
1318 280 1528 314 μετανοοῦντας,
1542 280 1686 313 ὲΰάπτιζε,
1702 281 1771 307 διότι
1798 289 1879 315 μετε-

1084 328 1194 362 νόησαν.
1216 327 1271 354 Καὶ
1297 324 1332 362 ἦν
1356 326 1387 353 τὸ
1415 326 1537 353 τοιοῦτον
1564 326 1709 361 βάπτισμα
1739 325 1879 359 ἀπόδειξις

1086 373 1242 408 μετανοίας.
1275 372 1379 398 Ὀπίσω
1393 372 1423 398 δὲ
1444 371 1527 398 αὐτοῦ
1552 371 1703 407 ἐρχόμενον
1730 371 1806 404 λέγει
1831 371 1880 397 τὸν

1091 418 1208 453 Ἰησοῦν,
1224 415 1254 445 οὗ
1271 417 1427 453 ἔμπροσθεν
1438 417 1521 449 αὐτὸς
1537 417 1724 448 κατεσκεύαζε
1749 417 1799 452 τὴν
1817 417 1879 443 όδδν

1083 464 1166 491 αὐτοῦ
1196 463 1276 499 βοῶν·
1300 463 1498 498 Ἑτοιμάσατε
1513 462 1572 497 τὴν
1595 463 1668 490 ὁδὸν
1684 464 1808 497 Κυρίου»
1840 464 1879 495 ὡς

1084 510 1214 544 ἀνωτέρω
1220 509 1425 545 ὲξηγησάμεθα.
1434 509 1620 544 ’ἰσχυρότερον
1629 508 1657 534 δὲ
1666 508 1876 543 αὐτὸνεῖρηκεν.

1084 557 1122 588 ὼς
1139 556 1279 592 ἡνωμένον
1288 557 1408 591 θεότητι.
1424 556 1461 582 Τὸ
1474 555 1513 587 δὲ,
1527 552 1568 582 Οὔ
1585 556 1642 582 οὐκ
1657 554 1716 587 eiul
1729 555 1833 587 ἱκανὸς
1843 555 1880 581 τὰ

1084 603 1264 639 ὑποδήματα
1291 604 1462 636 βαστάσαι,
1488 603 1539 637 τὴν
1571 601 1797 636 ὑπερϐάλλουσαν
1822 602 1878 637 (8'2)

1085 650 1222 686 ὑπεροχὴν
1241 650 1288 677 τοῦ
1301 649 1509 686 κηρυσσομένου
1535 649 1697 684 παρίστησι.
1715 649 1796 682 Λέγει
1811 649 1879 683 γὰρ,

1084 697 1125 723 ὃτι
1140 696 1208 723 Οὐδὲ
1225 697 1264 729 είς
1279 697 1342 728 τοὺς
1357 696 1490 731 ἐσχάτους
1515 694 1599 722 αὐτοῦ
1625 694 1735 726 δούλους
1760 695 1881 730 ταγῆναι

1084 743 1212 778 δύναμαι,
1227 743 1271 770 διὰ
1287 743 1318 769 τὸ
1339 742 1456 778 μέγεθος
1479 742 1530 776 τῆς
1556 741 1700 776 ήνωμένης
1721 742 1795 777 αὐτῷ
1818 742 1880 768 0:6—

1084 798 1166 824 τητος
1178 796 1186 804 ’
1201 790 1259 820 τοῖς
1285 789 1340 824 γὰρ
1356 789 1482 824 ἐσχάτοις
1504 787 1625 818 οἰκέταις
1648 787 1844 823 ἐπιτέτραπται
1862 788 1878 823 ἠ

1084 836 1196 871 τοιαύτη
1211 835 1360 871 ὑπηρεσία.

278 879 385 913 Reliqui
401 886 466 906 vero
477 879 669 914 Evangelistat,
697 878 847 914 Corrigiam
867 878 1031 906 calceamen-

1120 882 1152 908 Ol
1168 870 1196 908 at
1212 870 1302 908 λοιποὶ
1319 881 1513 915 εὐαγγελισταὶ
1528 881 1622 909 λῦσαι
1634 881 1688 909 τὸν
1700 881 1806 916 lycium
1820 880 1881 907 τῶν

241 929 329 952 torum
348 925 406 959 ejus
429 925 527 952 solvere
541 925 672 953 dixerunt
682 925 724 959 ";
747 930 777 953 ut
800 925 978 953 manifestum
997 925 1034 953 sit

240 977 388 1007 utrumque
406 972 526 1004 dixisse,
549 979 624 999 nunc
649 972 759 1007 quidem
786 973 849 1005 hoc,
863 979 938 1000 nunc
967 980 1033 1000 vero

241 1018 319 1045 illud.
334 1018 433 1046 Dicens
447 1022 552 1050 autem,
576 1018 636 1052 Ipse
652 1026 695 1044 vos
711 1018 856 1052 baptizabit
874 1018 902 1044 in
929 1017 1032 1052 Spiritu

239 1070 343 1096 sancto,
371 1065 459 1100 palam
487 1064 553 1092 fecit
577 1064 714 1092 Dominici
739 1065 913 1099 baptismatis
941 1065 1033 1100 digni-

239 1114 335 1137 tatem.
351 1109 452 1143 Meum,
465 1109 564 1145 inquit,
577 1110 713 1145 baptisma
724 1110 918 1138 abstinentiam
934 1118 949 1137 a
968 1118 1032 1146 pec-

239 1155 308 1184 catis
320 1160 468 1191 operatur;
483 1155 559 1183 illius
575 1163 652 1189 vero,
678 1155 799 1191 Spiritus
830 1156 920 1184 sancti
944 1157 1032 1192 parti-

238 1203 329 1238 cipem
343 1202 418 1230 facit.
433 1201 580 1230 Matthmus
597 1211 675 1235 sane,
691 1202 800 1230 Marcus
813 1207 842 1230 et
856 1202 977 1230 Joannes
989 1202 1032 1230 di-

239 1253 339 1276 xerunt
357 1258 364 1274 :
383 1247 417 1275 In
436 1247 539 1283 Spiritu
553 1253 646 1275 sancto
654 1248 694 1275 ".
705 1248 796 1276 Lucas
811 1255 877 1275 vero
892 1257 899 1276 :
921 1247 955 1275 In
969 1248 1033 1282 Spi-

238 1296 293 1322 ritu
309 1299 401 1322 sancto
415 1299 441 1321 et
454 1295 510 1330 igni
520 1295 562 1329 ¹¹;
581 1295 654 1322 unde
669 1302 779 1322 rursum
800 1295 977 1323 manifestum
990 1295 1030 1329 lit,

240 1344 269 1368 et
290 1341 354 1372 hoc,
378 1345 407 1368 et
433 1341 499 1368 illud
523 1340 673 1375 Baptistam
697 1340 783 1368 variis
807 1341 907 1368 dixisse
926 1346 1032 1376 tempo-

240 1387 328 1414 ribus.
345 1386 451 1414 Nostris
469 1386 580 1422 quidam
593 1386 744 1421 majoribus
762 1386 799 1421 (ο)
816 1385 862 1414 hic
875 1393 966 1414 sermo
982 1387 1032 1414 de-

239 1438 385 1466 monstrat,
405 1433 524 1468 Spiritus
540 1433 627 1461 sancti
643 1441 727 1468 super
747 1434 886 1468 apostolos
902 1434 928 1460 in
944 1433 1031 1469 igneis

239 1480 341 1516 linguis
351 1480 526 1508 descensum.
543 1480 621 1508 'l‘unc
638 1480 712 1508 enim
723 1480 751 1507 in
763 1480 868 1515 Spiritu
886 1485 983 1508 sancto
1004 1483 1032 1508 et

238 1527 296 1563 igni
324 1527 453 1562 baptizati
480 1532 556 1554 sunt.
580 1527 679 1555 Postea
705 1534 772 1555 vero
798 1527 870 1554 idem
899 1531 1031 1562 operatur

240 1573 419 1601 constitutum
438 1581 453 1600 a
471 1572 583 1600 Christo
611 1572 759 1608 baptisma.
789 1571 897 1600 Etenim
930 1572 1030 1607 cuique

238 1620 376 1654 haptizato
389 1619 499 1647 advolat
514 1619 633 1654 Spiritus
648 1623 759 1646 sanctus
770 1626 824 1646 non
840 1618 929 1646 solum
941 1618 1030 1652 ipsum

237 1667 424 1699 sanetilicans,
439 1673 533 1694 verum
549 1666 631 1694 etiam
657 1664 835 1693 invisibiliter
848 1665 949 1692 animae
970 1666 1031 1700 ejus

239 1713 335 1741 sordes
354 1719 530 1740 consumens.
546 1711 606 1739 Non
633 1719 693 1739 sum
710 1716 803 1739 autem
831 1711 958 1742 idoneus,
979 1710 1032 1737 hoe

238 1762 292 1791 est.
310 1757 371 1785 Non
384 1765 442 1785 sum
451 1757 547 1793 dignus
556 1756 596 1791 '°;
612 1757 651 1784 ita
663 1757 738 1785 enim
759 1756 872 1792 scripsit
897 1755 1029 1784 Joannes.

274 1849 331 1882 Ipse
343 1857 387 1875 vos
414 1848 569 1882 baptizabit.
596 1846 649 1874 Per
675 1845 862 1882 metaphoram
888 1845 1030 1877 dictionis,

238 1900 331 1931 gratia:
343 1895 545 1922 abundantiam
565 1893 650 1921 refert
662 1893 796 1928 Baptista.
814 1891 847 1919 Et
861 1892 933 1928 ignis
949 1900 1030 1926 repe-

237 1941 344 1972 titione,
364 1941 457 1976 grati.e
471 1939 644 1968 vehementia
662 1947 694 1967 ac
711 1938 1028 1974 incomprehensibilitas

238 1988 454 2015 demonstratur.

274 2034 352 2062 Vers.
366 2033 408 2060 l2.
424 2033 508 2067 Cujus
519 2032 776 2068 —ine:cstinguibili.
795 2031 833 2059 Ex
857 2032 900 2059 his
916 2031 1030 2059 demon-

237 2085 317 2112 strat,
329 2080 401 2115 quod
414 2081 497 2115 judex
515 2080 599 2107 etiam
614 2080 651 2107 sit
666 2079 750 2106 futuri
766 2079 869 2106 saeculi.
892 2079 925 2105 Et
939 2085 1031 2105 arcam

237 2127 349 2161 quidem
376 2131 455 2154 vocat
479 2126 661 2154 nniversalem
691 2125 766 2153 orbis
796 2125 959 2157 Ecclesiam,
996 2125 1030 2151 ad

237 2181 319 2208 quam
340 2180 436 2199 omnes
450 2176 609 2206 operatores
621 2179 636 2198 a
654 2171 761 2198 Domini
777 2170 948 2205 providentia
962 2177 1030 2196 con-

236 2219 386 2246 ducuntur.
415 2217 604 2245 Ventilabrum
631 2222 722 2244 autem
747 2217 849 2251 justum
880 2216 939 2250 ejus
954 2215 1027 2249 judi-

238 2264 322 2297 cium,
341 2264 414 2298 quod
431 2271 478 2291 eos
503 2271 581 2294 sane.
608 2263 654 2297 qui
681 2263 755 2290 omni
780 2261 933 2297 iniquitatis
947 2265 1028 2287 vento

236 2310 385 2345 agitantur,
423 2309 500 2344 quasi
538 2309 689 2344 paleaeeos,
718 2307 799 2336 tradit
815 2307 870 2342 igni
897 2307 1028 2342 gehennae

237 2356 472 2392 inexslinguibili;
502 2356 562 2383 illos
592 2363 668 2387 vero,
696 2355 742 2389 qni
767 2355 897 2381 virtutum
925 2353 1027 2379 habent

237 2403 409 2438 gravitatem,
444 2403 471 2429 in
500 2402 661 2437 apothecam
685 2400 836 2429 cmlestinm
863 2400 1026 2428 tabernacu-

237 2449 326 2476 hrum
351 2449 465 2484 colligit.

272 2529 297 2544 "
312 2527 397 2554 Marc.
411 2535 430 2560 t,
446 2527 483 2560 7;
501 2527 567 2554 Luc.
579 2533 622 2558 III,
637 2526 669 2553 16
684 2534 690 2558 ;
707 2525 788 2552 Joan.
801 2532 819 2557 I,
831 2524 877 2552 ‘27.

1082 926 1288 961 ὑποδημάτων
1299 927 1394 954 αὐτοῦ
1407 925 1496 958 εἷπον,
1512 927 1549 959 ὡς
1572 926 1643 954 εῖναι
1664 928 1754 962 δῆλον,
1777 928 1817 954 ὅτι
1832 926 1882 953 καὶ

1083 973 1228 1009 ἀμφότερα
1244 973 1258 999 ό
1281 972 1409 1008 Ἰωάννης
1435 971 1509 1006 εἷπε,
1524 972 1572 1000 νῦν
1590 973 1642 1008 μὲν
1663 971 1753 1005 τοῦτο,
1783 973 1831 998 νῦν
1851 972 1880 998 δὲ

1083 1020 1183 1046 ἐκεῖνο.
1210 1018 1302 1045 Εἰπὼν
1319 1017 1414 1048 δὲ,ὅτι
1441 1018 1540 1051 Αὐτὸς
1566 1017 1645 1053 ὑμᾶς
1669 1018 1815 1050 βαπτίσει
1845 1018 1882 1044 ἐν

1083 1066 1234 1100 Πνεύματι
1248 1065 1331 1100 ἁγιῳ,
1347 1063 1466 1100 ἐδήλωσε
1494 1064 1542 1090 καὶ
1568 1063 1618 1099 τὴν
1644 1063 1691 1090 τοῦ
1707 1063 1880 1090 Δεσποτικοῦ

1084 1110 1273 1147 βαπτίσματος
1305 1109 1459 1145 ὑπεροχήν.
1476 1109 1513 1135 Τὸ
1547 1108 1596 1144 μὲν
1624 1107 1701 1143 ὲμδν,
1726 1108 1804 1142 φησι,
1829 1107 1879 1143 βά-

1085 1164 1193 1192 πτισμα
1209 1155 1317 1191 ἀποχὴν
1331 1154 1476 1190 ἁμαρτιῶν
1491 1154 1612 1189 ἐνεργεῖ,
1624 1153 1654 1180 τὸ
1669 1153 1697 1179 δὲ
1714 1152 1810 1180 τούτου
1831 1161 1880 1186 μευ

1084 1202 1167 1238 τοχὴν
1184 1202 1344 1236 Πνεῦματος
1360 1201 1440 1234 ἁγίου
1453 1199 1584 1236 παρέχει.
1597 1198 1738 1229 Ματθαῖος
1755 1199 1805 1234 μὲν
1817 1198 1877 1230 οὖν,

1083 1249 1131 1276 καὶ
1145 1249 1268 1285 Μάρκος,
1280 1248 1328 1275 καὶ
1349 1248 1478 1282 Ἰωάννης
1497 1244 1586 1278 εἷπον,
1601 1246 1643 1273 ὅτι
1661 1246 1710 1272 Ἐν
1723 1245 1876 1279 Πνεύματι

1083 1296 1156 1330 ἁγιῳ
1167 1303 1174 1310 ·
1184 1295 1291 1326 Λουκᾶς
1301 1294 1339 1326 δὲ,
1352 1293 1394 1320 ὄτι
1413 1294 1463 1320 Ἐν
1470 1293 1621 1327 Πνεύματι
1633 1292 1707 1327 ἁγίῳ
1717 1292 1767 1318 καὶ
1784 1291 1860 1325 πυρί
1869 1299 1876 1306 ε

1083 1343 1129 1369 καὶ
1149 1341 1230 1376 δῆλον
1257 1341 1351 1374 πάλιν,
1362 1341 1404 1367 ὃτι
1421 1341 1470 1367 καὶ
1495 1339 1575 1366 τοῦτο
1605 1339 1719 1366 κάκεῖνο
1734 1338 1848 1373 εἴρηκεν
1864 1337 1881 1363 ὁ

1083 1387 1249 1423 Βαπτιστὴς,
1279 1387 1308 1414 ὲν
1336 1387 1477 1422 διαφόροις
1504 1386 1624 1420 καιροῖς.
1647 1384 1794 1420 Ἐμφαίνει
1817 1383 1848 1410 δὲ
1864 1384 1881 1410 6

1082 1435 1162 1470 λόγος
1178 1434 1396 1471 προηγουμένως
1414 1433 1464 1468 μὲν
1478 1433 1528 1468 τὴν
1544 1432 1592 1458 τοῦ
1608 1432 1688 1465 ἁγίου
1703 1430 1878 1466 Πνεύματος,

1083 1483 1112 1509 ὲν
1125 1482 1190 1509 εῖδει
1204 1480 1325 1517 πυρίνων
1338 1479 1479 1515 γλωσσῶν,
1488 1479 1534 1505 ἐπὶ
1547 1478 1611 1508 τοὺς
1627 1476 1793 1508 ἀποστόλους
1808 1477 1878 1504 κάϐ-

1082 1529 1142 1556 οδον
1166 1528 1340 1564 ’τηνικαῦτα
1354 1526 1410 1563 γὰρ
1425 1527 1454 1553 ἐν
1472 1524 1612 1560 Πνεύματι
1640 1523 1711 1559 ἀγιω
1733 1524 1780 1550 καὶ
1803 1523 1876 1558 πυρὶ

1083 1573 1304 1608 ἐϐαπτίσθησαν
1333 1572 1429 1599 ἔπειτα
1444 1571 1472 1598 δὲ
1495 1571 1545 1597 καὶ
1566 1571 1597 1596 τὺ
1626 1568 1805 1605 νομοθετηθὲν
1823 1568 1878 1595 ὑπὸ

1082 1618 1200 1655 Χριστοῦ
1218 1618 1373 1654 βάπτισμα.
1386 1617 1442 1643 Καὶ
1456 1616 1510 1652 γὰρ
1539 1615 1690 1650 ἐφίπταται
1719 1615 1803 1641 παντὶ
1829 1615 1879 1650 βα-

1082 1664 1241 1701 πτιζομένῳ
1257 1664 1368 1699 Πνεῦμα
1379 1663 1467 1697 ἀγιον,
1480 1663 1509 1689 οὺ
1528 1662 1609 1697 μόνον
1622 1660 1821 1696 ἀγιάζον,ἀλλά
1830 1662 1879 1688 καὶ

1081 1712 1120 1743 ὡς
1135 1711 1189 1746 πῦρ
1202 1711 1326 1746 ἀοράτως
1339 1710 1396 1745 (83)
1412 1709 1562 1736 ἀναλίσκον
1585 1708 1631 1735 τὸν
1652 1707 1738 1744 ῥύπον
1753 1707 1803 1743 τῆς
1824 1707 1878 1739 ψυ-

1082 1759 1134 1794 χῆς
1148 1758 1243 1786 αὐτοῦ.
1259 1758 1320 1784 οὐκ
1336 1757 1395 1792 ειμι
1409 1756 1439 1784 δὲ
1453 1756 1570 1790 ἱκανὸς,
1594 1756 1655 1783 ἀντὶ
1667 1755 1725 1788 τοῦ,
1741 1756 1801 1782 οὐκ
1814 1756 1876 1790 εἰμι

1081 1805 1184 1839 ἄξιος·
1200 1805 1272 1832 οὓτω
1285 1805 1340 1840 γὰρ
1358 1803 1480 1838 ιγραψεν
1493 1803 1508 1829 ό
1529 1802 1668 1838 Ἰωάννης.

1116 1850 1228 1888 [Αὐτὸς
1243 1849 1314 1889 (84)
1330 1849 1408 1884 ὑμᾶς
1434 1849 1579 1881 βαπτίσει
1590 1856 1596 1863 ·
1613 1849 1646 1883 τῇ
1664 1848 1805 1883 μεταφορᾷ
1824 1849 1877 1883 τῆς

1080 1896 1182 1929 λέξεως
1195 1896 1225 1922 τὸ
1234 1895 1346 1930 δαψιλὲς
1356 1895 1405 1930 τῆς
1414 1895 1525 1930 χάριτος
1537 1893 1665 1928 ἐμφαίνει
1679 1893 1694 1919 ὁ
1705 1893 1875 1929 Βαπτιστὴς,

1081 1943 1128 1969 καὶ
1140 1943 1172 1977 τῇ
1190 1941 1357 1976 ὲπεξηγήσιι
1373 1939 1421 1966 τοῦ
1437 1939 1523 1974 πυρὸς
1553 1939 1635 1966 πάλιν
1649 1939 1680 1965 τὸ
1698 1938 1812 1973 σφοδρὸν
1828 1940 1876 1965 καὶ

1082 1987 1235 2015 ἀκάθεκτον
1249 1987 1301 2021 τῆς
1320 1986 1432 2022 χάριτος
1451 1985 1631 2012 ἐνδείκνυται.

1118 2032 1159 2062 οὗ
1182 2047 1214 2054 —-
1239 2033 1388 2066 ἀσϐέστῳ.
1418 2032 1467 2058 Ἐκ
1486 2030 1590 2058 τούτων
1612 2031 1744 2067 παριστᾷ,
1763 2030 1804 2057 ὄςι
1827 2030 1876 2057 καὶ

1063 2082 1179 2117 -κριτής
1194 2081 1268 2107 ἐστιν
1285 2077 1362 2111 οὗτος
1382 2078 1439 2114 (85)
1457 2078 1505 2105 τοῦ
1527 2078 1671 2113 μέλλοντος
1689 2078 1798 2108 αἰῶνος.
1817 2077 1874 2103 Καὶ

1081 2128 1171 2154 ἅλωνα
1189 2127 1239 2162 μὲν
1255 2125 1385 2160 ὀνομάζει
1413 2124 1464 2160 τὴν
1482 2124 1622 2159 πάνδημον
1645 2123 1809 2158 Ἐκκλησίαν
1824 2123 1874 2156 τῆς

1081 2171 1254 2206 οἰκουμένης.
1270 2172 1309 2202 είς
1329 2170 1364 2205 ἢν
1381 2169 1482 2201 πάντες
1497 2171 1521 2196 οἱ
1538 2169 1743 2205 γεωργηθὺτες
1757 2169 1810 2195 ὑπὸ
1822 2169 1874 2203 τῆς

1080 2218 1246 2251 Δεσποτικῆς
1267 2217 1427 2252 ἐπιμελείας
1450 2217 1631 2250 συνάγονται·
1657 2216 1742 2242 πτύον
1761 2215 1799 2247 δὲ,
1822 2216 1872 2250 τὴν

1081 2264 1190 2290 δικαίαν
1209 2262 1291 2290 αὑτοῦ
1316 2262 1417 2297 κρίσιν,
1438 2262 1500 2297 ἦτις
1521 2262 1585 2293 τοὺς
1606 2261 1655 2296 μὲν
1675 2261 1757 2287 παντὶ
1776 2261 1872 2296 ἀνέμῳ

1081 2309 1129 2343 τῆς
1154 2309 1292 2344 ἁμαρτίας
1318 2298 1580 2343 ῥιπιζομένὶυς,’ὼς
1607 2306 1768 2342 ἀχυρώδεις,
1798 2306 1872 2332 ἐκδί-

1081 2353 1146 2379 δωσι
1161 2354 1229 2389 πυρὶ
1241 2353 1367 2388 ἀσϐέστῳ
1383 2353 1430 2388 τῆς
1458 2352 1570 2386 γεέννης
1582 2352 1645 2382 τοὺς
1660 2351 1687 2377 δὲ
1700 2351 1781 2385 βάρος
1795 2350 1874 2386 Exuv-

1080 2408 1129 2431 τας
1152 2399 1207 2434 (86)
1222 2399 1322 2434 ἀρετῆς
1341 2398 1464 2433 συλλέγει
1479 2399 1519 2430 εἰς
1534 2398 1584 2434 τὴν
1598 2397 1741 2432 ἀποθήκην
1754 2398 1807 2423 τῶν
1822 2398 1870 2423 οὖν

1083 2446 1183 2473 οανίων
1200 2446 1319 2482 σκηνῶν.

930 2524 953 2539 ἰ
966 2524 1031 2551 Mart

1085 2524 1131 2557 ,8;
1157 2523 1238 2550 Joan.
1260 2531 1278 2555 ι,
1306 2523 1350 2550 55.
1389 2522 1491 2551 “Luc.
1510 2531 1551 2557 ul,
1578 2523 1620 2551 l6.
1658 2523 1680 2539 ⁸⁸
1693 2522 1771 2550 Joan.
1789 2523 1868 2556 1,27.

828 2581 929 2612 Varia)
951 2581 1104 2613 lectiones
1127 2585 1157 2612 et
1180 2584 1272 2613 noue.

270 2650 328 2687 (8‘2)
346 2650 458 2686 Ἀρχὴν,
474 2657 525 2685 pro
545 2648 696 2687 ὑπεροχήν.
708 2647 742 2676 Δ.

271 2685 328 2720 (85)
351 2687 498 2721 ’Δοράτως,
515 2685 617 2712 οιιιίιιιι
630 2686 662 2721 Α..

271 2717 327 2758 (84)
341 2717 449 2749 Inclusa
469 2722 495 2747 in
508 2721 631 2755 margine
648 2719 730 2747 habet
746 2719 783 2752 A;
803 2717 907 2746 omittit
926 2718 957 2744 B-

271 2782 308 2818 (ο)
327 2781 427 2810 Vestris
442 2781 547 2818 quidem
563 2779 721 2809 maioribus.
734 2777 838 2811 Redde,
851 2776 1024 2804 Potissimum

235 2822 498 2889 “(lgnbperatorea
523 2852 591 2879 ’Υπδ
610 2851 643 2880 ad
667 2858 770 2886 γεωργ.
795 2857 850 2878 non
867 2849 900 2877 ad
926 2856 1024 2883 συναγ.

1114 2648 1171 2683 (85)
1186 2646 1281 2679 Οὗτος,
1295 2649 1371 2676 abest
1386 2649 1418 2676 Α.

1114 2684 1170 2719 (su)
1183 2685 1250 2719 Τῆς.
1266 2684 1342 2711 addit
1355 2683 1386 2711 Β.

1078 2778 1206 2804 refertur.
1221 2777 1261 2804 Au
1286 2785 1366 2812 quam
1386 2785 1482 2805 omnes
1504 2777 1651 2812 (homines)
1675 2776 1780 2812 Domini
1797 2783 1864 2812 cura

1079 2813 1220 2853 (tanquam
1239 2811 1306 2875 οῗτῇ
1323 2818 1430 2848 segetes
1448 2817 1495 2840 aut
1519 2813 1639 2852 I‘ructus)_
1656 2812 1734 2839 culti.
1753 2811 1790 2838 Ita
1812 2811 1866 2840 Co-

1080 2847 1174 2874 rmthu
1190 2855 1258 2875 anne
1271 2849 1361 2875 lantur
1375 2848 1385 2875 l
1398 2848 1460 2875 Cor.
1472 2855 1512 2875 ιιι.
1530 2849 1557 2875 9.
1574 2850 1641 2874 (θεον
1659 2847 1804 2875 γεώργιον.

1080 2847 1174 2874 rinthii
1190 2847 1385 2883 appellantur!
1398 2848 1460 2876 Cor.
1472 2855 1513 2881 Ill,
1530 2849 1557 2881 9,
1574 2848 1641 2874 (‘lsoﬁ
1659 2847 1804 2882 γεώργιον.
