1922 3070
121 100 176 133 173

561 107 757 139 CGMMENT.
778 108 818 138 IN
840 103 1075 139 MATTHA‘IUM.
1095 121 1130 127 -
1150 110 1229 142 CAP.
1252 111 1300 142 IV.

1701 114 1752 145 174

158 158 194 184 Σὺ
221 158 249 184 δὲ
285 162 563 197 προσεπιθεώρησον,
585 164 637 196 ὃτι,
662 163 755 200 ὥσπερ
785 163 832 190 ἐπὶ
863 163 910 189 τοῦ

1001 164 1088 192 Simul
1117 166 1201 194 etiam
1228 164 1338 194 attende
1354 175 1360 194 :
1378 167 1451 203 quod
1478 169 1551 197 sicut
1569 169 1595 196 in
1616 170 1750 198 Paschate

119 202 216 238 Πάσχα
231 206 259 230 ὲν
280 207 329 241 μιᾷ
342 208 466 243 τραπέζῃ
483 210 647 244 πεπλήρωκε
665 210 715 244 μὲν
745 209 791 236 καὶ
808 209 910 236 ἔπαυσε

118 250 151 276 τὸ
172 249 317 278 Ἰουδαϊκὸν
332 253 439 288 Πάσχα,
460 255 545 290 ἀρχὴν
561 255 589 282 δὲ
604 256 644 290 τῷ
659 256 752 290 οἰκείῳ
781 255 908 282 δέδωκεν·

119 295 194 323 οὕτω
227 298 274 324 καὶ
292 300 339 325 ἐπὶ
356 299 404 326 τοῦ
432 301 631 336 βαπτίσματος,
664 303 693 328 ὲν
723 302 764 328 ἐνὶ
793 303 909 337 ποταμῷ

117 342 167 368 καὶ
183 344 267 377 ἄμφω
291 346 451 380 πεποίηκεν.
472 348 507 374 Ἢ
518 356 548 373 νεε
562 349 615 382 γὰρ
630 348 732 380 ἄνοιξις
747 349 801 374 τῶν
826 349 906 384 οὐρα-

116 388 183 421 νῶν,
200 390 247 416 καὶ
264 391 280 425 ἡ
296 391 468 426 ἐπιφοίτησις
491 393 538 419 τοῦ
555 394 632 428 ἁγίου
665 394 833 428 Πνεύματος,
860 394 907 420 τοῦ

115 434 312 469 Χριστιανικοῦ
330 436 520 472 βαπτίσματος
535 437 605 474 ἦσαν
621 440 857 474 προχαράγματα.
876 439 908 465 Τί

114 479 145 505 δέ
154 481 212 507 ἐστι
225 481 264 512 τὸ,
280 482 332 508 Ἑν
339 480 363 516 ᾧ
371 483 524 517 εὐδόκησα
533 493 539 517 ;
551 484 622 511 ’Δντὶ
630 485 687 516 τοῦ,
698 482 721 519 ᾧ
732 485 893 512 ἐπαναπαύο
900 501 907 506 -

116 533 168 559 μαι
178 535 185 540 -
197 526 213 561 ἢ
225 527 329 562 ἐπειδὴ,
338 528 516 563 γεννηθέντος
529 531 624 563 αὑτοῦ,
642 532 667 557 οἱ
682 531 792 565 ἄγγελοι
805 531 908 566 ὕμνουν

113 573 241 606 λέγοντες
251 582 257 589 ·
272 575 350 607 Δόξα
363 576 398 602 ἐν
412 576 557 611 ὑψίστοις
569 578 641 611 Θεῷ,
655 578 705 605 καὶ
727 579 776 605 ἐπὶ
794 578 850 613 τῆς
865 581 906 605 ει-

111 619 204 653 ρήνη,
219 621 255 647 ἐν
271 621 438 655 ἀνθρώποις
462 624 600 651 εὐδοκία·
633 625 750 652 Εὺδοκῐα
769 626 798 652 δέ
820 626 905 657 ἐστιν,

113 666 131 700 ἡ
147 666 238 702 ἁγαθὴ
252 667 362 702 θέλησις
372 676 379 683 ·
407 669 498 705 ἀγαθὴ
514 670 545 696 δὲ
559 670 670 705 θέλησις
683 668 727 705 ἦν,
741 670 771 697 τὺ
786 672 906 706 σωθῆναι

112 711 179 743 ’τοὺς
206 712 385 747 ἀνθρώπους·
402 714 450 741 νῦν
473 713 561 748 εἶπεν,
581 716 622 742 ὅτι
639 712 724 747 Οὗτός
740 717 824 748 ἐστιν,
839 717 867 742 ὲν

111 756 147 782 τὰ
164 757 255 790 ἀγαθά
281 758 412 794 ἠθέλησα,
428 760 563 792 τουτέστι,
584 761 619 787 δι’
630 758 661 787 οὗ
681 761 698 796 ὴ
713 762 835 797 σωτηρία
851 762 905 787 τῶν

111 801 162 828 ἀνθ
166 804 204 837 ρὼ
208 812 275 830 πων.

151 835 219 875 Τότε
229 865 263 869 -
273 851 333 878 ὑπὸ
345 851 397 878 τοῦ
407 853 560 881 διαϐόλου.
569 852 688 890 Ἐπειδὴ,
699 855 738 886 ὡς
751 857 904 889 ἄνθρωπος,
923 835 942 861 Β

113 894 204 921 πάντα
213 897 280 931 πρὸς
294 897 470 925 διδασκαλίαν
485 900 539 926 τῶν
556 899 708 934 ἀνθρώπων
723 900 771 926 καὶ
786 900 904 935 ἔπραττε

114 942 163 967 καὶ.
177 942 327 976 ὑπέμενεν,
350 945 492 971 ἐκδίδωσιν
518 946 614 972 ἑαυτὸν
632 945 703 981 μετὰ
719 946 749 972 τὸ
764 946 905 981 βάπτισμα

111 988 152 1022 τῷ
169 989 239 1024 ἁγίῳ
254 990 405 1024 Πνεύματι,
423 992 470 1018 καὶ
486 992 533 1018 ὑπ’
548 992 630 1019 αὑτοῦ
644 993 751 1027 ἄγεται,
766 993 833 1028 πρὸς
844 993 858 1018 ὃ
872 994 904 1019 ἂν

110 1038 202 1064 ἐκεῖνο
218 1039 328 1075 κελεύῃ,
346 1041 392 1066 καὶ
409 1041 541 1076 ἀνάγεται
559 1043 598 1074 εἰς
611 1042 660 1078 τὴν
676 1042 790 1077 ἔρημον,
805 1042 851 1069 ἐπὶ
865 1042 904 1078 τῷ

108 1084 304 1120 πολεμηοῆναι
319 1086 373 1112 ὑπὸ
385 1086 431 1113 τοῦ
444 1087 581 1119 διαϐόλου,
598 1087 642 1115 ἵνα
665 1089 712 1114 καὶ
738 1088 770 1114 σὺ
790 1089 859 1122 μετά
874 1088 904 1114 τὺ

111 1129 255 1165 βάπτισμα
273 1133 373 1167 μηκέτι
392 1134 506 1160 σεαυτὸν
531 1134 610 1170 ἄγῃς,
640 1134 708 1161 ἀλλὰ
724 1134 777 1169 ἄγῃ
805 1134 904 1168 μᾶλλον

112 1176 167 1201 ὑπὸ
191 1175 239 1201 τοῦ
268 1177 439 1212 Πνεύματος,
466 1179 514 1205 καὶ
542 1179 596 1210 ἵνα,
629 1179 698 1214 μετὰ
712 1179 741 1205 τὸ
763 1179 904 1214 βάπτισμα

109 1222 287 1257 περιπίπτων
306 1225 482 1260 πειρασμοῖς,
496 1225 532 1261 μὴ
546 1225 678 1261 ταράττῃ.
695 1225 744 1252 Διὰ
757 1226 835 1256 τοῦτο
851 1227 904 1260 γὰρ

109 1267 262 1304 ὡπλίσθης,
280 1269 324 1295 ἵνα
352 1270 484 1305 πολεμῇς.
522 1271 603 1298 Ὅθεν
630 1271 691 1297 οὐδὲ
716 1271 816 1298 κωλύει
839 1273 902 1303 τοὺς

111 1316 285 1349 πειρασμοὺς
298 1316 428 1347 ἐπιόντας
442 1317 456 1342 ὀ
468 1317 547 1348 Θεὸς.
565 1317 678 1352 Πρῶτον
689 1317 750 1352 μὲν,
772 1317 816 1344 ἵνα
830 1319 903 1353 γνῷς

109 1362 160 1394 ’τὴν
169 1359 285 1395 δύναμιν
297 1360 347 1395 τῆς
355 1361 547 1397 περιτεθείσης
559 1370 599 1388 σοι
611 1362 764 1394 πανοπλίας
774 1371 781 1377 ·
795 1362 901 1395 ἔπειτα,

110 1405 156 1433 ἵνα
170 1407 262 1442 μάθῃς
282 1407 429 1443 πολεμεῖν·
459 1406 531 1440 εἶτα,
553 1409 596 1436 ἵνα
620 1409 687 1445 γένῃ
700 1409 829 1444 δόκιμος·
852 1407 893 1435 εἶθ

108 1452 211 1485 οὕτως,
236 1453 280 1480 ἶνα
305 1453 343 1489 μὴ
374 1453 586 1490 ὑψηλοφρονῇςι
617 1455 664 1481 ἐπὶ
686 1454 714 1481 δὲ
726 1454 842 1486 τούτοις,
859 1454 903 1481 ἵνα

963 209 1020 236 sive
1048 210 1132 238 Coma
1163 214 1274 247 mystica
1293 214 1344 249 (ιι),
1362 215 1387 240 in
1418 223 1470 241 una
1495 223 1588 242 mensa
1606 215 1749 244 Jttdalt‘nm

962 255 1061 289 pascha
1082 256 1239 292 adimplcvit
1256 266 1287 285 ac
1303 259 1400 292 ﬁnivit,
1414 265 1441 287 et
1456 268 1507 288 suo
1520 261 1593 288 dedit
1616 262 1723 288 initium
1742 272 1748 289 :

962 300 997 326 ita
1023 309 1130 335 quoque
1155 303 1181 329 in
1204 303 1377 338 baptismate,
1397 305 1422 331 in
1444 307 1540 334 eodem
1559 307 1671 334 llumine
1687 308 1752 335 fecit

960 351 1115 382 utrumque.
1132 348 1268 376 Coslorum
1278 350 1350 377 enim
1363 351 1478 386 apertio,
1491 358 1518 379 ct
1528 352 1648 388 Spiritus
1663 355 1750 381 sancti

960 392 1112 425 descensio,
1128 394 1274 422 Christiani
1293 396 1463 431 baptismatis
1486 399 1556 425 dona
1577 404 1664 427 crant.
1678 401 1750 434 Quid

960 442 1001 464 est
1016 443 1116 471 autem,
1130 439 1162 466 In
1191 449 1241 476 quo
1267 442 1330 468 mihi
1355 444 1540 477 complacitum
1557 452 1595 472 est
1609 446 1622 473 2’
1636 446 1694 474 Hoc
1709 451 1752 475 est.

959 483 986 509 in
1002 491 1056 517 quo
1074 485 1208 513 oblcctor.
1223 485 1280 519 Vel,
1296 489 1358 522 quia
1375 494 1438 516 nato
1455 491 1513 525 ipso
1528 491 1623 518 laudes
1640 493 1747 520 cecine-

959 534 1022 556 runt
1055 531 1154 565 angeli,
1169 533 1291 560 dicentes
1309 544 1315 561 :
1331 533 1422 561 Gloria
1443 536 1468 562 in
1492 537 1629 564 altissimis
1647 538 1711 571 Deo,
1724 544 1749 566 et

959 578 986 603 in
1013 582 1084 604 terra
1103 579 1202 611 pax,in
1223 580 1370 607 hominibus
1390 581 1580 616 beneplacitum
1606 584 1639 616 αθ,
1655 585 1680 612 id
1695 591 1748 618 est,

959 625 1029 652 bona
1049 626 1184 653 voluntas.
1198 626 1272 654 Bona
1288 632 1380 655 autem
1397 629 1521 657 voluntas
1538 636 1596 657 erat
1611 635 1642 658 ut
1659 631 1749 658 homi-

958 677 1006 697 nes
1021 671 1190 698 salvarentur
1204 672 1265 699 ideo
1283 680 1355 700 nunc
1365 673 1430 700 dicit
1444 683 1451 701 :
1467 673 1515 701 llic
1527 680 1579 708 est,
1591 675 1617 701 in
1632 685 1686 711 quo
1703 677 1750 703 ho-

957 716 1077 743 minibus
1103 718 1172 745 bona
1203 718 1283 751 volui,
1297 719 1348 746 hoc
1365 724 1415 753 est,
1441 728 1489 754 per
1503 728 1584 755 quem
1601 727 1643 749 est
1660 723 1748 750 homi-

959 770 1023 789 num
1043 763 1116 790 salus

993 851 1058 886 Cap.
1070 848 1116 884 ιν,
1129 861 1152 880 v.
1170 852 1191 879 Ι.
1207 854 1276 881 Tunc
1295 870 1328 876 —
1342 865 1358 882 (ι
1378 857 1490 884 diabolo.
1516 858 1660 893 Postquam
1688 863 1748 887 tan~

956 904 1036 932 quam
1053 899 1134 926 homo
1154 902 1244 927 omnia
1260 901 1293 928 ad
1315 903 1455 933 hominum
1471 905 1622 932 doctrinam
1633 911 1659 934 et
1672 907 1746 939 fecit.

956 949 983 971 et
1000 945 1070 978 tulit,
1087 947 1265 982 semetipsum
1282 953 1342 984 post
1356 949 1522 985 baptismum
1548 951 1659 987 Spiritui
1683 962 1747 981 san-

954 994 999 1017 cto
1009 991 1100 1025 tradit,
1113 997 1141 1019 ut
1157 993 1192 1020 ab
1208 1002 1240 1021 eo
1252 995 1376 1029 ducatur,
1389 1004 1553 1032 quocunque
1565 999 1612 1026 ille
1623 999 1745 1034 jusserit.

956 1036 1069 1064 Ducitur
1083 1043 1174 1066 autem
1195 1040 1221 1067 in
1246 1041 1394 1072 desertum.
1411 1048 1441 1070 ut
1457 1052 1472 1071 a
1487 1044 1596 1073 diabolo
1608 1054 1747 1083 oppugne-

956 1086 1009 1115 tur,
1026 1088 1055 1109 ut
1072 1088 1099 1111 et
1118 1086 1145 1111 tu
1162 1091 1221 1119 post
1239 1086 1403 1121 baptismum
1419 1097 1590 1125 nequaquam
1606 1092 1644 1119 tui
1661 1093 1747 1127 ipsius

955 1127 1052 1155 ductor
1069 1130 1117 1162 sis,
1132 1131 1178 1157 scd
1199 1131 1308 1160 ducaris
1322 1134 1414 1168 potius
1426 1142 1442 1161 a
1460 1135 1566 1170 Spiritu
1582 1140 1609 1164 et
1621 1142 1686 1172 post
1699 1139 1746 1165 ba-

954 1174 1084 1207 ptismum
1114 1175 1141 1202 in
1161 1177 1468 1216 teutationesjncidens
1485 1189 1540 1208 non
1564 1183 1692 1210 turberis.
1705 1184 1745 1211 Ad

955 1220 1006 1247 hoc
1037 1221 1109 1248 enim
1139 1227 1260 1251 armatus
1276 1232 1317 1257 es,
1332 1229 1362 1252 ut
1385 1226 1526 1260 praelieris.
1560 1227 1594 1254 Et
1613 1228 1678 1256 hinc
1691 1235 1745 1263 est,

955 1267 1027 1301 quod
1055 1268 1217 1297 accedentes
1234 1272 1401 1300 tentationes
1421 1273 1493 1301 Deus
1519 1281 1575 1301 non
1605 1276 1744 1310 prohibet.

955 1313 1075 1342 Primum
1090 1315 1211 1350 quidem,
1229 1322 1258 1344 ut
1271 1317 1399 1346 virtutem
1425 1324 1581 1353 armaturae,
1593 1329 1646 1357 qua
1664 1323 1746 1351 indu-

955 1365 998 1388 tus
1013 1369 1043 1388 cs
1059 1369 1200 1397 agnoscas.
1218 1363 1320 1392 Deinde
1341 1370 1370 1392 ut
1391 1365 1494 1394 bellare
1511 1367 1610 1395 discas.
1621 1368 1661 1396 Ad
1686 1369 1745 1397 Itast:

955 1411 984 1434 ut
999 1405 1129 1441 probatus
1147 1409 1206 1437 tias.
1223 1406 1357 1438 Praeterea
1381 1417 1410 1438 ut
1423 1412 1474 1439 hoc
1489 1413 1571 1440 modo
1586 1421 1640 1442 non
1655 1416 1746 1443 extol-

954 1453 1029 1481 laris.
1048 1455 1163 1482 Demum
1187 1460 1216 1483 ut
1236 1456 1307 1484 scias
1332 1465 1459 1493 magnum
1485 1459 1535 1486 tibi
1557 1461 1745 1490 concreditum

108 1497 194 1532 εἰδῇς,
220 1498 262 1525 ὅτι
291 1500 380 1534 μέγαν
398 1499 592 1535 ἐνεπιστεὺθης
616 1500 763 1537 θησαυρόν,
790 1501 820 1528 Et
845 1502 899 1536 γὰρ

958 1508 1012 1528 asse
1025 1501 1194 1529 thesaurum.
1211 1501 1267 1530 Nisi
1285 1503 1358 1530 enim
1384 1503 1421 1531 ita
1449 1504 1555 1538 fuisset,
1573 1514 1745 1542 nequaquam

109 1544 148 1579 μὴ
176 1544 256 1571 τοῦτο
280 1543 325 1581 ἦν,
343 1546 392 1572 οὐκ
417 1546 450 1573 ἂν
476 1547 632 1582 προσέϐαλε
655 1549 773 1583 μάτηνὸ
790 1547 898 1583 ἐχθρός.

110 1589 196 1616 Ἔνθα
209 1592 264 1626 γὰρ
278 1592 320 1628 ἴδῃ
338 1592 464 1625 πλοῦτον,
483 1594 544 1619 ἐκεῖ
563 1595 778 1629 παρατάττεται.

150 1635 267 1672 Ἀνήχθή
293 1637 322 1664 δὲ
338 1639 378 1669 εἰς
392 1638 496 1673 ἔρημον
513 1638 615 1665 ἄϐατον
629 1647 635 1653 ·
657 1638 672 1664 ὃ
685 1639 772 1675 δηλῶν
790 1641 803 1666 ὸ
818 1639 899 1675 Μάρ-

106 1690 165 1714 κος,
184 1682 307 1718 εἴρηκεν,
336 1684 378 1710 ὁτι.
407 1684 455 1710 καὶ
476 1682 509 1720 ἧν
533 1685 591 1711 ἐκεῖ
608 1685 678 1719 μετὰ
706 1685 763 1712 τῶν
784 1685 898 1721 θηριων,

106 1728 173 1755 ἔνθα
198 1730 245 1756 καὶ
273 1729 376 1764 μᾶλλον
393 1731 407 1756 ό
422 1730 552 1764 πόλεμος.
584 1730 651 1756 Τότε
676 1731 731 1766 γὰρ
748 1731 898 1758 ἐπιτίθεται

107 1774 211 1810 μᾶλλον
233 1776 247 1802 ὀ
284 1776 418 1810 διάβολος,
448 1777 513 1803 ὃταν
544 1777 588 1813 ἴδῃ
629 1777 824 1813 μεμονωμένον
853 1779 899 1805 τὸν

104 1823 260 1858 ἄνθρωπον,
273 1825 320 1850 καὶ
332 1824 530 1860 παρακλήσεως
544 1825 635 1860 πάσης
651 1825 843 1862 ἐστερημένον.

141 1913 197 1940 Καὶ
228 1913 452 1942 -ὲπείναυεν,
486 1914 650 1950 Ἐνήστευσε
681 1916 800 1952 πρῶτον,
826 1917 898 1945 διδά-

106 1966 193 1991 σκων,
211 1959 253 1985 ὅτι
269 1959 341 1994 μέγα
359 1959 559 1995 προπύργιονὴ
575 1961 685 1995 νηστεία
698 1962 755 1993 τοῖς
773 1962 898 1996 ἀνταγω-

104 2004 259 2038 νιζομένοις
273 2004 312 2039 τῷ
334 2005 454 2039 δαίμονι.
480 2005 536 2040 Οὐχ
551 2005 672 2041 ὑπερέϐη
697 2006 725 2032 δὲ
740 2007 769 2033 τὸ
787 2007 896 2042 μέτρον,

104 2049 282 2084 ὖὲνήστευσε
310 2049 365 2086 πρὸ
390 2051 473 2077 αὐτοῦ
502 2051 607 2084 Ἠλίας,
635 2053 684 2078 καὶ
711 2053 765 2088 πρὸ
792 2054 896 2081 ἐκείνου

103 2096 238 2131 Μωῡσῆς,
252 2096 294 2123 ἵνα
306 2097 343 2132 μὴ
357 2097 527 2132 ὑπερελάσας
539 2097 587 2133 τὴν
597 2098 713 2133 δύναμιν
727 2099 777 2134 τῆς
789 2099 895 2135 ἀνθρω-

104 2141 186 2177 πίνης
200 2141 320 2176 φύσεως,
334 2143 485 2179 ἀπιστηοῇ,
498 2144 538 2169 ὅτι.
557 2143 701 2179 ἄνθρωπός
714 2146 798 2171 ἐστιν.
815 2145 896 2171 Ὅθεν

103 2188 220 2223 ὕστερον
253 2188 394 2222 ὲπείνασε,
427 2190 563 2224 βεϐαιῶν,
589 2190 630 2216 ὅτι
657 2190 800 2225 ἅνθρωπός
813 2193 897 2220 ἐστιν,
915 2181 938 2208 D

105 2234 188 2261 Ἴδιον
203 2234 256 2270 γὰρ
268 2235 412 2269 ἀνθρώπου
426 2235 458 2261 τὺ
472 2237 504 2262 ὲκ
526 2235 655 2271 νηστείας
679 2238 786 2272 πεινᾷν.
802 2238 902 2273 Περιτ-

103 2281 151 2307 τὺν
166 2281 196 2307 δὲ
211 2281 295 2313 δοκεῖ,
308 2282 337 2307 τὸ
362 2282 492 2316 περὶτῶν
507 2283 615 2309 νυκτῶν
626 2291 633 2298 ’
653 2280 730 2318 οἶμαι
748 2285 776 2311 δὲ
791 2285 836 2311 διὰ
850 2285 900 2316 τὰς

101 2327 233 2362 νηστείας
252 2328 307 2354 τῶν
332 2327 469 2363 Ἐὕραιων
497 2328 576 2355 τοῦτο
606 2329 800 2365 προστεθῆναι,
815 2329 839 2356 οἳ
854 2333 901 2362 τὰς

101 2374 213 2408 ἡμέρας
227 2373 416 2409 νηστεύοντες,
439 2375 468 2401 ὲν
484 2376 543 2406 ταῖς
568 2375 643 2408 νυξὶν
660 2376 807 2404 ἐσθίουσιν.
832 2378 860 2403 ’0
875 2377 903 2404 δὲ

101 2420 218 2454 Μάρκος
244 2421 291 2447 καὶ
320 2421 453 2452 ὁΛονκᾶς
481 2422 611 2457 παρῆκαν
641 2423 692 2454 τὰς
719 2423 832 2456 νύκτας,
862 2425 900 2457 ὡς

103 2474 168 2491 νοου
174 2466 269 2500 μένας.
728 2466 731 2469 ’

111 2522 114 2523 ν
137 2513 195 2538 Καὶ
215 2525 250 2530 -
278 2511 434 2546 γένωνται.
455 2514 485 2539 '0
506 2513 535 2540 δὲ
561 2514 676 2549 Μάκρος
701 2515 747 2541 καὶ
763 2515 777 2541 ὁ
793 2516 900 2549 Λουκᾶς

99 2555 194 2591 εἷπον,
209 2559 252 2584 ὅτι
281 2559 330 2586 καὶ
354 2561 384 2586 ἐν
407 2561 469 2592 ταῖς
496 2560 703 2595 τεσσαράκοντα
726 2560 845 2596 ἡμέραις
866 2559 900 2596 ἦν

138 2651 162 2667 ⁶⁰
181 2650 249 2679 Luc.
265 2660 295 2684 ιι,
311 2652 356 2681 14.
393 2654 414 2670 ⁶¹
429 2653 514 2682 Marc.
529 2662 549 2688 ι,
566 2655 610 2682 13.

956 1547 1055 1574 frustra
1069 1552 1158 1575 tecum
1169 1548 1328 1584 conﬂigeret
1341 1550 1479 1579 inimicus.
1488 1551 1555 1579 Nam
1570 1553 1615 1580 ubi
1635 1553 1746 1583 divitias

954 1593 1038 1626 videt,
1053 1594 1088 1622 ibi
1100 1594 1187 1622 aciem
1205 1603 1238 1623 ex
1253 1596 1368 1624 adverso
1384 1597 1503 1626 instruit.

991 1641 1093 1668 Ductus
1109 1646 1150 1669 est
1162 1646 1252 1669 autem
1269 1643 1296 1670 in
1312 1643 1450 1671 desertum
1464 1647 1655 1680 inaccessum;
1671 1649 1745 1683 quod

955 1686 1135 1714 manifestans
1156 1686 1263 1715 Marcus
1284 1688 1317 1721 ",
1330 1688 1396 1716 dicit
1416 1689 1498 1716 etiam
1516 1691 1600 1719 fuisse
1615 1692 1654 1719 ibi
1680 1701 1745 1721 cum

954 1733 1050 1762 bestiis
1068 1754 1076 1766 ,
1093 1734 1166 1762 unde
1182 1735 1269 1770 majus
1286 1743 1395 1770 quoque
1411 1736 1511 1764 bellum
1529 1738 1743 1768 demonstratur.

954 1776 1032 1806 Tunc
1056 1780 1129 1807 enim
1155 1781 1240 1816 magis
1258 1781 1337 1808 irruit
1363 1782 1498 1814 diabolus,
1513 1791 1575 1810 cum
1604 1785 1744 1815 hominem

954 1825 1040 1860 magis
1054 1825 1152 1852 viderit
1165 1826 1326 1858 solitarium,
1338 1818 1465 1862 omhique
1489 1828 1625 1862 privatum
1647 1838 1746 1859 consoo

953 1870 1065 1898 latione.

991 1916 1066 1944 Vers.
1084 1918 1111 1945 2.
1127 1915 1162 1945 Et
1175 1934 1207 1939 -—
1218 1919 1319 1946 esuriit.
1332 1917 1453 1947 Primum
1467 1921 1611 1956 jejunavit,
1627 1921 1744 1951 iunuens

954 1963 1026 1998 quod
1057 1971 1185 1999 magnum
1220 1966 1452 2001 propugnaculum
1480 1967 1515 1994 sit
1537 1967 1744 2002 jejunium,his

951 2010 997 2044 qui
1011 2010 1127 2037 dazmoni
1157 2017 1320 2046 repugnant.
1336 2012 1396 2040 Non
1412 2013 1530 2040 excessit
1557 2018 1648 2041 autem
1665 2022 1744 2043 men.

952 2065 1056 2090 suram,
1065 2065 1146 2092 quam
1158 2062 1221 2084 ante
1231 2058 1319 2093 ipsum
1327 2059 1452 2094 attigerat
1460 2060 1544 2091 Elias.
1557 2064 1585 2088 et
1592 2065 1656 2088 ante
1666 2062 1743 2089 illum

952 2102 1040 2130 Moses
1055 2112 1062 2130 :
1078 2111 1112 2130 ne
1123 2104 1250 2131 virtutem
1261 2105 1386 2131 humana:
1399 2111 1503 2134 natura}
1515 2107 1741 2142 supergredieus.

953 2149 1113 2176 incredibile
1141 2149 1244 2176 faceret
1258 2158 1287 2176 se
1302 2151 1440 2178 hominem
1463 2159 1542 2185 esse;
1556 2157 1584 2179 et
1606 2152 1670 2180 hinc
1688 2160 1742 2183 est,

954 2195 1026 2229 quod
1046 2199 1139 2229 postea
1156 2195 1259 2227 esui-iit,
1276 2195 1415 2224 hominem
1430 2204 1460 2224 se
1482 2205 1544 2224 esse
1561 2197 1741 2226 confirmans.

955 2241 1094 2274 Siquidem
1112 2241 1216 2268 homini
1235 2242 1374 2277 proprium
1391 2247 1433 2271 est
1449 2250 1483 2270 ex
1497 2243 1601 2278 jejunio
1624 2244 1742 2273 esurire.

955 2288 1097 2323 Superllue
1115 2289 1276 2317 autemaddi
1289 2289 1396 2317 videtur
1408 2290 1441 2318 de
1463 2291 1593 2319 noctibus.
1615 2291 1685 2319 Puto
1707 2297 1746 2320 la-

954 2343 1017 2362 mcn
1035 2341 1147 2370 propter
1161 2336 1338 2363 Hebraeorum
1352 2337 1457 2372 jejunia
1471 2338 1594 2365 additum
1610 2346 1682 2370 esse,
1695 2340 1742 2373 qui

955 2381 1225 2416 tiiebusjcjunantes,
1241 2383 1368 2410 noctibus
1383 2383 1511 2411 edebant.
1529 2384 1635 2411 Marcus
1652 2389 1743 2412 tamen

952 2433 980 2453 et
996 2426 1094 2460 Lucas,
1109 2433 1204 2455 noctes
1229 2433 1358 2463 tanquam
1375 2430 1586 2458 subintellcctas
1603 2432 1742 2466 prmteric‘

952 2479 1026 2500 l'lllll.

988 2519 1064 2547 Vers.
1078 2520 1104 2547 5.
1123 2520 1199 2547 Et—
1214 2522 1290 2556 ﬁant.
1307 2522 1415 2550 Marcus
1432 2528 1524 2550 autem
1544 2528 1572 2550 et
1597 2523 1683 2550 Lucas
1701 2524 1741 2550 tli-

951 2571 1060 2598 xcrunt,
1076 2567 1147 2601 quod
1167 2568 1249 2594 etiam
1266 2568 1293 2595 in
1308 2569 1487 2604 quadraginta
1501 2569 1597 2597 diebus
1620 2570 1741 2596 tcntahm

688 2735 790 2766 Varios
812 2736 969 2768 lectiones
987 2740 1018 2768 et
1043 2739 1138 2768 notua.

140 2827 183 2864 (ut)
200 2827 260 2856 Siue
275 2837 347 2857 mna
364 2830 484 2865 mystica.
509 2829 571 2859 [hec
585 2830 619 2859 de
634 2839 684 2860 suo
698 2831 807 2860 videtur
821 2832 911 2860 addidi

958 2842 971 2860 ξ.
983 2831 1014 2860 ln
1031 2833 1100 2861 meis
1116 2841 1171 2862 non
1183 2837 1225 2862 est
1239 2833 1298 2870 ἦτοι
1313 2831 1359 2860 τοῦ
1379 2833 1513 2869 μυστικοῦ
1525 2833 1644 2863 δείπνου.

1691 2822 1708 2837 ε
