1922 3070
220 193 272 225 1'19

840 192 1034 223 EUTHYMlI
1056 193 1239 225 ZIGABENI

1806 194 1857 226 180

217 246 323 276 addidit
338 247 425 275 Lucas
439 246 472 279 ⁸⁷,
490 247 541 274 hoc
553 251 606 279 est,
623 247 650 274 in
668 254 749 281 parvo
768 252 902 282 tempore,
917 253 1005 283 partes

1064 249 1158 286 βραχεῖ
1167 251 1267 287 καιρῷ,
1278 251 1316 278 τὰ
1325 253 1396 288 μέρη
1407 253 1456 287 τῆς
1466 253 1641 289 οἰκουμένης,
1657 255 1685 281 ὲν
1694 251 1734 285 οἷς
1746 253 1855 280 ἔκειντ’)

216 293 300 324 orbis.
318 293 345 320 in
361 293 460 328 quibus
472 292 567 319 mundi
585 300 666 328 regna
685 292 736 319 sita
750 299 838 326 erant,
856 295 959 326 dicens,
979 295 1004 322 in

216 340 268 366 hac
286 339 397 374 quidem
423 343 502 372 parte
522 338 640 372 positum
667 344 708 364 est
727 345 841 372 regnum
866 338 1006 366 Romano-

216 393 277 412 rum
291 391 299 411 :
314 384 340 411 in
354 385 406 411 ista
423 391 489 410 vero
505 383 663 413 Persarum,
683 387 710 410 et
724 384 750 410 in
765 383 807 410 illa
822 384 1003 418 Assyriorum,

215 438 248 458 ac
268 429 325 464 pari
340 429 422 461 modo
435 429 468 456 de
484 429 602 458 caeteris.
622 429 655 456 Et
671 429 746 460 item,
765 428 816 455 huc
838 428 1004 463 praecipuam

216 476 299 504 habet
313 475 438 511 gloriam,
450 476 472 501 si
491 475 593 502 formas
610 480 718 509 spectas
743 482 773 501 ac
786 474 892 509 species
908 483 914 506 ;
931 476 1004 503 aliud

217 514 282 548 vero
297 521 327 548 in,
339 521 410 552 aliis,
427 526 454 547 et
471 525 502 547 ut
519 521 603 547 semel
621 520 721 551 dicam,
746 522 836 547 υιιιιιὶιι
868 526 1003 549 recenset.

215 566 320 594 Deinde
352 565 490 593 ait:llwc
517 566 606 592 omnia
630 566 678 592 tibi
702 566 787 599 dabo;
805 571 870 602 puta
891 576 951 603 qua:
976 569 1003 594 in

216 612 309 648 regnis
323 612 417 640 mundi
433 612 625 645 continentur,
640 611 663 638 si
677 617 824 645 prostratus
853 615 1004 642 adornveri:

215 667 266 686 me.
281 658 435 692 Quomodo,
450 666 467 685 ο
477 657 580 690 dolose,
593 663 631 685 tot
644 666 674 685 ac
689 658 750 685 talia
760 665 913 688 commutas
926 662 1003 688 unica

216 705 399 733 adoratione?
425 705 546 739 Utique;
581 709 612 731 ut
640 706 683 732 ubi
716 707 843 742 praecepti
873 706 1004 734 facilitate

215 752 357 787 deceperis
389 752 511 779 avaritiae
526 752 606 779 hamo
620 759 682 780 eum
698 752 850 788 transﬁgas,
866 753 1003 791 videlicet,

215 805 276 826 cum
293 805 386 825 amore
402 798 559 833 possidendi
576 806 723 833 regnorum
740 798 850 826 divitias
865 803 891 826 te
905 800 1002 828 adora-

217 844 296 872 verit.
330 844 500 875 Manifeslius
531 848 623 871 autem
652 845 690 871 ait
719 844 816 878 Lucas,
849 845 951 872 dixisse
979 845 1002 871 ci

215 889 355 916 diabolum
369 898 376 916 :
392 889 447 922 Tibi
475 889 544 916 dabo
559 893 713 923 potestatem
732 890 799 917 hanc
818 891 966 917 uniuersam
980 895 1002 916 ct

216 936 329 972 gloriam
341 944 440 965 eorum,
460 936 523 970 quia
538 936 602 962 mihi
616 937 716 963 tradita
742 941 790 968 est,
815 941 839 964 et
864 938 1006 971 cuicunque

215 981 273 1011 volo
284 982 317 1011 do
332 989 390 1008 eam
404 990 413 1013 ;
426 986 452 1008 tu
467 981 549 1016 igilur
562 981 583 1007 si
601 981 753 1015 provolutus
769 990 858 1008 coram
871 991 911 1009 me
937 983 1003 1008 ado-

216 1028 326 1060 raveris,
337 1032 413 1054 erum
431 1032 477 1053 tua
493 1027 581 1053 omnia
604 1027 636 1053 ⁸⁸.
650 1026 794 1054 Matthaaus
824 1028 934 1061 quidem
949 1027 1006 1055 hmc

216 1074 348 1111 praeteriit
377 1077 505 1108 tanquam
532 1081 586 1100 non
620 1074 775 1100 necessaria
803 1074 915 1101 :Lucas
943 1083 1007 1101 vero

215 1120 331 1154 addidit,
347 1120 410 1156 quia
426 1119 478 1147 hoc
491 1119 552 1146 loco
566 1119 652 1146 dicta.

214 1157 244 1194 δὲ
259 1168 367 1199 Λουκᾶς
381 1167 553 1202 προσέθηκεν
564 1166 646 1200 αὐτὰ,
662 1167 699 1198 ὡς
715 1167 868 1202 τηνικαῦτα
887 1168 1015 1202 ῥηθέντα.

1060 297 1088 322 αἱ
1099 297 1233 336 βασιλεῖαι
1254 297 1301 324 τοῦ
1317 299 1433 333 κόσμου,
1448 299 1536 333 λέγων
1547 307 1553 314 ·
1577 299 1622 326 Ἐν
1643 299 1731 334 τούτῳ
1751 299 1801 334 μὲν
1816 298 1856 334 τῷ

1060 343 1139 378 μέρει
1166 345 1254 370 κεῖται
1269 345 1286 379 ὴ
1306 345 1431 379 βασιλεία
1453 345 1509 371 τῶν
1528 346 1687 381 Ῥωμαίων,
1711 347 1741 372 ὲν
1764 345 1855 380 τούτῳ

1056 389 1095 421 δὲ,
1111 390 1126 424 ἡ
1151 390 1206 416 τῶν
1223 390 1349 425 Περσῶν,
1372 391 1401 417 ὲν
1423 391 1522 426 ἐκείνῳ
1534 391 1573 422 δὲ,
1590 392 1606 427 ἡ
1623 392 1679 418 τῶν
1698 392 1855 426 Ἀσσυρίων

1058 436 1106 461 καὶ
1128 435 1163 462 τὰ
1176 436 1240 471 ἑξῆς
1260 437 1381 471 ὁμοίως
1400 438 1448 464 καὶ
1464 438 1505 464 ὅτι
1528 439 1544 472 ἠ
1568 438 1618 473 μὲν
1635 437 1692 472 ἔχει
1710 437 1790 469 δόξαν
1807 437 1856 463 ἐπὶ

1057 481 1147 507 τοῖσδε
1164 483 1220 514 τοῖς
1245 482 1356 515 εἴδεσιν,
1374 482 1430 518 (99)
1446 483 1501 519 ἡδὲ
1516 484 1563 510 ἐπὶ
1589 484 1691 513 τοῖσδε,
1708 485 1756 509 καὶ
1773 483 1855 517 ἄλλη,

1058 527 1212 559 ὲπ¹ᾶλλοις,
1229 529 1276 555 καὶ
1295 528 1389 560 ἁπλῶς
1405 529 1494 556 πάντα
1513 529 1668 563 καταλέγει.
1687 526 1754 555 Εἷτὰ
1770 536 1855 563 φησιο

1060 573 1156 599 Ταῦτα
1172 573 1270 600 πάντα
1283 581 1333 600 σοι
1348 574 1444 606 δώσω,
1464 575 1564 610 δηλαδὴ
1581 574 1614 601 τὰ
1634 574 1689 600 τῶν
1707 573 1855 609 βασιλειῶν

1056 617 1103 643 τοῦ
1120 618 1235 652 κόσμου,
1251 619 1305 645 ἐὰν
1327 619 1431 646 πεσὼν
1442 620 1664 653 προσκυνήσῃς
1681 628 1726 652 με.
1743 620 1815 650 Πῶς,
1833 617 1856 646 ὢ

1057 663 1138 695 δόλιε,
1155 664 1188 690 τὰ
1206 664 1325 691 τοσαῦτα
1341 665 1387 691 καὶ
1402 665 1514 692 τοιαῦτα
1539 666 1767 700 προσκυνὴματος
1794 665 1856 696 ἐνὸς

1056 709 1242 744 ἀπεμπολεῖςς
1265 710 1390 741 Πάντως,
1413 710 1468 743 ἵνα,
1503 713 1536 746 τῇ
1553 711 1664 746 εὐκολίᾳ
1686 710 1733 737 τοῦ
1759 711 1857 738 ἐπιτά-

1064 763 1171 790 γματος
1189 756 1345 791 ἀπατήσας,
1369 757 1534 793 περιπείρῃς
1559 757 1641 784 αὐτὸν
1658 757 1697 792 τῷ
1717 757 1859 791 ἀγκίστρῳ

1056 802 1106 836 τῆς
1132 801 1338 838 φιλαργυρίας,
1367 803 1406 835 ὡς
1435 803 1518 837 ἔρωτι
1548 804 1594 830 τοῦ
1630 804 1787 839 κτήσασθαι
1812 803 1859 830 τὸν

1057 846 1171 873 πλοῦτον
1195 847 1249 873 τῶν
1275 847 1421 882 βασιλειῶν
1435 849 1670 885 προσκυνήσαντά
1684 857 1729 875 σε.
1749 848 1858 875 Πλατύ-

1057 901 1136 927 τερον
1150 893 1177 919 δέ
1194 894 1426 928 φησινὸΛουκᾶς,
1441 895 1482 920 ὅτι
1496 893 1572 921 εἶπεν
1586 894 1660 930 αὐτῴ
1677 895 1691 921 ὁ
1703 894 1766 921 διάὸ
1778 894 1838 925 ολος
1849 890 1858 900 ’

1023 929 1043 957 Β
1060 938 1108 964 Σοὶ
1125 938 1163 973 (l)
1179 938 1265 965 δώσω
1280 939 1339 973 τὴν
1353 939 1500 972 ἐξουσίαν
1516 942 1632 973 ταύτην
1657 941 1792 972 ἅπασαν,
1809 939 1859 966 καὶ

1059 984 1115 1017 τὴν
1127 984 1221 1016 δόξαν
1239 984 1349 1017 αὐτῶν,
1378 986 1424 1013 ὕει
1441 986 1506 1019 ἐμοὶ
1529 986 1742 1020 παραδέδοται,
1770 986 1819 1013 καὶ
1834 982 1859 1019 ᾧ

1060 1030 1115 1056 ἐὰν
1129 1029 1218 1063 θέλω,
1228 1030 1461 1065 δίὂωιιιιαύτήν.
1479 1031 1520 1058 Σὺ
1536 1029 1603 1062 οὖν.
1614 1031 1668 1058 ἐὰν
1681 1031 1858 1065 προσκυνή-

1062 1082 1122 1109 σῃς
1148 1075 1279 1103 ἐνώπιόν
1309 1086 1382 1111 μου,
1411 1078 1497 1104 ἔσται
1511 1086 1570 1105 σου
1587 1078 1682 1106 πᾶσα.
1703 1077 1732 1104 '0
1746 1077 1797 1112 μὲν
1811 1076 1858 1104 οὖν

1063 1121 1202 1153 Ματθαῖος
1233 1122 1321 1149 ταῦτα
1349 1123 1530 1158 παρέλειψεν,
1547 1123 1585 1155 ὡς
1602 1124 1653 1150 οὐκ
1663 1124 1820 1156 ἀναγκαῖα·
1842 1124 1857 1150 ὸ

1052 1169 1158 1202 Πολλὰς
1173 1171 1202 1197 δὲ
1215 1171 1345 1203 τοιαύτας
1371 1171 1552 1208 παραλείψεις
1573 1173 1620 1200 καὶ
1643 1172 1802 1208 προσθήκας
1829 1171 1858 1199 ἐν

215 1215 271 1246 τοῖς
299 1214 507 1248 εὐαγγελισταῖς
529 1213 670 1249 εὑρήσεις,
689 1215 736 1240 καὶ
752 1215 799 1240 ἐπὶ
830 1216 926 1242 πασῶν
949 1217 994 1252 ἔχε
1011 1216 1087 1243 λύσιν
1102 1217 1151 1249 τὰς
1167 1217 1336 1252 δηλωθείσας
1349 1218 1452 1250 αἰτίας.

252 1260 399 1295 Plerosque
412 1265 505 1288 autem
521 1260 679 1295 hujusmodi
692 1261 856 1289 emissiones
887 1271 918 1290 ac
932 1263 1010 1290 addi—

218 1307 308 1337 tiones
334 1307 406 1342 apud
434 1307 618 1343 evangelistas
634 1307 766 1342 reperies,
787 1312 815 1335 et
833 1309 860 1335 in
887 1309 1015 1336 omnibus

217 1361 267 1388 pro
287 1353 427 1385 solutione
443 1353 588 1387 praedictas
604 1354 706 1382 adhibe
721 1361 832 1381 causas.

258 1486 337 1514 Vers.
364 1486 408 1512 10.
438 1485 556 1512 Tunc—
574 1485 661 1512 solum
676 1485 754 1512 coles.
773 1485 828 1512 Hoc
843 1492 951 1520 quoque
986 1486 1012 1511 in

1100 1264 1148 1300 ['H
1181 1264 1220 1298 (2i
1246 1266 1359 1301 χρονικὴ
1387 1266 1490 1302 στιγμὴ
1524 1267 1573 1301 τῆς
1602 1266 1795 1301 ἀστρονομίας,
1824 1266 1856 1292 οὐ

1065 1309 1137 1336 πάνυ
1156 1318 1181 1335 τι
1198 1309 1286 1344 βραχὺ
1300 1310 1441 1345 διάστημα
1457 1311 1601 1344 κέκτηται.
1630 1312 1730 1346 Ἤρκει
1744 1310 1790 1337 οὖν
1813 1310 1856 1342 εἰς

1067 1356 1147 1390 μόνον
1164 1355 1194 1382 τὸ
1210 1355 1296 1389 δεῖξαι
1319 1357 1354 1382 τὰ
1385 1356 1456 1391 μέρη
1482 1356 1531 1390 τῆς
1557 1357 1731 1391 οἰκουμένης,
1758 1356 1787 1382 ὲν
1815 1352 1856 1386 οἷς

1065 1402 1171 1428 ἔκειντο
1190 1401 1219 1427 αἱ
1232 1400 1378 1436 βασιλεῖαι,
1396 1402 1443 1428 καὶ
1463 1402 1503 1433 εἰς
1533 1402 1562 1429 τὸ
1576 1402 1663 1429 εἰπεῖν
1681 1402 1760 1436 ὀλίγα
1789 1401 1856 1437 περὶ

1064 1448 1112 1482 τῆς
1127 1447 1207 1481 δόξης
1219 1447 1332 1483 auram]

1103 1494 1172 1520 Τότε
1188 1494 1320 1528 -μόνῳ
1348 1494 1536 1528 λατρεύσεις.
1567 1494 1623 1521 Καὶ
1648 1493 1727 1520 τοῦτο
1761 1494 1791 1521 ἐν
1816 1493 1855 1529 τῷ

221 1530 436 1558 Dcuteronomio
464 1530 597 1566 scriptum
627 1525 674 1558 est
697 1531 730 1557 θ’.
764 1531 914 1559 Considera
947 1539 1005 1558 vert

1064 1525 1270 1575 Asurepovopitp
1291 1525 1460 1576 κέγραπται.
1476 1525 1577 1567 Σκοπει
1594 1541 1633 1573 δὲ,
1660 1541 1702 1567 ὅτι
1729 1540 1776 1567 ἐπὶ
1804 1525 1855 1575 μὶν

219 1577 297 1611 (ιιιοὰ
309 1576 336 1603 in
352 1576 490 1611 prioribus
504 1576 614 1611 quidem
649 1576 847 1604 tentationibus
874 1577 1005 1612 patienter

1064 1588 1119 1618 τοίς
1133 1571 1303 1621 προλαὸοῦσι
1317 1571 1484 1622 πειρασμοῖς
1517 1571 1705 1622 μακροθυμως
1734 1571 1854 1621 ἀπεκρί-

218 1622 400 1656 responderit.
431 1621 481 1649 Ubi
515 1627 607 1650 autem
633 1622 701 1650 vidit
717 1622 805 1656 ipsum
829 1623 1007 1657 impudenter

218 1671 265 1699 Dei
297 1671 335 1698 ad,
356 1678 386 1697 se
415 1671 605 1697 adorationem
645 1671 798 1701 attrahere,
827 1670 1007 1705 dirimuntque

217 1721 346 1751 expetere
362 1716 505 1749 honorem,
522 1720 586 1742 tunc
602 1715 690 1750 ipsum
704 1715 866 1750 increpavit,
887 1716 981 1744 dicens
999 1725 1005 1745 :

217 1764 275 1796 Abi,
297 1763 410 1795 Satanu,
437 1763 488 1789 hoc
519 1767 571 1796 est,
601 1763 718 1796 Recede,
739 1764 905 1792 adversario.
920 1765 1007 1792 Lucas

217 1817 283 1836 vero
299 1808 410 1843 scripsit
428 1817 433 1834 :
456 1808 506 1835 Abi
531 1814 587 1843 post
606 1818 657 1842 mc,
681 1809 783 1837 Salano
797 1811 832 1842 ⁷ο,
845 1812 896 1838 hoc
921 1818 973 1844 est,
992 1820 1007 1839 e

216 1859 367 1890 conspectu
383 1862 444 1882 meo
458 1859 484 1882 te
500 1855 578 1882 aufer
595 1863 602 1888 ;
620 1855 692 1890 quod
706 1856 780 1882 enim
799 1861 860 1891 post
887 1857 1006 1892 aliquem

216 1902 340 1936 ponitur,
352 1900 402 1935 ipsi
422 1908 475 1928 non
489 1905 613 1936 apparet.
629 1901 722 1936 Neque
735 1902 868 1929 sustinuit
886 1908 915 1930 ιιι
927 1912 1006 1930 ιιιι-ιι-

215 1947 287 1975 dacii
304 1952 431 1982 argueret
446 1946 583 1975 dicentem
617 1947 710 1974 omnia
737 1947 789 1975 sibi
817 1949 915 1976 tradita
933 1957 1005 1979 esse,

216 1994 263 2022 sed
278 1994 369 2021 denuo
383 1993 471 2027 ipsum
497 2000 512 2019 a
532 1992 676 2027 Scriptura
702 1993 813 2028 repulit,
830 1999 858 2021 et
893 1999 1006 2023 versuto

216 2040 359 2076 ﬂagellum
370 2039 440 2066 facta
459 2044 501 2066 est
516 2039 685 2075 increpatio,
701 2042 872 2076 nequeenim
890 2042 1008 2076 amplius

218 2086 356 2115 toleravit.

252 2136 355 2163 Etideo
369 2135 418 2172 (cc)
435 2137 579 2164 Matthaeus
591 2138 702 2172 quidem
719 2142 885 2172 postremam
898 2137 1008 2171 scripsit

217 2184 339 2211 avaritia:
352 2186 534 2212 tentationcm
553 2194 559 2210 :
587 2184 676 2212 Lucas
705 2190 797 2211 autem
815 2185 906 2219 potius
932 2191 1008 2210 vana:

1062 1640 1133 1662 νετο,
1146 1632 1191 1659 ὅτε
1205 1632 1234 1659 δὲ
1250 1629 1321 1658 εἶδεν
1339 1632 1421 1658 αὐτὸν
1440 1632 1491 1664 τὴν
1508 1632 1554 1658 τοῦ
1570 1631 1639 1658 Θεοῦ
1666 1631 1854 1666 προσκύνησιν

1059 1679 1097 1709 εἰς
1114 1678 1210 1705 ἑαυτὸν
1233 1678 1418 1712 ἀναισχύντως
1443 1678 1567 1710 ἕλκοντα,
1600 1678 1647 1704 καὶ
1669 1677 1738 1704 Θεοῦ
1769 1678 1853 1714 τιμὴν

1062 1724 1252 1756 ἀπαιτοῦντα,
1280 1724 1341 1750 τότε
1372 1724 1538 1759 ἐπετίμησεν
1563 1723 1637 1758 αὑτῷ
1658 1724 1754 1750 εἰπών·
1781 1724 1853 1750 ’Ύπ-

1059 1771 1112 1806 άγε
1127 1771 1176 1805 (3),
1194 1770 1324 1802 Σατανᾶ,
1338 1770 1489 1801 τουτέστιν,
1504 1769 1653 1804 ἀναχὼρει,
1668 1770 1854 1804 ἀντικείμενε.

1065 1817 1094 1843 '0
1109 1817 1137 1843 δὲ
1152 1817 1270 1847 Λουκᾶς·
1286 1816 1394 1850 Ὕπαγε
1410 1815 1508 1842 ὀπίσω
1520 1824 1591 1849 μου,
1605 1814 1735 1849 ἔγραψεν,
1750 1815 1764 1841 ὃ
1780 1815 1855 1841 ἐστιν

1068 1862 1258 1897 Ἄφανίσθητι.
1281 1862 1310 1888 '0
1335 1863 1389 1897 γὰρ
1413 1862 1501 1887 ὀπίσω
1530 1861 1604 1893 τινδς
1633 1861 1790 1896 γενόμενος,
1822 1862 1854 1888 οὗ

1061 1909 1186 1943 φαίνεται
1204 1908 1288 1942 αὐτῷ,
1313 1907 1371 1933 (lim
1386 1907 1499 1942 ῆνὲχετο
1517 1907 1545 1933 δὲ
1564 1907 1672 1941 ἐλέγξαι
1690 1907 1772 1933 αὑτὸν
1788 1907 1856 1941 ψευ-

1060 1955 1190 1990 σάμενον,
1206 1955 1247 1981 ὅτι
1265 1954 1279 1980 ό
1292 1954 1395 1988 κόσμος
1410 1953 1484 1987 αὑτῴ
1504 1953 1696 1987 παραδέδοται,
1716 1953 1783 1979 ἀλλὰ
1800 1953 1856 1980 πά-

1059 2002 1100 2028 λιν
1116 2002 1170 2028 ἀπὸ
1187 2001 1235 2035 τῆς
1252 2000 1362 2036 Γραφῆς
1376 1999 1458 2026 αὑτὸν
1475 1998 1665 2034 καταισχύνει.
1682 1998 1738 2026 Καὶ
1761 1998 1855 2025 λοιπὸν

1044 2040 1160 2084 ’μάστιξ
1182 2047 1221 2083 τῷ
1251 2046 1362 2082 πονηρῶ
1385 2046 1498 2080 γέγονεν
1512 2046 1528 2080 ἠ
1544 2045 1706 2080 ἐπιτίμησις
1719 2064 1726 2072 .
1753 2044 1854 2072 οὐκέτι

1059 2095 1113 2129 γὰρ
1131 2093 1313 2128 ἐκαρτέρησε.

1094 2140 1149 2166 Καὶ
1173 2139 1246 2165 διατὶ
1262 2138 1401 2169 Ματθαῖος
1418 2138 1467 2173 μὲν
1492 2138 1647 2165 τελευταῖον
1675 2137 1780 2173 ἔγραψε
1798 2137 1845 2163 τὸν

1061 2184 1215 2220 πειρασμὸν
1235 2184 1284 2219 τῆς
1312 2184 1507 2226 φιλαργυρίας,
1533 2185 1547 2212 ὁ
1564 2184 1592 2211 δὲ
1617 2184 1726 2215 Λουκᾶς
1752 2183 1855 2218 μᾶλλον

219 2229 324 2264 glorim,
350 2230 413 2265 quia
444 2231 590 2258 Mattliatus
606 2238 673 2257 sane
690 2230 771 2257 etiam
789 2230 896 2257 ordinis
916 2233 1005 2257 tenta-

1064 2229 1107 2256 τὸν
1123 2229 1173 2264 τῆς
1201 2228 1371 2262 κενοδοξίαςς
1391 2229 1463 2256 Διότι
1487 2228 1627 2260 Ματθαῖος
1656 2229 1707 2263 μὲν
1733 2227 1852 2262 καὶτῆς

219 2274 322 2301 tionem
336 2283 429 2302 curem
442 2275 548 2307 habuit,
564 2275 651 2302 Lucas
665 2282 730 2302 vero
744 2275 830 2301 solius
846 2274 1011 2302 narrationis

218 2327 326 2348 earum.
355 2321 384 2348 ln
416 2330 470 2357 quo
497 2329 564 2357 ergo
586 2329 601 2348 a
634 2321 832 2349 tentationibus
861 2320 1011 2349 Salvatoris

217 2365 418 2394 institllemur?
441 2367 475 2395 Ut
503 2372 578 2395 certe
607 2367 721 2394 inimico
752 2374 893 2401 nunquam
926 2367 1007 2394 ﬁdem

217 2411 393 2441 habeamus:
417 2421 453 2441 ne
478 2414 501 2441 si
532 2414 610 2441 utilia
645 2413 756 2449 quidem
784 2421 816 2441 ac
851 2414 1008 2441 necessaria

253 2493 275 2508 ⁶⁷
291 2492 358 2523 Luc.
375 2501 413 2527 iv,
427 2493 454 2521 5.
493 2493 516 2510 ιθ
533 2492 601 2523 lbid.
615 2493 642 2527 6,
653 2494 680 2520 7.
719 2493 741 2509 "
753 2493 832 2522 Deut.
853 2501 891 2523 Vl.
904 2494 932 2524 5.

1066 2275 1166 2307 τάξεως
1179 2275 1233 2302 τῶν
1251 2275 1413 2311 πειρασμῶν
1427 2275 1579 2309 ἐφρόντισε·
1593 2275 1701 2305 Λουκᾶς
1717 2273 1745 2300 δὲ
1767 2273 1854 2308 μόνης

1064 2321 1113 2355 τῆς
1130 2320 1282 2356 διηγήσεως
1300 2320 1400 2348 αὐτῶν.
1426 2321 1460 2346 Τί
1479 2320 1525 2347 οὗν
1546 2319 1601 2347 ἀπὸ
1615 2320 1670 2346 τῶν
1686 2319 1854 2354 πειρασμῶν

1063 2366 1110 2393 τοῦ
1141 2366 1269 2402 Σωτῆρος
1298 2366 1484 2401 παιδευόμεθα
1500 2374 1507 2399 ;
1524 2366 1562 2393 Τὸ
1593 2366 1630 2401 μὴ
1651 2364 1793 2392 πείθεσθαι
1810 2364 1852 2399 τῷ

1061 2413 1152 2449 ἐχθρῷ
1171 2413 1318 2450 μηδέποτε,
1347 2413 1414 2449 μηδὲ
1445 2414 1470 2440 εἱ
1496 2412 1622 2448 χρήσιμα
1649 2412 1696 2439 καὶ
1713 2412 1852 2446 ἀναγκαῖα

970 2492 994 2509 ⁷⁸
1007 2492 1076 2520 Luc.
1110 2501 1147 2526 iv,
1163 2493 1191 2521 8.

828 2571 929 2602 Variae
948 2570 1100 2603 lectiones
1118 2575 1146 2601 et
1163 2574 1259 2601 notae.

253 2656 309 2692 (99)
321 2655 476 2692 hit-171.25.»
491 2656 641 2691 χρημάτων
660 2657 706 2683 καὶ
723 2655 909 2692 πραγμάτων.

251 2691 289 2723 (Ι)
308 2691 486 2724 Παραδίδοται
500 2692 529 2719 Β.

254 2726 381 2762 (ειιιωο
405 2726 432 2753 in
460 2732 578 2762 utroque
598 2726 1003 2762 codiceleguntnrinmargine

218 2769 249 2798 ac
264 2761 421 2798 referuntur
436 2762 469 2798 ad
484 2763 646 2790 vocabulum
659 2761 787 2798 στιγμῆς,
811 2762 883 2798 quod
900 2769 916 2789 e
932 2761 1004 2789 Luca

217 2796 345 2827 laudatur
362 2797 390 2824 in
405 2797 511 2824 scholio
522 2798 657 2830 proximo.

252 2833 292 2867 (5)
307 2832 451 2868 Chrysost.
473 2832 560 2867 LVII,
578 2841 605 2868 p.
628 2833 690 2860 172.
707 2834 739 2860 Δ.
758 2832 788 2860 B.
825 2833 900 2860 hunc
916 2833 1005 2860 locum

252 2914 302 2951 (cc)
322 2913 395 2944 Ideo.
410 2913 474 2942 Cur.

1052 2655 1248 2687 interpretans,
1268 2653 1311 2681 bis
1334 2652 1417 2680 habet
1443 2654 1531 2680 οιτίσω
1548 2662 1609 2688 μου.
1623 2653 1676 2680 Sed
1691 2654 1742 2680 ista
1763 2661 1848 2680 voca-

1052 2691 1116 2718 bula
1128 2697 1183 2717 non
1199 2696 1253 2718 tam
1267 2688 1466 2724 Chrysostomi,
1489 2696 1571 2724 quam
1587 2689 1712 2716 codicum
1725 2689 1849 2724 auctori-

1054 2731 1110 2753 tate
1142 2727 1275 2754 nituntur.
1304 2725 1374 2753 Nam
1393 2723 1602 2760 Clirysoslomtls
1627 2725 1727 2758 ssc-pius
1740 2723 1850 2752 diversa

1056 2762 1114 2789 loca
1145 2761 1260 2789 invicem
1285 2760 1386 2797 jungit.
1415 2761 1520 2797 Ὸπίσῳ
1554 2767 1616 2797 μου,
1636 2764 1666 2788 ιιι
1697 2760 1731 2797 ad
1766 2760 1795 2791 h.
1830 2761 1850 2788 Ι.

1057 2797 1152 2833 docui,
1176 2798 1321 2832 expulsum
1341 2795 1385 2825 cst
1402 2795 1566 2825 auctoritate
1596 2795 1734 2833 Origenis,
1765 2804 1850 2832 quem

1058 2832 1122 2860 vide
1136 2837 1156 2859 ι.
1173 2833 1217 2866 ιιι,
1235 2841 1261 2868 p.
1276 2833 1341 2862 διο,
