1925 3070
219 179 270 212 187

840 179 1032 209 EUTHYMII
1054 179 1236 210 ZIGABENI

1798 174 1853 207 188

251 235 386 263 Vers.2|.
404 234 436 261 Et
452 241 604 269 progressus
625 247 656 255 -—
671 233 702 261 ι’.
724 235 768 262 2‘2.
787 235 865 262 Eum.
897 235 999 262 Horum

1089 236 1145 263 Καὶ
1159 236 1272 270 προϐὰς
1281 236 1416 268 -αὑῖῷ.
1431 235 1502 270 "Ope
1514 233 1559 261 καὶ
1572 233 1621 269 τὴν
1632 241 1734 260 τουτων
1748 232 1850 263 πίστιν,

215 288 326 316 quoque
340 280 420 308 [idem
438 281 556 312 intuere,
574 287 626 314 qua
642 285 747 314 patrem
761 280 843 307 etiam
869 280 1002 315 despexe-

214 331 288 354 runt.
304 325 419 353 Necesse
431 325 506 352 enim
530 329 572 352 est
586 325 747 360 parentibus
768 333 877 360 quoque
897 333 1006 360 praapov

214 379 280 399 nere
291 371 441 398 Christum.
459 370 550 405 Neque
577 378 663 405 parva
683 370 792 398 virtutis
811 372 931 406 ipsernm
957 371 1006 398 de-

217 417 382 444 monstratio
403 421 454 450 est,
479 417 552 451 quod
575 421 765 452 paupertatem
781 418 850 444 adeo
867 417 945 444 facile
966 422 1008 444 tu-

215 463 308 494 lerint,
324 470 357 489 ac
381 463 497 497 propriis
522 463 647 490 manibus
673 463 773 490 vietum
794 463 963 497 quaesierint.
980 468 1008 490 et

214 513 308 536 mutuo
319 509 391 536 inter
407 517 436 536 se
448 516 540 536 amore
556 509 673 544 colligati
689 509 801 541 fuerint,
816 515 921 544 patrem
934 518 1006 544 quo-

215 565 269 591 que
285 564 338 583 una
351 564 443 583 secum
462 555 617 588 habuerint,
636 556 728 591 illique
745 556 931 584 inservieriut.
953 557 1009 584 Ve-

215 603 331 630 risimile
345 608 387 630 est
403 608 505 633 autem,
522 603 633 630 audisse
653 611 701 630 eos
716 611 730 630 a
747 603 826 630 Petro
840 607 869 630 et
888 603 1007 632 Andrea.

216 649 375 684 promisisse
387 648 539 680 Christum,
556 648 629 682 quod
654 653 800 683 sequentes
817 656 857 682 se,
878 649 1010 676 redderet

215 693 356 721 hominum
370 695 531 728 piscatores.

252 739 329 766 Vers.
352 739 398 767 ‘25.
429 740 462 766 Et
479 755 514 759 —
530 741 669 776 synagogis
695 748 794 767 eorum.
818 740 848 767 In
868 741 1009 776 synagogis

215 791 311 810 eorum
324 784 459 812 docebat:
480 785 578 819 partim
590 785 699 819 quidem
717 791 745 811 ut
765 786 856 819 plures
887 786 1010 812 attrahe-

216 835 267 862 ret,
283 831 381 865 partim
395 838 459 858 vero
472 839 506 858 ne
521 831 583 865 quis
606 832 698 858 dicere
718 835 819 866 posset,
838 831 908 865 quod
927 831 1009 857 rudes

216 875 340 903 clanculo
350 877 451 904 docens
468 877 618 912 deciperet,
634 877 722 912 palam
736 884 789 903 non
806 884 889 904 ausus
898 876 1007 903 docere.

252 964 330 992 Vers.
356 964 402 992 25.
434 965 468 991 Et
486 965 632 999 prazdicans
655 981 689 985 —-
706 966 789 1000 regni.
806 965 913 992 Marcus
940 974 1006 993 vero

216 1011 325 1045 scripsit
343 1019 350 1038 :
369 1011 450 1046 Regni
465 1011 520 1038 Dei.
535 1012 558 1028 ⁷⁸
572 1012 619 1039 Est
634 1018 724 1039 autem
740 1013 914 1046 Evangelium
931 1013 1006 1048 regni

218 1056 276 1088 Dei,
301 1056 407 1084 Novum
433 1057 648 1090 Testamentum,
675 1062 769 1093 utpote
791 1058 825 1085 de
849 1066 931 1094 regno
962 1058 1008 1086 Dei

217 1102 370 1136 disputans,
388 1108 434 1130 aut
457 1104 490 1130 ad
517 1111 630 1139 regnum
648 1104 706 1137 Dei,
721 1104 772 1139 ipsi
789 1104 948 1131 obedientes
965 1105 1006 1131 in-

219 1148 334 1176 ducens.

255 1194 330 1220 Vers.
351 1193 395 1221 23.
414 1195 449 1221 Et
461 1209 498 1214 —
514 1195 620 1229 populo.
636 1193 722 1226 Νόσος
744 1195 853 1229 quidem
881 1195 941 1230 (pro
954 1203 1009 1230 quo

217 1246 269 1265 nos
285 1239 402 1265 morbum
422 1241 568 1267 vertimus)
581 1245 623 1267 est
652 1241 755 1268 diutina
776 1242 914 1275 perversio
931 1242 1009 1269 habi-

218 1284 323 1311 tudinis
349 1286 496 1320 corporis:
524 1286 655 1313 Μαλακῖα
683 1294 747 1313 vero
773 1288 864 1321 (quam
891 1287 1010 1314 diximus

218 1331 388 1366 languorem)
424 1332 588 1367 principium
615 1339 657 1360 est
690 1333 832 1361 [arationis
876 1335 1008 1368 corporis,

219 1376 307 1402 morbi
327 1377 489 1411 prtenuntia.
503 1377 536 1403 Et
559 1377 586 1404 in
612 1385 726 1412 corpore
754 1386 819 1405 sane
849 1378 884 1405 ita
903 1384 954 1406 est.
981 1379 1009 1406 ln

219 1421 310 1448 anima
332 1427 424 1449 autem
450 1422 564 1450 morbus
592 1417 761 1457 quidem’est
780 1425 884 1458 peccati
905 1429 983 1452 actus
1000 1435 1007 1453 :

218 1467 332 1501 languor
349 1474 414 1495 vero
439 1467 562 1495 inductio
577 1468 750 1502 cogitationis
773 1470 807 1496 ad
838 1462 916 1496 actus
943 1479 1009 1498 con-

219 1520 342 1542 sensum.

1057 280 1092 307 δι’
1109 280 1143 315 ἢν
1160 280 1209 306 καὶ
1225 279 1273 306 τοῦ
1292 279 1399 313 Πατρὺς
1417 279 1636 314 κατεφρόνησαν.
1655 277 1716 312 Χρὴ
1727 277 1781 311 γὰρ
1801 275 1851 302 καὶ

1057 325 1111 352 τῶν
1131 325 1233 358 γονέων
1263 326 1398 361 προτιμᾷν
1423 326 1468 352 τὸν
1496 324 1624 359 Χριστόν.
1646 324 1683 350 Οὐ
1710 322 1798 357 μικρὰ
1821 321 1851 347 δὲ

1058 372 1195 404 ἀπόδειξις
1208 372 1257 407 τῆς
1274 373 1374 406 ἀρετῆς
1387 372 1488 404 αὐτῶν,
1503 372 1534 398 τὸ
1549 371 1644 397 πενίαν
1658 371 1753 405 φέρειν
1768 367 1850 394 εὐκό-

1058 417 1123 449 λως,
1142 417 1189 443 καὶ
1206 417 1236 443 τὸ
1253 417 1307 451 ἀπὸ
1320 417 1374 443 τῶν
1388 417 1497 443 οἰκείων
1513 416 1659 451 τρέφεσθαι
1673 415 1782 449 χειρῶν.
1801 412 1850 439 καὶ

1057 463 1089 488 τὺ
1113 463 1283 489 συνδεδέσθαι
1305 463 1441 498 ἀλλήλοις,
1465 463 1513 489 καὶ
1534 462 1564 488 τὸ
1585 462 1630 487 τὸν
1655 460 1765 494 Πατέρα
1788 457 1850 492 μεθ’

1061 508 1168 535 ἑαυτῶν
1183 509 1255 543 ἐχειν
1269 510 1317 535 καὶ
1334 509 1508 544 θεραπεύειν.
1525 508 1606 539 Εἰκὸς
1626 507 1665 537 δὲ,
1681 506 1728 532 καὶ
1738 504 1850 534 τούτους

1059 555 1174 581 ἀκοῦσαι
1197 557 1273 590 παρὰ
1298 556 1400 590 Πέτρου
1426 555 1474 581 καὶ
1493 553 1631 588 Ἀνδρέου,
1651 552 1692 579 ὅτι
1716 550 1851 584 ὑπέσχετο

1059 601 1171 635 ποιῆται
1202 603 1264 634 τοὺς
1300 601 1514 632 ἀκολουθοῦντας
1551 599 1642 634 αὐτῷ,
1680 598 1764 628 ἁλιεῖς
1799 596 1851 622 ἀν·

1060 647 1074 673 θ
1078 647 1188 682 ρώπων.

1300 601 1514 632 ἀκολουθοῦντας

1095 745 1150 773 Καὶ
1163 760 1197 765 --
1212 745 1403 780 συναγωγαῖς
1418 745 1529 772 αὐτῶν.
1547 744 1701 778 nepam-5r,
1717 743 1772 778 (16)
1788 742 1852 768 ἀντὶ

1059 791 1117 823 τοῦ,
1136 793 1312 827 Περιήρχετο.
1330 792 1376 818 Ἐν
1392 793 1452 823 ταῖς
1472 791 1644 824 συναγωγαῖς
1660 789 1688 815 δὲ
1705 788 1829 814 ἐδίδασκε
1841 794 1849 802 ⁸

1059 837 1138 864 τοῦτο
1157 838 1216 872 μὲν,
1238 838 1281 864 ἵνα
1301 837 1426 868 πλείονας
1442 837 1626 871 ἐφελκύσηται
1637 844 1644 851 ι
1660 834 1738 861 τοῦτο
1751 833 1789 865 δὲ,
1806 833 1853 858 ἵνα

1061 885 1155 920 μηδεὶς
1167 884 1223 918 ἔχοι
1235 884 1335 916 λέγειν,
1350 884 1390 910 ὅτι
1401 883 1491 918 λάθρα
1501 883 1636 908 διδάσκων
1648 881 1710 911 τοὺς
1722 879 1853 914 ἀμαθεῖς,

1060 930 1184 965 ἐξαπατᾷ
1203 930 1327 960 τούτους,
1354 928 1392 963 μὴ
1413 928 1523 963 θαρρὠ
1541 929 1569 954 ἐν
1592 927 1688 962 πλήθει
1704 925 1851 952 διδάσκειν.

1095 975 1147 1001 Kal
1163 974 1327 1007 κηρύσσων
1340 988 1372 992 --
1382 973 1556 1004 βασιλείας.
1581 972 1610 998 'U
1622 971 1649 997 δὲ
1663 970 1785 1004 Μάρκος,
1802 968 1852 1001 τῆς

1061 1020 1200 1056 βασιλείας
1214 1019 1261 1045 τοῦ
1287 1018 1355 1045 Θεοῦ
1370 1018 1499 1053 ἔγραψεν.
1519 1017 1683 1050 Εὑαγγέλιον
1698 1015 1726 1042 δὲ
1741 1015 1789 1048 τῆς
1805 1014 1852 1048 βα-

1061 1066 1161 1097 σιλείας
1178 1065 1224 1091 τοῦ
1237 1065 1318 1096 Θεοῦ,
1333 1065 1350 1099 ὴ
1363 1065 1451 1100 Καινὴ
1460 1063 1596 1098 Διαθήκη,
1612 1063 1648 1093 ὡς
1662 1062 1728 1096 περὶ
1740 1061 1788 1096 τῆς
1802 1060 1851 1095 βα-

1061 1115 1162 1146 σιλείας
1174 1114 1222 1140 τοῦ
1234 1113 1302 1140 Θεοῦ
1316 1113 1548 1148 διαλαμβάνουσα,
1565 1111 1581 1146 ἢ
1594 1111 1631 1142 ὡς
1647 1110 1795 1142 εἰσάγουσα
1811 1109 1851 1139 εἰς

1060 1161 1109 1197 τὴν
1125 1160 1263 1195 βασιλείαν
1278 1159 1323 1186 τοῦ
1339 1159 1407 1185 Θεοῦ
1425 1159 1486 1189 τοὺς
1501 1157 1679 1191 πειθομένους
1692 1156 1778 1190 αὐτῇ.

1098 1208 1151 1235 Kal
1162 1223 1195 1228 —
1206 1206 1280 1239 λαῷ.
1296 1207 1383 1236 Νόσος
1399 1206 1447 1240 μέν
1464 1205 1534 1236 ἐστι,
1549 1204 1565 1238 ὴ
1582 1202 1677 1238 χρονία
1688 1199 1852 1236 παρατροπὴ

1060 1255 1111 1288 τῆς
1131 1254 1178 1280 τοῦ
1200 1254 1326 1288 σώματος
1348 1252 1448 1284 ἓξεως²
1467 1250 1588 1285 μαλακία
1604 1249 1641 1282 δὲ,
1658 1249 1729 1283 ἀρχὴ
1743 1247 1850 1282 χαυνώ-

1063 1308 1131 1331 σεως
1153 1299 1289 1334 σώματος,
1311 1297 1481 1333 προάγγελος
1503 1295 1592 1322 νόσου.
1617 1294 1689 1321 Ἀλλ’
1710 1294 1782 1320 οὕτω
1801 1293 1852 1327 μὲν

1062 1348 1108 1374 ἐπὶ
1126 1346 1262 1382 σώματος.
1284 1347 1347 1373 Ἐπὶ
1360 1346 1388 1372 δὲ
1410 1345 1510 1380 ψυχῆς,
1527 1345 1605 1375 νόσος
1632 1345 1692 1378 μὲν,
1715 1342 1852 1377 ἁμαρτίας

1061 1394 1204 1429 ἐνέργεια·
1236 1393 1357 1428 μαλακία
1385 1392 1424 1425 δὲ,
1450 1391 1586 1427 χαύνωσις
1612 1389 1756 1425 λογισμοῦ,
1783 1389 1850 1424 πρὸς

1063 1441 1266 1474 συγκατάθεσιν
1283 1440 1434 1475 ἐνεργείας.

1098 1521 1152 1548 Καὶ
1169 1522 1308 1554 ἀπῆλθεν
1324 1536 1359 1541 -
1379 1521 1488 1553 Σιιρίαν
1498 1527 1505 1534 ·
1538 1519 1566 1543 '0
1578 1519 1604 1545 δὲ
1629 1517 1741 1551 Μάρκος
1755 1513 1830 1541 εἶπεν
1842 1523 1849 1530 ·

255 1559 332 1586 Vers.
346 1559 390 1585 24.
409 1559 548 1595 Divulgato
559 1575 594 1580 —
605 1559 724 1595 Syriam.
736 1561 839 1588 Marcus
851 1569 914 1589 vero
922 1562 990 1589 dixit
1002 1572 1008 1590 ε

1065 1567 1192 1602 Ἐξῆλθε
1206 1567 1240 1593 δὲ
1252 1567 1270 1600 ἡ
1281 1566 1357 1599 ἀκοὴ
1371 1565 1466 1592 αὐτοῦ
1479 1565 1570 1595 εὐθὺς
1582 1565 1625 1595 εὶς
1635 1563 1712 1595 ὅλην
1798 1569 1852 1586 πε-

219 1605 308 1634 Erivit
324 1611 411 1633 autem
427 1614 515 1632 rumor
526 1606 556 1633 de
570 1612 599 1633 eo
612 1607 639 1633 in
655 1612 737 1634 totam
748 1608 861 1642 undique
876 1609 1008 1643 regionem

1065 1614 1190 1648 ρίχωρον·
1202 1612 1256 1647 τῆς
1271 1612 1447 1644 Palma/aq.
1467 1611 1495 1637 '0
1510 1610 1538 1636 δὲ
1548 1609 1662 1639 Λουκᾶς·
1681 1607 1734 1634 Καὶ
1747 1607 1852 1638 ἐξεπε-

220 1651 338 1678 ϐαιίίιειε
351 1651 492 1686 ﬁnitimam
508 1651 541 1678 ⁷⁸³.
564 1651 651 1679 Lucas
666 1660 731 1680 vero
751 1662 758 1679 :
780 1653 813 1680 Et
828 1653 1008 1687 egrediebatur

1065 1661 1163 1691 ρσύετο
1187 1657 1261 1694 ἦχος
1284 1657 1350 1692 περὶ
1367 1657 1460 1684 αὑτοῦ
1490 1658 1534 1689 εἰς
1556 1655 1654 1682 πάντα
1680 1654 1773 1679 τόπον
1796 1650 1852 1684 τῆς

219 1705 300 1724 sonus
323 1697 355 1723 de
366 1705 395 1723 eo
422 1697 448 1723 in
477 1705 579 1723 omnem
599 1697 685 1725 locum
710 1699 830 1733 ﬁnitima
854 1699 1008 1733 regionis“.

219 1743 323 1770 Rumor
348 1747 440 1770 autem
464 1748 491 1770 et
518 1751 603 1770 sonus
633 1744 788 1779 signiﬁcant
815 1745 912 1772 famam
939 1746 1008 1780 eius.

220 1788 355 1816 Prmterea
383 1795 464 1822 quam
485 1789 552 1816 dixit
567 1789 708 1817 Matthzeus
739 1790 854 1825 Syriam,
872 1791 942 1819 hanc
958 1800 1010 1819 cae-

220 1833 273 1860 teri
302 1833 419 1861 Galilm
453 1833 596 1860 ﬁnitimam
625 1835 763 1870 regionem
794 1836 1009 1871 appellaverunt.

220 1879 375 1906 Dimanavit
395 1884 486 1906 autem
503 1879 537 1907 de
553 1888 586 1907 eo
601 1880 681 1912 fama,
709 1882 783 1915 quod
811 1882 872 1909 talia
900 1883 1011 1911 doceret

221 1927 310 1961 qualia
335 1934 475 1960 nunquam
507 1927 688 1959 audivissent,
719 1933 748 1955 et
770 1930 842 1963 quod
868 1937 1010 1957 sermones

221 1973 358 2000 miraculis
372 1973 556 2005 conﬁrmaret,
569 1975 696 2008 quodque
711 1982 773 2001 cum
785 1976 946 2003 auctoritate
961 1977 1011 2003 d0-

221 2022 296 2045 ceret
315 2026 348 2045 ac
375 2023 548 2053 operaretur.
570 2020 641 2047 sicut
659 2021 687 2047 in
716 2021 807 2049 Marco
837 2022 1011 2050 manifestius

221 2062 354 2090 invenies.

258 2109 333 2137 Vers.
349 2111 394 2138 24.
411 2111 445 2138 Et
461 2127 498 2132 —
515 2113 624 2140 sanauit
639 2121 694 2140 eos.
710 2113 774 2140 Post
793 2115 877 2142 verba
894 2115 949 2147 illa,
966 2124 1012 2142 va-

221 2156 268 2182 riis
287 2158 393 2190 morbis,
412 2159 551 2187 distinctio
564 2161 688 2195 ponenda
703 2165 754 2187 est.
767 2161 897 2188 Tormina
913 2167 1008 2189 autem

222 2207 300 2228 vocat
327 2204 484 2232 morborum
504 2206 621 2232 dolores.
653 2207 774 2233 Lunatiei
802 2215 865 2235 vero
884 2213 1010 2235 tenentur

1061 1706 1234 1740 περιχώρου.
1263 1703 1360 1739 Ἀκοὴν
1385 1703 1412 1729 δὲ
1437 1703 1484 1728 καὶ
1508 1700 1585 1736 ἦχον.
1609 1700 1658 1734 τὴν
1681 1698 1744 1734 περὶ
1767 1695 1851 1724 αὐτοῦ

1061 1752 1155 1786 φήμην
1177 1750 1313 1782 λέγουσιν.
1341 1749 1392 1774 Ἦν
1413 1748 1441 1774 δὲ
1463 1746 1524 1773 εἷπε
1547 1747 1647 1781 Συρίαν
1665 1746 1679 1770 ὁ
1701 1743 1851 1774 Ματθαῖος,

1060 1797 1162 1831 ταύτην
1186 1794 1262 1822 εἷπον
1288 1796 1313 1822 oi
1340 1795 1415 1821 ἄλλοι
1444 1794 1596 1828 περίχωρον
1620 1793 1670 1826 τῆς
1693 1789 1850 1820 Γαλιλαίας·

1061 1841 1182 1877 ’Δπῆλθε
1197 1842 1225 1867 δὲ
1240 1842 1257 1872 ή
1271 1841 1336 1875 περὶ
1356 1840 1438 1866 αὑτοῦ
1456 1839 1536 1874 ἀκοὴ,
1552 1838 1618 1864 διότι
1634 1837 1747 1863 τοιαῦτα
1762 1834 1850 1861 ἐδίδα-

1062 1897 1136 1920 σκεν,
1158 1885 1201 1914 οἷα
1224 1886 1352 1913 οὐδέποτε
1371 1886 1502 1921 ἥκουσαν,
1527 1884 1575 1910 καὶ
1600 1884 1640 1910 ὅτι
1662 1882 1726 1913 τοὺς
1748 1881 1848 1914 λόγους

1061 1933 1186 1961 ὲὸεϐαίου
1209 1934 1264 1964 τοῖς
1286 1931 1418 1966 Θαύμασι,
1442 1930 1489 1957 καὶ
1512 1931 1552 1956 ὅτι
1572 1926 1782 1962 ὲξουσιαστικῶς
1804 1927 1852 1952 καὶ

1063 1980 1198 2011 ἐδίδασκε,
1218 1979 1267 2005 καὶ
1282 1978 1516 2013 ἐθαυματούργει,
1532 1975 1569 2007 ὡς
1585 1975 1712 2009 εὑρήσεις
1726 1971 1852 2007 φανερώ-

1061 2035 1140 2062 τερον
1156 2027 1185 2052 ὲν
1202 2025 1242 2060 τῷ
1255 2024 1372 2060 Μάρκῳ.

1099 2119 1153 2144 Καὶ
1167 2132 1200 2137 -—-
1214 2117 1416 2150 ἐθεράπευσεν
1426 2116 1546 2147 αὐτούς.
1559 2115 1635 2142 Μετὰ
1646 2115 1685 2146 τὸ,
1701 2115 1853 2146 ποικίλαις

1063 2165 1165 2195 νόσοις
1178 2183 1184 2193 ,
1206 2162 1327 2188 στικτέον
1345 2161 1462 2188 τελείαν.
1481 2161 1617 2191 Βασάνους
1640 2160 1668 2186 δὲ
1692 2160 1783 2193 λέγει,
1802 2159 1852 2191 τὰς

1063 2209 1116 2234 ἀπὸ
1141 2208 1193 2233 τῶν
1218 2208 1303 2233 νόσων
1338 2207 1445 2238 ὀδύνας.
1470 2207 1498 2233 '0
1516 2207 1544 2233 δὲ
1567 2206 1746 2242 σεληνιασμὸς
1767 2205 1853 2236 πάθος

222 2247 365 2275 affectione
378 2254 568 2284 corruptorum
593 2251 750 2278 humerum.
763 2252 832 2284 Quia
859 2253 932 2278 enim
947 2253 1008 2279 luna

1065 2255 1137 2280 ἐστὶν
1161 2254 1215 2280 ἀπὺ
1238 2253 1396 2288 σεσηπότων
1420 2253 1515 2288 χυμῶν
1538 2253 1743 2287 συνιστάμενος.
1775 2251 1853 2278 Ἐπεὶ

222 2300 284 2319 cum
302 2293 334 2320 ad
362 2294 473 2328 plenum
498 2296 589 2323 lumen
605 2297 757 2329 devenerit,
777 2303 902 2324 naturam
930 2299 1011 2326 habet

224 2345 272 2372 per
287 2338 459 2372 splendorem
487 2349 567 2368 suum
593 2343 765 2369 attractivam
791 2343 949 2377 humorum,
964 2344 1010 2378 qui

223 2383 251 2409 in
266 2385 425 2419 corporibus
440 2391 515 2419 sunt,
531 2388 560 2414 iit
575 2392 604 2415 ut
624 2388 649 2414 hi
666 2394 731 2415 tunc
755 2389 909 2416 turbentur.
945 2390 1012 2418 Fre-

222 2437 310 2464 quens
324 2431 424 2459 etenim
448 2440 480 2459 ac
502 2441 602 2468 pravus
623 2441 706 2468 vapor
724 2435 757 2461 ab
782 2435 848 2469 ipsis
877 2436 1011 2469 elevatus,

223 2477 365 2504 cerebrum
386 2478 508 2512 dilaniat,
525 2479 720 2514 hominemque
730 2485 893 2516 contorquet
910 2490 917 2514 ;
934 2490 1010 2510 eum-

224 2530 278 2557 que
302 2524 360 2551 hmc
384 2533 398 2552 a
428 2525 491 2552 luna
520 2526 668 2560 patiantur,
691 2526 802 2554 lunatici
827 2529 1009 2562 appellantur.

224 2568 324 2596 Verum
343 2579 392 2597 cur
405 2579 420 2598 a
437 2572 513 2599 nullo
543 2572 640 2600 horum
663 2573 819 2608 priusquam
837 2579 956 2606 curaret,
976 2575 1010 2602 de

225 2614 276 2643 ﬁde
288 2617 439 2651 requisivit,
459 2618 690 2653 quemadmodum
707 2624 799 2654 postea
831 2621 897 2648 fecit
920 2629 934 2648 a
951 2621 1011 2655 plu-

280 2695 303 2711 ⁷⁸
319 2695 403 2724 Marc.
421 2705 440 2730 1,
460 2697 503 2725 ιι.
540 2698 563 2714 ⁷⁹
579 2695 650 2726 Ibid.
667 2698 702 2725 28
756 2698 779 2714 ⁸⁰
797 2699 861 2727 Luc.
878 2708 915 2732 tv,
927 2700 972 2726 57.

1062 2300 1116 2334 γὰρ
1131 2299 1187 2335 (l7)
1202 2300 1218 2334 ἡ
1235 2299 1345 2334 σελήνη,
1359 2299 1515 2333 πλησιφαὴς
1529 2298 1671 2332 γινομένη,
1689 2297 1770 2331 φύσιν
1782 2296 1853 2331 ἔχει,

1061 2345 1106 2372 διὰ
1121 2347 1170 2380 τῆς
1190 2345 1295 2371 ἐκεῖθεν
1314 2345 1493 2380 πεμπομένης
1509 2344 1596 2379 αὐγῇς
1613 2344 1741 2377 ἀνασχεῖν
1757 2343 1804 2374 τὰς
1823 2344 1853 2368 ἐν

1063 2393 1118 2423 τοῖς
1148 2390 1271 2426 σώμασιν
1300 2391 1463 2427 ὑγρότητας,
1490 2390 1672 2426 ταράσσονται
1699 2387 1854 2424 τηνικαῦτα

1063 2437 1112 2464 καὶ
1133 2434 1217 2470 οὗτοι,
1240 2438 1287 2464 καὶ
1312 2437 1405 2464 λοιπὸν
1423 2437 1453 2469 ἐξ
1471 2437 1561 2463 αὐτῶν
1579 2435 1664 2470 ἀτμὸς
1686 2435 1786 2469 δριμὺς
1803 2434 1853 2460 καὶ

1063 2483 1181 2519 πονηρὸς
1204 2483 1418 2519 ἀναφερόμενος,
1443 2482 1597 2518 σπαράσσει
1621 2482 1667 2508 τὸν
1688 2480 1852 2515 ἐγκέφαλον,

1064 2531 1112 2557 καὶ
1120 2530 1276 2564 διαστρέφει
1286 2529 1332 2556 τὸν
1343 2529 1496 2564 ἄνθρωπον.
1510 2529 1582 2556 Διότι
1593 2529 1620 2555 δὲ
1634 2528 1720 2555 ταῦτα
1731 2527 1854 2562 πάσχου-

1067 2585 1108 2602 σιν
1125 2576 1176 2602 ὑπὺ
1191 2575 1317 2610 σελήνης,
1331 2575 1439 2609 λέγεται
1451 2575 1641 2610 σεληνιασμός.
1656 2574 1732 2600 Διατί
1744 2573 1772 2599 δὲ
1785 2572 1853 2607 παρ’

1065 2621 1171 2652 οὐδενὸς
1192 2622 1296 2648 τούτων
1319 2620 1372 2656 πρὸ
1389 2621 1438 2655 τῆς
1459 2620 1606 2656 θεραπείας
1628 2620 1678 2647 οὐκ
1697 2618 1852 2653 ἐπεζήτησε

819 2777 918 2808 Varia:
933 2776 1086 2808 lectiones
1107 2781 1138 2807 et
1160 2779 1255 2807 notae.

229 2886 239 2911 ι
264 2848 319 2887 (l6)
335 2847 455 2881 Quatuor
477 2850 564 2884 priora
581 2850 708 2877 \ocabula
732 2858 783 2876 non
801 2850 922 2884 agnoscit
936 2849 1007 2876 lleu—

241 2890 328 2911 emus.

241 2890 328 2912 cuius.

1096 2848 1152 2884 (I7)
1167 2849 1200 2875 Δέ
1215 2857 1263 2884 pro
1276 2849 1330 2885 γάρ
1346 2849 1379 2875 Α.
