1925 3070
54 190 107 224 189

497 193 693 226 COMMENT.
713 195 757 227 IN
777 197 1016 229 MATTH/EUM.
1036 211 1069 217 -
1089 199 1169 230 CAP.
1185 200 1220 231 V.

1625 203 1676 238 190

51 250 154 282 πίστιν,
169 249 208 282 ὡς
225 250 302 286 παρὰ
312 250 420 278 πολλῶν
435 251 522 279 ἄλλων
535 253 666 289 ὕστερονς
679 254 750 281 Διότι
764 254 840 282 οὔπω

892 256 968 284 ribus
983 256 1077 290 ?Quia
1093 259 1213 286 nondum
1232 258 1404 287 manifestam
1421 268 1476 288 sua!
1488 263 1616 296 potentiae
1631 263 1679 292 de-

55 296 105 330 τῆς
138 296 237 323 ἑαυτοῦ
272 296 415 332 δυνάμεως
443 298 582 331 ἀπόδειξιν
602 301 676 336 σαφῆ
710 301 836 329 δέδωκεν.

53 342 158 372 Ἀλλως
169 343 225 377 (18)
236 351 266 369 τε
277 342 317 375 δὲ,
329 343 396 370 αὐτὸ
404 344 491 375 τοῦτο,
503 345 533 372 τὺ
545 346 685 382 προσιέναι
697 347 744 375 καὶ
753 356 839 374 ποοσ-

51 389 140 423 άγειν,
155 389 186 416 οὗ
201 391 251 424 τῆς
264 390 400 425 τυχούσης
413 390 531 423 πίστεως
547 391 593 427 ἦν.

85 435 142 461 Kal
155 435 415 468 ἠκολούθησαν-
429 436 524 470 πέραν
535 437 588 464 τοῦ
610 438 769 472 Ἰορδάνου.
784 439 839 466 Καὶ

51 477 102 504 ἐιτώ
117 479 167 505 τοῦ
183 479 267 505 τόπου
287 479 398 515 δηλαδὴ,
415 480 462 507 τοῦ
477 482 563 517 πέραν
577 482 625 510 τοῦ
640 483 784 519 Ἰορδάνου.

192 569 271 596 ΚΕΦ.
288 569 319 597 Ε.
337 571 406 606 Περὶ
419 571 479 598 τῶν
488 573 695 608 μακαρίσμῶν.

83 612 164 639 Ἰδὼν
177 627 210 633 -
223 613 302 647 ὄρος.
320 614 325 649 |
339 615 386 646 Εἰς
399 615 454 650 (19)
469 616 532 651 ὅρος
543 618 645 649 ἀναϐὰς
656 618 762 650 ἐξέθετο
776 620 839 651 τοὺς

51 659 246 692 μακαρισμοὺς
269 659 283 685 ὁ
310 659 423 695 Κύριος.
447 661 581 688 διδάσκων
609 664 767 696 κάντεῦθεν,
796 666 838 692 ὅτι

49 703 101 738 χρὴ
125 704 172 730 τὸν
197 704 374 740 μακαρισμοῦ
399 707 491 741 τυχεῖν
517 708 660 742 ἐφιέμενον
685 709 838 745 ἀποστῆναι

49 751 104 776 τῶν
138 751 328 787 χαμαιζήλων,
365 753 414 780 καὶ
443 753 512 788 πρὸς
541 754 576 780 τὰ
606 754 761 791 ὑψηλότερα
790 765 838 791 με-

47 797 254 833 τεωριτθῆναι.]

83 843 181 878 Ἀνέϐη
201 843 229 869 δὲ
252 842 309 879 (20)
334 845 374 876 εἰς
397 844 427 871 τὸ
443 845 506 880 ὅρος
520 846 550 873 τὸ
569 846 694 882 πλησίον,
714 847 772 882 ἅμα
788 849 838 884 μὲν

50 888 183 915 ἐκκλίνων
204 890 265 921 τοὺς
285 891 314 916 ὲν
329 891 404 926 μέσῳ
426 891 569 926 Θορύϐους,
587 893 645 927 ἅμα
660 893 688 919 δὲ
703 894 750 919 καὶ
767 894 835 920 ἁπε-

891 301 1116 328 monstrationem
1139 303 1250 330 dederat
1267 312 1273 330 :
1293 304 1400 338 alioque
1424 306 1505 333 modo
1526 306 1598 334 idem
1613 315 1679 343 pro-

890 346 990 373 ducere
1007 351 1034 374 et
1047 347 1177 376 adhibere
1197 353 1312 383 poterat,
1330 350 1381 378 tlde
1407 351 1490 378 etiam
1515 360 1569 379 nou
1598 361 1679 381 acce-

891 391 982 419 dente.

931 439 1008 468 Vers.
1037 440 1082 467 25.
1110 440 1145 467 Et
1171 446 1265 468 secuta:
1284 456 1318 462 —
1336 447 1410 469 trum
1437 443 1580 475 Iordanem
1608 447 1676 474 sitis.

890 487 981 522 Πέραν
995 485 1041 512 τοῦ
1054 485 1199 521 Ἰορδάνου,
1210 486 1291 513 etiam
1312 487 1437 516 videlicet
1450 497 1466 516 a
1483 491 1592 526 regione
1616 500 1680 528 qua?

889 533 940 561 sita
958 537 1016 560 erat
1027 537 1102 560 trans
1115 531 1272 560 Iordanem.

1057 578 1133 606 CAP.
1152 579 1182 606 V.
1202 579 1240 606 De
1254 580 1472 609 beatitudinibus.

924 626 991 661 Cap.
1006 624 1040 657 ν,
1058 632 1131 652 vers.
1153 625 1178 652 l.
1196 625 1260 653 Cum
1281 627 1384 654 vidisset
1400 642 1435 647 -——
1453 633 1577 656 montem.
1603 628 1623 663 -ι-
1647 628 1679 656 1η
1732 661 1738 666 ,

890 677 982 699 monte
1006 671 1188 698 beatitudines
1216 673 1341 706 exposuit
1370 673 1510 706 Dominus,
1527 675 1627 701 docens
1643 683 1676 702 ex

889 718 942 745 hoc
960 720 1086 752 oportere
1106 715 1262 750 cupientem
1286 718 1419 753 attingere
1438 719 1645 753 beatitudinem,
1661 728 1677 748 α

889 763 1026 798 depressis
1058 762 1132 789 humi
1168 763 1250 790 rebus
1278 764 1411 797 abstrahi,
1438 770 1466 793 et
1491 766 1528 793 ad
1553 767 1677 794 sublimia

889 809 999 836 elevari.

925 855 954 881 ln
977 858 1097 881 montem
1126 854 1279 889 proximum
1303 855 1438 886 ascendit,
1461 856 1541 883 simul
1566 856 1676 891 quidem

889 901 1029 932 tumultus,
1047 901 1094 935 qui
1108 900 1135 927 in
1150 901 1204 927 imo
1215 905 1293 928 erant
1314 901 1455 928 declinans
1472 910 1479 934 ;
1498 902 1578 928 simul
1594 902 1676 930 etiam

49 933 200 967 ρίσπαστον
217 934 266 969 τὴν
282 935 458 962 διδασκαλίαν
474 937 643 972 ποιήσασθαι
661 938 834 973 βουλόμενος.

887 947 989 981 absque
1009 946 1062 973 ulla
1089 946 1266 973 distractione
1290 947 1390 974 docere
1416 947 1541 982 cupiens.
1568 947 1676 976 Transit

48 979 158 1014 Μετέϐη
178 981 233 1015 γὰρ
253 981 307 1006 ἀπὸ
323 981 372 1015 τῆς
390 981 539 1016 Θεραπείας
558 982 611 1008 τῶν
632 984 767 1017 σωμάτων
787 984 834 1010 ἐπὶ

46 1025 96 1059 τὴν
111 1026 234 1059 ἰατρείαν
247 1025 302 1052 τῶν
315 1025 418 1061 ψυχῶν.
435 1027 513 1054 Οὕτω
525 1028 580 1063 γὰρ
594 1029 638 1055 ἀεὶ
655 1029 738 1056 ποιῶν
750 1030 835 1056 διετέ-

49 1073 105 1107 λει,
122 1075 296 1109 μεταϐαίνων
310 1075 357 1103 ἀπ’
371 1075 479 1111 ἐκείνης
493 1076 540 1102 ἐπὶ
556 1075 674 1112 ταύτην,
693 1078 741 1103 καὶ
755 1077 834 1109 αὖθις

45 1121 100 1148 ἀπὺ
116 1121 220 1156 ταύτης
235 1121 278 1147 ἐπ’
295 1121 416 1156 ἐκείνην,
434 1122 482 1149 καὶ
502 1122 630 1158 ποικίλην
646 1124 834 1159 παρεχόμενος

45 1170 96 1203 τὴν
114 1168 258 1202 ὠφέλειαν.

81 1214 137 1240 Kal
155 1214 336 1247 καθίσαντος
354 1229 389 1234 -
405 1214 510 1242 αὐτοῦ.
532 1215 701 1250 Συνανῆλθον
720 1215 770 1250 μὲν
786 1215 834 1241 καὶ

44 1260 69 1285 oi
86 1260 173 1294 ὄχλοι,
196 1259 349 1295 προσῆλθον
365 1260 393 1286 δὲ
409 1261 434 1287 οι
459 1260 590 1296 μαθηταὶ,
606 1261 644 1293 ὡς
667 1261 833 1296 οἰκειότερον

44 1305 122 1340 αὖτῷ
151 1305 339 1341 διακείμενοι,
369 1306 492 1338 θέλοντες
519 1306 678 1342 διδαχθῆναί
708 1315 734 1334 τι
766 1307 833 1342 παρ’

44 1351 129 1380 αὑτοῦ
134 1371 141 1379 .

78 1398 135 1424 Καὶ
148 1397 276 1431 ἀνοίξας
293 1399 496 1426 -ἐδίόασκεν
506 1399 627 1431 αὐτούς.
647 1399 725 1430 Τίνος
738 1400 832 1426 ἕνεκεν

43 1442 133 1476 εἶπεν,
147 1445 190 1470 ὅτι
218 1445 266 1471 καὶ
294 1445 403 1477 ἀνοίξας
416 1445 446 1472 τὸ
462 1445 550 1480 στόμα
575 1444 677 1478 αὺτοῦ;
691 1444 764 1472 Διότι
776 1445 832 1480 [καὶ

44 1491 83 1526 μὴ
101 1491 219 1524 ἀνοίγων
233 1491 300 1517 αὐτὸ
314 1491 452 1518 ἐδίδασκεν
467 1492 576 1523 αὐτοὺς,
593 1491 639 1526 ἀφ’
651 1489 832 1527 ὦνζῑπραττε.

43 1537 118 1570 "pb;
137 1536 188 1572 μὲν
202 1535 249 1564 οὖν
263 1537 326 1568 τοὺς
345 1537 472 1572 μαθητὰς
487 1537 626 1564 ἀποτείνει
648 1538 712 1569 τοὺς
723 1538 830 1571 λόγους,

43 1582 90 1608 ἴνα
118 1582 276 1617 ἀνεπαχθὴς
298 1582 360 1618 δόξῃ
380 1584 437 1614 τοῖς
452 1583 553 1618 ὄχλοις,
572 1583 678 1615 κοινοὺς
689 1584 718 1610 δὲ
731 1584 831 1616 αὐτοὺς

42 1628 166 1654 ποιεῖται
186 1627 253 1661 πρὸς
280 1628 384 1659 πάντας
398 1628 562 1664 ἀνθρώπους
582 1630 629 1656 καὶ
655 1628 829 1660 καθολικούς.

76 1673 182 1707 Λέγων
199 1687 233 1693 -
255 1673 403 1707 οὐρανῶν.
427 1675 485 1702 Οὐκ
509 1673 597 1707 εἶπεν,
622 1676 646 1701 οἱ
659 1675 762 1710 πτωχοὶ
773 1675 831 1706 τοῖς

41 1720 97 1754 χρή
104 1728 198 1754 μασιν,
209 1719 266 1745 ἀλλ’
279 1721 302 1745 οι
312 1721 414 1755 πτωχοὶ
427 1720 464 1755 τῷ
479 1721 630 1755 πνεύματι·
646 1721 787 1747 τουτέστιν
803 1721 829 1747 οι

41 1765 173 1791 ταπεινοὶ
185 1766 220 1800 τῇ
239 1765 294 1800 (21)
314 1766 474 1801 προαιρέσει
488 1766 534 1792 καὶ
549 1768 582 1801 τῇ
592 1766 675 1801 ψυχῇ,
685 1766 773 1793 ταῦτα
782 1766 830 1793 νῦν

39 1809 157 1845 πνεῦμα
180 1810 328 1845 ὀνομάσας.
341 1811 379 1837 Οὐ
398 1812 453 1846 γὰρ
467 1812 482 1838 ὁ
496 1813 529 1838 ἐκ
554 1812 742 1847 περιστάσεὼς
756 1821 830 1844 τινος

39 1857 184 1889 ταπεινὸς,
214 1854 291 1889 οὗτος
307 1858 487 1893 μακαριστὸς,
501 1859 570 1885 διότι
583 1858 662 1886 οὐδὲν
677 1859 730 1885 τῶν
744 1860 831 1894 ampo-

40 1903 164 1938 αιρὲτων
190 1903 371 1938 μακαριστόν.
399 1904 477 1931 Πᾶσα
501 1904 555 1939 γὰρ
568 1904 653 1939 ἀρετὴ
663 1904 702 1939 τῷ
714 1905 830 1939 ἑκουσίῳ

40 1949 288 1984 χαρακτηρίζεται.
315 1949 426 1984 Πτωχδν
439 1949 467 1975 δὲ
491 1949 620 1980 ἐνταῦθα,
642 1951 688 1976 τὸν
701 1950 830 1976 ταπεινὸν

40 1995 174 2021 ἐκάλεσεν
191 1994 246 2021 ἀπὸ
262 1995 308 2021 τοῦ
333 1995 562 2030 κατεπτηχέναι,
581 1996 595 2021 ὃ
613 1996 673 2022 ὲστι
699 1997 830 2031 πεφοϐῆ-

40 2041 122 2066 σθαι.
144 2038 174 2065 Ὀ
189 2039 243 2073 γὰρ
261 2039 450 2073 ταπεινόφρων
470 2040 514 2066 ἀεὶ
544 2039 667 2073 φοϐεῖται
685 2040 730 2066 τὸν
752 2040 828 2071 Θεὸν,

41 2084 77 2114 ὼς
95 2083 236 2118 μηδέποτε
262 2084 451 2119 εὐαρεστήσας
464 2084 549 2118 αὐτῷ.
570 2085 669 2112 Σκόπει
685 2086 723 2117 δὲ,
739 2087 830 2112 ὁποῖον

40 2130 171 2164 θεμέλιον
189 2131 239 2164 τῆς
265 2129 442 2162 διδασκαλίας
456 2130 630 2158 κατεϐάλετο.
651 2132 728 2158 Ἐπεὶ
746 2132 828 2166 γὰρὴ

40 2176 257 2211 ὑψηλοφροσύνη
278 2176 324 2202 τόν
337 2185 365 2202 τε
393 2176 519 2204 διάϐολον
540 2177 683 2209 κατέϐαλε,
706 2178 754 2204 καὶ
783 2179 829 2205 τδν

40 2220 262 2255 πρωτόπλαστον
276 2220 413 2252 ἐξέϐαλεν,
423 2221 550 2256 οἰηθέντα
558 2222 624 2248 Θεὸν
636 2221 744 2248 ἔσεσθαι
760 2223 829 2257 μετὰ

886 991 958 1018 enim
976 999 990 1018 a
1007 999 1072 1018 cura
1097 999 1244 1026 corporum
1259 993 1293 1018 ad
1319 999 1412 1020 curam
1427 993 1591 1020 animarum.
1607 993 1674 1021 Nam

884 1038 920 1065 ita
943 1046 1052 1073 semper
1078 1038 1112 1065 ab
1136 1039 1180 1066 illa
1212 1039 1309 1066 transit
1325 1039 1358 1066 ad
1384 1040 1475 1070 istam,
1493 1043 1520 1067 et
1532 1048 1626 1067 rursus
1641 1040 1676 1068 ab

886 1087 936 1113 hac
950 1086 983 1113 ad
1006 1086 1089 1118 illam,
1108 1089 1138 1113 ut
1153 1086 1255 1112 variam
1266 1090 1375 1121 praestet
1390 1086 1544 1114 utilitatem.

918 1171 997 1200 Vers.
1017 1172 1043 1199 Ι.
1059 1170 1176 1207 Cumque
1185 1172 1293 1199 sedisset
1307 1185 1342 1192 —
1355 1171 1448 1206 ipsius.
1461 1171 1547 1199 Simul
1559 1172 1671 1206 quidem

884 1219 970 1246 turbae
994 1218 1188 1250 ascenderunt,
1212 1218 1339 1253 discipuli
1371 1223 1462 1245 autem
1484 1223 1673 1253 accesserunt,

884 1269 1010 1299 tanquam
1025 1263 1186 1291 tamiliarius
1207 1271 1271 1298 erga
1291 1271 1354 1291 eum
1369 1262 1470 1296 allecti,
1490 1267 1517 1290 et
1532 1262 1674 1297 quippiam

884 1310 917 1337 ab
929 1317 962 1337 eo
975 1310 1082 1337 discere
1093 1309 1244 1344 cupientes.

918 1399 997 1426 Vers.
1013 1398 1041 1425 2.
1053 1398 1087 1426 Et
1099 1402 1188 1433 aperto
1200 1412 1236 1417 —
1249 1397 1360 1424 docebat
1375 1404 1428 1424 eos.
1445 1396 1532 1429 Quam
1546 1396 1582 1424 ob
1600 1403 1667 1424 cau-

882 1452 939 1472 sam
955 1444 1030 1475 dicit,
1042 1443 1114 1478 quod
1136 1451 1167 1470 os
1182 1451 1261 1470 suum
1291 1442 1422 1477 aperuit?
1436 1441 1504 1475 Quia
1519 1441 1600 1468 etiam
1615 1449 1671 1468 non

881 1494 976 1524 aperto
987 1497 1034 1516 ore
1045 1489 1160 1518 docebat
1174 1496 1222 1516 eos
1236 1489 1374 1524 operibus.
1387 1488 1428 1516 Ad
1441 1487 1592 1522 discipulos
1608 1489 1671 1522 qui-

881 1536 942 1564 dem
955 1535 1045 1571 dirigit
1063 1542 1230 1566 sermonem,
1245 1542 1280 1562 ne
1295 1534 1381 1562 turbis
1396 1534 1526 1561 molestus
1540 1540 1601 1560 esse
1626 1532 1672 1560 vi-

882 1581 988 1613 deatur,
1005 1580 1189 1614 communiter
1204 1585 1295 1607 tamen
1310 1579 1386 1607 illum
1408 1579 1537 1614 proponit
1559 1578 1593 1605 ad
1609 1578 1672 1605 uni-

857 1625 865 1635 ‘
884 1635 976 1654 versos
987 1633 1019 1653 ac
1031 1625 1151 1661 singulos
1172 1625 1310 1652 homines.

915 1672 992 1700 Vers.
1006 1672 1033 1699 '5.
1049 1671 1143 1698 Dicam
1158 1686 1194 1691 -—
1210 1671 1344 1698 caelorum.
1363 1670 1425 1698 Non
1441 1669 1518 1701 dixit,
1537 1675 1671 1703 pauperes

880 1718 1110 1755 possessionibus,
1123 1718 1170 1746 sed
1184 1717 1317 1752 Pauperea
1329 1717 1434 1749 spiritu,
1449 1717 1501 1744 hoc
1520 1720 1572 1748 est,
1587 1715 1675 1742 humi-

880 1767 917 1794 les
935 1766 1026 1793 animo
1046 1773 1078 1793 ac
1096 1765 1257 1797 voluntate;
1276 1764 1397 1791 animum
1412 1762 1532 1799 namque
1549 1762 1671 1796 πνεῦμα,

880 1812 906 1840 id
924 1816 975 1843 est,
992 1812 1114 1846 spiritum
1138 1811 1299 1838 nominavit.
1314 1809 1407 1845 Neque
1430 1810 1504 1836 enim
1520 1809 1566 1843 qui
1582 1808 1670 1835 infor-

882 1857 960 1884 tunio
977 1858 1073 1892 quovis
1092 1857 1263 1888 humiliatur,
1277 1856 1321 1882 hic
1337 1855 1433 1882 beatus
1450 1857 1501 1886 est,
1522 1854 1583 1888 quia
1601 1853 1671 1880 nihil

880 1903 952 1937 quod
982 1902 1193 1930 involuntarium
1225 1905 1276 1933 est,
1294 1900 1444 1928 beatificat.
1472 1899 1567 1926 Omnis
1596 1897 1669 1925 enim

879 1948 965 1975 virtus
979 1947 1062 1982 perid
1090 1947 1161 1982 quod
1183 1945 1365 1974 voluntarium
1380 1949 1432 1978 est,
1444 1944 1609 1979 imprimitur
1619 1943 1672 1978 (ᾔ),

879 1993 1028 2028 Pauperem
1040 1998 1130 2020 autem
1154 1993 1200 2019 hic
1221 1992 1329 2019 vocavit
1352 1990 1444 2018 animo
1468 1989 1611 2022 humilem,
1640 1993 1671 2016 ut

879 2040 995 2074 πτωχδς,
1011 2039 1038 2066 id
1054 2043 1105 2071 est,
1120 2046 1234 2073 pauper.
1250 2039 1357 2066 dicatur
1382 2036 1437 2064 ἀπὸ
1453 2036 1498 2063 τοῦ
1526 2043 1668 2069 πατεπτη-

879 2087 965 2122 χέναι,
981 2087 1053 2121 quod
1071 2090 1112 2113 est
1125 2087 1241 2113 timuisse
1261 2086 1319 2113 sive
1340 2085 1461 2111 territum
1489 2091 1551 2110 esse.
1575 2082 1669 2117 Siqui-

878 2131 939 2158 dem
956 2129 1066 2156 humilis
1090 2134 1137 2156 aut
1161 2129 1301 2156 modestus
1319 2128 1422 2160 animo,
1451 2127 1535 2154 Deum
1558 2132 1668 2161 semper

879 2177 966 2208 timut,
983 2181 1111 2210 tanquam
1122 2176 1167 2211 qui
1184 2175 1251 2202 nihil
1267 2182 1385 2209 unquam
1399 2174 1474 2209 juxta
1496 2173 1568 2200 illius
1582 2172 1668 2199 bene-

878 2222 1007 2258 placitum
1030 2221 1177 2256 peregerit.
1207 2220 1356 2249 Considera
1377 2227 1452 2252 vero,
1475 2219 1554 2254 quale
1571 2218 1668 2245 funda-

36 2266 88 2300 τὴν
103 2265 155 2292 τοῦ
171 2265 251 2298 ξύλου
265 2265 376 2300 βρῶσιν,
397 2266 445 2292 καὶ
472 2266 535 2302 ῥίζα
552 2267 596 2293 καὶ
614 2266 688 2301 πηγὴ
703 2267 757 2294 τῶν
776 2275 825 2294 κα-

887 2274 1001 2296 nentum
1010 2269 1141 2296 doctrinae
1152 2276 1208 2295 sua:
1221 2268 1386 2295 substernat.
1395 2266 1464 2299 Quia
1479 2266 1552 2293 enim
1573 2273 1670 2299 super-

37 2311 96 2337 κῶν
109 2311 242 2337 ἁπάντων
257 2311 370 2345 γέγονεν
383 2310 465 2346 αὕτη,
488 2311 635 2339 ἀντίπαλον
655 2313 723 2347 αὐτῇ
742 2321 826 2338 κατα-

38 2357 175 2388 σκευάζει
192 2357 348 2393 φάρμακον,
358 2359 408 2394 τὴν
420 2357 682 2393 ταπεινοφροσύνην,
694 2359 740 2385 καὶ
749 2359 828 2394 ῥίζαν

34 2404 145 2438 ταύτην
173 2404 220 2430 καὶ
248 2405 369 2439 κρηπῖδα
393 2404 448 2431 τῶν
477 2405 583 2440 ἀρετῶν
595 2405 765 2440 ὑποτίθησιν,
794 2402 829 2440 ἧς

39 2449 270 2486 ὑποσπαςθείσης
288 2452 395 2477 ἅπαντα
408 2451 502 2483 τᾶλλα,
514 2451 562 2477 καὶ
580 2451 605 2476 εἰ
622 2450 703 2486 μέχρι
720 2450 767 2477 τοῦ
781 2451 828 2477 οὐ-

38 2495 124 2530 ρανοῦ
139 2495 297 2529 φθάνουσιν,
321 2495 506 2531 ὖποσύρονται
524 2495 571 2522 καὶ
597 2496 826 2528 καταπίπτουσιν,

35 2541 75 2571 ὡς
88 2541 139 2567 ἔπί
152 2540 199 2567 τοῦ
214 2542 376 2576 Φαρισαίου.

880 2315 924 2342 bia
945 2315 1082 2342 diabolum
1101 2314 1202 2349 dejecit
1215 2323 1222 2347 ;
1237 2322 1269 2341 ac
1293 2312 1502 2347 protoplastum,
1519 2315 1666 2346 putantem

881 2362 953 2397 quod
984 2366 1126 2397 postquam
1142 2362 1175 2389 de
1193 2361 1265 2397 ligno
1289 2361 1464 2391 comedisset,
1483 2358 1555 2386 Deus
1577 2357 1666 2390 ﬂeret,

881 2407 1010 2437 continuo
1023 2408 1168 2442 prostravit
1181 2415 1188 2440 ;
1207 2407 1336 2441 radixque
1349 2410 1377 2432 et
1388 2405 1448 2432 fons
1460 2404 1582 2431 omnium
1596 2402 1668 2429 facta

881 2458 922 2480 cst
942 2453 1073 2480 malorum
1092 2462 1100 2486 ;
1121 2452 1289 2480 contrarium
1314 2451 1366 2486 ipsi
1387 2453 1522 2485 prazparat
1538 2449 1666 2484 pharmar

879 2505 954 2531 cum,
979 2498 1062 2525 animi
1084 2497 1212 2525 videlicet
1233 2497 1403 2528 modestiam,
1418 2500 1445 2523 et
1459 2495 1529 2522 hanc
1547 2493 1668 2521 radicem

879 2551 912 2571 ac
925 2544 1130 2571 fundamentum
1146 2543 1420 2570 substruitvirtutum
1438 2550 1445 2574 ;
1467 2549 1521 2575 quo
1546 2539 1665 2574 deiecto,

36 2588 145 2623 reliqua
159 2587 250 2615 omnia
259 2589 346 2616 etiam
363 2589 386 2616 si
399 2589 432 2616 ad
448 2589 547 2617 calum
572 2595 657 2623 usque
672 2588 836 2623 pertingant,
873 2589 1054 2618 detrahuntur
1066 2597 1098 2617 ac
1109 2589 1248 2623 decidunt,
1266 2588 1494 2625 quemadmodum
1521 2587 1549 2614 in
1572 2585 1667 2614 Phari-

38 2643 95 2664 εωο
113 2641 255 2664 ostensum
272 2641 324 2664 εει.

615 2705 715 2736 Varias
736 2704 887 2736 lectiones
908 2708 938 2736 et
958 2708 1052 2736 noue.

76 2777 135 2813 (I8)
149 2777 177 2806 In
191 2779 233 2806 bis
249 2787 361 2814 prorsus
377 2780 504 2808 abhorret
520 2780 608 2809 versio
624 2779 762 2809 lientenii.

77 2814 135 2849 (l9)
149 2814 255 2842 Inclusa
270 2816 296 2843 in
313 2817 434 2852 margine
449 2816 531 2844 habet
542 2819 576 2844 Α.

928 2779 972 2812 20)
987 2779 1021 2806 Δέ
1040 2779 1117 2807 abest
1128 2779 1160 2806 Α.

929 2815 974 2850 2!)
990 2816 1029 2851 Τῇ
1043 2815 1115 2850 ψυχῇ
1136 2814 1183 2840 καὶ
1198 2815 1231 2849 τῇ
1247 2812 1404 2849 προαιρέσει
1413 2813 1446 2842 Δ.

77 2893 124 2932 ([0
142 2892 318 2930 Imprimitur.
345 2894 481 2929 Noscilur,
501 2895 631 2931 signatur.
654 2894 883 2930 Χαρακτηρξζειν,
900 2898 990 2922 notum
1003 2894 1039 2921 rei
1052 2892 1210 2928 imprimere,
1226 2894 1341 2929 signare.
