1925 3070
258 100 310 133 195

877 99 1070 130 EUTHYMII
1092 98 1272 131 ZIGABENI
1295 117 1298 120 λ

1842 91 1896 124 196

255 155 542 197 mosynam‘assecuti,
569 154 642 182 cinca
669 155 825 190 Voluptates
850 154 950 182 devicti
969 159 1044 181 sunt.

1113 156 1164 182 ιότι
1193 156 1287 182 πολλοὶ
1316 155 1492 189 δικαιοσύνην
1515 154 1562 181 καὶ
1588 151 1776 188 ἐλεημοσύνην
1789 158 1897 185 κατορ-

256 201 382 229 Ostendit
393 198 485 235 itaque
500 200 572 228 solas
587 200 648 228 illas
665 207 720 227 non
735 199 860 227 suiﬁcere
884 200 1011 226 virtutes.

290 288 310 323 ἰ-
327 288 420 316 Mundi
434 288 518 316 corde
547 293 622 321 sunt,
644 289 690 323 qui
718 289 891 316 continenter
917 288 1046 323 degunt;

256 334 319 361 Sine
331 335 491 361 continentia
506 339 591 361 autem
604 342 678 361 nemo
695 334 790 360 uidebit
808 333 888 360 Deum
898 333 932 360 ⁸⁸.
944 333 1049 366 Quem-

256 383 402 410 admodum
427 384 501 410 enim
527 383 668 418 speculum
710 383 733 409 si
770 390 868 417 partim
902 382 948 415 sit,
977 382 1047 417 ﬁgu-

257 435 300 455 ras
318 428 417 463 recipit
434 438 439 455 :
457 429 492 455 ita
513 432 540 455 et
557 428 648 454 anima
667 435 735 462 pura
753 427 799 455 Dei
816 428 931 462 suscipit
962 428 1046 456 visio-

259 481 335 500 uem.
969 496 972 497 ν

294 518 372 545 Vers.
394 518 439 545 10.
459 517 538 545 Beati
562 531 593 538 -
611 518 784 545 vocabuntur.
803 518 855 551 Qui
881 525 935 545 non
960 518 1048 546 solum

258 564 311 598 ipsi
337 564 487 590 seditiones
501 571 556 590 non
575 569 697 597 movent,
715 565 763 592 sed
778 569 806 591 et
824 565 892 593 alios
905 570 1048 592 moventes

257 609 292 636 ad
322 616 415 644 pacem
437 609 583 640 reducunt,
609 609 656 636 ﬁlii
672 610 719 637 Dei
752 611 933 642 vocabuntur,
954 615 1048 646 utpote

259 655 357 681 Filium
391 654 451 688 ejus
469 654 638 689 unigenitum
665 655 806 683 imitantes
832 665 840 683 :
870 657 950 691 cujus
978 665 1049 691 opus

259 699 310 726 fuit
327 699 486 726 dissidentia
506 700 532 726 in
550 708 635 727 unum
653 701 795 734 reducere,
814 709 846 729 ac
861 702 985 729 inimicos
1005 709 1048 729 re-

258 745 415 772 conciliare.
449 745 508 772 Erit
526 746 649 780 prol‘ecto
677 747 759 774 etiam
785 747 881 774 beatus
907 748 1049 782 paciﬁcus,

259 792 310 819 hoc
324 796 376 824 est,
389 792 417 818 in
428 799 496 827 pace
519 800 631 819 servans
645 793 812 820 voluntatem
826 794 941 828 propria).
958 793 1049 821 carnis

1102 202 1225 234 θοῦντες.
1242 202 1377 237 ἡττῶνται
1393 202 1442 236 τῆς
1475 200 1654 236 ἡδυπαθείας,
1673 200 1720 225 καὶ
1736 198 1894 226 δείκνυσιν,

1100 248 1142 274 ὅτι
1156 248 1206 274 οὐκ
1221 247 1352 283 ἀρκοῦσιν
1369 248 1474 274 ἐκεῖναι
1493 246 1574 280 μόναι
1591 246 1619 272 αἱ
1639 244 1747 280 ἀρεταί.

1137 294 1261 329 Καθαροὶ
1291 293 1346 328 ('50)
1365 294 1398 328 τῇ
1416 293 1516 329 καρδίᾳ
1536 293 1606 318 εἰσὶν
1625 291 1650 318 οἱ
1665 291 1816 325 σώφρονες.
1838 288 1898 315 Τοῦ

1099 339 1250 374 ἀτιασμοῦ
1264 339 1328 374 γὰρ,
1342 339 1400 375 Ιἢτοι
1414 338 1464 373 τῆς
1480 337 1659 372 σωφροσύνης
1676 335 1775 370 χωρὶς,
1791 333 1898 365 οὐδεὶς

1100 385 1208 419 ὄψεται
1234 385 1289 411 τὸν
1314 386 1435 418 Κύριον.
1466 384 1571 418 Ὥσπερ
1603 384 1657 417 γὰρ
1676 382 1706 408 τὺ
1725 381 1896 414 κάτοπτρον,

1100 430 1148 458 ἐὰν
1205 430 1337 464 καθαρὸν,
1361 430 1420 456 τότε
1447 430 1555 464 δέχεται
1573 428 1623 460 τὰς
1651 427 1786 462 ἐμφάσεις
1799 446 1807 458 ,
1822 424 1898 451 οὕτω

1100 477 1149 503 καὶ
1160 477 1176 511 ἡ
1190 477 1298 511 καθαρά
1311 476 1384 511 ψυχὴ
1399 476 1507 510 δέχεται
1522 475 1583 510 ὕψιν
1594 474 1672 501 Θεοῦ.

1135 522 1281 556 Μακάριοι
1295 521 1555 556 -έ-κληθήσονται.
1567 521 1599 546 Οἱ
1611 519 1650 555 μὴ
1667 519 1748 554 μόνον
1760 517 1841 544 αὐτοὶ
1856 516 1897 551 μὴ

1103 569 1307 601 στασιάζοντες,
1325 569 1393 595 ἀλλὰ
1410 568 1458 594 καὶ
1479 567 1590 602 ἐτέρους
1608 565 1804 596 στασιάζοντας
1834 571 1898 588 συν-

1102 614 1215 648 άγοντες
1229 615 1269 645 εις
1285 615 1407 649 εἰρήνην.
1426 613 1486 639 Υἱοὶ
1501 613 1530 639 δὲ
1548 611 1617 638 Θεοῦ
1635 610 1835 644 κληθήσονται,
1858 607 1898 637 ὡς

1104 661 1294 696 μιμησάμενοι
1319 660 1366 686 τὸν
1396 659 1533 695 μονογενῆ
1552 659 1615 685 Υῑὺν
1634 656 1729 688 αὑτοῦ,
1747 652 1897 689 ᾧγέγονεν

1101 707 1194 742 ἔργον,
1211 707 1375 740 συναγαγεῖν
1392 706 1425 732 τὰ
1442 704 1587 737 διεστῶτα,
1603 704 1651 730 καὶ
1678 701 1847 733 καταλλάξαι
1862 699 1898 726 τά

1102 753 1368 787 ὲκπεπολεμωμένα.
1385 752 1434 786 Εἴη
1450 751 1472 777 δ’
1490 751 1523 777 ἂν
1540 749 1787 785 μεμακαρισμένος
1818 746 1898 781 εἰρη-

1102 799 1221 831 νοποιὺς,
1240 799 1288 824 καὶ
1298 799 1312 824 ὁ
1324 797 1486 832 εἰρηνεύσας
1497 797 1527 823 τὸ
1542 797 1650 830 θέλημα
1667 797 1717 830 τῆς
1731 793 1800 825 ἰδίας
1827 800 1896 826 σαρα

259 845 322 866 cum
337 838 479 865 voluntate
495 839 594 865 anima:
609 847 677 872 suae,
693 844 721 866 et
733 843 807 874 quod
821 847 935 874 pravum
953 839 993 875 (ll)
1009 845 1052 867 est

1111 844 1151 876 et;
1171 844 1240 879 μετὰ
1255 843 1301 870 τοῦ
1317 843 1470 878 θελήματος
1484 843 1531 876 τῆς
1548 842 1639 877 ψυχῆς
1653 840 1749 872 αὐτοῦ,
1762 840 1810 866 καὶ
1827 838 1897 864 ὑπο-

260 883 364 910 meliori
373 883 523 917 subjiciens
531 903 538 910 .

292 938 313 972 ’ί-
332 938 389 966 Νοιι
402 940 490 967 solum
505 947 600 975 pacem
615 948 678 967 cum
702 941 832 969 omnibus
850 942 996 974 habentes.
1009 950 1053 970 ve-

261 993 322 1012 rum
341 985 425 1012 etiam
451 986 598 1014 seditiosos
613 991 711 1014 mutuo
727 987 799 1014 inter
811 995 841 1015 se
864 989 1050 1023 paciﬁcanles.

261 1031 395 1058 Dicuntur
410 1036 501 1058 autem
515 1032 634 1066 paciﬁci,
666 1038 694 1059 et
705 1033 752 1067 qui
768 1041 817 1068 per
832 1034 983 1062 doctrinam
998 1035 1052 1061 ini-

260 1077 347 1104 micos
373 1077 407 1104 ad
424 1076 509 1104 Deum
545 1079 620 1112 (mm)
646 1083 836 1106 convertunt:
865 1080 911 1114 qui
932 1080 980 1106 ﬁlii
1005 1080 1052 1107 Dei

260 1122 445 1158 appellantur.
463 1122 532 1150 Nam
552 1127 579 1150 et
593 1123 756 1159 Unigenitus
787 1124 842 1152 Deo
859 1133 910 1152 nos
930 1126 1054 1153 reconei--

261 1168 346 1195 Iiavit.

298 1213 375 1242 Vers.
392 1213 435 1241 10.
450 1213 526 1241 Beati
544 1230 578 1234 —
598 1216 733 1242 caelorum.
774 1215 793 1251 ἦ·
822 1217 945 1252 Regnum
971 1217 1055 1245 caelo-

261 1269 334 1292 rum,
350 1261 394 1287 alii
408 1261 518 1295 quidem
541 1261 647 1293 dicunt,
667 1262 750 1289 vitam
768 1270 849 1297 quam
869 1264 897 1290 in
913 1264 991 1291 caelis
1008 1264 1053 1291 de-

266 1311 332 1342 gunt
346 1315 353 1339 ;
369 1306 413 1333 alii
435 1314 510 1339 vero,
530 1307 662 1341 aequalem
680 1308 783 1343 angelis
797 1309 888 1336 statim
914 1309 940 1336 in
956 1310 1052 1343 ccelis;

262 1352 334 1379 tertii
352 1357 453 1384 autem,
470 1352 590 1386 speciem
602 1353 702 1380 divina:
716 1354 828 1380 visionis
843 1355 910 1389 (un),
924 1363 983 1390 qua:
996 1356 1055 1382 cui-

261 1405 315 1433 que
327 1397 569 1433 rependiturjuxta
582 1398 741 1433 qualitatem
755 1407 787 1426 ac
802 1399 984 1434 quantitatem
997 1409 1054 1429 sua:
1071 1421 1081 1430 .

262 1443 390 1479 iustitiae;
402 1444 490 1479 quarti
510 1451 573 1471 vero
586 1452 698 1480 regnum
711 1446 841 1473 caelorum
858 1446 952 1474 dicunt
965 1455 1055 1474 remu-

264 1490 443 1523 nerationem,
460 1497 519 1525 qum
533 1492 683 1518 secundum
699 1491 819 1519 habitam
837 1493 962 1527 gratiam,
974 1494 1055 1520 datur

263 1536 305 1563 his
314 1537 360 1572 qui
375 1544 408 1564 ex
421 1543 451 1563 se
465 1537 497 1563 ad
511 1536 594 1563 Deum
615 1536 716 1563 bonum
734 1538 867 1565 accedunt
884 1538 949 1573 (oo).
964 1538 1003 1573 -Η-
1015 1538 1055 1567 Ex

264 1583 307 1610 his
321 1587 438 1617 quatuor
451 1581 562 1610 tertium
576 1587 604 1609 et
622 1587 749 1617 quartum
769 1591 882 1619 regnum
905 1585 951 1612 Dei
972 1585 1054 1613 etiam

263 1628 412 1663 appellant.

300 1674 357 1701 Hoc
372 1675 440 1702 dixit
451 1682 486 1703 ne
497 1678 577 1710 putes
592 1674 694 1709 ubique
709 1674 852 1709 pulchram
872 1683 934 1704 esse
946 1683 1054 1711 pacem.

263 1720 402 1748 Justitiam
426 1726 517 1749 autem
535 1720 579 1748 hic
594 1721 784 1748 universaliter
800 1729 910 1749 onmem
927 1723 1056 1749 virtutem

264 1767 428 1795 nominavit.
455 1767 559 1800 Quodsi
575 1767 656 1803 hujus
672 1774 781 1802 quoque
807 1767 908 1803 egregii
927 1768 1057 1795 facinoris

264 1813 406 1848 pnemium
421 1813 514 1848 posuit
530 1821 643 1849 regnum
655 1813 787 1841 caelorum
804 1820 812 1840 :
828 1821 863 1841 ne
881 1813 1057 1848 hisindigne-

265 1860 313 1891 ris,
329 1859 406 1894 quasi
424 1859 564 1894 prtemium
578 1859 696 1887 alienum
714 1860 897 1888 sumentibus.
914 1860 1055 1895 Qanquam

264 1903 338 1930 enim
364 1903 446 1931 varia:
476 1903 604 1931 videntur
623 1909 740 1939 acceptae
769 1904 825 1940 (pp)
852 1905 1056 1938 retributiones,

265 1953 376 1983 propter
392 1949 534 1976 nominum
548 1952 717 1982 varietatem,
734 1958 830 1977 omnes
839 1955 930 1978 tamen
944 1959 1057 1987 regnum

266 1995 400 2023 cutlorum
419 1995 575 2030 designant.
592 1995 731 2030 Siquidem
748 2003 844 2023 omnes
856 1996 902 2030 qui
924 1996 967 2024 his
982 1997 1058 2033 digni

266 2042 407 2069 habentur
436 2042 673 2075 retributionibus,
691 2050 776 2078 regno
789 2050 898 2077 quoque
925 2043 1057 2071 caelorum

266 2087 403 2119 hmmtur,
417 2087 480 2115 ideo
492 2087 574 2114 etiam
585 2095 681 2115 omnes
700 2088 771 2115 beati
786 2088 850 2115 dicti
863 2093 937 2115 sunt.

1103 893 1188 924 τάξας
1204 892 1234 918 τὸ
1249 892 1340 926 χεῖρον
1358 891 1396 926 τῷ
1411 891 1558 924 κρείττονι.

1138 938 1176 964 Οὐ
1192 938 1272 972 μόνον
1287 937 1311 963 oi
1324 936 1511 971 εἰρηνεύοντες
1526 934 1604 962 αὐτοὶ
1612 933 1681 968 πρὸς
1698 932 1813 964 πάντας,
1827 930 1897 957 ἀλλὰ

1103 985 1150 1011 καὶ
1162 985 1185 1010 οἱ
1203 983 1315 1018 ἑτέρους
1329 982 1527 1014 στασιάζοντας
1542 979 1786 1009 καταλλάσσοντες.
1810 977 1897 1012 Εἰρηο

1103 1030 1207 1057 νοτιοιοὶ
1224 1030 1252 1056 δέ
1270 1030 1323 1055 εἰσι
1345 1029 1393 1055 καὶ
1413 1029 1437 1054 oi.
1452 1028 1495 1054 διὰ
1512 1019 1687 1057 διδασκαλίας
1702 1025 1762 1056 τοὺς
1779 1023 1896 1058 ἐχθροὺς

1103 1077 1149 1102 τοῦ
1166 1076 1234 1102 Θεοῦ
1262 1074 1494 1109 ὲπιστρέφοντες⁵
1524 1073 1579 1100 υἱοὶ
1608 1071 1636 1098 δὲ
1664 1070 1731 1097 Θεοῦ
1751 1070 1775 1096 οἱ
1804 1068 1897 1095 τοιοῦ-

1103 1130 1156 1148 τοι.
1172 1121 1227 1147 Καὶ
1244 1121 1299 1155 γὰρ
1312 1120 1359 1146 καὶ
1371 1120 1385 1145 ὁ
1399 1118 1546 1154 μονογενὴς
1572 1116 1740 1152 κατήλλαξεν
1757 1115 1832 1151 ἡμᾶς
1857 1114 1898 1145 τῷ

1103 1166 1173 1202 Θεῷ.

1140 1211 1288 1247 Μακάριοι
1301 1226 1336 1232 -
1347 1210 1494 1246 οὐρανῶν.
1506 1209 1651 1236 Βασιλείαν
1666 1208 1722 1243 (52)
1738 1207 1793 1234 τῶν
1810 1205 1898 1241 οὐρα-

1104 1260 1169 1292 νῶν,
1184 1259 1209 1285 οἱ
1228 1259 1278 1294 μὲν
1290 1258 1400 1293 λέγουσι
1430 1258 1480 1291 τὴν
1497 1257 1524 1283 ὲν
1551 1256 1674 1292 οὐρανοῖς
1697 1253 1846 1288 διαγωγὴν,
1870 1251 1898 1278 οε

1104 1305 1143 1339 δὲ,
1157 1305 1206 1341 τὴν
1220 1305 1363 1339 ἱσάγγελον
1379 1305 1408 1330 ὲν
1430 1303 1558 1338 οὐρανοῖς
1583 1302 1762 1332 κατάστασιν,
1777 1298 1850 1330 οἱδὲ,
1866 1297 1898 1323 τὸ

1105 1349 1178 1383 εἶδος
1188 1351 1237 1387 τῆς
1250 1350 1345 1385 θεῑκῆς
1360 1349 1529 1385 ὡραιότητος
1558 1347 1613 1375 τῶν
1641 1346 1816 1382 φορεσάντων
1845 1343 1897 1378 τὴν

1106 1399 1198 1426 εἰκόνα
1232 1399 1280 1426 τοῦ
1310 1398 1475 1433 ἐπουρανίου
1495 1417 1502 1429 ,
1529 1397 1592 1432 ἥτις
1625 1394 1726 1422 δίδοται
1759 1393 1830 1419 κατὰ
1863 1391 1896 1417 τὸ

1107 1447 1182 1473 ποιόν
1195 1454 1225 1472 τσ
1243 1445 1291 1472 καὶ
1304 1446 1386 1472 ποσὸν
1401 1445 1450 1479 τῆς
1459 1445 1488 1470 ὲν
1500 1443 1608 1478 ἑκάστῳ
1617 1439 1801 1474 δικαιοσύνης,
1814 1439 1838 1465 οἱ
1853 1438 1896 1471 δὲ,

1105 1492 1155 1527 τὴν
1171 1491 1242 1518 κατὰ
1257 1493 1338 1526 χάριν
1354 1491 1497 1526 μετάδοσιν
1513 1489 1568 1515 τῶν
1584 1486 1710 1523 φυσικῶς
1724 1485 1781 1521 (55)
1811 1491 1899 1520 προσ·

1106 1538 1191 1564 ὀντων
1209 1537 1247 1572 τῷ
1264 1536 1323 1572 Θεῷ
1341 1536 1451 1570 ἀγαθῶν
1465 1534 1560 1570 ξ(54).,
1576 1533 1636 1560 Τῶν
1651 1532 1792 1567 τεσσάρων
1808 1530 1846 1563 δὲ,
1866 1529 1897 1555 τὸ

1105 1583 1197 1619 τρίτον
1209 1583 1257 1609 καὶ
1269 1582 1300 1608 τὺ
1315 1582 1454 1617 τέταρτον,
1478 1581 1524 1607 καὶ
1541 1577 1681 1614 βασιλείαν
1693 1576 1740 1603 τοῦ
1754 1574 1822 1602 θεοῦ
1848 1575 1894 1601 λέ-

1106 1637 1213 1662 γουσιν.

1143 1674 1229 1701 Τοῦτο
1248 1672 1336 1706 εἶπεν,
1351 1673 1394 1700 ἵνα
1425 1672 1461 1708 μὴ
1475 1671 1601 1707 νομίσῃς,
1619 1671 1660 1697 ὅτι
1692 1667 1828 1705 πανταχοῦ
1846 1677 1898 1694 κα-

1106 1721 1303 1756 λθινήεῑρήνη.
1332 1718 1514 1753 Δικαιοσύνην
1544 1717 1572 1744 δὲ
1605 1716 1663 1749 νῦν,
1693 1715 1749 1752 (35)
1781 1715 1896 1742 καθόλου

1107 1766 1198 1792 πᾶσαν
1225 1763 1327 1800 ἀρετὴν
1356 1763 1510 1796 ὠνόμασεν.
1541 1761 1620 1788 Ἐπεὶ
1632 1761 1660 1788 δὲ
1674 1761 1721 1788 καὶ
1736 1760 1831 1787 τούτου
1849 1760 1896 1786 τοῦ

1107 1811 1321 1846 κατορθώματος
1347 1809 1464 1836 ἔπαθλον
1495 1807 1604 1834 τέθεικε
1620 1808 1669 1844 τὴν
1687 1807 1826 1842 βασιλείαν
1840 1806 1896 1832 τῶν

1107 1856 1240 1892 οὐρανῶν,
1256 1857 1293 1891 μὴ
1314 1855 1484 1890 δυσχεράνῃς
1516 1854 1562 1880 ἐπὶ
1591 1855 1649 1885 τοῖς
1663 1853 1770 1880 ἀλλοῖον
1787 1853 1896 1888 ἔχουσιν

1107 1900 1235 1927 ἔπαθλον.
1253 1900 1284 1926 Εἰ
1301 1899 1355 1935 γὰρ
1369 1899 1416 1926 καὶ
1433 1899 1558 1934 διάφοροι
1574 1898 1700 1925 δοκοῦσιν
1728 1899 1755 1924 αἱ
1770 1899 1896 1933 ῥηθεῖσαι

1108 1948 1235 1982 ἁμοιὸαὶ,
1267 1946 1313 1973 διὰ
1339 1945 1389 1981 τὴν
1415 1945 1564 1980 ἑτερότητα
1589 1945 1643 1971 τῶν
1665 1945 1817 1980 ὀνομάτων,
1837 1943 1897 1971 ἀλλ’

1107 1992 1156 2021 οὖν
1171 1993 1317 2029 πᾶσαιτὴν
1334 1992 1475 2028 βασιλείαν
1489 1992 1543 2019 τῶν
1567 1991 1691 2027 οὐρανῶν
1720 1991 1894 2018 αἰνίττονται.

1109 2041 1213 2073 Πάντες
1226 2041 1279 2076 γὰρ
1293 2041 1317 2067 oi
1334 2040 1437 2067 τούτων
1450 2039 1621 2072 ἀξιωθέντες,
1636 2038 1683 2065 καὶ
1697 2038 1745 2074 τῆς
1758 2037 1897 2072 βασιλείας

1107 2089 1164 2114 τῶν
1178 2088 1301 2122 οὐρανῶν
1314 2086 1482 2113 ἀπολαύουσι
1500 2094 1507 2101 ·
1523 2085 1565 2112 διὸ
1579 2085 1628 2111 καὶ
1645 2084 1746 2115 πάντες
1766 2085 1896 2119 μακάριοι

1109 2133 1320 2168 ὠνομάσθησαν.

302 2177 321 2212 ἰι
351 2177 409 2205 Νοιι
429 2177 487 2212 soli,
502 2183 635 2213 martyres
649 2179 883 2214 (persecutionem
910 2183 1052 2211 sustinent,

1145 2180 1182 2205 Οὐ
1204 2178 1284 2213 μόνον
1300 2177 1357 2212 (56)
1373 2178 1398 2203 oi
1413 2177 1552 2213 μάρτυρες
1584 2177 1740 2210 διώκονται,
1767 2176 1833 2204 ἀλλὰ
1848 2177 1898 2204 καὶ

318 2257 341 2272 επ
355 2257 437 2285 Hebr.
465 2265 516 2290 xu,
532 2257 575 2284 M.

867 2291 967 2322 Variae
992 2292 1145 2324 lectiones
1167 2297 1198 2324 et
1218 2299 1312 2328 uotae.

307 2377 363 2413 (50)
381 2377 418 2405 Ex
430 2377 555 2412 Theoph.
570 2386 597 2413 p.
609 2378 644 2405 26
658 2377 688 2405 E.

306 2414 361 2448 (51)
377 2414 528 2448 Ί“1ιεοριι)ν1.
543 2422 569 2447 p.
586 2414 620 2439 27
635 2413 668 2440 Α.

304 2446 361 2484 (5-2)
379 2446 484 2475 Inclusa
494 2446 589 2476 'codex
609 2453 726 2482 uterque
736 2446 829 2484 habet
845 2447 872 2484 in
888 2448 1019 2482 margine.

305 2482 360 2518 (55)
376 2483 557 2511 Vehementer
578 2484 716 2518 discrepat
736 2482 898 2513 Hentcnius,
918 2484 965 2518 qui
986 2484 1059 2511 haud

270 2519 352 2546 dubie
363 2520 532 2554 προσιόντων
547 2519 622 2554 legit.

311 2599 352 2634 (ll)
368 2597 494 2634 Pretium.
512 2597 646 2634 Deterius.

307 2636 382 2668 (ηιηι)
398 2633 438 2658 Ad
455 2633 547 2659 Deum.
565 2633 623 2659 Dei.

306 2670 361 2704 (nn)
382 2668 498 2701 Speciem
514 2683 549 2688 —
560 2668 674 2695 visionis.
690 2668 836 2704 Imaginem
847 2669 947 2697 divinae
964 2669 1059 2696 formae

271 2711 366 2731 eorum
385 2705 429 2739 qui
443 2703 757 2739 habueruntimaginem
773 2704 902 2732 ccclesiis.
921 2705 986 2732 Siue
1002 2704 1058 2739 ullo

271 2739 354 2767 dubio
367 2737 504 2766 fitallusio
525 2737 580 2765 adi
596 2738 659 2766 Cor.
671 2737 720 2770 ἰν,
744 2739 787 2766 49.
809 2739 892 2774 Igitur
912 2740 1008 2767 dubito
1022 2738 1058 2766 de

272 2774 427 2810 integritate
446 2773 582 2800 lecticaris.
597 2774 650 2800 Aut
676 2775 748 2801 enim
772 2775 940 2809 φορεσόντων
962 2775 1058 2810 legen-

273 2808 349 2844 duni,
364 2814 411 2836 aut
427 2809 487 2837 loco
500 2809 662 2844 ἐπουρανίου
681 2810 871 2845 corrigendum
884 2809 986 2844 χοϊκοῦ.
1000 2808 1058 2837 Sed

557 2867 570 2890 ε

1148 2378 1203 2413 (54)
1218 2378 1259 2405 Ah
1277 2379 1332 2406 τῶν
1349 2380 1383 2407 ad
1398 2379 1524 2413 λέγουσιν
1536 2380 1638 2407 omittit
1652 2379 1811 2408 Henlenius.

1146 2414 1202 2447 (δι)
1221 2414 1291 2445 Νῦν,
1306 2415 1417 2442 omittit.
1433 2417 1465 2441 Α.

1147 2449 1202 2484 (56)
1223 2449 1285 2476 Haec
1300 2450 1326 2477 in
1343 2451 1465 2485 margine
1487 2450 1594 2478 Codicis
1616 2451 1717 2485 reperit
1734 2449 1894 2479 Hentonius.

1111 2484 1162 2512 Mei
1178 2485 1230 2512 hoc
1246 2485 1350 2512 scholio
1361 2484 1466 2513 carent.
1492 2484 1686 2521 'l'heophylacti
1706 2491 1758 2517 est,
1774 2493 1801 2520 p.
1815 2486 1846 2512 27
1865 2486 1894 2514 Β.

1111 2600 1186 2661 ista}:
1207 2599 1313 2629 facilius
1330 2605 1382 2629 est.
1402 2601 1553 2631 Henienius
1579 2604 1638 2632 hzec
1658 2612 1770 2640 prorsus
1784 2611 1894 2639 prseter‘

1111 2643 1172 2661 nus]
1191 2655 1196 2660 .

1111 2643 1196 2662 mlbll.

1147 2670 1200 2705 (oo)
1218 2671 1463 2699 Remuneralionem
1486 2689 1522 2695 —
1544 2674 1681 2702 accedunt.
1706 2675 1895 2702 Communica—

1111 2706 1223 2745 tionem.
1238 2714 1299 2740 qua:
1314 2707 1342 2734 [it
1355 2715 1406 2745 per»
1422 2710 1547 2744 gratiam,
1560 2717 1655 2737 eorum
1678 2710 1820 2742 bonorum,
1836 2719 1894 2745 qlae

1111 2740 1182 2767 Deus
1197 2748 1244 2775 per
1260 2740 1383 2768 naturain
1400 2740 1491 2771 habet.

1144 2775 1199 2810 (pp)
1209 2777 1344 2811 ,Λα-τριω-
1362 2776 1525 2806 Memorem.
