1925 3070
95 115 145 148 197

558 116 754 148 COMMENT.
777 118 816 148 lN
837 118 1073 148 MAT'l‘ll/EUM.
1092 130 1124 136 --
1145 117 1223 147 CAP.
1244 117 1276 147 ν.

1674 117 1724 149 193

92 171 189 197 πολλοὶ
214 170 308 198 ἕνεκεν
335 170 382 197 τοῦ
410 170 517 206 βοηθετν
531 173 586 203 τοῖς
615 173 815 207 ἀδικουμένοις,
839 174 885 199 καὶ

942 173 984 200 sed
1003 173 1112 207 plurimi
1134 179 1241 207 quoque
1256 171 1311 202 alii,
1325 171 1387 205 quia
1402 171 1454 198 illis
1475 178 1538 198 sunt
1554 172 1654 200 auxilio
1676 175 1724 207 qui

91 218 184 251 πάσης
201 217 294 248 ἁπλῶς
308 217 591 252 ἀρετῆς.Δικαιοσύνη
604 219 670 253 γὰρ,
685 220 701 253 ἡ
719 220 792 245 πᾶσα
818 219 882 254 ἀρεο

91 263 137 297 τή.
160 263 237 288 Ἐπεὶ
254 263 301 289 καὶ
317 261 431 288 κλέπται
447 263 495 288 καὶ
509 263 601 296 φονεῖς
617 262 762 289 διώκονται
777 262 835 289 ἀλλ’
854 263 884 289 οὐ

93 309 236 344 μακάριοι.

125 395 274 429 Μακάριοι
288 411 321 416 -—
336 396 443 422 ἕνεκεν
460 396 546 430 ἐμοῦ.
560 396 621 423 "lva.
639 396 695 431 (57)
718 396 755 432 μὴ
781 397 884 423 ὑπολά-

90 443 152 478 6ῃς,
168 444 210 468 ὅτι.
223 442 254 468 τὸ
282 443 375 474 ἁπλῶς
401 445 531 477 πονηροῖς
546 444 650 478 ῥήμασι
667 443 813 478 βάλλεσθαι
830 453 883 477 μα-

89 490 198 524 κάριον.
219 489 265 515 δύο
282 489 437 524 προσέθηκε
451 490 619 524 διορισμοὺς,
632 490 673 522 τὸ,
685 490 774 524 ψευδῆ
793 490 828 516 τὰ
841 490 885 516 λε-

90 537 196 570 γομενα
216 533 297 566 εἶναι,
312 536 359 561 καὶ
375 535 420 561 διὰ
437 535 483 561 τὸν
497 536 616 570 Χριστὸν
641 536 727 563 ταῦτα
742 536 882 569 λέγεσθαι.

89 583 122 608 Εἰ
136 582 192 617 γὰρ
209 581 247 617 μὴ
266 581 353 608 ταῦτα
381 581 468 612 οὕτως
491 582 559 616 ἔχει,
578 582 680 616 μᾶλλον
698 583 791 614 ἄθλιος
805 584 819 608 ὁ
834 590 883 609 κα-

90 628 147 659 κῶς
164 628 281 654 ἁκούων.
300 627 397 654 Τίτῶν
415 627 549 662 (meum
572 627 674 654 τούτων
693 629 883 663 παραινέσεων

93 673 310 708 παραδοξότερον
338 672 437 705 γένοιτ’
455 673 497 703 ἂν,
526 673 591 699 ὅταν
613 674 647 699 τὰ
677 674 743 700 πᾶσι
767 673 882 708 φευκτὰ,

92 720 160 746 πᾶσι
175 718 288 745 ποθεινὰ
303 719 422 753 γίνηται,
441 718 484 744 διὰ
500 719 548 753 τὴν
571 719 625 744 τῶν
652 719 778 745 ἐπάθλων
795 727 884 753 μεγα-

90 765 218 799 λειῆτητα
239 773 246 797 ;
273 764 301 790 '0
315 764 343 790 δὲ
359 765 406 790 καὶ
421 766 549 799 φορτικὰ,
561 766 608 791 καὶ
623 765 734 791 ὲνανιία
750 766 781 799 τῇ
802 765 883 799 μέχρι

89 811 153 837 τότε
175 810 306 845 συνηθείᾳ
322 810 375 835 τῶν
390 809 541 845 ἀνθρώπιον
555 811 731 845 δογματίσας,
749 811 823 845 ὅμως
836 811 884 837 καὶ

90 857 197 889 ἔπεισε,
213 856 260 882 καὶ
274 856 362 882 πείθει
383 856 476 890 σχεδὸν
493 857 585 882 πᾶσαν
605 856 653 891 τὴν
667 857 691 882 οξ
705 856 843 891 .ουμένην.

937 218 1091 245 adiciuntur
1105 218 1216 252 injuria,
1232 222 1260 244 et
1286 216 1477 243 universaliter
1491 222 1603 251 propter
1630 226 1726 252 quam:

939 272 1049 298 cunque
1077 264 1217 290 virtutem.
1233 263 1342 290 Justitia
1363 262 1495 296 siquidem
1523 263 1613 291 omnis
1639 265 1724 294 virtus

936 315 987 337 est.
1006 309 1091 336 Fures
1102 318 1167 336 vero
1176 309 1289 336 eteliam
1307 308 1450 335 liomicidw
1461 308 1658 342 perfectionem
1679 318 1725 344 pa.

937 356 1053 386 tiuntur,
1073 363 1127 382 non
1142 361 1231 382 tamen
1247 355 1318 381 beati
1334 354 1474 381 dicuntur.

971 400 1047 427 Vers.
1067 401 1109 426 ll.
1129 400 1204 426 Beati
1221 415 1255 419 —
1267 405 1372 434 propter
1388 409 1437 427 me.
1455 400 1494 427 Ad
1514 401 1652 434 apostolos
1679 401 1726 435 qui

936 447 1060 476 aderant.
1091 453 1244 473 sermonem
1261 445 1363 480 dirigit,
1392 446 1542 472 ostendens
1567 446 1728 474 doctoribus

936 492 1077 527 proprium
1093 499 1154 518 esse
1172 491 1280 526 probris
1297 491 1378 518 allici.
1405 491 1444 518 Ne
1458 496 1549 518 autem
1579 492 1728 526 suspiceris

935 537 1008 571 quod
1024 536 1183 571 simpliciter
1198 536 1289 563 verbis
1302 536 1379 563 malis
1395 536 1488 570 impeti
1502 536 1537 563 sit
1548 536 1670 569 beatum,
1686 538 1727 563 id-

935 584 1009 610 circo
1027 583 1141 614 addidit,
1160 589 1220 616 quae
1230 581 1309 616 plane
1324 582 1533 609 distinctionem
1548 582 1665 615 faciunt,
1681 583 1730 610 vi-'

935 629 1037 656 delich
1052 633 1151 662 utquaa
1166 628 1294 654 dicuntur
1316 628 1457 655 mendacia
1479 627 1545 660 sint,
1562 633 1589 654 et
1614 633 1728 662 propter

935 674 1073 702 Christum
1090 682 1120 701 ea
1136 674 1270 701 dicantur.
1284 673 1387 706 Quodsi
1405 673 1463 700 haec
1476 680 1529 700 non
1541 673 1578 700 ita
1587 681 1616 701 se
1625 674 1728 701 habent

935 722 1020 748 miser
1031 723 1123 756 potius
1144 722 1242 756 estqui
1268 722 1339 749 male
1366 722 1452 754 audit,
1476 727 1572 757 utpote
1595 722 1727 757 plurimos

935 766 993 793 suis
1008 766 1087 793 malis
1104 768 1233 801 operibus
1247 767 1399 794 oil‘endens.
1411 767 1480 799 Quid
1492 775 1558 802 ergo
1573 768 1616 794 bis
1630 768 1727 794 admo-

936 811 1087 838 nitionibus
1114 812 1269 839 mirabilius
1293 819 1354 839 esse
1380 812 1494 846 potest?
1526 813 1631 839 utinam
1661 820 1727 839 vero

896 848 920 877 Β
933 864 993 890 quae
1007 857 1040 884 ab
1051 857 1177 884 erunibus
1193 858 1340 890 evitantur,
1352 859 1525 892 praemiorum
1539 857 1728 893 magnitudine

91 906 160 931 fiant
175 904 303 931 omnibus
319 904 508 932 desiderabilia
526 905 580 940 (qq)
592 904 658 931 Nam
681 905 726 939 qui
743 904 836 939 gravia
857 912 888 930 ac
905 905 1017 931 molesta
1040 909 1067 931 et
1081 904 1222 931 hominum
1237 904 1429 932 consuetudini
1454 904 1488 932 ad
1512 904 1538 931 id
1553 911 1637 939 usque
1658 909 1728 931 lem-

92 952 171 988 poris
201 951 338 979 contraria
364 951 542 986 praescripsit.
569 951 704 986 persuasit
733 956 823 978 tamen
857 955 884 977 et
901 951 1049 985 persuadet
1064 950 1338 978 unixensofereorbi.

111 999 296 1032 ‘Xamsre—
311 997 461 1031 οὐρανοῖς.
490 998 608 1033 Χαίρετε
632 998 679 1023 καὶ
704 996 883 1031 ἀγαλλιᾶσθε,

91 1046 195 1076 πάντες
215 1045 240 1071 οι
255 1043 460 1078 ὀνειδιζόμενοι,
480 1043 528 1069 καὶ
543 1043 714 1078 διωκόμενοι,
728 1044 775 1069 καὶ
791 1042 884 1073 κακῶς

90 1092 249 1123 ἀκούοντες,
261 1091 299 1121 ὡς
315 1091 434 1125 είρηται.
446 1089 538 1116 Εἰπὼν
547 1090 584 1123 δὲ,
597 1090 638 1117 ὅτι
648 1090 661 1116 ὁ
676 1089 791 1121 Μισθὸς
801 1088 885 1122 ὑμῶν

91 1139 193 1170 πολὺς
207 1138 242 1164 ἐν
255 1137 317 1170 τοῖς
339 1138 382 1171 ob,
395 1136 492 1170 ανοῖς,
509 1137 635 1171 ἐπήγαγε
651 1138 698 1162 καὶ
714 1136 814 1170 ἑτέραν
831 1143 884 1161 πα-

93 1184 183 1220 ράκλη
188 1192 240 1210 σιν.

129 1229 149 1264 ’ξ-
166 1230 202 1255 ἰὺ
217 1229 270 1263 γὰρ
285 1229 340 1264 (38)
355 1230 502 1264 ὑπομεῖναι
527 1229 638 1260 δνειδος,
656 1229 727 1264 μέγα
743 1229 791 1255 καὶ
807 1227 888 1264 χαλε-

93 1275 230 1302 πώτατον.
246 1276 291 1301 Διὺ
307 1276 353 1302 καὶ
367 1275 461 1306 όΊὼὸ,
473 1276 534 1306 τοὺς
550 1275 647 1306 ἄλλους
661 1275 810 1309 ὑπομείνας
824 1283 886 1300 πει-

95 1322 231 1356 ρασμοϋς,
260 1322 320 1348 τότε
349 1322 468 1356 μάλιστα
495 1322 645 1356 ἐταράχθη,
673 1321 716 1347 ὅτε
748 1319 886 1351 ὠνείδιζον

93 1367 170 1403 αὐτῷ
183 1369 206 1395 οἱ
222 1368 305 1403 φίλοι,
322 1368 357 1399 ὡς
372 1367 407 1393 δι’
419 1367 556 1402 ἁμαρτίας
572 1367 716 1402 πάσχοντι.

132 1455 217 1481 οὕτω
233 1470 262 1475 -
283 1454 356 1486 τοὺς
390 1454 446 1488 πρὸ
471 1453 565 1488 ὑμῶν.
586 1454 727 1481 Ἐντεῦθεν
756 1457 883 1492 φανερὸν,

92 1503 134 1530 ὃτι
151 1502 191 1528 τό·
209 1501 353 1534 Μακάριοι
371 1501 451 1533 ἐστε,
463 1502 510 1528 καὶ
523 1502 557 1527 τὰ
571 1501 645 1534 ἑξῆς,
659 1502 732 1534 ἰδίως
743 1502 810 1537 πρὸς
820 1504 885 1534 τοὺς
900 1523 922 1554 c

93 1548 222 1583 μαθητὰς
234 1548 338 1583 εἴρηκε,
348 1548 390 1574 διὰ
404 1548 487 1582 μέσου
503 1548 531 1574 δὲ
546 1548 647 1581 αὐτῶν,
657 1549 703 1575 καὶ
713 1549 782 1584 πρὸς
797 1549 887 1576 ἃπαν-

91 1603 155 1626 τας,
168 1595 226 1620 ὅσοι
246 1593 375 1628 μέλλουσι
397 1593 541 1628 μιμεῖσθαι
557 1594 621 1625 τοὺς
649 1594 775 1630 μαθητὰς
789 1594 885 1622 αὑτοῦ.

96 1641 183 1667 Οὕτω
199 1640 253 1675 γὰρ
277 1640 415 1672 ἐδίωξαν,
433 1640 511 1674 φησὶ,
539 1639 612 1672 τοὺς
632 1640 791 1674 προφήτας
816 1640 888 1672 τοὺς

94 1686 154 1721 πρὸ
169 1685 264 1720 ὑμῶν.
281 1686 342 1717 Πῶς
356 1685 441 1717 οὕτως
460 1694 468 1719 ;
492 1685 683 1718 Ὀνειδὶζοντες
693 1686 825 1722 δηλονότι,
841 1687 888 1713 καὶ

94 1731 252 1763 διώκοντες,
267 1730 314 1757 καὶ
325 1730 449 1764 λέγοντες
465 1732 520 1758 πᾶν
531 1731 650 1766 πονηρὸν
665 1732 740 1767 ῥῆμα
758 1732 812 1767 (59)
827 1732 888 1758 κατ’

94 1778 190 1805 αὐτῶν
221 1777 394 1812 ψευδόμενοι,
419 1777 513 1803 ἕνεκεν
537 1777 583 1803 τοῦ
614 1777 694 1805 Θεοῦ.
712 1778 818 1814 Ὠσπερ
833 1779 888 1813 γὰρ

95 1824 179 1858 ὑμεῖς
205 1823 271 1858 παρ’
299 1824 366 1858 ἐμοῦ
396 1823 630 1859 ἁποσταὶήσεσθε,
648 1824 889 1859 κηρύξοντες,ὃσα

95 1869 272 1904 ὲντελοῦμαι·
286 1869 359 1896 οὕτω
389 1870 420 1905 δὴ
441 1871 562 1896 κάκεῖνοι
579 1870 655 1906 παρὰ
672 1870 719 1897 τοῦ
738 1871 805 1897 Θεοῦ
818 1871 888 1898 ἁπε-

97 1915 248 1949 στάλησαν.
264 1914 356 1941 Εἰπὼν
370 1915 408 1948 δὲ,
424 1915 464 1941 ὃτι
491 1914 562 1947 Τοὺς
576 1915 731 1949 προφήτας
741 1916 812 1948 τοὺς
831 1916 888 1949 πρὸ

96 1960 194 1994 ὑμῶν,
211 1960 352 1995 ἐνέφηνεν,
370 1961 410 1987 ὅτι
424 1961 470 1987 καὶ
484 1958 557 1988 οὗτοι
571 1963 821 1996 προφητεύσουσιν.
845 1962 889 1997 [Et

98 2007 156 2042 (60)
168 2009 259 2032 τοίνυν
276 2006 390 2038 ἐκείνοις
401 2007 452 2033 οὐκ
466 2004 499 2042 ἦν
510 2006 651 2041 ὶπίψογον,
671 2007 701 2033 τὸ
717 2007 834 2042 πάσχειν
845 2007 888 2034 διὰ

97 2053 178 2084 Θεὸν,
208 2052 318 2084 πάντως
347 2052 402 2078 οὐδ’
423 2051 511 2089 ὑμῖν.]
545 2053 624 2079 Οὓτω
653 2054 709 2083 τοῖς
734 2053 890 2088 προφήταις

98 2099 262 2134 παρισὼπας
275 2099 386 2130 αὐτοὺς,
401 2099 550 2134 ἀνέστησεν
565 2098 656 2125 αὐτῶν
667 2098 701 2125 τὰ
715 2099 888 2134 φρονήματα.

135 2146 225 2172 Βλέπε
235 2145 273 2176 δὲ,
289 2145 357 2180 μετὰ
373 2145 457 2176 πόσας
469 2145 579 2177 ἐντολὰς
594 2144 640 2172 τὸν
656 2145 833 2181 μακαρισμὸν
841 2145 888 2172 τοῦ

973 995 1052 1022 Vers.
1070 996 1112 1023 l2.
1130 995 1248 1023 Gaudete
1270 1011 1304 1016 -—
1319 996 1401 1023 curiis.
1417 996 1539 1024 Gaudete
1550 1001 1578 1023 et
1593 997 1728 1024 exsultate

941 1041 1052 1076 spiritu,
1065 1042 1222 1076 quicunque
1235 1042 1334 1077 probra
1346 1050 1377 1069 ac
1389 1042 1596 1076 persecutiones
1610 1042 1730 1070 sustine-

936 1088 973 1115 tis
991 1095 999 1114 :
1017 1091 1044 1114 et
1058 1088 1204 1122 modoquo
1219 1088 1323 1115 dictum
1344 1093 1387 1115 est
1404 1088 1473 1115 male
1498 1088 1609 1115 auditis.
1629 1088 1728 1115 Dicens

936 1137 1028 1161 autem
1044 1142 1050 1160 :
1069 1133 1169 1160 Meroe:
1182 1139 1267 1160 vestra
1286 1135 1370 1160 multa
1381 1140 1419 1161 est
1433 1135 1462 1161 in
1480 1134 1552 1162 cadis
1564 1134 1645 1162 aliain
1659 1142 1729 1170 quo-

938 1188 991 1214 que
1005 1180 1221 1207 consolationem
1234 1180 1349 1207 induxit.

973 1225 992 1261 ’ξ-
1009 1226 1078 1253 Nam
1096 1226 1242 1261 opprobria
1260 1227 1397 1253 sustinere
1413 1234 1541 1262 magnum
1555 1231 1607 1260 est,
1625 1232 1653 1255 et
1665 1235 1729 1262 gra-

938 1279 972 1299 ve
983 1271 1140 1299 admodum.
1161 1272 1240 1299 Unde
1252 1276 1280 1299 et
1302 1272 1354 1300 Job
1365 1277 1508 1307 postquam
1521 1273 1587 1299 alias
1603 1273 1730 1300 tenlalio-

939 1325 988 1345 nes
1015 1319 1150 1353 patienter
1175 1319 1349 1350 toleraverat,
1369 1322 1435 1345 tunc
1456 1319 1573 1345 maxime
1604 1319 1730 1346 turbatus

936 1368 988 1396 est,
1003 1364 1111 1398 quando
1135 1364 1170 1391 ab
1183 1364 1278 1391 amicis
1292 1363 1447 1398 opprobriis
1471 1363 1648 1397 aﬂiciebatur,
1667 1369 1728 1390 tan-

937 1415 1018 1443 quam
1035 1413 1144 1443 propter
1162 1413 1272 1442 peccata
1285 1416 1334 1434 sua
1350 1413 1499 1442 pateretur.

974 1453 1052 1482 Vers.
1068 1455 1111 1480 12.
1126 1454 1168 1480 Ita
1181 1468 1216 1475 —
1229 1455 1273 1488 qui
1290 1462 1333 1480 vos
1345 1457 1546 1488 prwcesserunt.
1571 1453 1641 1481 Hinc
1666 1461 1727 1480 ma-

938 1500 1068 1528 nil‘estum
1079 1505 1120 1528 est
1136 1501 1207 1535 quod
1222 1501 1298 1527 illud:
1316 1500 1391 1527 Beati
1406 1501 1478 1532 estis,
1493 1505 1560 1532 etc.,
1573 1502 1683 1535 proprie
1693 1502 1728 1527 ad

938 1547 1088 1582 discipulos
1098 1546 1206 1579 dixerit,
1217 1551 1244 1573 et
1254 1546 1320 1581 ipsis
1328 1547 1613 1578 mediantihus,etiam
1626 1547 1659 1574 ad
1665 1554 1727 1573 Olll-

937 1600 998 1626 nes,
1010 1593 1055 1628 qui
1069 1592 1216 1627 discipulos
1232 1600 1297 1620 suos
1311 1597 1405 1620 essent
1435 1593 1578 1620 imitaturi.
1591 1592 1636 1620 Ita
1658 1594 1731 1620 enim

938 1639 1039 1674 inquit,
1049 1639 1179 1674 persecuti
1191 1643 1252 1666 sunt
1260 1640 1458 1674 prop/tetas,qui
1473 1646 1515 1665 vos
1527 1646 1727 1672 pratcesserum.

938 1684 998 1718 Quo
1015 1685 1097 1712 modo
1118 1685 1180 1712 ita?
1204 1686 1351 1720 opprobrio
1369 1685 1495 1713 videlicet
1519 1685 1670 1713 allicientes
1698 1691 1728 1713 et

940 1736 1138 1768 persequentes
1164 1735 1192 1758 et
1229 1731 1353 1759 dicentes
1377 1739 1459 1759 omne
1483 1732 1584 1759 malum
1616 1732 1729 1759 verbum

940 1778 1110 1811 mentiendo,
1127 1783 1239 1812 propter
1263 1778 1359 1806 Deum.
1374 1777 1451 1805 Sicut
1475 1779 1549 1805 enim
1569 1786 1617 1806 vos
1641 1786 1656 1805 a
1686 1786 1731 1806 me

940 1825 1089 1853 mittemini
1109 1825 1284 1860 prmdicaturi
1304 1832 1476 1860 quaecunque
1495 1832 1651 1860 praecepero
1663 1844 1670 1855 .
1690 1825 1728 1851 ita

940 1877 966 1900 et
978 1872 1016 1898 illi
1032 1879 1046 1898 a
1059 1871 1115 1899 Deo
1130 1871 1207 1899 missi
1223 1876 1312 1898 erant.
1329 1871 1428 1899 Dicens
1450 1876 1539 1898 autem
1557 1880 1566 1900 :
1587 1871 1730 1905 Prophetas

940 1919 985 1954 qui
1014 1927 1058 1945 vos
1087 1922 1285 1952 prwcesrerunt,
1312 1917 1468 1945 manifestat
1494 1919 1566 1952 quod
1601 1919 1682 1945 etiam
1702 1917 1730 1943 hi

934 1963 1151 1999 ‘prophetabunt.
1170 1963 1198 1990 Si
1213 1971 1287 1999 ergo,
1302 1964 1400 1998 inquit,
1414 1971 1468 1990 non
1480 1969 1539 1991 erat
1553 1964 1606 1991 illis
1621 1964 1731 1992 indeco-

942 2017 1002 2037 rum
1026 2009 1082 2044 pati
1098 2014 1208 2044 propter
1239 2009 1336 2043 Deum,
1374 2017 1463 2044 neque
1494 2009 1607 2036 omnino
1643 2009 1729 2036 vobis.

943 2055 981 2083 Ita
1004 2054 1145 2090 prophetis
1160 2062 1207 2082 eos
1226 2054 1404 2089 adre-quando,
1422 2058 1528 2081 mentes
1554 2054 1641 2081 erexit
1655 2053 1731 2088 ipso-

942 2109 1014 2129 rum.

978 2146 1100 2174 Observa
1112 2151 1203 2174 autem
1215 2150 1277 2182 post
1287 2151 1354 2180 quot
1369 2149 1506 2180 praecepta
1524 2144 1646 2180 posuerit
1665 2145 1730 2171 bea-

98 2192 224 2228 διωγμοῦ
242 2191 288 2218 τοῦ
304 2192 397 2218 ἕνεκεν
420 2192 605 2227 δικαιοσύνης,
621 2193 668 2219 καὶ
683 2192 729 2219 τὸν
753 2192 801 2219 τοῦ
818 2193 885 2219 ὀνεια

945 2192 1092 2220 titudinem
1110 2192 1258 2219 toleranda:
1275 2191 1491 2226 persecutionis,
1506 2198 1566 2225 quae
1576 2190 1606 2217 iit
1621 2195 1732 2225 propter

101 2238 213 2274 δισμοῦ,
239 2239 286 2264 καὶ
313 2239 361 2273 τῆς
382 2238 511 2272 διώξεως,
527 2238 640 2273 καὶτῆς
655 2238 818 2272 κακολογίας
845 2239 885 2265 τέ-

942 2239 1084 2275 iustitiam,
1109 2242 1137 2266 et
1150 2238 1379 2273 exprobrationis,
1393 2237 1580 2270 detractionis,
1594 2245 1625 2264 ac
1647 2237 1732 2264 male-

99 2285 188 2318 θεικε,
203 2285 303 2319 δηλῶν,
318 2285 358 2311 ὅτι
372 2284 425 2319 χρὴ
438 2285 537 2316 πάσαις
552 2286 612 2316 ταῖς
626 2284 830 2320 προλαὸούσαις
851 2285 885 2311 ὲν-

942 2284 1089 2317 dictorum,
1103 2284 1176 2319 quod
1191 2283 1319 2311 omnibus
1337 2283 1474 2319 praedictis
1488 2283 1636 2310 virtutibus
1649 2291 1733 2317 opor-

100 2331 194 2362 -ιολαῖς
215 2331 450 2366 συγκεκροτῆσθαι
464 2331 508 2357 τὸν
520 2331 560 2362 εἰς
574 2330 686 2362 τούτους
703 2332 766 2362 τοὺς
782 2331 885 2365 ἀγῶνας

943 2336 999 2359 teat
1019 2331 1141 2366 adiutum
1162 2338 1224 2358 esse
1251 2338 1313 2358 eum
1333 2331 1379 2364 qui
1395 2330 1453 2357 haec
1465 2330 1616 2357 certamina
1636 2337 1733 2364 aggre-

100 2378 300 2413 ὰποδυόμενον.
319 2378 368 2404 Διὰ
382 2377 460 2404 τοῦτο
477 2377 532 2412 γὰρ
561 2379 608 2405 καὶ
625 2377 701 2411 τάξει
721 2378 775 2404 τινὶ
790 2379 894 2413 γρησά-

102 2433 185 2459 pavo;
206 2425 311 2460 χρυσῆν
332 2425 398 2459 ἡμῖν
418 2424 512 2459 σειρὰν
528 2422 641 2459 ὓφηνεν.
660 2424 689 2451 Ὁ
713 2425 763 2460 μὲν
778 2425 831 2460 γὰρ
848 2434 896 2451 τα-

943 2379 1028 2406 ditur.
1043 2378 1109 2405 Nam
1127 2379 1187 2406 ideo
1202 2386 1311 2413 quoque
1326 2383 1401 2405 certo
1418 2385 1483 2404 usus
1499 2377 1606 2408 ordine,
1622 2383 1732 2403 auream

945 2425 1025 2453 nobis
1035 2429 1160 2452 catenam
1178 2425 1330 2452 contexuit.
1344 2423 1397 2457 Qui
1423 2424 1498 2451 enim
1527 2423 1619 2450 animo
1644 2421 1735 2450 humi-

705 2519 805 2550 Variaa
827 2519 980 2551 lectiones
1004 2523 1034 2549 et
1056 2524 1153 2550 notae.

139 2604 199 2640 (37)
212 2603 281 2630 Ante
298 2604 354 2630 haec
365 2611 397 2630 ex
412 2603 561 2638 Tlteophyl.
575 2611 614 2640 p._
626 2603 661 2630 27
672 2603 691 2630 C
707 2602 785 2640 addit
805 2603 893 2640 versio

102 2638 245 2670 lientenii,
260 2647 319 2673 qua:
332 2643 422 2675 tamen
438 2641 490 2665 mei
504 2647 558 2675 non
573 2638 672 2675 habent
686 2648 692 2665 :
706 2639 777 2675 Πρὸς
793 2639 893 2675 πορόν-

101 2685 154 2707 τας
169 2675 233 2706 τοὺς
258 2674 423 2704 ἀποστόλους
444 2673 626 2704 ἀποτείνεται,
643 2673 760 2704 δεικνὺς,
782 2674 823 2699 ὅτι
840 2674 892 2707 μά-

101 2712 186 2738 λιστα
202 2710 257 2736 τῶν
272 2709 441 2736 διδασκάλων
458 2709 522 2736 ἴδιον
536 2709 565 2734 τὸ
580 2708 767 2740 ὀνειδίζεσθαι.
787 2708 844 2736 Ἴνα
864 2709 893 2734 δὲ

948 2604 985 2638 μὴ
1004 2611 1032 2629 κ.
1047 2611 1073 2629 τ.
1088 2603 1113 2629 λ.

996 2637 1042 2673 58)
1059 2638 1257 2673 ’l'heophylact.
1275 2645 1303 2672 p.
1315 2637 1350 2664 27
1361 2636 1390 2664 C.

996 2674 1039 2708 59)
1063 2674 1153 2708 Ῥῆμα
1165 2674 1267 2700 omittit
1283 2674 1313 2699 ιι.

983 2707 1039 2744 (40)
1059 2709 1167 2736 Inclusa
1184 2708 1285 2736 omittit
1299 2707 1331 2734 A.

141 2791 196 2827 (qq)
218 2791 328 2832 Ulinant
342 2806 375 2811 —-
391 2790 587 2832 desideratum.
606 2788 672 2815 Cum
689 2797 720 2816 ea
753 2797 812 2825 qua:
845 2789 973 2817 omnibus
995 2789 1120 2818 videntur
1147 2781 1285 2826 fugienda,
1317 2787 1444 2816 omnibus
1479 2787 1547 2814 ﬁunt
1573 2785 1738 2821 expetenda,

102 2825 217 2863 propter
236 2827 409 2862 praemiorum
428 2825 654 2861 magnitudinem.
