1925 3070
94 147 148 178 281

529 151 723 184 COMMENT.
746 152 787 182 IN
808 151 1041 188 MATTIL‘EUM.
1059 170 1095 175 -
1114 159 1192 188 CAP.
1215 159 1298 189 VIII.

1669 159 1723 192 282
1733 176 1735 178 ·

95 203 183 230 ὂεύων
211 202 275 235 τοὺς
306 204 531 239 εὐεργετοῦντας,
551 207 652 242 ’μισεῖν
678 207 708 234 τὸ
731 208 882 242 φιλότιμον

945 211 980 244 lui
1005 211 1136 240 beneﬁcia
1156 214 1182 240 in
1198 214 1316 249 aliquem
1331 214 1487 246 conferunt,
1505 219 1531 241 ut
1546 215 1723 242 ambitionem

96 247 186 273 καίτοι
203 248 296 282 σαφῶς
310 249 468 282 ἐγίνωσκεν,
492 251 533 278 ὅτι
553 251 583 278 οὐ
609 253 727 288 σιγήσει,
743 253 810 280 ἀλλὰ
838 253 886 279 καὶ

97 293 208 328 τρανῶς
237 295 404 331 ἀνακηρύξει
445 296 491 324 τὸν
515 297 673 334 εὐεργέτην·
695 299 770 334 ὅμως
790 299 822 325 τὸ
849 299 888 325 ol-

96 340 173 366 κεῖον
183 342 254 367 ποιεῖ
268 342 313 368 καὶ
329 343 523 378 παραγγέλλει,
540 345 600 380 Χρὴ
615 344 668 379 γὰρ
684 345 729 371 τὸν
746 345 796 380 μὲν
812 345 889 380 εὐερ-

96 385 231 419 γετοῦντα
259 389 461 422 παραγγέλλειν
492 391 581 426 σιγᾷν,
609 391 653 417 διὰ
687 392 888 427 μετριοφροσύ-

96 440 148 466 νην
157 441 165 449 η
175 432 221 459 τὸν
232 433 259 460 δὲ
271 434 499 471 εὐεργετούμενον
508 436 652 472 κηρύττειν
668 437 724 472 δι’,ε
730 437 888 474 ὑγνιιιμοσὺ-

97 487 150 514 νην
168 479 238 515 (σε).

140 569 219 598 Ἀλλ’
235 586 270 591 —-
284 572 427 606 Μωυσῆς.
451 572 592 600 Ἐκέλευεν
606 574 620 600 ὁ
638 573 729 608 νόμος,
741 574 787 601 τὸν
803 574 888 601 καθα-

98 616 228 652 ρισθέντα
238 617 338 653 iter:pr
351 620 388 654 μὴ
406 621 463 651 τοῖς
490 619 587 647 ἑαυτοῦ
617 622 758 649 πιστεύειν
787 622 889 656 ὀφθαλ-

99 664 172 697 μοῖς,
189 664 255 690 ἀλλὰ
271 665 328 696 τοῖς
346 665 392 692 τοῦ
408 666 504 701 ἱερέως
516 667 656 694 ἀναθεῖναι
668 667 718 702 τὴν
734 667 825 703 κρίσιν
839 667 887 694 τοῦ

98 710 284 747 καθαρισμοῦ,
307 712 354 737 καὶ
377 712 413 746 μὴ
426 713 558 747 πρότερον
572 713 738 749 ἀναμιγῆναι
750 715 805 746 τοῖς
820 713 888 741 καθ-

98 757 186 790 αροῖς,
208 756 232 782 sl
260 756 297 790 μὴ
315 757 469 792 ἐμφανισθῇ
498 757 595 792 τούτῳ,
614 759 661 785 καὶ
688 759 764 793 παρὰ
792 759 887 785 τούτου

98 801 212 836 λογισθῇ
227 801 357 837 καθαρόςζ
376 799 434 828 εῐτα
450 803 598 837 προσάγειν
613 803 699 840 δῶρον
714 803 784 838 ὑπὲρ
797 803 887 837 ἐξιλα-

99 847 179 880 σμοῦ,
198 847 287 879 καθὼς
301 848 330 874 ὲν
342 849 375 883 τῇ
390 847 474 884 βίϐλῳ
489 849 535 875 τοῦ
552 849 695 876 Λευῖτικοῦ
709 849 881 886 γέγραπται.

99 892 160 923 Πῶς
175 892 222 919 οὖν
236 891 323 926 εἶπεν,
340 893 379 919 ὅτι
396 894 430 920 "0
445 894 612 928 προσέταξε
625 894 777 928 Μωῦσῆς;
796 896 809 922 ὁ
821 895 886 927 Θεὸς

98 939 153 973 γὰρ
169 938 248 965 τοῦτο
267 939 428 974 προσέταξε.
445 940 517 966 Διό-τι
536 940 686 975 νομοθέτης
707 939 815 974 λέγεται
840 941 886 967 καὶ

98 984 112 1010 ὁ
129 985 260 1020 Μωῦσῆς,
280 985 318 1016 ὡς
345 985 465 1019 γράψας,
484 986 535 1012 ὃσα
563 986 576 1011 ὁ
602 986 668 1017 Θεδς
694 986 885 1021 ἐνομοθέτησε.

99 1029 156 1064 Τὴν
172 1029 222 1064 μὲν
237 1029 284 1056 οὖν
306 1030 455 1065 θεραπείαν
471 1030 551 1062 αὐτὸς
569 1031 730 1065 εἰργάσατο,
747 1031 796 1065 τὴν
814 1031 888 1058 δοκι-

101 1076 206 1110 μασίαν
221 1075 248 1102 δὲ
263 1075 364 1111 ταύτης
378 1076 416 1111 τῷ
431 1078 499 1111 ἱερεῖ
515 1077 707 1112 παρέπεμψεν,
722 1077 766 1104 ἵνα
791 1077 828 1112 μὴ
844 1078 887 1104 δό-

101 1120 135 1157 ξῃ
147 1121 178 1147 τὸ
193 1121 247 1148 τῶν
264 1122 358 1156 ἱερέων
371 1122 544 1156 ὑφαρπάζειν
556 1122 674 1157 ἀξίωμα.

136 1212 226 1243 Εὶς-
242 1210 354 1243 αὐτοῖς.
376 1211 422 1242 Εἰς
451 1211 560 1246 ἔλεγχον
582 1211 683 1242 αὐτῶν,
697 1212 768 1247 φημὶ
779 1212 821 1245 δὴ,
833 1211 888 1238 τῶν

101 1256 208 1291 ἱερέων.
235 1257 394 1292 Μαρτύριον
427 1257 481 1292 γὰρ
509 1258 566 1288 νῦν,
595 1258 641 1284 τὸν
664 1257 773 1293 ἔλεγχον
801 1258 885 1292 λέγει.

107 1302 185 1330 Ἐπεὶ
198 1303 252 1338 γὰρ
265 1301 337 1330 οὗτοι
362 1304 521 1339 παράνομον
540 1305 620 1330 αὑτὸν
635 1304 787 1340 ὠνόμαζον,
817 1313 887 1340 παρ-

100 1349 182 1384 ήνεσε
193 1349 230 1384 τῷ
244 1350 533 1386 καθαρισθὲντιλεπρῷ
541 1351 659 1385 τηρῆσαι
675 1351 720 1377 τὸν
731 1351 824 1386 νόμον,
841 1352 887 1377 καὶ

101 1396 225 1430 ποιῆσαι,
241 1396 291 1422 ὅσα
302 1397 404 1427 ἐκεῖνος
418 1396 578 1431 προσέταξε.
591 1396 676 1422 Τοῦτο
691 1396 718 1422 δὲ
735 1396 887 1432 παρῄνεσεν

99 1442 143 1473 είς
159 1442 269 1477 ἔλεγχον
284 1442 383 1469 αὐτῶν.
403 1442 465 1474 Πῶς
482 1443 536 1477 γὰρ
556 1443 588 1469 ἂν
612 1443 748 1479 παρῄνεσε
768 1445 887 1478 τηρῆσαι

100 1488 146 1514 τὸν
157 1488 249 1523 νόμον,
267 1489 290 1514 εί
309 1489 469 1524 παράνομος
486 1487 520 1524 ἦν
539 1498 546 1522 ;

138 1591 199 1626 Χρὴ
216 1590 244 1616 δὲ
260 1588 441 1624 παρατηρεῖν,
453 1587 511 1619 πῶς
541 1587 607 1613 ποτὲ
626 1587 675 1622 μὲν
691 1585 826 1621 παραλύει
844 1587 888 1616 τον

102 1639 196 1672 νόμον,
223 1634 352 1662 ὁδοποιῶν
364 1635 397 1668 τῇ
416 1633 486 1668 μετὰ
502 1633 617 1660 θάνατον
644 1631 726 1658 αὖτοῦ
744 1631 890 1666 φιλοσοᾳὶᾳ

103 1684 152 1710 καὶ
171 1682 293 1716 πολιτείᾳ
309 1680 364 1707 τῶν
379 1679 561 1715 Χριστιανῶν,
581 1679 627 1705 καὶ
642 1679 889 1712 προοιμιαζόμενος

101 1729 153 1764 τὴν
168 1729 214 1755 ἐπὶ
230 1727 330 1759 ταύτης
353 1726 507 1752 ἀνάπαυσιν
532 1725 579 1750 τοῦ
612 1723 725 1750 παλαιοῦ
745 1724 791 1750 καὶ
807 1731 891 1757 γεγη-

104 1777 220 1811 ρακότος
235 1775 329 1809 νόμου·
346 1774 411 1800 ποτὲ
427 1773 454 1799 δὲ
473 1772 603 1806 φυλάττει
629 1770 735 1803 τοῦτον,
754 1777 891 1803 συγκατα-

103 1823 204 1850 ϐαίνων
214 1824 246 1856 τῇ
260 1821 386 1856 ἀσθενείᾳ
399 1819 453 1845 τῶν
475 1817 623 1848 Ἰουδαίων,
639 1816 683 1842 ἴνα
705 1815 743 1850 μὴ
773 1813 890 1840 σκανδα-

102 1870 167 1905 λίσῃ
183 1868 291 1898 αὐτούς.

229 1914 306 1940 ΚΕΦ.
328 1913 363 1939 Ζ’.
379 1911 447 1945 Περὶ
459 1910 512 1937 τοῦ
523 1908 754 1942 ἑκατοντάρχου.

142 1960 318 1988 Εἰσελθόὴι
356 1957 390 1984 δὲ
419 1955 497 1988 αὐτῷ
527 1970 562 1975 ——
589 1952 838 1987 βασανιζόμενος.
858 1964 893 1970 —-

104 2006 263 2038 Βὲὄληται,
277 2003 337 2031 ἀντὶ
349 2003 407 2034 τοῦ,
425 2003 584 2036 Ἐρῤιπται.

143 2053 198 2080 Καὶ
211 2067 244 2072 -
258 2050 359 2078 αὐτόν.
378 2051 454 2075 Διατί
471 2048 508 2083 μὴ
523 2046 634 2082 κληθεὶς
651 2047 690 2077 εἰς
714 2045 763 2080 τὴν
793 2043 892 2076 οἰκίαν,

104 2099 325 2132 αὐτεπάγγελτος
341 2096 428 2122 ἐλθεῖν
449 2095 523 2128 λέγει
542 2102 550 2126 ;
568 2093 641 2120 Διότι
663 2092 790 2126 προέγνω
811 2089 893 2116 αὐτὸν

106 2144 322 2176 πεπιστευκότα,
337 2144 379 2170 ὅτι
398 2142 463 2173 Θεὸς
490 2142 559 2172 ἐστι,
589 2140 634 2166 καὶ
658 2138 750 2165 λοιπον
779 2137 894 2171 ἠθέλησε

105 2192 158 2228 τὴν
177 2191 277 2225 πολλὴν
299 2188 382 2216 αὐτοῦ
412 2187 504 2214 πίστιν
532 2184 739 2220 ὲκκαλυφθῆναι
766 2183 813 2210 καὶ
838 2183 894 2213 τοῖς

107 2237 296 2268 ἀκολουθοῦσι,
315 2235 361 2262 καὶ
376 2234 495 2269 πρόσχες
514 2233 570 2264 τοῖς
590 2232 663 2266 ἑξῆς.

141 2325 198 2352 Kal
218 2338 253 2344 —
265 2332 335 2358 μου.
353 2337 388 2343 -
407 2321 467 2348 οῦκ
484 2322 560 2355 είμι,
576 2319 669 2355 φησὶν,
683 2318 778 2351 ἄξιος,
794 2317 839 2344 διὰ
866 2317 897 2343 τὸ

105 2371 178 2399 εἷναί
193 2380 222 2397 σε
238 2370 306 2396 Θεόν
316 2377 323 2383 ·
340 2369 398 2396 ἀλλ’
413 2368 451 2399 ὡς
465 2366 681 2401 παντοδύναμος,
697 2366 757 2391 εἰπὲ
782 2366 811 2391 ὲν
822 2365 894 2398 λόγῳ

104 2418 190 2453 ψιλῷ,
202 2417 216 2444 ὃ
232 2417 332 2452 βούλει,
342 2415 390 2442 καὶ
402 2415 501 2442 αὐτίκα
518 2414 532 2440 ὁ
546 2413 626 2447 λόγος
641 2412 721 2448 ἔργον
735 2412 894 2446 γενήσεται.

111 2464 197 2498 Ὁρᾷς
212 2461 328 2497 μέγεθος
344 2461 473 2490 πίστεως.
489 2459 539 2485 Διὰ
547 2458 627 2484 τοῦτο
641 2458 732 2484 τοίνυν
746 2458 760 2483 ὁ
775 2456 894 2492 Χριστὸς

106 2507 198 2541 εἶπεν,
221 2509 262 2534 ὅτι
294 2506 368 2542 Ἐγὼ
392 2506 490 2533 ἐλθὼν
518 2504 693 2538 θεραπεύσω
722 2503 826 2534 αὑτὸν,
849 2505 895 2529 ἳνα

105 2555 173 2592 εἴπῃ
190 2555 422 2589 ὑὲκατόνταρχος,
437 2552 490 2584 ὅτι,
509 2551 568 2578 οὔκ
594 2552 653 2585 εἰμι
675 2550 770 2583 ἄξιος,
792 2551 839 2576 καὶ
859 2550 894 2576 τὰ

107 2602 184 2636 ἑξῆς,
209 2601 257 2627 καὶ
279 2599 351 2627 οὕτω
379 2598 522 2634 φανερωθῇ
551 2598 635 2624 πᾶσιν
657 2598 674 2632 ἡ
696 2596 780 2631 πολλὴ
803 2597 894 2628 πίστις

107 2647 204 2675 αὑτοῦ.
215 2647 246 2673 Εἰ
262 2646 317 2681 γὰρ
331 2645 368 2681 μὴ
386 2646 400 2672 ὸ
413 2644 529 2680 Χριστὸς
544 2644 633 2671 ἐκεῖνο
661 2640 747 2675 εἷπεν,
764 2643 817 2669 οὐκ
833 2642 866 2669 ἂν
880 2643 894 2668 ὁ

108 2693 308 2727 ἑκατόνταρχος
328 2691 408 2718 τοῦτο
423 2691 528 2725 εἴρηκε,
542 2689 590 2716 καὶ
610 2689 719 2720 πάντως
741 2688 838 2715 ἔλαθεν
861 2688 894 2714 ἃν

108 2740 171 2771 ni);
186 2739 335 2774 ἑπομένους
349 2738 365 2773 ὴ
379 2736 499 2771 τοσαύτη
517 2735 564 2763 τοῦ
589 2735 685 2771 ἀνδρὸς
701 2735 803 2765 πίστις.
828 2735 895 2761 Σκό-

938 263 1126 285 exsecrentur.
1154 259 1234 294 Atqui
1273 260 1417 287 manifeste
1452 261 1555 288 sciebat
1585 260 1723 291 Christus.

938 303 1010 338 quod
1037 305 1167 333 taciturus
1182 313 1235 332 non
1253 310 1334 336 esset,
1350 306 1396 332 sed
1414 306 1615 333 hcnefactorem
1638 307 1724 340 palam

938 349 1157 383 prmdicaturus;
1192 355 1312 378 attamen
1345 350 1416 385 quod
1441 359 1520 378 suum
1549 357 1590 378 est
1616 351 1680 378 facit
1698 355 1726 379 et

938 396 1071 430 praecipit.
1105 396 1219 431 Oportet
1235 398 1308 424 enim
1337 405 1384 424 eos
1409 398 1454 432 qui
1476 398 1608 424 beneﬁcia
1634 397 1726 424 confe-

938 446 1011 471 runt.
1034 443 1171 470 modestia:
1198 451 1278 470 causa
1306 444 1453 479 praecipere
1479 444 1641 476 silentium;
1678 451 1726 472 eos

938 494 1012 519 vero.
1030 487 1075 522 qui
1095 487 1228 516 beneticio
1248 494 1313 516 sunt
1337 489 1438 520 aﬂ'ecti,
1452 489 1599 524 prmdicare
1615 494 1726 524 propter

939 532 1144 567 gratitudinem.

974 578 1052 606 Vers.
1071 578 1098 605 4.
1124 578 1333 607 Sed—Moses.
1358 580 1443 608 Jussit
1468 581 1523 611 lex,
1550 588 1585 607 nc
1599 582 1621 607 is
1649 580 1726 613 quia

938 623 1012 659 lepra
1045 624 1193 651 mundatus
1214 629 1289 652 esset
1321 625 1451 660 suiipsius
1476 626 1562 652 oculis
1586 626 1724 657 crederet,

939 669 986 696 sed
1002 669 1089 697 oculis
1105 670 1254 697 sacerdotis
1271 670 1405 704 judicium
1433 670 1634 698 emendationis
1651 677 1727 697 emn-

939 716 1074 749 mitteret,
1090 724 1178 751 neque
1195 717 1269 751 prius
1288 717 1328 743 his
1346 717 1392 751 qui
1417 717 1508 744 mundi
1534 721 1625 743 essent
1651 723 1726 742 com-

939 761 1110 794 misceretur,
1141 770 1221 796 quam
1246 770 1275 789 se
1292 763 1328 789 illi
1353 762 1563 791 manifestasset.
1590 766 1615 788 et
1642 761 1675 787 ab
1694 768 1727 787 eo

939 805 1035 833 fuisset
1049 806 1164 833 mundus
1179 807 1334 841 judicatus;
1365 808 1463 834 deinde
1478 815 1577 833 munus
1590 814 1638 840 pro
1654 805 1727 840 puri-

940 851 1064 879 ﬁcatione
1075 853 1232 885 adduceret,
1250 855 1321 881 sicut
1338 855 1364 880 in
1380 854 1451 880 libro
1470 853 1580 880 Levilici
1595 852 1726 886 scriptum

938 903 989 926 est.
1017 898 1158 931 Quomodo
1172 908 1236 933 ergo
1248 900 1336 927 dicit:
1373 900 1470 927 Munus
1504 899 1573 934 quod
1606 898 1728 933 prwcepit

939 943 1036 976 Moser,
1060 953 1121 972 cum
1147 946 1172 973 id
1199 946 1312 980 jusserit
1326 946 1414 973 Deus?
1437 946 1505 978 Quia
1525 944 1728 980 Moseslegislav

938 994 982 1017 tor
1004 990 1113 1023 dicitur,
1135 997 1228 1026 utpote
1243 993 1287 1027 qui
1321 992 1443 1027 scripsit,
1460 1000 1520 1026 qua:
1539 991 1610 1018 Deus
1623 996 1728 1018 statue-

939 1041 989 1063 rat.
1015 1036 1164 1064 Sanitatem
1193 1038 1283 1073 itaque
1307 1039 1364 1073 ipse
1391 1043 1520 1073 operatus
1547 1042 1600 1069 est,
1631 1044 1720 1071 appro-

938 1083 1076 1110 bationem
1119 1091 1183 1110 vero
1221 1084 1318 1118 ipsius,
1357 1083 1490 1111 sacerdoti
1522 1082 1668 1114 commisit,
1693 1089 1728 1108 ne

939 1128 1111 1155 sacerdotum
1142 1137 1240 1156 munus
1267 1129 1319 1156 sibi
1353 1129 1470 1156 latenter
1498 1136 1594 1163 rapere
1621 1128 1726 1154 videre-

938 1176 994 1200 tur.

976 1217 1054 1246 Vers.
1068 1219 1096 1246 4.
1125 1218 1158 1245 In
1172 1233 1205 1238 —
1218 1218 1282 1246 illia.
1303 1218 1343 1245 Ad
1368 1218 1586 1252 redargutionem
1601 1216 1726 1247 illorum;

939 1263 998 1291 dico
1023 1272 1087 1292 sane
1125 1265 1308 1292 sacerdotum.
1342 1264 1408 1291 Nam
1440 1263 1602 1299 μαρτύριον,
1628 1262 1653 1288 id
1676 1266 1726 1292 est,

939 1309 1134 1342 testimonium,
1160 1315 1237 1337 vocat
1249 1310 1478 1345 redargutiouem.
1507 1309 1574 1341 Quia
1596 1307 1668 1334 enim
1689 1307 1728 1333 illi

940 1360 1165 1391 lransgressorem
1194 1356 1258 1391 legis
1284 1364 1345 1383 eum
1368 1356 1522 1383 dicebant:
1549 1353 1728 1380 emundatum

940 1402 1076 1436 leprosum
1103 1403 1230 1429 admonet
1245 1407 1273 1429 ut
1294 1407 1415 1429 servaret
1443 1401 1540 1435 legem,
1570 1405 1597 1427 et
1628 1399 1729 1425 laceret

939 1457 1107 1484 quzecunque
1130 1449 1172 1476 lex
1195 1453 1369 1484 prrreeperat.
1387 1447 1444 1474 Hoc
1465 1452 1555 1474 autem
1572 1446 1604 1472 ad
1636 1445 1729 1472 redar-

940 1497 1078 1530 gut’ouem
1095 1495 1201 1522 illorum
1238 1496 1378 1522 admonet.
1395 1493 1461 1520 Nam
1486 1491 1622 1527 quomodo
1642 1491 1729 1526 leg-1n

901 1546 924 1577 C
940 1550 1048 1570 servare
1065 1542 1234 1572 admoneret,
1253 1541 1274 1567 si
1289 1540 1357 1575 legis
1371 1545 1540 1574 trangressor
1555 1542 1638 1564 esset.

977 1588 1183 1616 Observandum
1203 1595 1268 1615 vero
1295 1595 1348 1622 ‘luo
1367 1591 1446 1621 pacto
1468 1585 1603 1612 interdum
1622 1584 1730 1619 quidem

941 1635 1029 1670 legem
1066 1634 1157 1662 soli-it.
1185 1633 1255 1660 viam
1289 1632 1414 1667 aperiens
1445 1630 1622 1666 philosophia:
1650 1633 1730 1662 atque

941 1679 1139 1707 cmversationi
1157 1678 1328 1710 Christiauze,
1352 1685 1431 1712 quam
1444 1681 1507 1712 post
1521 1680 1636 1703 mortem
1654 1682 1729 1702 suam

943 1726 1032 1760 vigere
1058 1725 1211 1760 oportebat,
1238 1732 1269 1751 ac
1284 1732 1440 1759 praeparans
1468 1722 1649 1750 cessationem
1680 1721 1729 1755 legi

942 1772 1038 1805 veteri,
1058 1772 1167 1806 jamque
1184 1770 1355 1802 senescenti;
1393 1770 1557 1805 quandoque
1582 1767 1730 1795 veroillam

942 1824 1041 1851 servat,
1065 1818 1211 1845 demittens
1235 1825 1264 1844 se
1277 1818 1310 1844 ad
1324 1817 1538 1844 imbecillitatem
1559 1815 1731 1844 Judteorum,

942 1873 978 1893 ne
998 1873 1046 1893 eos
1058 1865 1220 1892 oﬂenderct.

1135 1909 1209 1937 CAP.
1227 1909 1282 1936 ΠΙ.
1313 1909 1350 1936 De
1369 1909 1530 1936 centurione.

979 1955 1056 1982 γυνθ.
1072 1955 1097 1985 5,
1116 1956 1142 1983 6.
1169 1955 1235 1982 Cum
1251 1960 1339 1982 autem
1358 1955 1488 1989 ingressus
1505 1957 1569 1980 esset
1581 1969 1616 1973 ——
1629 1952 1730 1978 discru-

943 2003 1040 2028 ciatur.
1056 2000 1143 2033 λίπει,
1160 2002 1210 2028 hoc
1231 2005 1282 2034 est,
1300 2001 1438 2035 projectus
1452 2003 1503 2027 est.

980 2047 1058 2074 Vers.
1081 2048 1108 2073 7:
1133 2047 1164 2073 Et
1181 2062 1215 2067 —-
1238 2055 1307 2073 eum.
1324 2046 1415 2079 Quare
1436 2053 1489 2072 nou
1509 2043 1660 2072 vocatusin
1683 2043 1731 2070 do-

944 2102 1029 2124 mum,
1045 2101 1093 2120 sua
1112 2097 1209 2127 sponte
1224 2097 1369 2119 venturum
1382 2100 1410 2119 se
1425 2091 1515 2118 dicit?
1537 2089 1605 2122 Quia
1629 2096 1731 2123 prteco-

945 2139 1037 2175 gnovit
1053 2139 1127 2165 illum
1145 2139 1200 2173 jam
1216 2129 1328 2166 credere
1352 2137 1422 2173 quod
1436 2137 1510 2164 Deus
1528 2138 1600 2163 esset
1616 2143 1623 2161 :
1649 2139 1676 2161 et
1696 2135 1731 2161 ita

945 2186 1030 2214 voluit
1054 2194 1177 2221 magnam
1201 2186 1259 2220 ejus
1275 2185 1355 2212 [idem
1386 2185 1428 2212 his
1445 2185 1528 2212 etiam
1554 2183 1599 2218 qui
1633 2189 1732 2217 seque-

909 2219 933 2247 ί)
947 2232 1057 2264 bantur,
1085 2219 1222 2266 detegere.
1256 2230 1371 2257 Intende
1386 2238 1451 2266 ergo
1482 2230 1515 2256 iis
1537 2237 1596 2264 qua:
1610 2235 1732 2262 sequun-

948 2282 1001 2304 tur.

982 2323 1059 2351 Vers.
1083 2324 1109 2350 8.
1138 2323 1214 2349 Et—
1228 2331 1311 2351 meus.
1328 2322 1387 2349 Non
1406 2329 1478 2352 sum,
1495 2321 1595 2356 inquit,
1623 2321 1732 2355 dignus,

946 2370 1007 2405 quia
1021 2375 1049 2397 tu
1062 2370 1131 2397 Deus
1140 2377 1169 2396 es
1184 2378 1190 2396 :
1221 2369 1267 2396 sed
1286 2373 1413 2403 tanquam
1423 2368 1596 2402 omnipotens
1608 2367 1650 2394 dic
1660 2367 1734 2393 nudo

947 2417 1030 2444 verbo
1043 2416 1114 2450 quod
1132 2415 1182 2447 vis,
1194 2420 1221 2442 et
1238 2415 1326 2450 ipsum
1340 2422 1447 2449 quoque
1459 2415 1573 2440 verbum
1592 2421 1661 2447 opus
1677 2413 1732 2439 ﬁet.

946 2462 1028 2489 Vides
1043 2462 1102 2489 lidei
1122 2461 1362 2496 magnitudinem?
1378 2460 1492 2495 Propter
1506 2460 1558 2487 hoc
1574 2467 1638 2494 ergo
1666 2458 1734 2485 dixit

945 2508 1069 2536 Christus
1084 2516 1090 2535 :
1108 2508 1164 2543 Ego
1176 2508 1281 2534 veniam
1296 2512 1318 2534 et
1333 2507 1429 2534 curabo
1443 2514 1513 2537 eum,
1535 2512 1564 2532 ut
1578 2505 1650 2531 dicat
1669 2512 1734 2531 cen-

947 2553 1032 2580 turio:
1052 2552 1112 2580 Non
1123 2561 1181 2579 sum
1199 2553 1293 2587 dignus
1306 2573 1312 2585 ,
1340 2557 1406 2583 etc.,
1431 2557 1459 2578 et
1480 2551 1515 2578 ita
1543 2549 1734 2578 manifestatur

946 2598 1074 2626 omnibus
1103 2606 1200 2633 magna
1233 2598 1299 2625 ﬁdes
1325 2598 1395 2632 ejus.
1421 2596 1477 2624 Nisi
1503 2597 1575 2624 enim
1607 2595 1734 2623 Christus

947 2645 1012 2671 illud
1025 2644 1147 2678 dixisset,
1165 2651 1337 2679 nequaquam
1360 2644 1413 2671 hoc
1429 2643 1556 2670 centurio
1571 2641 1732 2676 respondis-

946 2696 996 2721 set.
1013 2697 1040 2718 ct
1054 2699 1101 2722 eos
1118 2691 1163 2724 qui
1179 2691 1364 2726 sequebantur
1377 2689 1622 2717 omninolatuisset
1633 2691 1733 2723 quanta

949 2741 1008 2765 erat
1018 2738 1066 2765 viri
1084 2737 1159 2766 ﬁdes.
1174 2738 1241 2766 Vide
1257 2745 1367 2773 quoque
1386 2735 1556 2765 centurionis
1576 2734 1656 2763 verba
1673 2741 1733 2770 qum

711 2827 809 2858 Varias
825 2825 978 2859 lectiones
993 2831 1022 2858 et
1041 2832 1135 2859 notae.

151 2866 206 2901 (65)
222 2864 441 2903 εὐγνωμοσύνης.
456 2865 488 2892 Α.
