1925 3070
226 166 280 198 335

846 165 1039 197 EUTl’lYMll
1061 165 1240 197 ZIGABENI

1811 164 1867 197 336

226 221 324 256 inquit,
360 222 483 250 dormivit
524 227 552 249 ut
582 220 631 255 leo,
649 223 707 258 quis
731 222 868 249 suscitabit
900 231 958 249 eum
974 222 1019 248 “3?

1090 232 1158 255 αιος,
1167 224 1237 250 κατὰ
1253 222 1283 249 τὸ
1295 221 1547 257 εὐπαρῤηὶαστον.
1560 219 1678 253 Δίκαιος
1692 219 1757 255 γὰρ,
1769 222 1865 256 φησὶν,

226 267 321 295 Justus
343 268 424 295 etiam
455 268 497 295 leo
532 274 654 301 vocatur,
681 273 792 304 propter
820 268 1018 295 fortitudinem.

227 314 333 347 Justus,
348 315 396 347 ait,
412 315 487 350 quasi
501 318 539 342 leo
550 315 656 350 conﬁdit
671 316 702 342 ".
720 316 854 342 Prretcrca
875 319 902 341 ct
928 314 1022 341 diabo-

1071 271 1111 304 ὡς
1122 270 1201 297 λέων
1215 269 1338 296 πέποιθε
1350 276 1357 283 ο
1372 268 1442 294 λέων
1459 267 1488 293 δὲ
1501 267 1551 293 καὶ
1565 266 1580 292 ὀ
1593 265 1733 300 διάὸολος,
1745 269 1818 293 κατὰ
1833 267 1866 292 τὸ

1072 318 1209 353 ἀνήμερον
1225 316 1272 343 καὶ
1286 315 1432 350 αἱμοὸόρον
1445 322 1452 328 ·
1481 314 1531 346 Ὠς
1548 313 1627 340 λέων
1642 314 1708 347 γὰρ,
1719 313 1798 348 φησὶ,
1810 321 1865 340 πε-

229 361 272 388 lus
294 361 336 388 lco
352 359 466 393 dicitur,
480 368 514 387 eo
531 361 605 395 quod
624 361 737 388 immitis
764 361 798 387 sit
814 368 846 388 ac
860 360 1020 395 sanguinem

1091 363 1197 397 ιπατεῖ,
1206 362 1301 398 ζητῶν
1316 362 1383 388 τίνα
1397 360 1538 394 καταπίῃ.

228 410 316 434 voret.
335 406 366 435 Ut
390 405 441 439 leo,
482 407 581 442 inquit,
619 407 770 433 obambulat
795 414 914 441 quwrens
945 413 1021 441 quem

229 453 332 479 devoret
348 452 418 479 ¹⁰·⁸⁰.

265 497 343 525 Vers.
360 498 404 525 l7.
421 498 554 525 Attenuite
570 513 605 517 —
622 506 675 526 vos.
695 498 820 526 l‘raedicit
848 499 888 525 eis
917 498 1023 526 futuras

231 545 409 578 tentutiones,
433 552 571 572 exacuens
609 544 643 572 ad
670 545 831 572 certamina.
871 545 1020 578 Attendite,

229 590 326 625 inquit.
343 591 376 618 ab
393 590 559 623 hominibus,
580 591 632 618 hoc
645 596 697 623 est,
711 592 857 619 observate
877 592 1019 624 homines,

231 637 288 664 sive
301 637 425 671 pericula
443 637 477 664 ab
494 637 548 665 illis
565 641 733 672 exspectate.

265 725 343 753 Vers.
373 725 419 753 18.
460 725 543 752 Et—
573 734 624 753 me.
641 725 789 761 Postquam
816 727 884 754 dixit
913 735 973 762 quxe
1004 736 1019 755 a

232 771 334 799 .lndmis
348 772 456 807 passuri
468 777 557 803 erant.
570 780 646 800 nunc
660 773 742 801 etiam
757 773 823 801 dicit
847 781 906 809 qua:
916 774 950 802 ab
962 774 1022 802 aliis

230 819 371 853 gentibus.

269 863 346 890 Ἶρι-ε.
375 863 422 890 18⁸
451 863 484 891 In
513 879 547 885 —
579 863 708 900 gentibus.
735 864 776 892 Ad
801 865 1021 901 redargutionem

229 909 386 936 .ludzeorum
401 913 427 937 et
437 910 570 945 gentium,
578 917 613 937 ne
620 911 792 945 postmodum
803 911 894 939 dicere
907 913 1022 947 possint,

231 955 303 990 quod
320 956 544 991 [medicationem
568 963 623 984 non
655 957 794 985 audierint
822 966 830 985 :
861 958 889 985 in
919 963 1023 986 tantum

231 1000 305 1027 cnim
341 1000 467 1033 audient,
499 1005 530 1028 ut
551 1001 634 1028 etiam
662 1002 855 1036 praedicatores
870 1003 1023 1031 innumeris

232 1047 310 1074 malis
329 1046 459 1074 alliciant.

267 1092 346 1120 Vers.
366 1094 410 1121 l9.
429 1093 495 1120 Cum
512 1099 601 1121 autem
618 1109 652 1116 -—
665 1095 822 1130 loquamini.
853 1095 891 1122 Ne
907 1095 997 1123 dicant
1016 1105 1023 1122 :

233 1137 265 1165 Et
279 1146 332 1172 quo
347 1143 428 1173 pacto
443 1139 534 1166 idiota:
548 1147 580 1167 ac
601 1140 921 1176 illitterati'persuaderc
950 1147 1027 1176 pote-

231 1192 318 1212 rimus
330 1185 488 1213 rhetoribus
499 1193 530 1213 ac
544 1187 737 1222 philosophis?
747 1188 867 1223 primum
889 1189 960 1216 hanc
979 1197 1027 1217 eo-

231 1239 292 1258 rum
313 1231 394 1259 solvit
408 1232 610 1260 dubitationem
629 1233 726 1261 dicens
743 1243 751 1262 :
774 1234 816 1261 Ne
836 1235 946 1262 solliciti
969 1236 1026 1263 Iiiis

233 1277 363 1312 quomodo
380 1282 427 1304 aut
441 1279 505 1313 quid
518 1278 676 1314 loquamini.

268 1322 347 1350 νει-ει.
377 1323 421 1351 19.
465 1324 578 1352 Dabitur
609 1340 645 1346 ——
685 1325 842 1360 loquamini.
873 1327 988 1355 Dabitur
1017 1337 1024 1356 :

233 1376 248 1395 a
263 1376 307 1395 me
321 1369 459 1397 videlicet.
472 1370 536 1397 Haec
547 1376 638 1398 autem
659 1373 756 1399 iterum
771 1373 837 1400 dixit
848 1373 889 1400 eis
908 1377 1027 1401 instante

234 1414 325 1442 crucis
339 1416 482 1449 passione,
501 1417 611 1451 quando
628 1418 662 1445 de
677 1409 772 1446 mundi
789 1421 1027 1448 consummatione

239 1459 313 1486 illum
332 1461 583 1496 interrogaverunt.
595 1463 641 1489 Ait
653 1464 726 1490 enim
743 1463 842 1497 Lucas,
866 1465 938 1500 quod
962 1470 1028 1493 tunc

233 1505 316 1532 etiam
329 1506 502 1542 subjunxerit
516 1517 524 1535 :
542 1508 598 1544 Ego
613 1509 682 1536 dabo
697 1509 767 1537 vobis
780 1518 808 1537 os
818 1515 842 1537 et
857 1511 1027 1546 sapientiam,

1101 498 1270 533 Προσέχετε
1292 512 1327 517 -—
1344 496 1432 531 ὑμᾶς.
1453 495 1649 531 Προαναφωνεϊ
1670 494 1778 526 τούτοις
1801 496 1867 527 τοὺς

1075 547 1221 583 μέλλοντας
1239 546 1420 581 πειρασμιιὺς,
1437 544 1605 580 παραθήγων
1619 544 1659 574 είς
1671 543 1733 574 τοὺς
1744 543 1866 577 ἀγῶνας.

1073 593 1240 628 Προσέχετε
1248 592 1281 619 δὲ
1292 592 1351 619 ἀπὸ
1363 591 1422 617 τῶν
1433 590 1606 625 ἀνθρώπων,
1620 590 1680 616 ἀντὶ
1693 589 1751 621 τοῦ,
1763 589 1869 615 Φυλάτ-

1073 639 1150 665 τεσῦε
1164 638 1227 669 τοὺς
1242 636 1414 673 ἀνθρώπους,
1430 636 1529 668 εῐτουν,
1544 635 1717 671 νῐίροσδοκᾶτε
1728 634 1802 660 δεινὰ
1817 633 1867 660 ἀπ’

1074 684 1174 711 αὐτῶν.

1109 729 1164 757 Kal
1182 745 1216 751 ——
1233 728 1318 763 ἐμοῦ.
1343 728 1446 761 Εἰπὼν,
1465 728 1482 755 ἂ
1498 728 1698 764 ὑποστῆσονται
1724 729 1798 764 παρὰ
1813 729 1869 755 τῶν

1079 775 1329 806 Ἰουδαίων,λοιπὺν
1341 775 1473 808 λέγεικαὶ
1488 774 1505 801 ἃ
1519 774 1595 808 παρὰ
1605 774 1658 800 τῶν
1669 773 1757 800 ἄλλων
1769 774 1867 801 ἐθνῶν.

1108 869 1159 900 Εἰς
1172 882 1207 886 -
1224 867 1355 894 ἔθνεσιν.
1368 866 1415 897 Εἰς
1429 865 1540 901 ἔλεγχον
1566 865 1614 891 καί
1628 864 1683 891 τῶν
1710 865 1847 891 Ἰουδαίων
1858 885 1866 896 ,

1076 912 1123 939 καὶ
1140 912 1196 938 τῶν
1215 911 1311 942 ἐθνῶν,
1328 911 1371 937 ἵνα
1397 911 1434 945 μὴ
1460 910 1594 936 δύνωνται
1621 910 1712 943 λέγειν
1739 909 1867 944 ὕστερον,

1074 959 1115 985 ὅτι
1132 958 1182 984 οὐκ
1209 958 1331 992 ἥκουσαν
1358 956 1405 983 τοῦ
1433 956 1622 991 κηρύγματος.
1647 956 1781 982 Τοσοῦτον
1812 956 1870 991 γὰρ

1074 1004 1251 1037 ἀκούσουσιν,
1265 1003 1336 1030 ὥστε
1352 1004 1399 1030 καὶ
1423 1003 1486 1034 τοὺς
1504 1003 1629 1038 κήρυκας
1646 1002 1754 1037 μυρίοις
1771 1004 1868 1034 κακοῖς

1076 1051 1222 1078 ὑποϐαλεῖν
1227 1072 1233 1078 .

1112 1098 1201 1123 Ὅταν
1215 1095 1249 1122 δὲ
1264 1111 1300 1116 -
1310 1095 1475 1129 λαλήσετε.
1486 1094 1545 1121 Ἵνα
1564 1094 1601 1129 μὴ
1615 1093 1744 1127 λέγωσιν,
1756 1094 1797 1120 ὅτι
1813 1094 1871 1121 Καὶ

1077 1142 1145 1174 πῶς,
1173 1142 1277 1169 ἰδιῶται
1300 1142 1348 1168 καὶ
1373 1141 1564 1176 ἀγράμματοι,
1580 1141 1673 1166 πεῖσαι
1697 1139 1872 1175 δυνησόμεθα

1078 1189 1197 1224 ῥήτορας
1214 1188 1262 1214 καὶ
1282 1187 1467 1222 φιλοσόφους;
1485 1186 1690 1222 προθεραπεὺει
1706 1186 1754 1212 καὶ
1767 1185 1872 1220 ταύτην

1077 1236 1167 1263 αὐτῶν
1187 1235 1236 1271 τὴν
1251 1235 1369 1270 ἀπορίαν
1383 1234 1470 1268 λέγων
1483 1241 1492 1249 ’
1508 1233 1556 1266 Μὴ
1567 1232 1784 1267 μεριμνήσητε,
1804 1231 1871 1265 πῶς

1077 1283 1096 1317 ἢ
1106 1284 1134 1309 τί
1145 1282 1308 1315 λιιλὴσετε.

1113 1328 1277 1362 dominatur
1303 1343 1339 1347 —
1353 1327 1516 1361 λαλήσετε.
1544 1325 1703 1360 Δοθήσεται,
1721 1326 1785 1359 παρ’
1801 1325 1872 1360 ἐμοῦ

1078 1375 1189 1409 δηλαδή.
1207 1373 1302 1400 Ταῦτα
1317 1374 1346 1399 δὲ
1363 1371 1439 1399 εἶπεν
1456 1373 1547 1403 αὐτοῖς
1560 1372 1606 1398 καὶ
1618 1369 1875 1406 αὖθις.ὲγγίζοντος

1078 1420 1124 1447 τοῦ
1142 1420 1185 1446 διὰ
1198 1419 1314 1455 σταυροῦ
1341 1419 1455 1450 πάθους,
1481 1418 1525 1444 ὅτε
1543 1417 1607 1452 περὶ
1622 1417 1672 1451 τῆς
1689 1417 1736 1444 τοῦ
1764 1417 1873 1451 κόσμου

1080 1467 1235 1498 συντελείας
1263 1465 1410 1501 ἠρώτησαν
1436 1464 1528 1491 αὐτόν.
1555 1464 1625 1499 Φησὶ
1651 1463 1872 1498 γὰρὸΛουκᾶς,

1079 1513 1126 1540 καὶ
1149 1511 1302 1547 τηνικαῦτα
1328 1512 1416 1538 εἰπεῖν
1443 1509 1536 1541 αὐτον,
1550 1509 1590 1535 ὅτι
1605 1509 1681 1544 Ἐγὼ
1699 1507 1785 1535 δώσω
1799 1508 1876 1542 ὑμῖν

235 1552 277 1578 (ui
293 1560 343 1579 non
363 1558 486 1587 poterunt
516 1556 699 1582 contradicere
722 1561 770 1582 aut
797 1558 919 1584 resistere
940 1566 1026 1585 omnes

1089 1559 1178 1593 γτόμα
1199 1559 1248 1585 καὶ
1271 1558 1385 1592 σοφίαν
1408 1554 1428 1592 ᾖ
1441 1558 1476 1584 οὐ
1501 1555 1686 1588 δυνήσονται
1707 1553 1876 1587 ἀντειπεῖν,

234 1600 281 1631 qui
289 1599 465 1626 adversantur
475 1601 546 1628 vobis
555 1600 588 1628 ³¹.

270 1645 349 1674 Vers.
364 1646 410 1673 20.
426 1645 488 1673 Non
505 1661 540 1666 —
555 1647 699 1682 loquentes.
719 1647 776 1675 Hoc
802 1652 857 1682 est,
883 1649 930 1684 qui
963 1654 1029 1677 tunc

237 1696 396 1729 loquentur.
795 1705 797 1707 -

276 1738 351 1765 Vers.
363 1737 409 1764 ΞΟ.
422 1736 516 1764 Sed—
533 1737 614 1764 vobis.
631 1736 684 1765 Sed
701 1738 821 1773 Spiritus
841 1743 956 1767 sanctus
981 1740 1027 1774 qui

236 1785 357 1821 loquitur
373 1784 400 1811 in
411 1783 498 1811 vobis.

270 1831 350 1858 Vers.
365 1829 411 1857 21.
427 1828 524 1857 Prodet
535 1829 670 1864 —ﬁlium.
687 1830 727 1857 llli
744 1838 797 1857 non
805 1831 948 1859 credentes
959 1851 966 1862 ,
978 1832 1029 1859 hos

237 1877 354 1914 prodent
370 1876 476 1904 ﬁdeles.

272 1923 350 1952 Vers.
365 1923 412 1950 21.
430 1922 464 1949 Et
478 1937 514 1942 —-
528 1931 580 1950 eos.
600 1922 632 1950 Et
645 1923 771 1950 similiter
785 1923 818 1950 de
830 1924 872 1950 his
882 1923 1027 1952 dicendum

238 1973 290 1996 est.
309 1967 362 1995 Per
375 1967 425 1995 hos
439 1972 531 1995 autem
551 1967 734 1996 amicissimos
745 1968 827 1995 etiam
843 1968 911 1996 alios
927 1977 1027 2005 cogna-

237 2019 281 2041 tos
293 2017 320 2040 et
339 2013 487 2040 familiares
505 2012 640 2047 intelligit.

273 2069 351 2097 Vers.
379 2070 424 2098 22.
441 2070 476 2097 Et
488 2085 523 2092 --
548 2078 642 2097 nomen
668 2078 764 2097 meum.
782 2085 817 2090 -—-
833 2071 874 2098 Ab
890 2072 1028 2106 omn'bus,

239 2117 266 2144 id
292 2123 345 2147 cst.
364 2116 386 2143 A
402 2116 525 2152 pluribus
554 2125 562 2143 :
593 2124 657 2144 nam
673 2117 749 2144 multi
775 2118 848 2153 ipsos
863 2118 1027 2146 dilexerunt.

227 2162 289 2189 -Ἑει
303 2167 394 2190 autem
408 2166 435 2189 et
446 2162 497 2188 hoc
510 2161 658 2196 Scriptura:
674 2162 773 2189 idioma
784 2168 812 2189 ut
824 2164 942 2190 omnibus
956 2164 1030 2190 dicat

239 2217 290 2244 pro
317 2208 446 2244 pluribus.
467 2208 536 2235 Cum
559 2213 650 2235 autem
679 2209 806 2243 superius
830 2209 963 2236 addiderit
981 2209 1026 2238 ³¹ε

240 2254 357 2288 Propter
382 2262 433 2287 me,
449 2261 524 2281 nunc
540 2254 644 2281 addens
653 2254 735 2281 etiam
754 2263 760 2280 :
780 2253 895 2289 Propter
935 2263 1029 2282 nomen
1046 2245 1068 2273 θ

240 2308 340 2333 meum,
355 2300 529 2336 magnam-eis
542 2300 756 2328 consolationem
769 2308 800 2327 ac
812 2300 894 2327 animi
907 2301 1034 2329 alacrita-

242 2352 296 2374 tem
315 2346 420 2382 injecit,
447 2354 509 2373 cum
534 2353 696 2381 persuasum
726 2345 854 2378 habeant,
883 2347 955 2382 quod
980 2347 1034 2375 illis

236 2391 311 2420 adsit
332 2396 360 2419 et
373 2391 532 2423 auxilietur,
547 2391 594 2426 qui
613 2395 725 2426 propter
742 2391 830 2426 ipsum
845 2392 997 2427 patiuntur.

277 2437 410 2466 Vers.22.
429 2436 526 2471 Qui—
554 2437 643 2464 salvus
673 2437 732 2465 erit.
764 2436 827 2465 Tria
851 2439 939 2466 innuit
965 2448 1034 2474 prte-

241 2491 305 2512 sens
320 2484 444 2512 verbum.
461 2482 583 2510 Primum
597 2483 669 2518 quod
682 2490 736 2510 non
748 2483 835 2510 solum
852 2484 892 2511 eis
914 2492 983 2520 opus
995 2486 1031 2513 sit

241 2531 328 2564 ipsius
343 2529 455 2561 auxilio,
466 2529 513 2556 sed
524 2534 549 2556 et
569 2529 679 2564 propria
703 2528 865 2557 fortitudine
890 2539 897 2558 :
917 2536 947 2558 ut
975 2539 1031 2558 non

238 2576 316 2602 illius
335 2575 436 2607 solum,
454 2574 501 2602 sed
516 2579 543 2602 ct
560 2575 682 2609 ipsorum
698 2575 769 2602 bona
803 2575 858 2604 sint
881 2584 974 2611 opera.
1000 2577 1032 2604 Et

243 2621 316 2655 quod
346 2619 487 2655 defatigari
518 2627 572 2646 non
593 2624 727 2654 oporteat.
754 2620 820 2647 Nam
844 2628 904 2655 qua:
928 2620 1030 2648 utilitas

241 2671 284 2694 est
300 2666 439 2702 principii,
456 2666 529 2701 quod
559 2665 641 2692 linem
667 2673 723 2693 ncn
764 2666 875 2696 habet?
898 2666 1034 2694 Przeterca

245 2712 318 2746 quod
333 2712 367 2739 ad
388 2712 468 2738 linem
486 2719 573 2746 usque
590 2711 652 2738 vita:
668 2712 794 2739 adeunda
825 2712 880 2739 sint
902 2712 1034 2747 pericula.

281 2758 397 2794 Dignum
412 2763 454 2785 est
469 2762 571 2790 autem,
585 2761 615 2784 ut
631 2757 681 2784 hos
693 2757 860 2785 admiremur
873 2767 880 2785 :
899 2758 1035 2793 quomodo

244 2803 280 2832 τισὶ
317 2808 391 2831 tanta
421 2810 452 2830 ac
481 2803 542 2830 talia
585 2801 679 2830 emissi
714 2802 844 2836 pericula,
883 2802 1034 2836 audientes,

302 2874 323 2890 ”
339 2873 409 2902 Gen.
426 2881 498 2906 xux,
518 2874 544 2901 9.
602 2873 623 2888 "
639 2871 718 2899 Prov.
735 2879 830 2906 xum,
850 2872 876 2909 l.

933 2873 1016 2900 "-"l
1036 2873 1108 2900 l‘ctr.
1123 2882 1150 2906 ν,
1163 2872 1188 2899 8.

1081 1603 1153 1631 οὐδὲ
1165 1602 1342 1637 ἀντιστῆναι
1357 1602 1467 1634 πάντες
1480 1602 1507 1628 οι
1523 1601 1722 1634 ἀντικείμενοι
1736 1599 1818 1634 ὑμῖν.

1117 1651 1160 1678 Οὐ
1178 1665 1214 1670 —
1227 1649 1408 1682 λαλοῦντες.
1420 1649 1451 1675 Ol
1471 1647 1615 1679 λαλοῦντες
1633 1647 1704 1674 τότε.

1117 1739 1206 1767 Ἀλλὰ
1230 1754 1266 1761 --
1294 1739 1376 1774 ὑμῖν.
1409 1737 1490 1765 Ἀλλὰ
1505 1738 1535 1764 τὸ
1551 1737 1665 1773 Πνεῦμα
1689 1737 1719 1764 το
1735 1736 1823 1772 ἆγιον,
1839 1738 1877 1765 sb

1082 1786 1179 1813 λαλοῦν
1197 1786 1226 1812 ὲν
1245 1785 1308 1819 ὑμῖν
1324 1784 1396 1811 τότε.

1119 1831 1293 1866 Παραὸώσει
1306 1846 1338 1851 -
1355 1830 1471 1857 τέκνον.
1484 1830 1515 1856 Οἱ
1528 1830 1568 1865 μὴ
1584 1829 1795 1863 πιστεύσαντες,
1808 1829 1875 1862 τοὺς

1082 1879 1293 1909 πιστεύσαντας.

1120 1926 1173 1952 Καὶ
1188 1940 1223 1945 -—
1235 1923 1357 1956 αὐτούς.
1371 1923 1425 1949 Καὶ
1437 1919 1510 1950 οὗτοι
1524 1922 1636 1957 ὁμοίως.
1648 1922 1698 1949 Διὰ
1709 1922 1762 1949 τῶν
1778 1923 1878 1958 φιλτά-

1082 1981 1136 2000 των
1150 1972 1178 1998 δὲ
1206 1971 1321 2003 τούτων,
1338 1970 1387 1997 καὶ
1406 1969 1455 2000 τὰς
1473 1968 1556 1999 ἄλλας
1572 1968 1688 2004 ἐνέφηνε
1709 1970 1877 2003 συγγενεέας

1083 2019 1129 2045 καὶ
1144 2017 1322 2053 οἰκειότητας.

1119 2064 1172 2091 Καὶ
1186 2078 1221 2084 -—
1233 2063 1328 2097 ὄνομά
1336 2063 1487 2098 μου.’Υπό
1501 2063 1637 2096 πάντων,
1648 2063 1709 2090 ἀντὶ
1723 2061 1782 2095 τοῦ,
1802 2061 1878 2088 Ὑπὸ

1083 2110 1137 2136 τῶν
1151 2109 1294 2136 πλειόνων.
1313 2110 1409 2136 Πολλοὶ
1423 2110 1477 2147 γὰρ
1493 2111 1592 2141 αὐτοὺς
1609 2109 1767 2144 ἠγάπησαν.
1788 2107 1877 2134 Ὶδίω-

1085 2164 1124 2191 μα
1144 2156 1171 2183 δὲ
1192 2156 1239 2182 καὶ
1253 2155 1332 2182 τοῦτο
1352 2156 1498 2191 γραφικὸν,
1516 2156 1619 2188 πάντας
1633 2156 1735 2190 λέγειν,
1749 2153 1877 2185 καὶτοὺς

1085 2203 1222 2234 πλείονας.
1242 2203 1385 2240 ’Ᾱνωτέρω
1400 2203 1428 2230 δὲ
1439 2203 1579 2240 προσθεὶς.
1593 2204 1635 2230 ὅτι
1646 2203 1772 2229 Ἕνεκεν
1787 2200 1876 2235 ἐμοῦ,

1083 2250 1129 2276 καὶ
1144 2249 1192 2276 νῦν
1207 2249 1236 2276 δὲ
1252 2249 1344 2281 πάλιν,
1362 2250 1403 2276 ὅτι
1423 2251 1474 2276 Διὰ
1500 2250 1533 2277 τὸ
1548 2248 1643 2284 ὄνομά
1666 2256 1743 2283 μου·
1771 2247 1877 2283 πολλὴν

1085 2295 1261 2331 παράκλησιν
1275 2295 1322 2322 καὶ
1338 2295 1496 2331 προθυμίαν
1519 2295 1612 2325 αὐτοῖς
1627 2294 1750 2326 ἐνέϐαλε,
1774 2301 1877 2320 πεπει-

1085 2341 1207 2375 σμένοις,
1226 2341 1269 2367 ὅτι
1286 2341 1479 2376 συμπαρέσται
1496 2341 1542 2367 καὶ
1556 2340 1734 2375 ἀντιλήψεται
1748 2339 1803 2365 τῶν
1818 2347 1876 2365 πα-

1084 2386 1202 2422 σχόντων
1214 2386 1247 2413 δι¹
1258 2386 1349 2413 αὐτόν.

1124 2431 1158 2459 ’0
1171 2446 1204 2451 --
1219 2430 1399 2464 σωθήσεται.
1411 2430 1482 2465 Τρία
1496 2431 1526 2457 τὸ
1537 2430 1624 2465 παρὸν
1637 2430 1767 2465 ἐμφαίνει
1777 2430 1876 2465 ῥητόν·

1082 2478 1122 2504 ὃτι
1138 2478 1168 2503 οὐ
1191 2477 1271 2512 μόνον
1293 2476 1372 2511 χρεία
1389 2476 1441 2510 τῆς
1457 2475 1522 2511 παρ’
1541 2477 1624 2504 αὐτοῦ
1645 2476 1784 2511 βοηθείας,
1803 2475 1878 2503 ἀλλὰ
1910 2490 1912 2516 ί

1083 2523 1190 2558 καὶτῆς
1211 2523 1300 2550 αὐτῶν
1314 2522 1473 2557 καρτερίας,
1490 2523 1535 2550 ἴνα
1552 2523 1590 2558 μὴ
1603 2522 1687 2549 αὑτοῦ
1703 2522 1878 2558 μόνον,ἀλλὰ
1909 2517 1911 2558 l

1082 2570 1130 2597 καὶ
1141 2569 1231 2597 αὐτῶν
1259 2569 1377 2603 γίνοιντο
1403 2571 1438 2596 τὰ
1465 2569 1680 2605 κατορθώματα·
1697 2570 1743 2596 καὶ
1769 2569 1811 2595 δτι
1842 2569 1877 2596 οὐ

1084 2617 1137 2652 χρὴ
1150 2617 1320 2652 ἀποκάμνειν
1332 2625 1338 2632 ·
1353 2617 1380 2643 τί
1400 2617 1454 2652 γὰρ
1470 2617 1567 2651 ὄφελος
1580 2617 1678 2653 ἀρχῆς,
1690 2617 1740 2643 οὐκ
1754 2616 1877 2652 ἐχούσης
1910 2619 1911 2658 i

1085 2664 1180 2696 τέλυς;
1197 2663 1244 2690 καὶ
1259 2663 1301 2690 ὅτι
1313 2663 1395 2698 μέχρι
1407 2663 1501 2696 τέλους
1518 2663 1591 2699 ζωῆς
1609 2663 1698 2691 αὐτῶν
1712 2662 1880 2699 παραταθή-
1909 2668 1911 2677 '

1086 2717 1161 2736 σεται
1172 2708 1206 2735 τὰ
1217 2708 1299 2735 δεινά.
1908 2727 1910 2742 ι

1121 2755 1269 2790 Θαυμάσαι
1283 2755 1311 2781 δὲ
1321 2755 1433 2787 τούτους
1444 2756 1530 2789 ἄξιον,
1544 2756 1603 2788 πῶς
1617 2757 1657 2788 εἰς
1669 2756 1813 2787 τοσούτους
1826 2755 1880 2782 καὶ

1086 2801 1224 2832 τοιούτους
1242 2800 1382 2833 κινδύνους
1399 2802 1641 2838 ἀποστελλόμενοι,
1655 2803 1702 2828 καὶ
1718 2803 1810 2829 πᾶσαν
1825 2802 1889 2837 μὲν
1909 2792 1911 2823 Ὺ

1248 2873 1269 2888 ³⁸
1284 2872 1350 2900 Luc.
1363 2872 1407 2906 21,
1428 2872 1470 2900 15.
1527 2874 1548 2890 ³³
1566 2873 1661 2901 Matth.
1678 2882 1703 2907 Χ,
1726 2873 1767 2902 18.
