1925 3070
63 146 122 180 337

541 154 734 190 COMMENT.
754 158 796 190 IN
817 159 1056 193 MATTIL'EUM.
1078 175 1111 180 —
1131 162 1210 195 CAP.
1230 164 1266 194 X;

1649 167 1703 200 338

61 207 115 243 τὴν
128 207 295 244 οἰκουμένην
306 209 441 246 πολεμίαν
456 210 528 248 ἔχειν
539 212 698 249 ἀκούοντες,
712 218 778 251 παρ’
793 217 859 252 ὅλην

911 219 984 254 quod
996 220 1156 249 universum
1167 222 1261 250 orbem
1276 222 1417 252 inimicum
1434 224 1579 259 haberem,
1592 230 1703 262 tutaque

61 253 92 280 δὲ
110 253 295 289 πειράζεσθαι
307 255 357 291 τὴν
372 255 456 292 ζωὴν,
472 258 522 286 οὐκ
541 259 708 294 ἐδειλίασάν,
719 262 775 290 οὐδ’
791 264 858 300 ἐζή-

60 308 151 334 τησαν
167 301 329 337 ἀπαλλαγὴν
347 303 402 330 τῶν
426 304 538 338 δεινῶν;
568 307 722 343 ’Υπήκουον
739 310 803 346 γὰρ,
821 311 860 343 ὡς

60 346 202 379 εὐπειθεῖς
219 348 258 383 τῷ
273 348 440 386 διδασκάλῳ,
456 352 504 379 καὶ
515 352 652 389 ὲθάῤῥουν
667 355 705 386 ὡς
720 357 812 384 πιστοὶ
823 359 857 393 τῇ

59 396 179 432 δυνάμει
199 399 246 424 τοῦ
260 398 485 433 ἀποστέλλοντος.
511 402 714 438 Μεμαθηκότες
739 404 766 431 δὲ
792 406 856 438 καὶ,

59 444 103 470 ὅτι
121 445 251 471 τοσοῦτον
269 446 375 481 ἰσχύσει
397 447 429 474 τὸ
448 448 580 484 κήρυγμα
606 451 656 486 τῆς
671 453 802 483 πίστεως,
817 453 857 484 ὡς

59 488 189 516 διαλύσαι
203 491 252 517 καὶ.
265 491 315 526 τὴν
327 492 514 529 ἀδαμαντίνην
536 496 656 531 στοργὴν
667 497 719 532 τῆς
736 498 856 533 φύσεως,

59 536 110 562 καὶ
140 536 190 567 τὰς
220 538 329 572 σχέσεις
355 539 485 574 ἀλλήλαις
514 541 720 576 ἐκπολεμῶσαι,
756 545 858 579 μᾶλλον

59 581 296 618 ἀνηρεθίσθησαν,
318 585 365 612 καὶ
380 587 564 621 νευρωθέντες
585 588 679 615 λοιπδν
694 591 755 621 ταῖς
768 591 857 626 ἀναμ-

38 637 39 640 π
58 627 183 661 φιὸόλοις
196 629 289 656 ἐλπίσι
306 630 353 657 τοῦ
369 632 532 667 κατορθοῦν,
553 633 735 668 ἀπεδύσαντο,
751 636 857 664 δώδεκα

59 674 150 708 μόνοι,
164 675 234 710 πρὸς
251 675 362 703 ἅπασαν
377 677 426 713 τὴν
441 679 608 715 οἰκουμένην
619 701 626 712 ,
656 677 728 718 ᾗτινι
744 691 856 718 συμπα-

61 721 211 755 ρετάττετο
227 723 390 750 κατάὺτῶν
401 725 448 751 καὶ
462 726 476 751 6
487 726 613 759 διάϐολος
630 728 698 763 μετά
714 730 768 756 τῶν
781 731 857 757 ἀπείο

59 775 117 800 ρων
133 767 218 795 αὑτοῦ
231 768 380 804 δαιμόνων,
398 771 446 798 καὶ
463 772 651 808 νενικήκασιν,
674 775 724 801 οὐκ
745 776 856 803 ἀνελόν-

57 821 106 845 τες
129 814 194 845 τοὺς
221 815 370 848 ἐναντίους,
394 816 463 844 ἀλλά
493 819 778 855 μεταρρυθμίσαντες.
808 823 854 850 καὶ

56 858 196 894 δαιμόνων
209 859 265 895 (24)
285 861 359 893 ἴσους
372 861 511 897 λαϐόντες⁷
525 865 652 899 ἀγγέλων
669 866 742 899 ίσους
760 868 854 904 ὲποίηα
870 889 889 916 Β

57 913 120 932 σαν.

109 954 192 980 Οταν
206 952 241 980 δὲ
256 969 288 974 -
302 955 414 989 ἄλλην.
431 956 523 983 Είπὼν
543 958 577 984 τὰ
599 958 669 992 μετὰ
685 958 733 995 τὴν
749 961 851 995 ἀνάλη-

55 998 103 1032 ψιν
115 999 200 1025 αὐτοῦ
215 1000 427 1036 συμϐησόμενα,
442 1002 523 1028 πάλιν
541 1003 630 1038 ἤγαγε
647 1004 693 1030 τὸν
707 1004 787 1038 λόγον
805 1007 852 1032 ἐπὶ

55 1044 91 1070 τὰ
107 1043 162 1079 πρὸ
184 1044 232 1071 τοῦ
258 1046 392 1081 σταυροῦ.
418 1047 532 1075 Κελεύει
550 1048 580 1075 δὲ
600 1049 723 1083 φεύγειν,
747 1052 795 1086 οὐχ
813 1051 852 1084 ὡς

55 1089 172 1122 δειλοὺς,
193 1091 251 1117 ἀλλ’
262 1092 299 1122 ὡς
316 1092 512 1125 διωκομένους,
529 1094 560 1121 '0
579 1094 607 1120 δὲ
628 1095 761 1131 Θεολόγος
777 1098 850 1133 Γρη-

55 1135 151 1170 γόριος
170 1137 333 1172 ἑρμηνεύων
345 1139 425 1165 τοῦτό
440 1148 534 1174 φησιν,
556 1141 597 1168 ὅτι
615 1142 703 1176 φειδοῖ
717 1143 772 1170 τῶν
785 1144 850 1171 διω-

56 1182 162 1209 κόντων
180 1183 228 1210 καὶ
248 1184 303 1211 τῶν
329 1184 552 1220 ἀσθενεστέρων·
579 1187 627 1214 καὶ
650 1188 712 1214 οὐδὲ
737 1191 849 1226 μακρὰν

56 1229 181 1264 φεύγειν,
198 1230 257 1257 ἀλλ’
281 1231 335 1257 ἀπὸ
350 1231 453 1267 ταύτης
478 1233 529 1268 τῆς
547 1233 653 1266 πόλεως
673 1235 713 1266 είς
730 1235 848 1271 ἐκείνην,

57 1278 100 1304 ινα
118 1278 256 1313 μηδεμίαν
281 1280 499 1316 παραλείψωσιν,
524 1281 564 1313 είς
589 1281 624 1317 ἢν
637 1282 688 1308 οὐκ
705 1282 761 1318 (25)
784 1284 847 1318 ἀφί-

57 1325 137 1357 ξοντα
142 1334 161 1353 ι.

98 1371 195 1406 Ἀμὴν
210 1387 246 1392 -
268 1373 322 1400 τοῦ
347 1374 515 1410 ἀνθρώπου.
535 1377 608 1410 Ἕως
628 1379 662 1406 ἂν
687 1379 752 1417 ἔλθῃ
779 1380 848 1415 πρὸς

57 1418 142 1453 ὑμᾶς.
156 1418 244 1446 Τοῦτο
253 1420 281 1446 δὲ
298 1421 366 1455 πρὸς
384 1422 565 1457 ψυχαγωγίαν
585 1425 632 1451 καὶ
647 1425 779 1460 ἀνάψιιειν
796 1427 848 1453 αὐ-

55 1464 112 1490 τῶν
129 1462 202 1496 εἷπε,
229 1465 358 1500 βεϐαιῶν,
384 1468 425 1494 ὅτι
441 1469 540 1497 θᾶττον
557 1470 669 1503 τούτους
691 1473 846 1509 καταλάϐῃ,

57 1510 110 1544 πρὸ
125 1510 173 1537 τοῦ
190 1512 346 1545 περιελθεῖν
370 1514 472 1546 αὐτοὺς
500 1516 590 1547 πάσας
608 1516 656 1550 τὰς
673 1517 767 1549 πόλεις
792 1519 847 1546 τῶν

61 1556 209 1589 Ἰουδαίων,
222 1558 316 1592 ἤγουν,
332 1560 386 1594 πρὸ
406 1560 452 1586 τοῦ
468 1561 584 1588 διελθεῖν
599 1562 664 1597 ὃλην
681 1563 730 1598 τὴν
746 1564 848 1592 Παλαι-

57 1603 163 1638 στίνην.
176 1604 276 1639 Ἤρκει
288 1605 354 1640 γὰρ,
367 1607 414 1633 καὶ
431 1607 510 1641 μόνον
526 1608 669 1642 ἐπιφανεὶς
685 1609 776 1641 αὐτοῖς
788 1611 849 1637 ἀντὶ

55 1650 147 1686 πάσης
161 1652 372 1686 παρακλήσεως,
389 1653 476 1684 οὕτως
492 1654 697 1690 ἐλαυνομένοις,
715 1657 729 1682 ὃ
741 1656 773 1692 δὴ
787 1657 849 1683 τότε

55 1697 103 1723 καὶ
122 1698 285 1732 πεποίηκεν,
307 1698 346 1730 ὡς
359 1699 505 1734 ὑπέσχετο.
526 1701 603 1727 Ἐπεὶ
621 1701 649 1728 δὲ
663 1703 712 1729 καὶ
727 1703 850 1738 βλασφη-

55 1744 167 1777 μεῖσθαι
181 1745 255 1779 παρὰ
269 1745 324 1771 τῶν
339 1745 494 1773 διωκόντων
507 1747 633 1782 ἔμελλον,
650 1749 696 1775 καὶ
711 1748 756 1775 διὰ
770 1749 848 1776 τοῦτο

53 1789 212 1821 δάκνεσθαι,
237 1791 443 1826 παραμυῢεῐται
464 1793 512 1819 καὶ
533 1793 612 1820 τοῦτο
628 1794 660 1820 τὺ
684 1795 779 1829 μέρος,
794 1796 848 1822 ἀπὸ

53 1837 101 1864 τοῦ
123 1837 184 1863 καθ’
199 1837 298 1864 ἑαυτὸν
317 1838 529 1874 ὑποδείγματος,
549 1840 634 1867 είπών
648 1849 656 1856 ·

93 1929 155 1954 οὐκ
166 1943 202 1948 --
216 1927 270 1955 τὸν
288 1930 393 1964 κύριον
411 1930 516 1957 αὐτοῦ.
540 1929 691 1965 Ἀπόφασιν
707 1932 757 1966 μὲν
771 1932 847 1966 λέγει

53 1975 150 2008 κοινὴν
164 1975 211 2001 καὶ
236 1975 304 2001 πᾶσι
326 1975 477 2011 γνώριμον,
507 1977 698 2012 προσαρμόζει
713 1978 741 2004 δὲ
759 1979 845 2014 ταύτῃ

53 2023 90 2049 τὰ
109 2022 173 2050 καθ’
197 2023 306 2054 ἑαυτὸν,
323 2023 366 2050 ἵνα
395 2023 491 2058 μηδεὶς
516 2023 669 2057 ἀντιλέγειν
698 2023 765 2059 ἔχοι.
789 2025 847 2051 Οὐκ

54 2069 130 2095 ἔστιν
154 2069 250 2102 ὅντως,
279 2069 340 2096 οὔτε
366 2069 492 2105 μαθητὴς
521 2070 717 2106 κρείττωντοῦ
743 2071 845 2097 οἰκείου

53 2114 227 2147 διδασκάλου,
243 2115 304 2141 οὔτε
319 2115 412 2147 δοῦλος
429 2116 561 2151 κρείττων
573 2115 621 2141 τοῦ
641 2116 736 2150 κυρίου
750 2115 844 2149 αὐτοῦ,

52 2161 108 2192 ἕως
120 2160 152 2187 ἂν
167 2161 181 2187 ὁ
191 2161 240 2195 μὲν
255 2161 297 2195 εἴη
315 2161 451 2198 μαθητὴς,
463 2163 476 2188 ὀ
495 2162 524 2188 δὲ
536 2162 640 2194 δοῦλος.
656 2162 772 2197 ’Ύφεσις
788 2163 844 2199 (ΞΘ)

54 2208 110 2242 γάρ
126 2208 184 2234 ἐστι
209 2208 257 2234 καὶ
280 2208 311 2238 τὸ
320 2208 507 2241 ,διδάσκεσθαι
523 2208 570 2236 καὶ
585 2209 615 2235 τὸ
629 2209 776 2242 δουλεύειν,
797 2210 844 2236 καὶ

54 2255 116 2281 κατ’
134 2253 200 2280 αὐτὸ
222 2254 301 2280 τοῦτο
319 2255 429 2285 πάντως
452 2255 507 2290 (27)
525 2255 724 2290 ὑποϐεὸήκασι.
743 2255 844 2282 Λοιπὸν
861 2249 883 2276 ο

53 2301 101 2328 οὖν
115 2301 170 2327 οὐδ’
183 2301 262 2336 ὑμεῖς
278 2303 339 2328 ἐστε
356 2301 427 2337 ὑπὲρ
443 2302 504 2337 ἐμὲ,
520 2302 567 2328 τὸν
586 2302 748 2329 διδάσκαλον
767 2303 844 2337 ὑμῶν

54 2348 102 2374 καὶ
113 2347 155 2374 Κύ
162 2356 230 2383 ριον.

89 2393 228 2428 Ἀρκετὸν
242 2409 277 2414 -
300 2395 316 2420 ὁ
333 2393 519 2427 διδάσκαλος
543 2395 647 2422 αὐτοῦ.
681 2395 775 2430 Ἀρκεῖ
789 2397 845 2426 τοῖς

55 2441 190 2476 μαθηταῖς
206 2441 269 2475 ὑμῖν
285 2441 325 2471 είς
350 2440 539 2475 παραμυθίαν,
570 2440 612 2467 ἵνα
635 2441 751 2477 γένησθε
777 2441 844 2477 βλα-

54 2487 256 2522 σφημούμενοι,
276 2486 314 2518 ὡς
329 2486 385 2521 ἐγὼ
403 2488 417 2512 ὁ
433 2487 592 2518 διδάσκαλος
608 2487 695 2522 ὑμῶν,
710 2487 757 2514 καλ⁸
772 2488 844 2522 μέγα

54 2534 120 2568 ὑμῖν
134 2533 175 2565 τὸ,
188 2534 235 2559 καὶ
251 2534 279 2559 ἐν
294 2535 350 2565 τοῖς
364 2534 496 2565 τοιούτοις
507 2533 670 2568 ὲξισωθῆναί
687 2542 743 2569 μοι.

88 2579 144 2606 Kal.
163 2580 178 2605 ό
194 2578 304 2611 δοῦλος
320 2594 355 2599 -
375 2579 478 2606 αὺτοῦ.
498 2579 660 2606 Ἐλκυστέον
679 2579 727 2606 καὶ
743 2579 789 2606 ἐπὶ
813 2579 844 2606 τὸ

54 2625 138 2660 ρητὺν
149 2624 230 2651 τοῦτο
247 2624 329 2651 πάλιν
343 2625 385 2658 τὸ,
401 2626 529 2661 ἀρκετὸν,
547 2625 591 2652 ἵνα
602 2626 727 2660 γένηται.

87 2671 124 2697 Et
144 2686 177 2691 —
190 2670 359 2702 οικειακοὺς
379 2671 483 2698 αὐτοῦ.
511 2670 676 2703 Βεελζεϐοὺλ
689 2669 844 2705 ὠνόμαζον,

911 264 966 292 vita
983 273 1032 293 sua
1045 270 1218 294 tentarentur
1231 276 1239 295 :
1253 275 1310 296 non=
1325 269 1515 297 detrectarunt
1537 271 1703 305 periculum,

911 319 999 346 neque
1016 313 1205 341 liberationem
1217 322 1232 341 a
1257 314 1337 342 malis
1351 320 1549 350 poposcerunt.
1564 316 1701 344 Parehant

911 356 984 384 cnim
1002 361 1131 393 tanquam
1146 359 1276 394 morigeri
1290 360 1445 396 magistro:
1468 365 1496 388 et
1515 361 1699 394 conﬁdebant,

911 407 1007 437 utpote
1025 404 1128 438 ﬁdeles,
1138 405 1172 433 de
1188 406 1308 440 potentia
1326 406 1492 434 emittentis.
1503 407 1574 434 Cum
1608 412 1700 435 autem

909 449 1082 484 didicissent,
1095 451 1168 485 quod
1184 456 1287 478 tantam
1304 451 1418 480 haberet
1445 453 1508 480 ﬁdei
1542 453 1702 488 pmdicatlo

910 494 1114 528 fortitudinem,
1144 500 1174 524 ut
1204 497 1412 525 adamantinum
1446 505 1556 533 quoque
1598 504 1703 527 natura:

909 548 1031 568 amorem
1055 541 1230 575 dissolveret.
1257 543 1342 571 variis
1366 543 1512 571 alleclibus
1544 551 1575 571 sc
1607 550 1703 572 mutuo

908 585 1094 620 vincentibus,
1110 588 1196 623 magis
1215 589 1319 616 incitati
1331 593 1408 621 sunt,
1421 589 1576 625 additisque
1586 591 1701 623 viribus.

909 633 1064 661 indubitata
1087 642 1135 670 spe
1151 635 1281 670 deinceps
1305 637 1413 671 egregia
1436 644 1519 671 opera
1538 638 1700 669 exhibendi.

909 679 959 707 soli
977 679 1120 707 duodecim
1136 674 1257 716 aggressi
1287 686 1352 709 sunt
1374 682 1469 710 orbem
1504 683 1662 710 universum
1693 691 1700 710 :

907 732 1039 759 cumquo
1056 726 1188 754 adversus
1205 727 1265 754 illos
1281 735 1311 754 se
1322 727 1447 756 diabolus
1473 729 1612 764 opposuit.
1637 728 1703 763 jun-

907 772 959 800 ctis
975 780 1069 800 secum
1086 773 1242 801 innumeris
1259 773 1415 801 damoniis.
1432 772 1472 801 Illi
1500 781 1564 801 vero
1577 774 1703 802 obtinue-

909 823 975 846 runt
993 818 1147 852 victoriam,
1162 827 1216 846 non
1230 819 1428 847 interﬁcientes
1449 819 1635 853 adversarios,
1651 821 1701 848 sed

907 862 959 890 sibi
969 866 1231 898 connumerantes}:
1250 869 1277 893 et
1301 873 1370 900 quos
1389 865 1561 894 dmmonibus
1582 867 1701 901 aequales

911 915 1091 944 acceperunt,
1108 911 1213 946 angelis
1228 911 1335 939 similes
1349 911 1541 940 reddiderunt.

941 965 1021 994 Vers.
1036 966 1082 994 23.
1100 966 1166 994 Cum
1182 972 1269 994 autem
1277 968 1416 995 —'aliam
1429 989 1436 996 .
1448 968 1596 1006 Postquam
1625 970 1697 998 dixit

909 1020 972 1047 quae
984 1016 1047 1047 post
1061 1014 1251 1042 ascensionem
1266 1022 1344 1042 suam
1356 1019 1437 1042 erant
1461 1021 1607 1048 eventura,
1642 1025 1701 1044 ser-

905 1066 1014 1086 monem
1040 1059 1073 1086 ad
1103 1067 1135 1087 ea
1157 1060 1292 1093 reduxit,
1307 1068 1368 1095 quae
1391 1065 1456 1088 ante
1476 1070 1585 1090 crucem
1607 1063 1700 1094 futura

905 1109 984 1132 erant
1001 1125 1007 1131 .
1020 1104 1103 1132 Jubet
1118 1110 1208 1133 autem
1223 1105 1328 1141 fugere,
1349 1113 1405 1133 non
1424 1111 1554 1142 tanquam
1572 1108 1697 1142 timidos,

905 1150 953 1178 sed
968 1154 1097 1184 tanquam
1113 1158 1160 1178 eos
1171 1151 1216 1185 qui
1225 1152 1399 1187 expelluntur
1416 1172 1424 1179 .
1436 1152 1537 1180 Verum
1550 1153 1622 1181 sicut
1631 1154 1700 1182 Gre-

904 1196 995 1232 gorius
1008 1196 1164 1231 Theologus
1178 1197 1382 1232 interpretatur,
1400 1198 1481 1233 jubet
1503 1203 1533 1226 ut
1547 1199 1700 1228 miserean-

903 1246 948 1269 tur
961 1243 1184 1277 persequentium
1209 1247 1237 1270 et
1250 1243 1473 1277 imbecilliorum,
1489 1252 1541 1272 nec
1555 1245 1635 1280 longe
1653 1245 1698 1273 iu-

902 1288 977 1322 giant
992 1309 999 1321 ,
1015 1288 1062 1315 sed
1071 1288 1105 1316 ab
1116 1289 1168 1316 hac
1179 1289 1289 1317 civitate
1301 1289 1328 1316 in
1340 1289 1412 1317 illam
1422 1312 1429 1323 ,
1446 1298 1481 1318 ne
1493 1290 1574 1318 ullam
1585 1297 1699 1327 prater—

903 1339 975 1365 eant,
1004 1335 1037 1362 ad
1051 1342 1131 1368 quam
1143 1343 1198 1362 non
1224 1336 1396 1371 perveniant.

898 1388 903 1394 '
937 1381 1015 1408 Vers.
1027 1381 1072 1409 25.
1089 1380 1172 1408 Amen
1183 1397 1218 1402 —
1231 1382 1555 1419 hominis.—Priusquam
1565 1385 1651 1411 veniat
1662 1386 1697 1412 ad

902 1434 957 1453 vos.
992 1426 1050 1453 Hoc
1061 1430 1154 1454 autem
1168 1427 1200 1454 ad
1213 1426 1343 1454 solatium
1359 1432 1387 1455 et
1403 1427 1578 1464 refrigerium
1601 1437 1697 1458 eorum

902 1471 979 1505 dixit,
996 1472 1173 1504 conﬁrmans,
1191 1473 1264 1507 quod
1280 1473 1361 1501 citius
1383 1481 1431 1501 cos
1445 1479 1518 1502 esset
1530 1475 1583 1503 sibi
1598 1476 1698 1511 adjun-

901 1523 998 1546 cturus
1011 1538 1018 1551 ,
1035 1527 1117 1554 quam
1132 1519 1186 1554 ipsi
1207 1527 1304 1547 omnes
1319 1520 1476 1548 Judazorunt
1491 1522 1616 1550 civitates
1643 1523 1697 1550 cir-

861 1571 882 1599 c
898 1567 1045 1600 cumircnl,
1062 1567 1120 1595 sive
1137 1572 1283 1603 antequam
1302 1569 1335 1596 ad
1355 1570 1512 1597 universam
1525 1570 1697 1599 Palaestinam

901 1613 1076 1642 accederent.
1096 1613 1253 1642 Suiliciebat
1263 1615 1334 1642 enim
1347 1623 1397 1650 pro
1406 1617 1481 1643 omni
1496 1617 1694 1651 c0nsolalionc,

902 1665 932 1686 ut
949 1660 1005 1686 illis
1018 1660 1085 1687 adeo
1095 1660 1241 1695 exagitatis
1258 1666 1402 1696 appareret
1417 1663 1508 1697 :quod
1534 1671 1600 1691 sane
1627 1667 1693 1692 tunc

901 1705 982 1732 etiam
999 1705 1075 1738 fecit,
1086 1705 1157 1733 sicut
1168 1706 1303 1740 promisit.
1317 1706 1386 1740 Quia
1401 1712 1491 1735 autem
1508 1707 1628 1736 futurum
1638 1713 1696 1737 erat

902 1758 932 1780 ut
945 1753 979 1781 ab
996 1753 1096 1788 bisqui
1112 1761 1142 1781 se
1160 1759 1398 1789 persequerentur
1409 1776 1416 1787 ,
1431 1755 1594 1783 calumniam
1611 1757 1697 1784 susti-

899 1803 999 1826 nerent
1013 1818 1021 1831 ,
1033 1803 1061 1826 et
1074 1799 1135 1827 ideo
1152 1799 1267 1827 moleste
1290 1799 1395 1826 ferrent
1412 1808 1417 1825 :
1438 1807 1522 1834 super
1537 1801 1589 1827 hoc
1611 1802 1694 1828 etiam

899 1846 1111 1872 consolationem
1124 1845 1204 1873 affert
1219 1867 1226 1878 ,
1236 1846 1335 1880 partim
1352 1854 1366 1872 a
1384 1846 1495 1880 proprio
1510 1847 1645 1881 exemplo,
1667 1849 1698 1876 et

898 1891 932 1918 ab
950 1891 991 1918 lllS
1023 1899 1083 1926 quae
1099 1891 1150 1919 sibi
1167 1891 1220 1926 ipsi
1241 1892 1411 1924 accidebant,
1428 1892 1522 1919 dicens
1548 1900 1556 1918 :

934 1936 1012 1963 Vers.
1029 1937 1074 1963 24.
1109 1936 1173 1964 Νοη
1185 1952 1221 1957 --
1236 1938 1372 1964 dominum
1389 1946 1480 1965 suum.
1511 1938 1693 1968 Communem

897 1982 1003 2018 profert
1023 1983 1201 2016 sententiam,
1215 1991 1330 2018 quaeque
1348 1984 1476 2012 omnibus
1499 1988 1563 2012 nota
1578 1990 1621 2013 est
1636 1996 1642 2013 :
1666 1992 1696 2014 et

898 2029 962 2056 huic
975 2029 1086 2063 adoptat
1103 2050 1109 2062 ,
1124 2037 1185 2064 quae
1200 2029 1272 2056 circa
1282 2037 1311 2057 se
1327 2029 1465 2061 accidunt,
1479 2031 1610 2058 utnullus
1629 2039 1694 2067 pos-

898 2074 932 2101 sit
950 2074 1148 2102 contradicere.
1174 2074 1244 2102 Vere
1259 2075 1332 2102 enim
1349 2075 1385 2102 ita
1412 2081 1465 2108 est,
1505 2077 1578 2111 quod
1603 2085 1694 2112 neque

897 2120 1049 2155 discipulus
1061 2128 1110 2148 suo
1126 2121 1255 2156 magistro
1264 2121 1438 2155 praestantior
1450 2125 1492 2149 est
1504 2142 1511 2154 ,
1527 2129 1616 2157 neque
1634 2131 1693 2151 ser-

897 2174 947 2194 vus
963 2175 1012 2194 suo
1028 2167 1156 2194 domino:
1170 2167 1234 2194 dum
1247 2167 1292 2195 ille
1303 2167 1452 2202 discipulus
1477 2168 1568 2202 fuerit,
1585 2173 1613 2197 et
1641 2170 1693 2198 iste

897 2217 1002 2238 servus.
1014 2210 1081 2238 Nam
1091 2210 1226 2246 subiectio
1239 2211 1362 2246 quaedam
1371 2216 1414 2239 est
1423 2212 1515 2240 doceri
1533 2220 1565 2240 ac
1578 2213 1693 2248 servire,

896 2262 924 2285 et
941 2258 1090 2285 secundum
1099 2258 1152 2285 hoc
1163 2258 1252 2293 ipsum
1265 2259 1378 2286 omnino
1390 2259 1504 2295 subjecti
1514 2264 1588 2288 sunt.
1598 2260 1696 2296 itaque

895 2311 984 2339 neque
996 2311 1044 2332 vos
1052 2310 1133 2338 supra
1141 2312 1186 2332 me
1196 2305 1337 2337 estis,cum
1347 2305 1397 2333 sim
1407 2305 1538 2342 magister
1546 2313 1578 2334 ac
1601 2306 1694 2335 Domi-

897 2358 949 2377 nus
965 2354 1065 2377 vester.

931 2395 1007 2422 Vers.
1024 2394 1068 2422 25.
1082 2395 1184 2430 Sufﬁcit
1195 2410 1231 2416 —-
1245 2396 1372 2432 magister
1386 2405 1459 2424 suus.
1491 2397 1563 2425 Satis
1576 2402 1618 2425 est
1644 2405 1692 2426 vo-

896 2442 937 2469 bis
953 2441 1095 2476 discipulis
1103 2442 1136 2469 ad
1151 2442 1378 2476 consolationem,
1396 2448 1427 2471 ut
1441 2445 1610 2473 contumelia
1630 2444 1691 2472 alii-

895 2487 1016 2520 ciamini,
1031 2480 1138 2515 sicutet
1152 2495 1211 2523 ego,
1224 2489 1336 2523 quisum
1348 2489 1474 2524 Magister
1483 2494 1575 2517 vester
1587 2498 1594 2517 :
1610 2489 1692 2524 idque

896 2541 1024 2569 magnum
1036 2539 1089 2566 est,
1105 2538 1136 2561 ut
1153 2535 1235 2562 etiam
1259 2536 1286 2562 in
1303 2536 1403 2563 talibus
1419 2536 1486 2563 mihi
1498 2536 1603 2564 similes
1620 2536 1689 2564 sitis.

931 2579 1009 2608 Vers.
1030 2580 1075 2607 25.
1103 2579 1138 2607 Et
1153 2589 1243 2609 servus
1256 2597 1291 2602 —
1303 2591 1379 2610 suus.
1398 2582 1519 2611 Rursum
1535 2583 1617 2610 etiam
1633 2583 1687 2610 huc

898 2626 1060 2654 trahendum
1070 2632 1112 2654 est
1128 2648 1135 2659 ,
1154 2628 1226 2663 quod
1239 2629 1306 2656 dixit
1324 2638 1330 2657 :
1349 2629 1449 2665 Sufﬁcit
1467 2635 1495 2656 ut
1511 2629 1571 2664 ﬁat.

935 2670 1012 2700 Vers.
1022 2673 1067 2700 25.
1095 2671 1125 2699 Si
1135 2688 1170 2693 —
1178 2673 1334 2703 domesticas
1342 2675 1399 2710 ejus
1415 2676 1428 2702 Ρ
1438 2674 1583 2704 Beelzebul
1597 2675 1689 2704 nomi-

656 2751 758 2781 Variee
777 2751 932 2783 lectiones
949 2755 979 2782 et
997 2755 1091 2783 notae.

91 2825 150 2896 (ﬂ)
164 2825 209 2853 Bis
223 2834 288 2862 ergo
308 2827 365 2858 ἴσος
382 2835 444 2854 cum
459 2828 591 2863 genitivo.

91 2860 139 2896 (‘35
159 2860 247 2889 Malim
261 2862 421 2896 ἀφίξωντσι.

91 2860 150 2897 (‘35)
159 2860 247 2889 Malim
259 2860 421 2897 ἀφίξωντσι.

932 2827 988 2860 (26)
1005 2828 1025 2854 ι.
1043 2835 1069 2854 e.
1086 2829 1243 2861 ἐλάττωσις.

937 2863 992 2897 ('27)
1007 2863 1220 2900 ὑποϐεϐλήκασι.
1239 2865 1268 2892 Β.
