1925 3070
164 108 217 144 351

781 102 975 136 EUTllYMlI
997 103 1181 134 ZI'GABENI

1751 101 1814 135 352

167 173 236 204 quas
250 165 393 201 oportebat
408 165 522 194 verbum
550 162 700 200 procedere
715 167 797 197 prout
810 162 892 189 tertin
912 169 958 188 ca-

1032 161 1118 187 αίνειν
1135 161 1249 196 ἔμελλεν
1268 160 1283 187 ὁ
1296 159 1388 194 λόγος,
1403 159 1442 191 ὥς
1459 159 1489 186 ὲν
1505 158 1545 194 τῷ
1560 157 1647 194 τρίτῳ
1665 159 1816 195 κεφαλαίῳ

167 213 226 247 pite
246 212 328 239 latius
347 211 465 238 diximus
479 231 486 238 .
503 211 594 238 Potest
604 213 688 237 etiam
704 209 758 236 dici
785 207 962 236 excellentior

168 255 312 292 propheta,
339 256 403 290 quia
420 262 482 282 eum
492 262 574 289 quem
591 254 660 281 vidit
670 254 866 288 prophetahat,
888 253 961 288 quod

168 302 236 329 nulli
254 302 367 337 contigit
383 301 592 336 prophetarum.
633 299 688 328 Nec
700 301 880 327 vidittantum
896 320 903 332 ,
917 307 963 326 ve-

169 354 231 374 rum
245 347 327 375 etiam
339 345 498 381 baptizavit.

204 391 282 419 Vers.
307 391 351 418 ll.
376 392 461 418 Amen
472 406 508 411 —
518 391 642 426 Baptista
657 412 663 418 .
683 391 740 418 Non
750 395 831 418 natus
844 394 886 417 est
903 411 911 422 .
923 389 964 417 in~

168 439 227 473 qttit
242 458 250 470 ,
268 438 338 464 inter
353 437 489 471 homines,
512 439 558 472 qui
582 447 597 465 e
621 437 785 465 mulieribus
800 437 857 463 nati
871 441 935 463 sunt
955 455 962 467 ,

169 484 256 519 major
266 484 312 510 illo
325 504 331 510 .
346 484 413 517 Quis
427 485 500 512 enim
513 485 619 512 aliusin
632 485 703 512 uteri
718 484 838 512 tenebris
847 483 964 510 abscon—

169 530 254 560 ditus,
272 529 361 557 lucem
377 531 486 558 venisse
511 531 621 566 agnovit
635 535 663 558 ot
690 530 762 557 illam
783 529 964 557 exsultatione

169 575 293 604 adoravit
307 577 329 592 “
344 577 465 604 ?Nullus
481 578 550 604 alius
565 581 664 612 praeter
690 577 765 604 hunc
791 576 891 608 solum,
918 576 964 610 qui

169 622 268 648 merito
279 630 343 649 sane
359 623 466 650 cunctis
482 624 568 656 major
578 628 631 650 est.
673 622 706 650 Et
722 629 830 654 rursus,
847 622 907 656 quis
932 621 966 648 ab

150 703 152 705 ι
170 667 284 695 infantia
306 668 342 695 ita
359 669 507 696 solitariam
526 677 558 696 ac
571 670 739 696 eremiticam
763 669 841 695 duxit
857 669 938 695 vitam
957 689 965 699 .

171 714 280 748 taleque
307 714 555 749 elcgitexercitium
574 715 680 742 ?Certe
716 715 807 741 nullus
832 714 964 742 omnium.

169 759 317 793 Postquam
327 767 391 795 ergo
402 759 549 794 Baptistam
565 760 684 787 laudavit
700 768 715 787 a
724 767 859 787 concursu
875 760 967 787 .ludze-

170 813 249 832 orum
262 805 296 832 ad
308 805 407 840 ipsum.
424 806 524 833 deinde
540 814 555 833 a
581 806 682 834 virtute
695 806 777 839 illius,
811 811 838 833 ct
856 807 937 833 tertio
952 814 967 833 a

171 859 220 878 suo
231 843 369 885 suﬂ'ragio,
386 857 482 886 quarto
495 860 602 887 quoque
616 860 630 879 a
641 853 780 887 propheta:
798 852 965 885 testimonio,

171 900 199 923 et
214 895 344 929 majorem
362 897 502 932 prophetis
511 905 573 923 cum
587 897 758 932 praedicavit,
778 906 809 925 ac
825 897 970 925 universa-

172 941 236 967 liter
254 941 382 968 omnibus
397 941 526 975 majorem
552 941 710 969 hominibus
724 950 731 974 ;
745 947 824 970 curat
847 942 883 978 (b)
897 942 968 969 hanc

171 987 285 1015 laudum
295 988 521 1023 magnitudinem,
544 997 578 1016 ne
604 994 716 1024 propter
735 991 802 1023 haec,
818 990 877 1025 ipso
889 991 970 1017 etiam

173 1034 285 1062 Christo
301 1035 506 1062 honoratiorem
524 1035 666 1063 ducerent.
688 1035 721 1063 Et
740 1036 814 1069 vide,
848 1036 913 1071 quid
928 1036 971 1063 di-

174 1085 229 1106 cat.

211 1173 290 1201 Yers.
306 1174 348 1201 ll.
358 1173 408 1206 Qui
421 1175 647 1202 attteni—estillo.
658 1175 787 1202 Minorem
801 1176 919 1210 seipsum
931 1177 971 1204 di-

176 1219 223 1250 cit,
233 1220 343 1253 coquod
354 1220 389 1246 ita
403 1220 540 1248 videretur
549 1221 620 1256 apud
630 1220 737 1248 Judzeos
747 1221 829 1252 ;Nam
839 1221 971 1248 Joannem

176 1272 210 1292 eo
225 1265 354 1299 majorem
375 1265 521 1300 habebam,
557 1271 651 1301 utpote
678 1267 724 1297 qui
752 1267 786 1293 ab
816 1267 928 1293 infantia
945 1267 971 1293 in

177 1319 302 1338 crcmum
321 1318 513 1344 sccesserat,ct
530 1313 683 1340 admirabili
697 1313 759 1340 vitm
772 1313 895 1340 instituto
908 1321 973 1340 usus

181 1357 280 1384 fuerat.
308 1356 447 1385 Christum
479 1366 543 1386 vero
568 1363 694 1393 tanquam
720 1359 860 1387 Communi
892 1359 973 1386 modo

179 1407 387 1430 conversantem
414 1403 589 1438 dejiciebant.
607 1405 668 1438 Qui,
695 1405 796 1439 inquit,
812 1405 902 1432 minor
918 1410 970 1438 est,

180 1448 208 1476 id
221 1452 264 1475 est
279 1449 324 1483 qui
341 1449 450 1476 vi-letnr
464 1450 553 1476 minor
567 1450 612 1477 illo
626 1471 633 1482 .
648 1451 735 1487 major
746 1459 778 1479 eo
795 1457 837 1479 est
853 1453 879 1479 in
889 1460 973 1488 regno

1015 207 1186 243 πλατύτερον
1205 208 1369 243 εἰρήκαμεν.
1387 206 1502 240 Δέγοιτο
1515 205 1539 232 δ’
1555 205 1588 232 ἂν
1611 205 1816 241 περισσότερος

1013 255 1168 290 προφήτου,
1195 255 1243 282 καὶ
1268 254 1305 286 ὡς
1322 254 1369 280 τδν
1385 253 1432 280 ὑπ’
1457 252 1541 279 αὑτοῦ
1564 253 1814 287 προφητευόμενον

1015 300 1088 332 ίδὼν,
1106 300 1142 331 ὡς
1157 300 1246 331 οὐδεὶς
1263 299 1318 326 τῶν
1346 299 1435 326 ἄλλων
1453 297 1616 333 προφητῶν,
1638 297 1686 324 καὶ
1705 297 1743 332 μὴ
1760 298 1815 332 μό-

1014 355 1059 373 νον
1073 346 1146 378 ἰδὼν,
1163 346 1231 372 ἀλλὰ
1244 347 1292 372 καὶ
1313 345 1459 380 βαπτίσας.

1055 391 1146 426 Ἀμὴν
1161 407 1196 412 -
1219 390 1404 418 Βαπτιστοῦ.
1433 390 1471 416 Οὐ
1495 389 1673 424 γεγέννηται,
1709 389 1813 424 φησιν,

1015 439 1045 465 ἐν
1057 439 1113 470 τοῖς
1129 438 1312 472 γεννωμένοις
1337 438 1369 463 ὲκ
1384 437 1524 471 γυναικῶν
1537 435 1694 471 ἀνθρώποις
1709 436 1815 470 μείζων

1015 484 1111 512 αὐτοῦ.
1138 484 1186 516 Τίς
1215 484 1270 520 γὰρ
1297 483 1388 515 ἄλλος,
1408 485 1437 510 ὲν
1455 483 1546 509 σκότει
1572 484 1680 518 μήτρας
1693 484 1816 517 ἐπικρυ-

1016 532 1163 566 πτόμενος,
1180 530 1316 566 ἐγνώρισε
1341 529 1373 556 τὸ
1384 530 1442 564 φῶς
1467 530 1556 561 ἐλθὸν,
1589 530 1635 556 καὶ
1656 529 1735 556 τοῦτο
1755 530 1816 560 τοῖς

1018 577 1187 611 σκιρτήμασι
1215 575 1438 611 «passu-ivno“;
1466 574 1561 605 Οὐδεὶς
1585 574 1691 609 ἕτερος,
1718 575 1741 600 εί
1772 573 1815 609 μὴ

1021 623 1101 658 μόνος
1127 631 1215 654 ουτος.
1249 622 1358 655 Μείζων
1381 622 1436 656 ἄρα
1463 621 1575 648 πάντων
1598 621 1723 651 εἰκότως.
1756 620 1817 646 Καὶ

1019 669 1108 700 αὖθις,
1129 670 1171 700 τίς
1183 670 1216 695 ὲκ
1229 668 1348 703 βρέφους
1363 668 1436 694 οὕτω
1457 668 1572 702 γέγονεν
1600 667 1748 702 ὲρημικὸς,
1764 667 1816 692 καὶ

1017 715 1148 750 τοιαύτην
1163 716 1280 750 ἄςκησιν
1297 715 1390 746 ἓλετο;
1405 714 1466 740 Τῶν
1482 714 1591 740 πάντων
1608 713 1695 739 ὄντων
1707 713 1811 744 οὐδείς.

1025 761 1190 792 Ἐπαινέσας
1217 759 1264 786 οὖν
1283 760 1329 786 τὸν
1359 759 1527 793 Βαπτιστὴν,
1548 759 1603 784 ἀπό
1630 766 1660 784 τε
1674 757 1725 791 τῆς
1745 757 1817 792 πρὸς

1019 807 1101 835 αὑτὸν
1119 807 1274 842 συνδρομῆς
1293 806 1348 833 τῶν
1373 805 1521 837 Ἰουδαίων,
1537 805 1593 832 ἀπό
1604 813 1633 831 τε
1648 804 1699 839 τῆς
1713 803 1818 840 ἀρετῆς

1021 854 1117 885 αὑτοῦ,
1136 854 1185 881 καὶ
1209 855 1302 889 τριτον
1327 853 1382 880 ἀπὸ
1395 852 1446 887 τῆς
1466 852 1570 883 οἰκείας
1589 851 1695 886 ψήφου,
1712 851 1758 876 καὶ
1769 849 1818 876 τέ-

1020 908 1120 934 ταρτον
1138 899 1192 925 ἀπὸ
1222 899 1273 933 τῆς
1299 898 1472 933 προφητικῆς
1494 897 1669 932 μαρτυρίας·
1689 896 1737 921 καὶ
1752 895 1816 929 μεί-

1023 945 1089 977 ζονα
1104 946 1154 980 μὲν
1167 945 1221 972 τῶν
1237 944 1388 979 προφητῶν
1404 944 1582 978 ἀνακηρὺξας
1596 943 1689 975 αὐτὸν,
1702 941 1818 977 μείζονα

1021 993 1049 1020 δὲ
1083 991 1198 1018 καθόλου
1238 991 1348 1018 πάντων
1380 989 1558 1025 ἀνθρώπων’
1589 989 1737 1024 θεραπεύει
1766 989 1818 1022 τὴν

1022 1038 1176 1074 ὑπερϐολὴν
1207 1038 1261 1064 τῶν
1299 1036 1457 1071 ἐγκωμίων,
1494 1037 1537 1062 ἵνα
1576 1036 1613 1072 μὴ
1647 1036 1692 1062 διὰ
1728 1035 1819 1062 ταῦτα

1024 1085 1125 1120 μᾶλλον
1142 1084 1352 1119 προτιμήσωσιν
1369 1082 1452 1109 αὑτὸν
1469 1081 1515 1109 τοῦ
1533 1080 1665 1116 Χριστοῦ.
1686 1081 1740 1107 Καὶ
1754 1082 1817 1115 ὅρα,

1021 1132 1047 1158 τί
1062 1140 1158 1166 φησιν.

1064 1179 1096 1205 Ὀ
1113 1178 1147 1204 δὲ
1162 1192 1191 1198 ——
1211 1177 1303 1204 αὑτοῦ
1323 1177 1400 1204 ἐστι.
1426 1175 1610 1211 Μικρότερον,
1624 1174 1722 1201 ἑαυτὴν
1731 1173 1818 1207 λέγει,

1022 1225 1066 1251 διὰ
1083 1224 1113 1250 τὸ
1128 1225 1217 1250 δοκεῖν
1238 1223 1310 1250 οὕτω
1340 1223 1420 1258 παρὰ
1443 1223 1499 1253 τοῖς
1521 1222 1668 1252 Ἰουδαίοις.
1696 1220 1817 1252 Μείζονα

1023 1271 1077 1305 γὰρ
1094 1269 1178 1296 αὑτοῦ
1199 1270 1246 1296 τὸν
1276 1269 1403 1303 Ἰωάννην
1428 1267 1565 1302 ἐνόμιζον,
1594 1266 1631 1297 ὡς
1646 1267 1678 1292 ἐκ
1699 1266 1816 1300 βρέφους

1023 1316 1168 1350 ἐρημικὶν,
1186 1316 1234 1341 καὶ.
1254 1315 1316 1350 ξένῃ
1331 1314 1423 1350 διαίτῃ
1439 1313 1601 1348 χρώμενονυ
1609 1312 1661 1338 Τὸν
1680 1313 1734 1346 γὰρ
1750 1312 1817 1346 Χρι-

1024 1363 1097 1393 στὸν,
1116 1362 1153 1393 ὡς
1181 1361 1279 1392 κοινῶς
1309 1360 1498 1394 διαιτώμενον,
1530 1357 1708 1389 ὑπεδίὗαξον.
1742 1357 1770 1383 '0
1786 1357 1814 1383 δὲ

1025 1403 1190 1443 μικρότερός
1219 1416 1312 1441 φησιν,
1329 1407 1342 1433 ὁ
1358 1405 1445 1431 δοκῶν
1468 1405 1587 1431 ἐλάττων
1608 1403 1702 1435 αὑτοῦ,
1717 1403 1816 1438 μείζων

1025 1455 1108 1481 αὑτοῦ
1131 1455 1207 1480 ἐστιν
1221 1455 1249 1479 ἐν
1265 1453 1302 1487 τῷ
1329 1452 1484 1487 βασιλεύειν
1501 1451 1557 1478 τῶν
1574 1450 1711 1485 οὐρανῶν,
1726 1449 1762 1480 ὡς
1780 1449 1816 1483 μὴ

180 1493 310 1521 cmlorum
323 1514 331 1527 ,
349 1495 401 1522 hoc
416 1500 458 1523 est
473 1516 480 1528 ,
507 1497 663 1531 imperando
678 1498 755 1525 ('tBllS
769 1506 777 1525 :
794 1503 889 1533 utpote
915 1507 969 1526 non

1028 1502 1109 1535 μόνον
1122 1501 1274 1536 ἂνορωττος,
1292 1499 1358 1526 ἀλλὰ
1370 1499 1416 1525 καὶ
1429 1498 1506 1530 Θεὸς.

179 1539 264 1568 homo
275 1541 361 1568 solum
374 1562 381 1574 ,
397 1543 444 1569 sed
459 1543 542 1569 etiam
559 1543 638 1570 Deus.

218 1586 296 1614 Vers.
317 1588 359 1615 12.
371 1588 392 1614 A
405 1604 440 1608 —
454 1589 532 1616 illud.
567 1589 778 1624 Clirysostomus
803 1591 882 1622 dicit,
898 1591 970 1625 quod

184 1633 227 1660 hic
240 1641 352 1668 regnum
378 1638 457 1661 vocat
473 1635 552 1662 (idem
571 1635 596 1661 in
626 1635 726 1669 ipsum,
747 1640 844 1670 utpote
876 1638 971 1663 arrha-

181 1678 281 1706 bottem
294 1679 327 1705 ad
343 1687 454 1714 regnum
470 1681 610 1711 cwlorum,
625 1681 656 1707 ad
675 1681 971 1717 fruitioitem,inquam,

181 1725 315 1752 honorum
329 1734 389 1761 quae
403 1726 671 1763 habenturin'ctelis.
686 1727 745 1754 Vim
757 1733 847 1755 autem
858 1730 970 1764 patitur,

183 1769 235 1797 hoc
251 1775 294 1798 est
311 1771 430 1798 violente
445 1772 479 1799 ab
503 1773 659 1799 hominibus
681 1773 827 1808 arripitur,
855 1775 918 1801 dum
934 1775 971 1802 illi

182 1816 233 1843 sibi
251 1816 317 1850 ipsis
334 1817 386 1843 vim
403 1817 535 1849 inferunt.
552 1826 584 1845 ac
605 1823 680 1846 certe
693 1820 885 1847 necessitatem
908 1828 973 1854 pro-

183 1862 305 1896 priorum
319 1863 436 1890 vincunt-
449 1864 607 1896 allectuum,
620 1869 666 1892 aut
692 1865 774 1892 etiam
805 1866 972 1894 inﬁdelitatis

183 1908 368 1941 tyrannidem.
393 1909 512 1944 Ideoque
533 1911 584 1937 hoc
614 1910 802 1943 manifestans,
831 1912 973 1945 subjunxit

183 1953 255 1987 quod
271 1953 380 1981 i'ioleuli
398 1956 507 1988 rapiant
525 1955 601 1982 illud.
626 1957 703 1984 llanc
718 1965 783 1984 vero
802 1957 969 1985 laudabilem

182 1998 353 2032 violentiam,
384 2000 519 2036 incepisse
535 2002 599 2029 dicit
617 2010 632 2029 a
651 2002 747 2030 diebus
770 2003 971 2037 przcdicationis

182 2043 306 2078 Joannis,
325 2046 370 2080 qui
388 2046 487 2081 populo
504 2048 632 2075 clamavit
661 2057 668 2076 :
691 2048 864 2083 Resipiscitc,
890 2049 974 2077 instat

184 2090 256 2117 enim
289 2099 403 2126 regnum
431 2094 575 2121 caelorum.
602 2093 659 2122 lloc
687 2098 777 2122 autem
808 2103 880 2123 nunc
907 2096 974 2123 dixit

183 2136 320 2171 Christus,
338 2139 421 2166 simul
443 2135 551 2174 quidem
574 2141 600 2167 in
627 2141 735 2168 laudem
749 2141 872 2174 Joannis.
895 2143 971 2176 quasi

1068 1588 1140 1616 Ἀπὸ
1155 1603 1189 1608 --
1205 1587 1313 1620 αὐτήν.
1333 1587 1361 1614 '0
1376 1586 1431 1621 (45)
1452 1584 1647 1620 Χρυσόστομός
1670 1591 1763 1618 φησιν,
1777 1582 1817 1608 ὅτι

1028 1635 1167 1670 βασιλείαν
1183 1633 1307 1668 οὐρανῶν
1319 1633 1393 1666 λέγει
1413 1632 1471 1664 νῦν,
1488 1632 1538 1666 τὴν
1551 1631 1591 1661 είς
1619 1630 1700 1656 αὑτὸν
1716 1629 1816 1660 πίστιν,

1026 1681 1063 1712 ὼς
1085 1680 1168 1706 οὖσαν
1193 1679 1344 1715 ἀρραϐῶνα
1367 1679 1417 1712 τῆς
1443 1677 1582 1712 βασιλείας
1608 1677 1662 1702 τῶν
1682 1675 1815 1710 οὐρανῶν,

1028 1728 1100 1761 φημὶ
1116 1726 1159 1760 δὴ.
1174 1727 1223 1760 τῆς
1239 1717 1419 1754 ἀπολαύσεως
1434 1724 1487 1750 τῶν
1503 1725 1532 1749 ἐν
1554 1723 1680 1757 οὐρανοῖς
1696 1720 1815 1755 ἀγαθῶν.

1027 1771 1156 1802 Βιάζετοιι
1178 1771 1216 1802 δὲ,
1234 1769 1293 1795 ἀντὶ
1307 1769 1365 1800 τοῦ,
1384 1768 1479 1803 βιαίως
1496 1767 1650 1802 ἀρπάζεται
1674 1766 1749 1801 παρὰ
1763 1767 1816 1791 τῶν

1028 1816 1193 1852 ἀνθρώπων,
1220 1817 1249 1842 ἐν
1265 1815 1304 1850 τῷ
1331 1815 1436 1850 βιάζειν
1461 1814 1578 1844 ἑαυτοὺς
1601 1813 1650 1840 καὶ
1674 1814 1754 1847 νικᾷν
1770 1810 1829 1846 τὴν’

1027 1864 1151 1897 ἀνάγκην
1167 1862 1221 1888 τῶν
1234 1861 1399 1896 οἱωνδήποτε
1416 1859 1521 1890 παθῶν,
1544 1860 1560 1894 ἢ
1578 1859 1625 1885 καὶ
1642 1859 1692 1892 τὴν
1719 1867 1817 1893 τυραν-

1027 1908 1087 1934 νίδα
1101 1908 1151 1941 τῆς
1164 1907 1306 1936 ἀπιστίας,
1334 1906 1378 1932 Διὸ
1394 1906 1441 1932 καὶ
1464 1904 1543 1931 τοῦτο
1566 1903 1726 1938 σαφηνίξων
1751 1904 1817 1937 ἐπή-

1027 1962 1126 1988 γαγεν,
1141 1953 1182 1979 ὅτι
1206 1951 1331 1979 Βιασταὶ
1355 1951 1550 1985 ἀρπάσουσιν
1576 1949 1683 1982 αὑτήν,
1709 1949 1816 1982 Ταύτην

1027 2000 1057 2026 δὲ
1084 1999 1132 2033 τὴν
1159 1997 1304 2032 ἐπαινετὴν
1335 1997 1394 2031 βίαν
1424 1995 1560 2030 ἄρξασθαί
1577 2003 1661 2029 φησιν
1685 1994 1740 2021 ἀπὸ
1764 1993 1815 2020 τῶν

1028 2044 1142 2080 ἡμερῶν
1168 2043 1216 2069 τοῦ
1248 2042 1428 2078 κηρύγματος
1460 2040 1603 2072 Ἰωάννου,
1636 2040 1752 2074 βοῶντος
1779 2038 1815 2074 τῷ

1027 2092 1083 2126 λαῷ
1091 2099 1097 2105 ·
1108 2089 1285 2118 Μετανοεῖτε
1297 2097 1304 2104 ·
1318 2088 1424 2122 ﬁnth
1434 2088 1488 2123 γὰρ
1499 2087 1517 2120 ἡ
1532 2087 1679 2119 βασιλεία
1691 2085 1749 2112 τῶν
1768 2086 1816 2112 οὐ·

1026 2137 1139 2170 ⁴[θινῶν.
1166 2135 1268 2170 Εἶρηκε
1290 2134 1319 2160 δὲ
1347 2133 1426 2160 τοῦτο
1437 2134 1486 2160 νῦν
1504 2133 1657 2167 ὁΧριστδς,
1689 2131 1747 2165 ἅμα
1770 2131 1816 2165 μὲν

185 2182 327 2210 hominum
353 2184 468 2212 salutem
495 2185 531 2212 sit
552 2186 728 2220 auspicatus:
760 2185 841 2213 simul
866 2193 969 2220 quoqut

1030 2183 1152 2210 ἐπαινῶν
1181 2183 1227 2208 τὶν
1246 2181 1384 2215 Ἰωάννην,
1401 2180 1438 2211 ὼς
1460 2179 1541 2206 αὑτὸν
1565 2178 1750 2213 ὲναρξάμενον
1771 2178 1816 2210 τῆς

186 2230 309 2257 excitans
319 2231 470 2264 auditores,
484 2236 513 2258 ut
533 2236 561 2258 et
573 2232 623 2266 ipsi
641 2232 766 2260 similiter
779 2233 831 2259 vim
846 2233 978 2261 inferrent

185 2275 237 2304 sibi
252 2276 328 2310 ipsis.

223 2361 299 2389 Vers.
317 2362 360 2389 l5.
371 2362 466 2390 Omnes
478 2379 513 2383 —
526 2364 758 2399 prop/tctavertml.
775 2366 872 2402 Legem
897 2375 976 2396 vocat

186 2411 306 2435 veterem
317 2407 525 2443 legislationcm.
539 2410 681 2445 Siquidem
698 2413 780 2439 etiam
797 2413 823 2440 in
837 2414 887 2442 hac
901 2416 973 2442 mul-

187 2457 213 2480 ta
228 2453 261 2480 de
274 2453 384 2481 Christo
398 2454 524 2488 prsedicta
540 2460 603 2482 sunt
624 2465 630 2482 :
648 2462 675 2484 et
707 2458 824 2485 maxime
854 2459 880 2486 in
906 2460 973 2496 legi-

221 2531 244 2548 ⁸⁸
271 2531 339 2559 Luc.
350 2532 425 2564 1,41.

1032 2227 1169 2262 σωτηρίας
1190 2226 1244 2253 τῶν
1267 2225 1432 2260 ἀνθρώπων,
1451 2225 1509 2259 ἅμα
1533 2224 1622 2251 δὲκαὶ
1651 2223 1816 2257 παραθήγων

1029 2275 1092 2305 τοὺς
1116 2273 1266 2304 ἀκούοντας
1290 2273 1329 2303 εἰς
1351 2271 1380 2298 τὸ
1402 2272 1450 2298 καὶ
1465 2271 1567 2302 αὐτοὺς
1590 2269 1690 2304 ὁμοίως
1716 2269 1816 2303 βιάζειν

1029 2320 1152 2350 ἑαυτούς.

1065 2367 1181 2399 Πάντες
1210 2383 1238 2388 -
1259 2365 1504 2400 προεφήτευσαν.
1530 2364 1624 2399 Νόμου
1652 2363 1736 2396 λέγει,
1770 2356 1815 2396 τὴν

1027 2413 1145 2440 παλαιὶιν
1172 2412 1345 2448 νομοθεσίαν.
1377 2410 1431 2437 Καὶ
1456 2409 1511 2444 γὰρ
1524 2409 1571 2436 καὶ
1587 2409 1616 2434 ἐν
1632 2407 1719 2444 ταύτῃ
1735 2407 1816 2433 πολλὰ

1028 2461 1091 2496 περὶ
1120 2459 1238 2494 Χριστοῦ
1266 2459 1425 2494 προείρητο,
1446 2457 1494 2483 καὶ
1530 2455 1631 2491 μᾶλλον
1644 2455 1672 2480 ὲν
1686 2456 1742 2486 τοῖς
1755 2453 1815 2488 περὶ

776 2569 879 2600 Variae
896 2569 1047 2602 lectiones
1066 2576 1096 2602 et
1114 2574 1207 2602 notae.

222 2649 280 2684 (45)
305 2647 384 2675 Τοιτι.
413 2648 467 2681 Vll,
484 2656 512 2681 ιι.
537 2648 588 2675 417
611 2649 662 2676 C.:
681 2649 735 2675 Καὶ
760 2650 814 2684 γὰρ
837 2649 904 2676 ὼοεῖ
927 2650 974 2677 καὶ

188 2683 294 2717 ἐπείγει
315 2683 410 2719 λοιποῦ
426 2684 526 2714 αὐτοὺς
549 2685 596 2710 καὶ
615 2684 739 2711 ἐντεῦθεν
756 2683 860 2719 εἱςγτὴν
882 2685 974 2711 πίστιν

187 2719 237 2754 τὴν
245 2719 350 2746 ἑαυτοῦ.
363 2718 538 2747 Subobscurc
557 2727 622 2756 ergo
636 2720 688 2747 hoc
695 2720 774 2747 dixit.
789 2718 921 2747 Eumdem
935 2720 976 2747 lo-

1262 2651 1329 2684 Vlll,
1348 2660 1375 2687 p.
1396 2652 1449 2679 520
1467 2651 1498 2685 C,
1517 2651 1562 2680 ubi
1580 2652 1686 2680 nullum
1705 2652 1814 2681 verbum

235 2797 259 2832 ι»)
276 2797 368 2825 Curat.
385 2796 470 2824 Etiam
490 2797 543 2825 hoc
560 2797 716 2826 obscurum.
737 2796 838 2830 Malim,
855 2801 996 2832 temperat,
1013 2797 1116 2824 modum
1133 2798 1204 2831 ponit
1219 2798 1278 2825 huic
1294 2797 1403 2826 laudum
1420 2800 1606 2835 magnitudini.
