1937 3072
103 194 139 224 39
144 193 157 225 l

103 295 218 331 πρῶτον
241 296 376 332 ὲδέσμησε
399 298 445 325 τὸν
466 298 585 334 ἄρχοντα
598 300 712 332 τούτων,
727 299 772 326 τὸν
790 299 895 333 ἐνισχύ-

103 350 170 368 οντα
191 342 272 369 αὐτά.

142 388 203 423 Χρὴ
220 388 248 414 δὲ
267 387 424 422 γινώσκειν,
443 389 481 421 ὠς
507 389 538 416 οὐ
562 390 677 416 πάντοτε
708 389 742 416 τὰ
765 388 895 424 παραδεί-

104 441 204 467 γματα
221 434 290 460 κατὰ
304 435 393 462 πάντα
408 434 489 468 λόγον
513 434 737 470 προσαρμόζουσι
752 434 812 464 ταῖς
822 434 890 459 ὐπο-

104 478 227 511 θέσεσιν,
248 479 289 510 εἰς
313 479 346 509 ἃς
376 479 608 514 ἐκλαμόάνονται,
636 479 695 506 ἀλλ’
726 478 764 510 ὼς
792 478 838 504 ἐπὶ
864 479 894 505 τδ

103 524 233 552 πλεῖστον
247 525 275 551 ὲν
290 525 383 560 μόνοις
394 526 450 557 τοῖς
463 525 654 560 καιριωτέρως
667 525 715 551 καὶ
736 523 893 558 κεφαλαιω-

103 569 243 605 δεστέροις
267 571 375 606 μέρεσι.

142 616 221 647 Τινὲς
238 617 266 642 δὲ
281 616 365 652 σκεύη
382 617 435 643 τῶν
447 617 582 652 δαιμόνων
595 616 720 651 λέγουσιν
736 613 818 647 εἶναι,
830 616 893 646 τοὺς

104 661 358 698 δαιμονιζομένους,
374 662 421 694 οὒς
436 665 449 689 ὸ
466 663 584 698 Χριστὸς
605 663 759 697 διήρπασεν
778 661 825 688 ἀπ’
847 661 895 688 αὕ-

104 706 170 738 τῶν,
184 706 270 740 δήσας
287 708 335 738 τὰς
350 707 482 742 δυνάμεις
497 707 598 734 αὐτῶν.
615 706 679 735 Εἶεν
704 707 727 734 δ’
754 707 786 733 ἂν
807 707 893 741 σκεύη

104 751 152 777 τοῦ
169 752 305 784 διαϐόλου,
321 754 368 781 καὶ
379 754 480 784 πάντες
495 754 519 780 ol.
534 754 712 788 ἐργαζόμενοι
725 753 758 779 τὰ
775 753 821 779 τοῦ
836 753 893 779 δια-

104 797 195 829 σὸλου,
210 798 257 824 καὶ
274 799 475 834 ὑπηρετοῦντες
490 801 546 830 τοῖς
559 799 641 825 αὐτοῦ
660 798 820 834 θελήμασιν.

149 841 177 868 '0
191 858 225 865 -—
239 844 402 877 σκορπίζει.
414 846 468 872 Καὶ
478 845 512 872 δι’
529 845 622 880 ἐτέρου
632 845 765 880 λογισμοῦ
777 844 892 880 βεϐαιοῖ,

105 888 147 914 ὅτι
168 889 270 923 μᾶλλον
285 890 407 924 Elmete;
426 891 501 925 αὐτῷ
516 892 590 918 ἐστιν
604 892 618 917 ό
634 892 727 926 ἄρχων
755 891 810 917 τῶν
834 891 893 917 δαι-

108 933 220 967 μονίων.
238 934 299 960 Ὀτι
321 935 370 969 μὲν
386 935 440 970 γὰρ
453 936 503 962 οὐκ
519 936 578 962 ἔστι
597 936 667 970 μετὰ
687 935 736 962 τοῦ
750 934 892 972 ιΧριστοῦ,

104 979 167 1005 οὐδὲ
197 981 309 1014 συνάγει
335 980 396 1016 μετ’
424 981 520 1013 αὑτοῦ,
547 982 638 1017 δῆλον,
667 982 715 1016 ἀφ’
742 979 809 1008 ὦνό
840 982 890 1016 μὲν

105 1025 225 1060 Χριστὸς
252 1027 344 1053 πᾶσαν
359 1036 388 1054 τε
405 1029 505 1062 ἀρετὴν
523 1028 656 1062 διδάσκει,
671 1030 719 1055 καὶ
735 1029 892 1064 φιλάνθρω·

106 1081 157 1103 πος
182 1071 236 1103 ὼν,
264 1073 336 1099 ἰᾶται
360 1074 424 1105 τοὺς
448 1074 593 1106 νοσοῦντας
609 1082 616 1090 ⁸
641 1076 655 1101 ό
671 1075 699 1101 δὲ
726 1075 893 1108 τούναντίον,

106 1117 200 1143 πᾶσάν
225 1125 253 1142 τε
278 1118 380 1144 κακίαν
405 1118 538 1151 διδάσκει,
556 1119 605 1146 καὶ
632 1120 827 1154 μισάνθρωπος
845 1120 893 1153 ὢν,

105 1161 229 1188 λωϐᾶται
256 1165 312 1193 τοῖς
337 1164 515 1197 ὑγιαίνουσιν.
548 1165 579 1190 El
598 1165 626 1191 δὲ
643 1164 703 1191 οὔτε
732 1166 791 1200 μετ’
811 1166 894 1192 αὑτοῦ

106 1209 193 1242 ἐστιν,
224 1210 318 1245 ἤγουν,
335 1211 384 1246 οὐχ
402 1213 592 1247 ὁμογνωμονεί
609 1212 695 1247 αὐτῷ,
715 1213 807 1244 καθὼς
825 1214 894 1239 ἁπο-

107 1255 256 1287 ὂὲδεικται,
286 1255 349 1282 οὔτε
369 1257 482 1291 συνάγει
508 1257 567 1293 μετ’
594 1258 678 1284 αὑτοῦ
700 1259 767 1293 πρὸς
792 1259 894 1290 πίστιν,

107 1302 216 1333 πάντως
241 1303 302 1328 κατ’
330 1304 413 1329 αὑτοῦ
449 1305 519 1336 ἐστι,
547 1306 595 1331 καὶ
630 1305 787 1340 σκορπίζει,
818 1305 894 1335 οὒέό

106 1348 225 1383 Χριστὸς
241 1350 362 1383 συνάγει,
381 1350 442 1376 ὅσον
466 1351 494 1377 τὸ
511 1351 553 1377 ἐπ’
576 1351 659 1387 αὐτῷ.
690 1351 782 1377 Εἰπὼν
797 1351 834 1383 δὲ,
854 1352 895 1377 ὃτι

113 1394 142 1420 Ὀ
153 1394 196 1428 μὴ
219 1394 260 1421 ὢν
272 1395 336 1429 μετ’
352 1396 436 1430 ἐμοῦ,
458 1398 522 1423 κατ’
546 1396 619 1431 ἐμοῦ
644 1397 721 1427 ἐστι,
749 1398 796 1424 καὶ
817 1397 896 1429 δόξας

109 1440 223 1474 ἀσαφῶς
244 1442 342 1472 εἰπεῖν,
361 1442 554 1477 ἑφηρμήνευσε
580 1443 626 1468 τὸν
643 1443 732 1477 λόγον,
755 1443 894 1477 προσθεὶς,

109 1486 150 1514 ὅτι
172 1487 225 1513 Kal
251 1488 267 1513 ὁ
290 1487 333 1521 μὴ
350 1487 491 1521 συνάγων
500 1488 564 1521 μετ’
580 1488 652 1522 ἐμοῦ
665 1487 826 1522 σκορπίζει.
851 1487 896 1522 Τῷ

107 1532 225 1567 διαϐόλῳ
251 1533 280 1558 δὲ
311 1533 440 1565 συνέταξε
475 1534 524 1560 καὶ
549 1535 612 1566 τοὺς
645 1534 801 1567 Ἰουδαίους,
833 1534 896 1560 κατ’

108 1577 193 1604 αὐτοῦ
207 1586 237 1604 τε
250 1578 341 1612 ὂντας,
356 1579 404 1605 καὶ
420 1579 630 1614 σκορπίζοντας,
645 1579 661 1606 ἃ.
677 1580 806 1615 συνῆγεν,
834 1582 895 1607 ὅσον
909 1589 931 1619 C

109 1624 139 1652 τὸ
150 1624 195 1649 ἐπ’
210 1625 314 1655 αὐτοῖς.

143 1715 195 1740 Διὰ
212 1728 246 1734 —
262 1713 361 1742 τοῦτο.
387 1714 459 1741 Διότι
475 1714 599 1747 τοιαῦτα,
621 1716 681 1742 κατ’
697 1715 764 1751 ἐμοῦ
792 1715 897 1750 λέγετε.

145 1805 227 1840 Λέγω
240 1822 274 1826 -
286 1806 399 1839 αὐτοῖς.
417 1807 471 1841 Οὐχ
484 1806 577 1838 ἁπλῶς
593 1807 684 1832 πᾶσαν
697 1806 836 1841 ἁμαρτίαν
852 1807 899 1833 καὶ

110 1852 287 1886 βλασφημίαν
303 1853 387 1886 λέγει’
404 1853 447 1879 διὰ
462 1852 517 1879 τῶν
535 1853 633 1888 ἑφεξῆς
658 1852 712 1889 γὰρ
737 1854 898 1888 ἑσαφήνισε,

111 1898 191 1927 ποίαν
207 1899 297 1925 πᾶσαν
310 1899 395 1933 λέγει.
409 1899 478 1935 Φησὶ
496 1899 561 1935 γάρ·

158 2033 260 2059 Kal—
275 2031 311 2058 ἐν
325 2031 364 2064 τῷ
386 2033 544 2065 μέλλοντι.
573 2031 623 2062 *ος
651 2030 702 2066 μὲν
733 2030 767 2056 ἂν
787 2029 898 2065 ἁμάρτῃ

110 2078 183 2105 κατὰ
197 2079 248 2113 τῆς
262 2077 473 2113 ἀνθρωπότητός
490 2087 553 2113 μου,
569 2078 646 2112 φησὶ,
659 2077 811 2107 τουτέστιν,
824 2078 898 2108 ὅστις

110 2124 144 2150 ἂν
159 2123 223 2159 εἴπῃ
243 2123 404 2158 βλάσφημον
415 2123 495 2157 λόγον
523 2123 584 2150 κατ’
599 2123 695 2158 αὑτῆς,
722 2122 898 2154 σκανδαλιζόσ

113 2177 206 2204 μενος,
217 2170 261 2204 ἐφ’
277 2166 328 2202 οἷς,
345 2169 383 2200 ὡς
395 2169 551 2204 ἄνθρωπος,
570 2169 665 2201 ἐσθίω,
683 2172 731 2196 καὶ
745 2169 825 2201 πίνω,
851 2170 898 2195 καὶ

111 2215 199 2246 ὑπνῶ,
218 2215 265 2241 καὶ
278 2214 376 2246 κοπιῶ,
394 2217 440 2241 καὶ
458 2215 551 2246 τᾶλλα,
568 2215 619 2241 ὅσα
646 2216 695 2249 τῆς
721 2214 899 2250 ἀνθρωπίνης

541 197 737 229 COMMENT.
758 199 799 228 IN
819 197 1053 227 MATTIHZUM.
1078 211 1107 216 --
1127 199 1206 228 CAP.
1225 200 1318 230 XXII.

105 258 154 276 σεν
169 249 203 276 ἃν
229 249 263 276 τὰ
280 250 416 285 δαιμόνια,
435 252 570 286 τουτέστι,
595 253 796 289 διεσκόρπισεν,
814 253 838 278 ει
855 251 892 286 μὴ
910 252 931 280 Δ
948 253 1065 280 vinxerit
1092 262 1098 280 :

1679 196 1730 229 39‘?

1129 253 1164 280 ita
1183 261 1272 288 neque
1292 254 1336 281 hic
1363 253 1497 288 rapuisset
1519 251 1662 285 dzcmonia,
1679 253 1731 280 hoc

946 302 987 325 est
1014 298 1198 333 dispersisset,
1227 300 1278 326 nisi
1291 299 1408 334 primum
1427 299 1562 326 vinxisset
1577 299 1730 334 principem

946 342 1065 375 illorum,
1088 343 1134 378 qui
1148 344 1188 371 eis
1211 343 1398 371 fortitudinem
1421 345 1577 379 prastabat.

983 388 1059 415 Scire
1083 393 1173 416 autem
1208 394 1326 423 oportet,
1363 389 1435 423 quod
1462 396 1516 415 non
1557 388 1732 423 undiqnaque

944 434 1068 468 exempla
1087 435 1119 462 ad
1146 442 1227 462 omne
1247 435 1417 470 propositum
1443 439 1572 469 aptantur
1602 435 1682 462 rebus
1696 435 1731 462 ad

944 487 1012 513 quas
1042 485 1222 506 assumuntur
1248 489 1255 507 :
1279 481 1324 506 sed
1358 484 1388 506 ut
1416 480 1561 514 plurimum
1590 479 1617 506 in
1647 480 1732 514 magis

945 525 1062 559 propriis
1084 533 1115 552 ac
1129 525 1370 561 principalioribus
1390 525 1524 559 partibus.

986 617 1099 650 Quidam
1119 625 1182 644 vero
1197 617 1292 644 dicunt
1307 624 1369 643 vasa
1386 617 1538 643 dtemonum
1558 622 1619 642 esse
1632 614 1730 641 daemo-

945 663 997 690 niis
1014 663 1138 698 agitatas,
1159 670 1229 697 quos
1251 662 1378 690 Christus
1400 662 1434 689 ab
1460 662 1512 688 illis
1533 661 1634 695 rapuit,
1670 663 1730 686 vin-

944 708 994 735 ctis
1018 716 1111 735 eorum
1138 708 1293 735 virtutibus.
1321 708 1436 734 Possunt
1463 715 1570 742 quoque
1597 706 1650 733 dici
1669 713 1731 732 vasa

944 753 1042 780 diaboli
1072 761 1166 780 omnes
1179 753 1223 787 qui
1250 761 1330 787 opera
1344 752 1443 780 diaboli
1465 756 1602 783 exercent,
1619 750 1732 785 ejusque

945 799 1130 827 voluntatibus
1153 799 1339 826 subscrviuut.

979 845 1056 872 Vcrs.
1075 845 1119 871 30.
1136 844 1186 877 Qui
1197 859 1231 864 —
1243 845 1355 879 spargit.
1367 844 1458 871 Altera
1481 849 1589 878 quoque
1609 841 1733 868 conside-

945 892 1052 918 ratione
1079 891 1234 922 confirmat,
1265 890 1336 925 quod
1359 890 1450 924 potius
1468 889 1504 916 sit
1531 888 1556 915 ei
1577 886 1734 915 inimicissi-

945 945 1005 964 mus
1039 937 1166 972 princeps
1191 936 1400 963 daemoniorum.
1426 934 1505 966 Quod
1529 933 1601 961 enim
1618 940 1674 959 non
1699 932 1735 959 sit

945 990 1007 1010 cum
1036 981 1153 1013 Christo,
1175 989 1226 1008 nec
1253 988 1313 1007 cum
1330 987 1362 1006 eo
1376 983 1534 1014 congregat,
1552 977 1731 1005 manifestqu

945 1033 986 1056 est
1010 1028 1044 1055 ab
1082 1027 1225 1061 utriusque
1260 1027 1397 1061 operibus.
1437 1024 1563 1052 Christus
1600 1023 1733 1057 siquidem

945 1081 1054 1101 onmem
1076 1073 1156 1100 docet
1187 1073 1334 1105 virtutem;
1377 1078 1494 1105 cumque
1526 1076 1621 1096 omnes
1650 1072 1733 1100 amet,

945 1123 1059 1154 aegrotos
1088 1123 1183 1149 sanat;
1203 1118 1247 1145 ille
1266 1125 1333 1144 vero
1361 1125 1376 1144 e
1402 1117 1510 1143 diverso
1527 1121 1635 1141 omnem
1654 1113 1735 1140 docet

946 1165 1119 1200 pravitatem,
1140 1167 1241 1190 etcum
1263 1162 1389 1189 homines
1414 1161 1477 1189 odio
1503 1160 1617 1189 habeat,
1647 1165 1731 1192 Sanos

946 1210 1107 1244 corrumpit.
1139 1209 1216 1242 Quod
1235 1208 1257 1235 si
1277 1215 1366 1242 neque
1400 1214 1461 1234 cum
1482 1213 1515 1233 eo
1532 1209 1584 1237 est,
1607 1204 1680 1231 nulla
1692 1204 1733 1230 vi-

946 1256 1045 1283 deliccl
1071 1255 1097 1281 in
1122 1262 1150 1282 re
1174 1255 1199 1282 ei
1227 1253 1386 1286 conformis,
1417 1253 1490 1280 sicut
1519 1251 1734 1278 demonstratum

947 1307 997 1333 est,
1022 1309 1109 1335 neque
1124 1309 1185 1328 cum
1212 1307 1245 1327 eo
1269 1303 1416 1334 congregat
1435 1298 1469 1325 ad
1502 1297 1583 1324 fidem
1598 1305 1605 1322 :
1623 1295 1735 1322 onmiuo

947 1349 1077 1376 adversus
1105 1355 1168 1374 cum
1189 1352 1241 1379 est,
1262 1352 1289 1374 et
1317 1347 1422 1381 spargit
1439 1352 1508 1380 quos
1532 1343 1657 1370 Christus
1670 1349 1737 1368 con-

947 1399 1049 1429 gregat,
1069 1398 1201 1428 quantum
1218 1393 1244 1419 in
1263 1400 1293 1419 se
1308 1397 1360 1418 est.
1393 1391 1460 1417 Cum
1491 1394 1582 1417 autem
1598 1388 1710 1415 dixisset
1726 1395 1734 1413 :

949 1440 1001 1472 Qui
1025 1448 1076 1466 non
1095 1444 1131 1466 est
1153 1447 1264 1470 mecum,
1284 1438 1421 1465 adversum
1439 1444 1478 1463 me
1504 1440 1551 1466 est.
1571 1442 1602 1461 ac
1620 1435 1736 1460 obscure

947 1486 1019 1520 loqui
1053 1485 1128 1512 visus
1157 1490 1240 1517 esset,
1275 1491 1428 1511 sermonem
1465 1482 1657 1516 interpretatus
1683 1483 1735 1510 est,

947 1530 1070 1558 addens:
1101 1529 1136 1556 Et
1154 1529 1198 1564 qui
1217 1537 1268 1555 non
1292 1533 1328 1554 est
1345 1535 1455 1558 "tecum,
1471 1526 1571 1560 spargit
1590 1532 1599 1551 :
1630 1523 1736 1551 diabolo

948 1585 1014 1604 vero
1034 1576 1178 1611 conjunxit
1193 1575 1302 1602 Judaos
1323 1573 1371 1609 qui
1389 1573 1532 1600 adversum
1556 1578 1586 1597 se
1607 1573 1694 1600 erant,
1708 1573 1737 1596 et

949 1630 1012 1657 qua:
1045 1622 1102 1657 ipse
1131 1620 1321 1657 congregabat,
1364 1623 1495 1654 quantum
1521 1617 1548 1644 in
1588 1617 1628 1643 eis
1665 1619 1735 1646 erat.

951 1668 1128 1704 spargebant.

987 1714 1061 1741 \‘crs.
1089 1714 1133 1741 5L
1160 1712 1272 1747 Propter
1286 1713 1344 1738 hoc.
1364 1710 1433 1744 Quia
1453 1710 1515 1737 talia
1528 1709 1671 1736 adversum
1689 1713 1732 1732 me

949 1759 1050 1787 dici-is.

984 1806 1061 1833 Vers.
1090 1805 1134 1831 '51.
1161 1803 1226 1830 Dico
1242 1802 1332 1828 —eis.
1357 1801 1417 1827 Non
1450 1799 1609 1833 simpliciter
1656 1805 1738 1824 omne

950 1855 1089 1887 peccatum
1120 1854 1146 1876 et
1175 1855 1283 1875 omnem
1304 1847 1502 1880 blasphemiam
1528 1844 1613 1871 dicit:
1632 1851 1680 1877 per
1706 1850 1736 1869 ea

949 1897 1021 1924 enim
1044 1903 1104 1929 qua:
1127 1898 1290 1928 sequuntur,
1312 1890 1496 1918 manilestavit
1518 1896 1598 1924 quam
1629 1894 1738 1914 omnem

949 1943 1022 1970 dicat
1048 1940 1243 1975 blasphemiam
1267 1943 1294 1965 et
1318 1937 1389 1972 quod
1419 1944 1500 1964 omne
1517 1939 1670 1971 peccatum.
1694 1933 1739 1960 Ait

949 1989 1022 2016 enim
1035 1997 1042 2013 ι

985 2034 1064 2061 Vers.
1085 2031 1130 2059 52.
1156 2030 1276 2057 Ει-ἱη
1299 2030 1399 2065 futuro.
1432 2027 1604 2060 Quicunque,
1636 2024 1738 2058 inquit,

950 2077 1100 2115 peccaverit
1122 2077 1253 2103 adversus
1279 2074 1480 2102 humanitatem
1499 2079 1599 2101 meam,
1618 2071 1669 2097 hoc
1684 2073 1737 2102 est,

950 2124 1073 2160 quiSquis
1086 2123 1185 2150 dixerit
1201 2122 1388 2157 blasphemqu
1400 2120 1513 2148 verbum
1529 2119 1738 2148 adversuseam,

951 2172 1072 2200 offensus
1093 2170 1165 2204 quod
1195 2173 1322 2203 tanquam
1349 2167 1432 2194 homo
1463 2165 1552 2195 edam,
1589 2164 1678 2190 bibam
1707 2170 1739 2189 ac

950 2217 1093 2247 dormiant,
1112 2214 1218 2248 aliaque
1240 2221 1298 2248 qua:
1319 2213 1443 2239 ltumame
1464 2214 1526 2238 sunt
1555 2210 1665 2244 propria
1686 2215 1735 2234 ua-

112 2259 222 2294 φύσεως
234 2260 299 2291 tota,
313 2259 386 2294 ἅπερ
397 2259 652 2294 ἀνθρωποπρεπῶς,
667 2260 702 2286 τὰ
719 2260 767 2294 μὲν
782 2259 896 2294 ἑνεργῶ,

953 2267 1028 2294 turae,
1047 2265 1076 2288 nt
1100 2259 1202 2287 homini
1226 2258 1403 2289 conveniunt,
1419 2261 1445 2284 et
1477 2256 1573 2283 faciam
1594 2259 1621 2282 ct
1637 2254 1735 2289 patiar,

110 2305 147 2332 τὰ
165 2305 194 2331 δὲ
222 2305 336 2340 πάσχω,
361 2305 490 2340 βεϐαιῶν,
513 2306 554 2332 δτι
576 2306 647 2332 κατὰ
667 2305 798 2341 ἀλήθειαν
818 2307 897 2339 ἐνην-

112 2349 261 2386 θρώπησα,
281 2352 295 2377 ὁ
318 2351 439 2382 τοιοῦτος
466 2352 712 2386 συγγνωσθήσεται
727 2351 845 2383 πάντως,
861 2351 898 2382 ὼς

112 2398 164 2424 οὐκ
191 2397 405 2432 ὲθελοκακήσας,
435 2397 494 2424 ἀλλ’
520 2399 549 2423 ὲν
578 2397 675 2433 ἀγνοίᾳ
690 2397 740 2432 τῆς
768 2397 900 2432 ἀληθείας

115 2443 327 2478 βλασφημήσας⁴
355 2444 370 2469 ὁ
397 2444 426 2470 δὲ
449 2443 556 2479 βλέπων
581 2443 630 2475 τὰς
661 2443 830 2478 θεοπρεπεῐς,
850 2452 900 2477 μου

116 2490 269 2524 ἐνεργείας,
285 2489 318 2521 ἃς
332 2489 413 2524 μόνος
434 2489 547 2516 δύναται
563 2490 650 2515 ποιεῖν
667 2491 681 2515 ὁ
700 2489 778 2521 Θεὸς,
800 2489 847 2516 καὶ
863 2489 902 2524 τῷ

115 2535 282 2568 Βεεὶςεὸοὺλ
307 2535 411 2567 ταύτας
440 2536 672 2571 ἐπιγραφόμενος,
693 2536 731 2567 ὼς
750 2537 798 2562 καὶ
823 2536 902 2570 ὑμεῖς

116 2581 177 2614 νῦν,
196 2582 244 2607 καὶ
256 2581 327 2608 οὕτω
340 2581 509 2617 βλασφημῶν
524 2582 595 2608 κατὰ
613 2582 660 2608 τοῦ
677 2581 836 2616 Πνεύματος
854 2581 901 2608 τοῦ

117 2629 208 2662 ἁγίου,
238 2629 308 2664 ἦτοι,
342 2629 412 2655 κατὰ
440 2629 489 2663 τῆς
505 2629 640 2664 θεότητος·
669 2628 772 2661 ταύτην
787 2627 842 2662 γὰρ
855 2627 902 2652 νῦν

118 2674 199 2700 καλεῖ
212 2673 323 2708 Πνεῦμα
343 2673 432 2707 ἅγιον·
449 2682 526 2703 ουτος
556 2673 592 2705 ὡς
613 2673 818 2707 ἐθελοκακήοας
838 2681 903 2706 προ-

117 2719 218 2754 δήλως,
236 2720 282 2746 καὶ
303 2721 331 2745 ἐν
360 2719 460 2752 γνώσει
496 2719 666 2755 καθυϐρίσας
694 2719 740 2745 τὸν
765 2718 840 2750 Θεὸν,
857 2718 905 2745 καὶ

118 2765 314 2801 ἀναπολόγητα
346 2765 401 2797 πλη
406 2765 495 2800 μμελή
500 2773 532 2790 σα
537 2773 561 2797 ς,
591 2765 622 2791 οὐ
647 2773 740 2802 συγχω
744 2764 812 2800 ρηθή
817 2772 903 2791 σεται.

155 2856 193 2882 Τὸ
207 2856 246 2890 δὲ,
264 2856 338 2883 οὔτε
351 2857 387 2883 ἐν
407 2855 447 2890 τῷ
465 2856 523 2883 νῦν
538 2855 629 2888 αἰῶνι,
652 2856 721 2883 οὔτε
731 2855 766 2882 ἐν
779 2855 819 2888 τῷ
835 2854 905 2890 μέλ-

119 2903 217 2936 Αοντι,
251 2902 417 2939 προσέθηκε,
432 2903 578 2936 διδάσκων,
594 2903 635 2929 ὅτι
663 2902 780 2937 μεγίστη
798 2901 843 2928 καὶ
857 2910 903 2938 φο-

950 2308 1113 2336 conlirmans
1131 2305 1201 2340 quod
1230 2311 1292 2331 vere.
1320 2303 1465 2330 humanam
1496 2301 1663 2335 susceperim
1690 2307 1739 2326 ua-

952 2360 1052 2384 turam,
1083 2352 1147 2379 huic
1172 2351 1285 2378 omnino
1320 2350 1486 2384 ignoscetur,
1527 2347 1604 2382 quasi
1628 2354 1682 2373 non
1705 2353 1740 2372 ex

953 2398 1085 2427 industria
1103 2398 1173 2424 male
1187 2396 1282 2432 egerit,
1300 2395 1347 2423 sed
1363 2403 1410 2429 per
1425 2394 1548 2422 veritatis
1562 2392 1740 2429 ignorantiam

943 2443 1190 2479 ‘blasphemaverit.
1212 2442 1263 2474 Qui
1278 2448 1342 2468 vero
1363 2440 1418 2467 Deo
1431 2440 1528 2474 dignas
1551 2439 1648 2466 videns
1675 2445 1741 2471 ope-

952 2491 1081 2523 rationcs,
1108 2496 1176 2524 quas
1215 2488 1289 2514 solus
1331 2486 1419 2513 facere
1456 2488 1546 2520 potest
1573 2484 1655 2515 Deus,
1691 2482 1741 2516 ipsi

953 2543 1061 2571 quoque
1079 2534 1223 2562 Bcelzebul
1248 2534 1307 2560 illas
1338 2531 1506 2566 ascripserit,
1535 2534 1565 2556 ut
1585 2537 1632 2556 vos
1659 2528 1741 2555 etiam
1786 2536 1788 2538 ·

955 2589 1026 2609 nunc
1055 2581 1157 2612 facitis,
1181 2584 1208 2606 ct
1231 2579 1267 2606 ita
1293 2579 1424 2605 adversus
1453 2577 1584 2611 Spiritum
1616 2579 1741 2601 sanctum

954 2625 1149 2661 blasphemiam
1175 2624 1284 2657 dixerit,
1315 2624 1372 2650 sive
1410 2623 1540 2649 adversus
1571 2619 1740 2647 divinitatem

956 2673 1027 2708 (nam
1040 2671 1109 2698 hanc
1127 2675 1204 2698 vocat
1223 2677 1297 2697 nunc
1311 2669 1440 2704 Spiritum
1452 2667 1601 2702 sanctum),
1610 2666 1654 2693 hic
1664 2665 1742 2700 quasi

955 2726 986 2746 ex
1013 2717 1146 2744 industria
1176 2715 1319 2743 manifeste
1351 2722 1382 2741 ac
1415 2714 1533 2740 scienter
1559 2719 1685 2747 peccans.
1715 2715 1743 2738 et

957 2764 1040 2791 Deum
1062 2762 1160 2797 injuria
1193 2761 1323 2793 alliciens,
1342 2768 1373 2787 ac
1399 2758 1619 2786 inexcusabilitcr
1654 2757 1743 2784 delin-

957 2817 1053 2845 queus,
1074 2809 1179 2836 veniam
1193 2816 1247 2835 non
1263 2811 1457 2841 consequetur.

990 2854 1068 2887 Quod
1081 2857 1172 2880 autem
1190 2853 1324 2888 sequitur.
1353 2852 1443 2884 Neque
1458 2852 1485 2878 in
1499 2850 1623 2887 prmeuti
1635 2848 1742 2880 sarculo,

957 2909 1040 2937 neque
1075 2901 1101 2927 iu
1120 2901 1220 2935 futuro,
1256 2899 1371 2931 addidit,
1399 2899 1499 2926 docens
1536 2897 1681 2925 maximam
1711 2902 1743 2922 ac

1055 2967 1058 2980 l
