1937 3072
198 145 252 178 383

818 141 1010 172 ΕΠῚῊΥΜΙῙ
1032 142 1214 173 ZIGABENI

1780 142 1816 176 38
1823 144 1840 175 ί

201 197 372 228 tremendam
395 204 456 225 esse
474 196 606 224 adversus
632 194 716 222 Deum
733 194 930 230 blasphemiam
945 205 951 222 ε
968 201 995 223 et

1051 198 1194 233 δερωτάτη
1225 198 1330 235 ἐστὶνὴ
1360 197 1430 225 κατὰ
1448 197 1494 225 τοῦ
1510 198 1578 225 Θεοῦ
1601 199 1773 234 βλασφημία,
1790 200 1841 227 καὶ

200 245 274 280 quod
301 243 441 271 hominum
461 243 569 278 quidam
589 241 631 268 hic
648 248 679 268 ac
709 241 736 268 in
767 240 859 269 futuro
894 242 994 269 stmulo

200 291 333 326 supplicia
363 289 511 319 sustinent,
535 292 565 314 ut
588 286 737 314 Sodomita:
753 287 888 315 etJudaei.
912 287 945 315 Et
960 288 993 315 de

201 336 349 363 Sodomitis
361 334 470 370 quidem
489 333 664 368 prmdiximus
682 333 787 360 decimo
803 341 875 360 nono
887 334 992 367 capite:

202 382 288 408 Jutlwi
322 388 386 407 vero
409 384 436 407 et
462 379 506 406 hic
536 386 631 414 pmnas
660 379 803 410 dederunt,
830 388 842 405 a
864 379 994 406 Romanis

202 426 394 454 miserabiliter
411 425 523 452 amicti:
551 428 578 452 et
597 425 633 452 ibi
664 425 850 451 miserabilius
879 425 993 452 cruciati

200 473 315 499 dabunt.
336 472 451 504 Quidam
471 479 535 498 vero
564 471 608 498 hic
636 471 723 498 solum
766 471 933 506 puniuntur,
963 478 993 499 ut

201 519 364 546 l'ornicarius
381 519 425 545 ille
452 518 524 552 apud
553 518 713 544 Corinthios
730 518 838 545 Satanae
866 518 992 546 traditus.

199 564 289 599 Aliqui
321 569 412 591 autem
431 564 468 591 ibi
486 568 602 595 tantum,
633 567 663 590 ut
693 563 769 590 dives
783 564 826 590 ille
843 564 870 591 in
887 563 994 591 ﬂamma

199 611 345 639 cruciatus.
371 610 508 637 Prmtcrca
537 610 663 637 nonnulli
680 618 768 645 neque
786 610 830 637 hic
846 618 933 644 neque
946 611 993 643 ibi,

200 663 230 685 ut
258 657 378 691 apostoli
402 660 429 684 et
453 657 593 692 prophetae
615 665 646 684 ac
663 657 726 684 Job.
766 657 834 684 Nam
867 665 927 692 quae
944 657 993 691 ipsi

199 704 384 738 patiebantur,
422 711 477 730 non
502 703 615 730 ultionis
643 709 749 730 cranta
774 703 829 730 Deo
856 704 994 736 immissa),

200 750 249 776 sed
272 750 454 776 certaminum
483 757 514 776 ac
541 749 686 776 luctarum.
716 749 792 781 Quod
817 758 881 785 ergo
906 750 993 776 mina-

200 800 252 828 tur,
275 796 407 823 adversus
433 795 492 822 illos
510 799 561 827 est,
581 796 626 829 qui
646 795 853 822 immutuhilitcr
875 796 900 822 in
927 804 994 830 pec—

198 846 262 868 cato
282 846 437 868 remanent.
471 841 645 868 Manifestum
679 846 720 869 est
744 846 846 873 autem,
862 842 932 876 qttod
955 842 994 869 eis

200 888 244 922 qui
267 887 443 921 resipiscuut,
474 892 501 914 et
532 887 574 914 hic
601 892 628 914 et
656 888 691 914 ibi
720 887 885 914 remittetur.
912 887 987 914 Multi

199 934 272 960 enim
298 934 344 968 qui
363 938 428 960 tunc
456 933 492 960 ita
520 933 705 968 deliquerant,
740 941 801 961 cum
821 934 994 968 postmodum

199 979 393 1013 credidissent,
414 978 522 1006 veniam
538 979 651 1006 omnino
668 979 847 1014 sunt_adepti.

237 1077 315 1106 Vers.
332 1078 378 1106 33.
405 1078 458 1105 Aut
474 1079 712 1113 —cognascitur._
727 1078 832 1108 Facite.
859 1078 912 1104 hoc
942 1082 993 1109 est,

198 1125 292 1152 dicite.
319 1125 436 1152 Rursum
463 1110 559 1152 auteni
596 1110 740 1152 confundit
770 1124 831 1151 illos
867 1128 995 1159 tauquam

200 1177 232 1196 ea
265 1170 432 1197 deducentes
452 1169 479 1196 iu
498 1171 713 1201 accusationem,
745 1177 805 1204 quat
829 1169 880 1196 sibi
900 1174 996 1196 mutuo

199 1222 256 1242 non
271 1216 445 1246 constabant.
472 1215 519 1242 sed
549 1219 647 1250 praeter
669 1220 796 1242 naturam
820 1219 910 1243 erant.
929 1215 995 1242 Nam

196 1260 264 1295 quia
274 1268 344 1296 opus
351 1261 477 1295 abigendi
488 1262 623 1288 tta-mones
634 1269 690 1289 non
699 1261 902 1295 improbabant,
911 1269 997 1296 quatt-

200 1314 282 1341 quam
312 1307 458 1334 admodum
486 1307 661 1342 impudentes
676 1311 780 1338 essent,
793 1315 856 1334 eum
873 1314 937 1333 vero
951 1314 997 1333 ca-

201 1351 409 1378 lumniabautur
429 1351 474 1386 qui
495 1352 556 1379 illos
584 1352 710 1386 abigebat
726 1361 732 1378 :
748 1352 782 1380 ab
797 1352 922 1387 exemplo
938 1352 997 1379 illos

204 1399 354 1434 redarguit.
386 1399 431 1434 qui
456 1406 525 1433 opus
551 1399 661 1433 quidem
687 1398 843 1434 judicarent
883 1399 995 1432 bonum,

203 1452 264 1471 eum
305 1449 395 1472 autem
416 1445 462 1479 qui
494 1449 633 1479 operatur,
661 1445 873 1480 malum:quod
903 1445 995 1480 impu-

202 1491 300 1518 dentiae
312 1495 354 1518 est
367 1498 400 1518 ae
417 1491 613 1525 repugnantiam

1045 245 1087 271 ὅτι
1113 245 1167 272 τῶν
1188 245 1351 280 ἀνθρώπιον.
1367 246 1390 272 οἱ
1419 246 1468 280 μὲν
1498 247 1546 273 καὶ
1562 245 1618 282 (86)
1648 245 1766 273 ἐνταῦθα
1789 245 1841 273 καὶ

1045 291 1105 318 ἐκεῖ
1120 292 1294 324 κολάζονται,
1311 292 1348 324 ὡς
1362 293 1387 319 οἱ
1401 293 1546 328 Σοδομῖται
1573 293 1620 319 καὶ
1636 293 1672 324 ὡς
1693 293 1839 320 Ἰουδαῖοι·

1046 338 1093 364 καὶ
1116 338 1180 374 περὶ
1209 339 1258 373 μὲν
1280 338 1335 365 τῶν
1351 339 1508 373 Σοδομιτῶν
1529 340 1739 374 προειρήκαμεν
1753 340 1782 366 ἐν
1798 339 1841 374 τῷ

1048 384 1284 419 ἐννεακαιδεκάτῳ
1300 384 1460 420 κεφαλαίῳ·
1495 385 1617 412 Ἰουδαῖοι
1647 385 1675 411 δὲ
1702 385 1750 411 καὶ
1781 385 1840 421 (87)

1046 430 1162 457 ἐνταῦθα
1195 430 1276 466 δίκην
1311 431 1416 463 ἔδοσαν,
1449 430 1577 463 ἐλεεινῶς
1605 432 1658 458 ὑπὸ
1695 431 1841 466 Ῥωμαίων

1046 476 1285 511 πολιορκηθέντες,
1304 477 1351 504 καὶ
1370 477 1429 503 ἐκεῖ
1444 477 1687 512 τιμωρηθήσονται
1714 476 1843 512 χαλεπώ-

1045 530 1144 556 τερον·
1169 522 1242 552 τινὲς
1269 522 1296 548 δὲ
1323 521 1443 550 ἐνταῦθα
1474 523 1556 557 μόνον
1583 522 1755 555 κολάζονται,
1773 522 1841 554 ὠςὸ

1046 567 1241 601 πεπορνευκὼς
1269 568 1344 602 παρὰ
1365 568 1522 603 Κορινθίοις
1549 568 1596 594 καὶ
1617 567 1782 603 παραδοθεὶς
1799 567 1842 600 τῷ

1049 612 1167 648 Σατανᾷ.
1187 614 1265 644 Τινὲς
1279 613 1306 640 δὲ
1325 614 1385 640 ἐκεῖ
1405 614 1498 648 μόνον,
1517 613 1553 645 ὠς
1570 613 1584 640 ὀ
1600 612 1841 648 ἀποτηγανιζόμε-

1046 667 1090 691 νος
1102 660 1131 685 ἐν
1145 661 1177 694 τῇ
1197 659 1276 694 φλογὶ
1305 660 1443 692 πλούσιος,
1467 660 1545 691 Τινὲς
1564 660 1591 686 δὲ
1617 659 1683 686 οὕτε
1706 659 1841 690 ἐνταῦθα,

1047 704 1108 731 οὔτε
1135 706 1202 736 ἐκεῖ,
1216 706 1253 737 ὡς
1268 706 1293 732 οἱ
1318 706 1465 732 ἀπόστολοι
1489 707 1535 732 καὶ
1549 707 1573 733 οἰ
1589 707 1739 741 προφῆται,
1761 705 1808 732 καὶ
1826 705 1842 731 ὁ

1053 751 1131 777 Ἰώὸ’
1151 751 1235 786 ἃγὰρ
1261 751 1391 786 ἔπασχον,
1409 751 1438 778 οὒ
1467 751 1516 787 τῆς
1541 753 1573 779 ὲκ
1600 751 1668 778 Θεοῦ
1702 752 1844 783 κολάσεως

1046 795 1127 832 ἦσαν,
1155 797 1212 824 ἀλλ*
1244 797 1358 832 ἀγώνων
1379 797 1427 824 καὶ
1452 798 1652 834 παλαισμάτων
1665 806 1672 813 ·
1693 799 1709 833 ἡ
1728 798 1777 833 μὲν
1795 795 1844 825 οὖν

1047 843 1159 877 ἀπειλὴ,
1175 843 1247 870 κατὰ
1263 844 1316 870 τῶν
1333 843 1471 878 μενόντων
1499 843 1726 878 ὀμεταμελήτων.
1756 844 1843 878 Δῆλον

1047 887 1085 919 δὲ,
1103 888 1142 914 ὅτι
1161 889 1217 920 τοῖς
1247 883 1423 922 μετανοοῦτιν
1451 889 1621 924 ἀφεθήσεται
1648 891 1694 915 καὶ
1724 889 1844 916 ἐνταῦθα

1047 934 1093 959 καὶ
1113 934 1182 961 ἐκεῖ.
1200 933 1295 959 Πολλοὶ
1324 934 1379 969 γὰρ
1405 932 1459 960 τῶν
1480 933 1552 960 οὕτω
1576 935 1730 968 τηνικαῦτα
1751 934 1844 969 πλημ‹

1049 978 1237 1014 μελησάντων,
1253 980 1449 1010 πιστεύσαντες
1469 979 1594 1014 ὕστερον,
1612 979 1701 1007 πάντα
1725 989 1845 1015 συνεχω-

1049 1024 1181 1059 ρήθησαν.

1086 1070 1374 1105 ’Ἡ-γινώσκετιιι,
1397 1072 1546 1106 Ποιήσατε,
1573 1073 1634 1099 ἀντὶ
1655 1073 1714 1105 τοῦ,
1736 1073 1844 1100 εἴπατε.

1048 1117 1236 1153 Καταισχύνει
1265 1118 1292 1144 δὲ
1316 1118 1398 1145 πάλιν
1427 1119 1528 1154 ἑτέρως
1557 1119 1669 1151 αὐτοὺς,
1686 1120 1723 1152 ὡς
1743 1120 1844 1147 ἀνακό-

1047 1164 1130 1191 λουθα
1149 1164 1195 1191 καὶ
1224 1164 1300 1200 παρὰ
1323 1166 1406 1199 φύσιν
1432 1165 1667 1200 κατηγοροῦντας,
1691 1166 1771 1192 Ἐπεὶ
1787 1166 1843 1200 γὰρ

1049 1211 1078 1237 τὸ
1093 1210 1143 1246 μὲν
1156 1210 1359 1237 ἀπελαύνεσθαι
1379 1210 1442 1242 τοὺς
1467 1211 1611 1246 δαίμονας,
1632 1212 1683 1238 οὐκ
1704 1211 1843 1244 ἐκάκιζον,

1049 1259 1073 1284 εἰ
1091 1259 1138 1284 καὶ
1155 1258 1258 1292 σφόδρα
1291 1258 1510 1293 ὴναισχύντουν·
1530 1258 1575 1284 τὸν
1597 1259 1626 1284 δὲ
1652 1258 1841 1285 ἀπελαύνοντα

1048 1303 1160 1334 τούτους
1171 1303 1320 1335 διέϐαλλον,
1332 1304 1597 1339 παραδειγματικῶς
1608 1304 1708 1335 αὐτοὺς
1721 1304 1840 1339 ἐλέγχει,

1048 1351 1079 1377 τὸ
1094 1351 1143 1386 μὲν
1159 1350 1240 1387 ἔργον
1262 1350 1317 1386 (88)
1348 1351 1429 1377 καλὸν
1451 1350 1606 1386 κρίνοντας,
1619 1351 1664 1376 τὸν
1679 1350 1709 1377 δὲ
1724 1351 1842 1385 ἐργαζό-

1050 1405 1141 1431 μενον,
1159 1396 1254 1429 κακδν,
1272 1396 1342 1432 ὅπερ
1380 1395 1455 1424 tam
1484 1396 1672 1431 ἐναντιότητος
1700 1397 1746 1423 καὶ
1767 1397 1843 1424 ἀναι-

1050 1443 1188 1478 σχυντίας.

239 1537 273 1564 Ει
283 1537 408 1564 arboreta
425 1545 490 1569 sane
501 1537 619 1572 appellat
633 1537 756 1572 scipsum
770 1546 775 1563 :
791 1535 909 1564 fructum
922 1545 996 1569 vero,

1086 1535 1141 1562 Καὶ
1155 1535 1262 1571 δένδρον
1277 1537 1338 1570 μὲν,
1357 1536 1454 1563 ἑαυτὸν
1468 1536 1523 1572 (89)
1551 1536 1713 1571 ὑποφαίνει’
1737 1536 1843 1572 καρπὸν

205 1590 275 1617 opus
314 1590 407 1610 suum.
433 1583 478 1609 Ait
508 1591 596 1617 ergo:
625 1583 680 1609 Aut
713 1582 795 1609 dicite
825 1587 996 1617 operatorem

202 1629 316 1659 bonum,
344 1634 372 1656 et
400 1636 469 1663 opus
500 1629 561 1663 ejus
593 1628 719 1655 bonum:
751 1633 799 1656 aut
824 1634 996 1664 operatorem

203 1675 315 1706 malum,
338 1679 366 1702 et
384 1682 452 1709 opus
471 1675 531 1710 ejus
561 1675 674 1702 malum.
715 1674 782 1702 Nam
802 1675 824 1702 si
848 1683 916 1710 opus
946 1675 996 1702 bo-

203 1729 270 1748 nutn
295 1726 346 1753 est,
372 1726 500 1755 operator
529 1729 639 1756 quoque
659 1721 719 1756 ejus
744 1721 833 1748 bonus
862 1722 925 1748 erit.
960 1721 998 1749 Ex

203 1773 287 1800 opere
323 1766 458 1800 siquidem
487 1768 665 1801 cognoscitur
705 1771 856 1801 operator:
887 1767 909 1793 si
933 1766 997 1793 boni

203 1812 304 1846 operis,
328 1812 442 1845 bonus;
473 1813 495 1840 si
516 1812 602 1847 pravi,
641 1820 752 1847 pravus.
790 1812 895 1845 Quinto
922 1813 996 1839 enim

203 1858 292 1893 capite
306 1858 399 1885 docuit
409 1859 443 1891 ",
461 1859 533 1893 quod
553 1866 608 1886 non
626 1862 715 1892 potest
741 1858 824 1885 arbor
855 1860 924 1886 bona
942 1859 998 1885 fru-

205 1908 268 1932 ctus
283 1905 369 1931 malos
385 1905 484 1938 facere,
503 1908 531 1932 ut
556 1912 644 1940 neque
665 1904 747 1931 arbor
769 1904 867 1931 vitiosa
890 1904 998 1932 fructus

206 1951 293 1978 honos
311 1950 414 1978 facere.

243 1995 320 2024 Vers.
338 1995 383 2024 54.
399 1995 543 2031 Progenies
559 2011 595 2016 —
609 1995 676 2023 mali
691 1996 703 2022 .9
722 1995 781 2022 Non
806 1995 905 2022 mirum
922 2001 962 2023 est
975 1996 998 2023 si

206 2044 363 2079 huiusmodi
404 2044 523 2073 convitia
565 2044 691 2078 jactatis.
725 2043 791 2071 Nam
826 2051 888 2071 cum
934 2043 998 2071 mali

205 2089 276 2122 sitis,
314 2097 370 2117 non
404 2090 517 2125 potestis
553 2089 625 2118 bona
650 2090 736 2125 loqui.
776 2089 880 2117 Deinde
916 2095 997 2118 natu-

207 2134 255 2160 rali
284 2141 391 2169 quoque
421 2134 524 2162 ratione
552 2136 733 2168 demonstrat,
761 2135 833 2169 quod
867 2135 919 2162 hoc
942 2143 998 2162 non

206 2183 324 2216 possint.

241 2227 383 2256 Yers.‘5£.
415 2227 458 2255 Es
480 2228 656 2263 —loquilur.
690 2227 831 2262 Siquidem
872 2236 935 2256 cum
970 2218 1037 2256 inD

205 2274 290 2302 corde
320 2274 416 2301 vitium
447 2274 589 2305 scaturiat,
630 2274 784 2301 necessario
813 2274 847 2301 ab
863 2280 897 2300 eo
927 2274 998 2308 quod

206 2319 339 2352 abundat,
366 2320 517 2347 etl‘uuditur
546 2319 667 2354 pravitas
689 2327 749 2353 qua
766 2324 807 2346 est
836 2327 927 2347 sermo
942 2328 1001 2347 ma-

207 2367 260 2393 lus.
293 2366 327 2394 Et
341 2367 572 2401 quemadmodum
597 2365 696 2393 medici
715 2365 746 2400 (i)
777 2366 848 2393 circa
866 2366 998 2402 principia

206 2412 328 2447 quidem,
357 2412 513 2440 exsilientes
531 2413 659 2439 humores
680 2412 754 2439 intus
772 2419 917 2440 remanere
946 2421 996 2441 co-

207 2462 273 2493 gunt
290 2468 296 2486 :
315 2465 376 2485 cum
403 2462 495 2486 autem
520 2458 557 2485 illi
573 2458 789 2493 sobscaturiuut,
807 2459 863 2494 jam
881 2458 996 2487 vincun—

248 2538 270 2553 ⁸⁸
287 2537 383 2571 Matth.
403 2545 452 2569 vn,
470 2537 515 2565 18.

1049 1582 1089 1614 δὲ,
1108 1581 1138 1608 τὸ
1153 1582 1234 1618 ἔργον
1254 1582 1349 1609 αὐτοῦ.
1374 1583 1457 1616 Λέγει
1488 1583 1590 1613 τοίνυν,
1617 1583 1658 1609 ὅτι
1683 1583 1719 1609 Ἢ
1746 1583 1842 1609 εἴπατε

1047 1628 1093 1654 τὸν
1115 1629 1235 1663 ἐργάτην
1263 1629 1356 1661 καλὸν,
1388 1629 1434 1655 καὶ
1456 1629 1484 1654 τὺ
1506 1628 1586 1664 ἔργον
1609 1628 1692 1655 αὑτοῦ
1710 1629 1803 1654 καλὸν·
1823 1629 1840 1664 ἢ

1047 1675 1094 1701 τὸν
1112 1676 1233 1710 ἐργάτην
1250 1676 1333 1701 αὐτοῦ
1349 1675 1404 1710 (90)
1433 1675 1528 1708 κακὸν,
1543 1676 1590 1701 καὶ
1607 1675 1637 1701 τὸ
1652 1675 1732 1710 ἔργον
1760 1676 1842 1702 αὑτοῦ

1049 1721 1145 1747 κακόν.
1168 1722 1200 1747 Et
1215 1721 1270 1756 γὰρ
1289 1721 1320 1747 τὸ
1338 1721 1419 1756 ἔργον
1441 1721 1534 1752 καλὸν,
1558 1721 1612 1755 ἄρα
1634 1722 1710 1747 καὶὸ
1725 1721 1843 1756 ἐργάτης

1048 1765 1132 1792 αὐτοῦ
1151 1766 1251 1798 καλός’
1268 1766 1301 1792 ὲκ
1327 1766 1382 1801 γὰρ
1405 1766 1451 1792 τοῦ
1483 1766 1567 1802 ἓργου
1581 1766 1595 1791 ό
1613 1765 1734 1802 ἐργάτης
1759 1767 1842 1793 αὐτοῦ

1049 1812 1223 1846 γινώσκεται.
1250 1812 1283 1839 Εί
1303 1812 1353 1846 μὲν
1367 1811 1463 1844 καλοῦ,
1482 1812 1564 1843 καλός
1575 1820 1581 1826 ·
1598 1813 1622 1838 εί
1635 1811 1663 1839 δὲ
1678 1812 1775 1843 κακοῦ.
1792 1821 1842 1839 κα-

1050 1860 1106 1890 κός.
1131 1858 1250 1891 Ἐδίδαξε
1276 1858 1332 1897 γὰρ
1349 1860 1378 1884 ὲν
1395 1858 1433 1893 τῷ
1448 1859 1568 1894 πέμπτῳ
1597 1859 1737 1893 κεφαλαίῳ
1757 1860 1797 1886 ὅτι
1810 1859 1842 1886 οὗ

1049 1906 1160 1932 δύναται
1179 1905 1287 1940 δένδρον
1304 1905 1407 1939 ἀγαθὶν
1430 1905 1556 1939 καρποὺς
1575 1906 1712 1940 πονηροὺς
1742 1907 1841 1939 ποιεῖν,

1048 1951 1108 1979 οὐδὲ
1121 1951 1229 1986 δένδρον
1245 1952 1349 1986 σαπρὸν
1367 1952 1491 1986 καρποὺς
1511 1951 1610 1982 καλοὺς
1629 1953 1732 1979 ποιεῖν.

1083 1996 1262 2032 Γεννήματα
1291 2013 1325 2017 -——
1343 1996 1447 2030 ὄντες-ς
1476 1997 1534 2024 Οὐκ
1563 1997 1620 2023 ἐστι
1640 1997 1842 2032 θαυμαστὸν,εί

1048 2044 1164 2070 τοιαῦτα
1192 2043 1388 2078 βλασφημεῖτε.
1403 2044 1520 2078 Πονηροὶ
1532 2043 1590 2077 γὰρ
1612 2043 1700 2075 ὄντες,
1716 2044 1747 2070 οὑ
1764 2044 1842 2070 δύνα-

1050 2090 1096 2116 σθε
1113 2090 1203 2123 ἀγαθὰ
1219 2090 1320 2118 λαλεῖν,
1335 2088 1403 2116 Εἶτα
1419 2090 1467 2117 καὶ
1490 2090 1692 2124 φυσιολογικῶς
1731 2091 1843 2118 ἀποδεί-

1049 2143 1140 2168 κνυσι,
1156 2135 1214 2167 πῶς
1225 2135 1255 2161 οὐ
1270 2136 1412 2163 δύνανται.

1095 2225 1146 2252 Ἐιι
1172 2241 1208 2247 —-
1234 2226 1331 2254 λαλεῖ.
1366 2227 1608 2262 ’Υπερὸλυζούσης
1634 2228 1690 2262 γὰρ
1709 2227 1760 2260 τῆς
1784 2227 1839 2263 (91)

1054 2273 1167 2308 καρδίας
1188 2273 1244 2308 (92)
1261 2275 1290 2300 ὲν
1303 2275 1335 2309 τῇ
1354 2274 1470 2309 καρδίᾳ,
1487 2274 1581 2301 λοιπὸν
1597 2274 1626 2307 ἐξ
1645 2274 1771 2308 ἀνάγκης
1789 2274 1842 2301 ἀπὸ

1054 2320 1101 2346 τοῦ
1119 2320 1326 2355 περιττεύοντος
1352 2321 1474 2355 ἐκχεῖται
1497 2320 1592 2353 κακία,
1607 2321 1670 2356 ἥτις
1693 2322 1750 2347 ἐστὶ
1766 2320 1842 2354 λόγος

1054 2367 1183 2402 πονηρός.
1214 2367 1269 2394 Καὶ
1289 2367 1415 2402 καθάπερ
1431 2368 1455 2393 οἱ
1469 2367 1612 2400 ἐμοῦντες,
1629 2368 1705 2402 παρὰ
1728 2367 1778 2402 μὲν
1794 2367 1843 2402 τὴν

1051 2413 1139 2448 ἀρχὴν
1159 2412 1298 2447 βιάζονται
1324 2413 1400 2439 ἔνδον
1430 2413 1557 2447 κατέχειν
1585 2413 1764 2448 ὲκπηδῶντας
1780 2413 1843 2444 τοὺς

1054 2459 1170 2494 χυμοὺς,
1186 2458 1412 2494 ὑπερϐλυζόντων
1431 2458 1470 2491 δὲ,
1487 2457 1618 2488 νικῶνται
1640 2458 1688 2485 καὶ
1703 2458 1844 2494 προίενται

805 2569 905 2601 Variaa
931 2569 1085 2604 lectiones
1108 2571 1139 2600 et
1155 2571 1251 2600 notua.

245 2654 302 2690 (86)
319 2654 377 2686 καί,
393 2653 495 2690 omittit
513 2654 545 2681 Δ.

246 2690 302 2725 (87)
318 2690 376 2722 καί,
391 2689 497 2717 omittit
508 2690 541 2717 A.

247 2726 302 2760 (88)
319 2725 407 2757 καλῶς
425 2726 454 2751 Β.

245 2760 301 2796 (89)
319 2761 378 2789 Non
394 2761 510 2791 sollicito
534 2761 585 2789 hoc
605 2761 777 2792 vocabulum.
799 2762 871 2790 Alibi
898 2767 998 2789 tamen.

247 2844 278 2884 (ἰ)
296 2843 401 2872 Medici.
418 2843 577 2873 Vomcutcs.

1053 2652 1154 2690 dicitur
1170 2655 1251 2682 etiam
1267 2655 1444 2690 ὑπεμφαίνει.

1089 2689 1145 2723 [90)
1161 2691 1243 2717 αὑτοῦ
1262 2689 1362 2718 omittit
1378 2691 1410 2717 Α.

1094 2726 1149 2760 (εΗ)
1164 2726 1262 2758 κακίας
1283 2726 1347 2761 legit
1359 2726 1521 2754 Henienius.
1537 2726 1630 2753 Recte.

1088 2761 1145 2797 (9‘2)
1163 2761 1195 2788 ὲκ
1208 2761 1256 2796 τῆς
1271 2760 1372 2793 κακίας
1386 2769 1436 2796 pro
1449 2763 1478 2789 ὲν
1493 2763 1527 2797 τῇ
1541 2762 1652 2797 καρδίᾳ.
1667 2760 1700 2788 Δ.
