1937 3072
229 116 284 152 ῖςδῚ

848 119 1040 152 EUTHYMII
1060 118 1243 149 ZlGABENI

1809 121 1865 151 3ςὸ

226 185 283 205 non
299 185 331 205 ex
345 177 407 209 fide,
436 177 483 204 sed
503 185 536 205 ex
556 177 629 209 dolo,
645 177 775 205 lentando
790 177 898 213 signum
913 177 1016 212 quaerit.

1073 176 1140 203 διότι
1156 175 1206 201 οὐκ
1220 175 1253 201 ὲκ
1273 174 1403 207 πίστεως,
1417 174 1474 202 ἀλλ’
1492 176 1523 201 ἐκ
1544 176 1687 211 πονηρίας,
1705 177 1751 203 καὶ
1767 179 1866 213 πειράε

227 221 297 256 Quid
311 223 393 258 ergo?
405 231 457 250 non
473 223 537 250 fecit
555 223 683 257 deinceps
698 223 804 258 signum
819 223 927 250 ullum?
943 223 1019 250 Fecit

229 268 342 302 utique;
371 273 398 294 at
411 276 465 295 non
486 273 598 302 propter
619 268 700 295 illos:
718 276 780 295 nam
809 269 860 303 ipsi
891 268 1018 296 obdurati

227 318 318 345 erant.
355 314 403 341 sed
433 314 466 340 ad
484 314 601 341 aliorum
635 315 791 342 utilitatem.
814 314 927 349 Signum
953 323 1018 342 vero

226 359 302 386 Jonas
321 360 469 394 prophetre,
493 365 573 388 vocat
591 362 822 388 resurrectionem
852 369 928 389 suam
946 369 960 388 e
974 369 1017 388 se-

227 405 322 439 pulcro
335 409 396 438 post
412 409 466 432 tres
480 406 539 433 dies
555 410 582 433 et
597 411 651 434 tres
665 412 771 435 noctes.
781 407 841 434 iam
852 408 925 434 enim
945 408 1017 435 hanc

227 449 328 476 Judaeis
341 451 463 484 pra-dicit
480 455 508 478 ut
521 459 583 478 cum
600 452 793 484 resurrexerit.
811 453 845 480 ad
859 453 1018 480 memoriam

227 494 358 522 reducant
373 496 444 530 quod
462 497 533 524 hanc
549 497 604 524 illis
616 497 774 532 praedixerit
788 517 795 530 ,
812 498 909 526 diebus
937 498 1018 525 etiam

226 549 259 569 ac
281 543 407 570 noctibus
442 543 560 577 propriae,
577 543 724 578 sepulturae
742 544 776 571 ad
797 544 931 571 minutum
946 543 1019 570 desi-

227 588 328 622 gnatis.
345 587 461 623 Propter
474 588 526 615 hoc
535 589 670 623 siquidem
683 590 742 624 ipso
753 590 861 624 sepulto
878 610 886 622 ,
900 597 1017 625 congre-

227 637 280 670 gati
295 639 359 663 sunt
370 636 468 663 summi
481 636 637 663 sacerdotes
654 640 681 663 ct
694 636 824 663 Pharismi
843 637 876 664 ad
900 636 1017 664 Pilatum

226 683 348 709 dicentes
361 691 367 708 :
381 681 504 714 Domine,
518 682 744 708 recordatisumus
755 684 824 717 quod
836 683 961 716 impostor
975 683 1019 710 ille

226 728 293 754 dixit
311 728 397 754 adhuc
413 727 501 754 vivens
519 736 528 753 :
540 727 603 754 Post
614 732 666 753 (res
677 727 732 754 dies
746 729 926 763 resurgant”.
944 728 1020 755 Hanc

227 782 292 800 vero
307 794 315 806 ,
335 776 440 808 signum
463 772 539 801 Jonm
563 781 629 809 prop
637 774 706 802 bene
723 775 874 802 nominavit
889 794 897 807 ,
909 781 1020 810 propter

226 819 445 851 similitudinem,
460 827 541 854 quam
557 821 638 847 etiam
649 820 804 848 manifestat
817 821 929 848 dicens:

263 951 341 979 Vers.
370 952 416 979 £0.
453 951 529 978 Sicut
549 966 583 971 —
599 951 715 978 noctibus
730 973 735 979 .
750 953 807 980 Hoc
830 960 893 980 vere
910 952 1017 988 signum

227 1001 287 1022 erat
300 1016 306 1027 ,
322 1001 349 1022 et
363 996 503 1031 signorum
522 996 645 1024 omnium
663 997 781 1023 maxime
797 997 987 1024 admirandum
1009 1006 1016 1024 :

227 1041 328 1068 nullius
341 1041 414 1068 enim
430 1041 500 1069 facta
518 1047 685 1076 estunquam
703 1042 763 1069 talis
774 1050 787 1069 a
800 1043 916 1070 mortuis
927 1051 1019 1070 resur-

228 1086 313 1112 rectio
328 1105 333 1111 .
346 1085 441 1112 Batnm
456 1091 497 1113 est
513 1086 777 1121 autemJIujusmodi
792 1087 899 1122 signum
916 1087 1019 1115 Iudicis

229 1131 385 1159 infidelibus
402 1152 410 1163 ,
429 1133 480 1159 hoc
493 1137 554 1164 est,
573 1140 656 1167 opere
672 1133 814 1168 impletum
831 1138 872 1160 est
886 1134 958 1167 apud
971 1141 1018 1160 eos

228 1177 280 1204 hoc
296 1178 457 1204 miraculum
471 1198 478 1210 ,
496 1178 688 1212 quocertiores
699 1179 754 1205 sint
769 1179 842 1206 hunc
858 1179 944 1206 Deum
957 1186 1019 1206 esse

227 1224 454 1258 omnipotentem,
478 1224 645 1258 etdeinceps
661 1224 737 1258 quasi
758 1223 813 1250 Deo
823 1228 1017 1259 repugnantes,

227 1269 425 1296 conscientiam
439 1269 559 1296 habeant
583 1269 682 1296 acerbe
694 1269 755 1296 illos
771 1273 945 1304 torquentem
965 1290 973 1302 ,
989 1273 1018 1296 et

228 1315 318 1342 futura
328 1323 388 1350 qua:
405 1323 452 1342 eos
465 1315 698 1349 comprehensum
714 1315 768 1342 sint
778 1315 847 1342 mala
859 1315 1018 1350 praesagien-

228 1366 292 1388 tem.
308 1361 362 1388 Cor
379 1369 442 1388 vero
457 1367 535 1388 terrae
553 1361 666 1396 intelligi
695 1362 768 1388 illius
783 1361 996 1396 profunditatem
1008 1381 1015 1388 .

228 1407 294 1434 Nam
316 1407 344 1433 in
357 1407 546 1442 profunditate
563 1407 647 1439 illius,
664 1408 798 1443 lapidibus
822 1408 938 1434 incisum
959 1413 1018 1436 crat

227 1454 382 1488 sepulcrum
397 1472 404 1480 .
419 1453 486 1480 Tres
497 1460 589 1481 autem
598 1454 656 1481 dies
671 1462 731 1481 cutn
746 1454 870 1481 noctibus
881 1455 932 1482 sub
944 1459 1015 1482 terra

227 1499 375 1535 permansit
388 1519 395 1530 ,
412 1499 605 1526 utcrederetur
617 1499 700 1526 fuisse
712 1504 835 1527 mortuus
846 1518 855 1527 ρ

261 1544 281 1579 1-
301 1544 354 1571 Cor
368 1549 446 1571 terra:
460 1565 468 1576 ,
486 1546 641 1579 sepulcrum
656 1549 744 1572 vocat.

262 1589 343 1617 Vers.
374 1589 404 1616 41
424 1609 432 1616 .
453 1589 689 1618 ViriNinivilw—
701 1592 748 1617 hoc
757 1591 813 1618 loco
829 1610 835 1618 .
851 1591 938 1619 Simul
953 1596 1014 1619 tan-

226 1643 307 1669 quam
320 1635 412 1662 omnia
430 1642 656 1670 pmcognoscens
667 1640 696 1663 et
709 1637 808 1663 horum
817 1637 941 1670 praedicit
963 1638 1014 1664 im-

227 1681 417 1715 panitentiani
436 1701 443 1712 ,
459 1689 520 1716 qua:
537 1682 618 1708 etiam
649 1688 711 1717 post
730 1691 808 1712 suam
830 1684 921 1711 futura
957 1690 1016 1712 erat

210 1722 459 1755 'resurrectionem
477 1737 484 1756 :
513 1733 541 1755 et
561 1729 643 1762 simul
664 1729 741 1763 ipsos
764 1735 903 1758 exterret.
921 1732 1014 1759 Dicere

226 1773 344 1800 solemus
361 1773 432 1801 hunc
454 1778 501 1801 aut
525 1774 600 1802 illum
617 1775 644 1802 in
660 1775 861 1811 futurojudicio
883 1785 934 1804 nos
947 1785 1015 1805 con-

226 1819 430 1853 demnaturum,
462 1829 516 1848 non
533 1822 610 1856 quasi
629 1821 673 1849 ille
690 1822 799 1850 futurus
814 1824 849 1850 sit
864 1824 961 1858 judex,
979 1825 1016 1852 si-

225 1865 336 1900 quidem
350 1867 471 1894 omnium
483 1867 566 1902 iudex
583 1875 654 1894 unus
663 1869 716 1895 erit
726 1868 862 1902 Christus,
880 1871 927 1898 sed
942 1871 1015 1905 quod

227 1911 299 1939 illius
319 1913 443 1946 operatio
459 1913 562 1941 nostris
576 1913 674 1940 collata
686 1914 838 1942 confundet
849 1924 899 1943 nos
917 1937 923 1942 .
940 1916 1015 1944 Ilane

226 1964 333 1991 quoque
350 1958 577 1985 consuetudinem
608 1964 720 1986 secutus
735 1965 776 1986 est
799 1960 924 1989 Christus
941 1962 1016 1989 :Plus

227 2008 326 2034 autem,
344 2004 393 2036 ait,
415 2012 494 2038 quam
512 2003 596 2030 Jonas
621 2009 658 2030 est
683 2004 731 2031 hoc
749 2004 814 2031 loco.
833 2005 917 2033 Jonas
942 2007 1014 2034 enim

227 2055 323 2076 servus
336 2054 396 2076 erat
413 2069 420 2082 ,
435 2050 563 2077 Christus
591 2058 656 2076 vero
685 2051 819 2077 Dominus
840 2059 846 2076 :
866 2051 911 2078 ille
927 2059 942 2078 c
956 2058 1017 2079 celo

227 2102 351 2130 egressus
380 2100 421 2122 est
437 2116 445 2128 ,
459 2095 510 2122 iste
525 2096 559 2123 ab
583 2095 693 2123 inferno
707 2104 715 2129 ',
734 2097 778 2124 ille
797 2097 902 2124 invitus
919 2099 1017 2133 pracdi-

227 2140 318 2174 cavit,
337 2141 388 2168 iste
400 2147 497 2175 sponte
515 2152 522 2171 ς
541 2141 584 2168 ille
600 2143 762 2177 peregrinus
772 2148 831 2170 erat
843 2144 905 2174 ,iste
920 2152 1018 2179 cogna-

1071 221 1156 254 ζουπα
1183 222 1296 256 σημεῖον
1317 221 1402 255 ζητεῖ.
1433 221 1466 248 Τί
1481 219 1529 248 οὖν
1544 222 1674 257 ἐποίησεν
1703 223 1796 250 ἔκτοτε
1814 232 1865 258 ση-

1072 268 1166 302 μεῖον;
1186 267 1342 302 Ἐποίησεν,
1357 266 1414 292 ἀλλ’
1425 267 1454 292 οὐ
1469 267 1504 293 δι’
1524 267 1641 298 αὐτούς’
1660 269 1864 303 πεπωρωμένοι

1070 313 1124 348 γὰρ
1148 310 1232 348 ἦσαν,
1248 312 1316 339 ἀλλὰ
1339 313 1384 339 διὰ
1397 313 1447 348 τὴν
1465 313 1519 339 τῶν
1543 313 1632 340 ἄλλων
1650 313 1797 349 ὠφέλειαν.
1811 316 1865 350 Ση-

1072 361 1147 394 μεῖον
1177 359 1208 385 δὲ
1238 359 1316 385 Ἰωνᾶ
1343 358 1389 385 τοῦ
1416 360 1558 394 προφήτου
1589 360 1686 394 λέγει,
1717 362 1766 395 τὴν
1793 362 1865 396 μετὰ

1069 406 1142 439 τρεῖς
1168 405 1274 439 ἡμέρας
1307 405 1354 431 καὶ
1382 406 1455 439 τρεῖς
1492 405 1592 437 νύκτας
1628 407 1660 433 ὲκ
1697 407 1744 433 τοῦ
1768 407 1858 440 τάφου

1069 451 1221 478 ἀνάστασιν
1269 451 1364 478 αὐτοῦ.
1398 452 1596 485 Προαναφωνεῖ
1620 452 1674 487 γὰρ
1696 453 1746 487 ἤδη
1761 453 1866 488 ταύτην

1070 498 1127 528 τοῖς
1149 496 1299 528 Ἰουδαίοις,
1329 497 1372 524 ἵνα
1396 498 1562 528 ἀναστάντος
1577 498 1798 532 μνημονεύωσιν,
1820 499 1863 525 ὂτ⁶

1070 544 1184 576 προεῖπε
1199 543 1304 574 τούτοις
1318 545 1383 578 περὶ
1399 543 1494 578 αὐτῆς,
1510 544 1753 578 ἐπισημηνάμενος
1765 544 1864 571 λεπτο-

1071 588 1162 623 μερῶς
1188 589 1299 620 καὶτὰς
1318 589 1426 624 ἡμέρας
1449 590 1498 616 καὶ
1525 590 1575 621 τὰς
1601 590 1705 622 νύκτας
1718 591 1768 625 τῆς
1789 591 1860 623 ιδίας

1070 634 1171 668 ταφῆς.
1192 635 1241 661 Διὰ
1261 635 1341 661 τοῦτο
1356 636 1410 670 γὰρ
1425 636 1473 661 καὶ
1489 634 1603 670 ὕστερον
1629 636 1762 670 ταφέντος
1778 636 1864 663 αὑτοῦ

1071 680 1247 714 συνήχθησαν
1274 681 1298 706 οἱ
1327 681 1468 715 ἀρχιερεῖς
1500 681 1547 708 καὶ
1577 681 1603 708 οἱ
1627 683 1771 716 Φαρισαῖοι
1795 682 1864 717 πρὸς

1071 726 1188 752 Πιλᾶτον
1216 726 1343 760 λέγοντες
1365 735 1371 741 ·
1407 727 1514 760 Κύριε,
1550 727 1746 762 ἐμνήσθημεν
1778 728 1821 755 ὅτι
1847 730 1865 755 ό

1070 772 1188 806 πλάνος
1206 772 1322 805 ἐκεῖνος
1347 771 1433 800 εἶπεν
1445 773 1490 799 ἔτι
1507 773 1563 803 ζῶν
1573 782 1580 788 ·
1601 774 1682 800 Μετὰ
1699 773 1775 808 τρεῖς
1790 775 1863 808 ἠμέ-

1066 825 1126 851 ρας
1156 818 1316 852 ἐγείρομαι.
1345 819 1462 854 Σημεῑον
1491 818 1520 845 δὲ
1541 818 1619 845 Ἰωνᾶ
1643 819 1690 846 τοῦ
1721 821 1863 855 προφήτου

1035 859 1055 885 Β
1070 863 1172 898 ταύτην
1190 864 1330 898 ὼνόμαεε,
1357 864 1401 891 διὰ
1416 865 1465 900 τὴν
1484 865 1644 900 ὁμοιότητα,
1662 865 1696 900 ἢν
1713 865 1760 891 καὶ
1775 866 1863 901 ἑρμη-

1071 909 1142 935 νεύει
1158 909 1254 942 λέγων.

1108 955 1380 989 Ὠσπερ-νύκτας.
1389 956 1492 988 Ὄντως
1499 957 1579 984 τοῦτο
1588 958 1701 992 σημεῖον
1710 955 1754 993 ἦν,
1761 958 1808 984 καὶ
1816 966 1862 993 ση-

1071 1003 1146 1036 μεῖον
1163 1004 1272 1030 πάντων
1285 1003 1511 1039 παραδοξότερον.
1537 1003 1651 1035 Οὐδενὸς
1667 1004 1721 1039 γὰρ
1732 1004 1861 1031 οὐδέποτε

1069 1047 1181 1082 τοιαύτη
1195 1047 1305 1081 γέγονεν
1317 1048 1349 1074 ὲκ
1356 1048 1461 1083 νεκρῶν
1468 1049 1627 1081 ἀνάστασις.
1635 1049 1728 1085 Ἐδόοη
1741 1050 1768 1076 δὲ
1777 1052 1806 1076 τδ
1813 1058 1847 1085 ση
1854 1063 1862 1071 ι

1070 1095 1145 1129 μεῖον
1155 1093 1235 1119 τοῦτο
1244 1095 1299 1125 τοῖς
1305 1094 1432 1126 ἀπίστοις
1446 1094 1594 1127 Ἰουδαίοις,
1604 1095 1755 1128 τουτέστιν,
1765 1097 1862 1130 ἔτερα*

1072 1140 1214 1175 τουργήθη
1246 1141 1310 1175 παρ’
1334 1141 1438 1173 αὐτοῖς,
1467 1141 1511 1167 ἵνα
1535 1141 1794 1176 πληροφορηθῶσιν,
1817 1143 1859 1168 ὅτι

1069 1186 1136 1217 Θεός
1153 1188 1212 1212 ἐστι
1233 1186 1451 1221 παντοδὺναμος.
1480 1187 1535 1213 Καὶ
1549 1187 1654 1220 λοιπὸν,
1669 1187 1706 1219 ὡς
1718 1188 1859 1223 Θεομάχοι,

1071 1231 1100 1256 τὸ
1117 1231 1235 1262 συνειδὺς
1247 1231 1355 1264 ἕξουσιν
1369 1231 1471 1258 τύπτον
1483 1232 1530 1258 καὶ
1540 1233 1647 1267 πικρῶς
1657 1233 1758 1264 αὐτοὺς
1775 1233 1862 1266 qu—

1069 1275 1142 1308 νίζον
1161 1276 1209 1302 καὶ
1238 1276 1450 1310 προανατυποῦν
1479 1276 1513 1303 τὰ
1542 1277 1676 1311 μέλλοντα
1694 1278 1858 1305 καταλαὸεἰι.

1070 1322 1181 1353 τούτους
1196 1322 1280 1349 κακά.
1312 1322 1437 1358 Καρδίαν
1453 1322 1482 1348 δὲ
1499 1323 1550 1358 γῆς
1573 1324 1639 1356 νόει,
1658 1324 1687 1350 τὸ
1703 1324 1785 1359 βάθος
1807 1326 1859 1352 αὑ-

1068 1367 1127 1402 τῆς.
1160 1367 1203 1394 Ἐν
1239 1368 1317 1403 βάθει
1346 1369 1400 1404 γὰρ
1429 1367 1463 1404 ἦν
1488 1369 1708 1405 λελατομημένος
1729 1373 1743 1398 ὁ
1761 1373 1857 1406 τάφος.

1068 1412 1137 1447 Τρία
1153 1413 1181 1439 δὲ
1195 1413 1379 1448 ἡμερονύκτια
1396 1414 1527 1449 διήγαγεν
1536 1415 1587 1442 ὑπο
1598 1416 1662 1451 γῆν,
1684 1417 1729 1443 ἵνα
1748 1425 1859 1444 maiu—

1068 1457 1112 1492 Θῇ,
1126 1459 1165 1484 ὁτι
1180 1457 1327 1485 ἀπέθανεν.

1101 1544 1121 1580 ’ξ-
1142 1545 1263 1580 Καρδίαν
1278 1546 1334 1581 (95)
1351 1547 1413 1581 γῆς,
1430 1548 1475 1574 τὸν
1494 1549 1579 1584 τάφον
1592 1550 1678 1584 λέγει.

1102 1591 1228 1625 Ἄνδρες
1244 1591 1396 1620 Νινευῖται
1412 1609 1446 1613 -
1458 1591 1527 1622 ὦδε.
1553 1597 1629 1631 Ἀμα
1647 1597 1753 1631 μὲν,ὡς
1769 1599 1859 1627 πάντα

1065 1636 1158 1669 εἰδὼς,
1175 1637 1304 1672 προλέγει
1323 1640 1360 1670 τὸ,
1382 1640 1428 1666 καὶ
1441 1641 1510 1674 μετὰ
1527 1640 1576 1676 τὴν
1590 1643 1722 1678 τοιαύτην
1741 1644 1859 1672 ἀνάσταν

1066 1691 1118 1714 σιν,
1136 1684 1326 1719 ἀμετανόητον
1348 1686 1454 1712 αὐτῶν·
1474 1686 1533 1722 ἃμα
1554 1688 1582 1719 δὲ
1600 1689 1646 1715 καὶ
1662 1690 1773 1724 ἐκφοϐεῖ
1797 1691 1858 1718 τού-

1065 1736 1139 1760 τους.
1164 1729 1240 1755 Ἐπεὶ
1251 1729 1278 1755 δὲ
1299 1729 1435 1765 εἰώθαμεν
1451 1730 1550 1765 λέγειν,
1575 1733 1615 1758 ὅτι
1645 1732 1674 1759 ⁷0
1686 1734 1760 1761 δεῐνα
1776 1735 1806 1761 ὲν
1823 1738 1856 1770 τῇ

1067 1773 1201 1810 μελλούσῃ
1218 1775 1306 1809 κρίσει
1326 1778 1487 1811 κατακρινεί
1514 1778 1601 1812 ἡμᾶς,
1628 1779 1677 1814 οὑχ
1687 1779 1724 1811 ὡς
1751 1781 1856 1807 ἐκείνου

1067 1821 1218 1854 χρίνοντος’
1234 1819 1274 1853 εἷς
1295 1822 1349 1857 γὰρ
1366 1823 1466 1858 κριτῆς
1485 1824 1595 1851 πάντων
1614 1826 1629 1852 6
1641 1827 1760 1862 Χριστός
1771 1836 1777 1842 ·
1797 1826 1857 1854 ἀλλ’

1066 1866 1105 1898 ὡς
1123 1867 1172 1900 τῆς
1187 1867 1291 1894 ἐκείνου
1306 1868 1433 1903 πράξεως
1448 1870 1477 1896 ὲν
1497 1870 1536 1905 τῷ
1548 1872 1784 1907 παρεξετάζεσθαι
1796 1875 1858 1906 ταῖς

1067 1912 1218 1947 ἡμετέραις
1266 1914 1504 1950 καταισχυνούσης
1542 1916 1639 1951 ἡμᾶς·
1670 1920 1703 1952 τῇ
1728 1919 1861 1954 συνηθείᾳ

1067 1958 1154 1993 ταύτῃ
1177 1959 1224 1985 καὶ
1239 1959 1252 1985 6
1268 1960 1386 1994 Χριστὸς
1412 1960 1591 1996 ἠκολούθησε.
1624 1963 1733 1990 Πλεῖον
1754 1964 1789 1990 δὲ
1802 1965 1858 1992 τοῦ

1073 2004 1156 2032 Ἰωνᾶ
1184 2003 1253 2038 ὦδε,
1281 2006 1358 2040 φησι,
1383 2006 1451 2033 διότι
1469 2007 1483 2033 6
1502 2008 1551 2042 μὲν
1584 2010 1675 2041 Ἰωνᾶς
1697 2008 1730 2045 ἦν
1751 2010 1858 2043 δοῦλος,

1067 2051 1081 2076 6
1097 2049 1126 2076 δὲ
1140 2051 1257 2086 Χριστὸς
1272 2053 1411 2087 Δεσπότης
1424 2061 1431 2068 ·
1457 2054 1506 2079 καὶ
1523 2055 1538 2080 6
1553 2054 1603 2088 μὲν
1619 2056 1651 2082 ἐκ
1666 2057 1765 2090 κήτους
1780 2056 1860 2091 ἐξῆλ-

1069 2097 1126 2129 θεν,
1142 2094 1220 2128 οὗτος
1246 2097 1273 2123 δὲ
1291 2097 1320 2130 ἐξ
1339 2098 1421 2133 ᾅδου·
1446 2099 1494 2125 καὶ
1506 2100 1520 2124 ὁ
1540 2101 1590 2134 μὲν
1616 2101 1689 2128 ἄκων
1711 2102 1855 2136 ἐκήρυξεν,

1068 2138 1146 2173 οὗτος
1161 2143 1191 2169 δέ
1207 2143 1292 2169 ἑκών·
1317 2144 1364 2170 καὶ
1381 2145 1395 2170 ὀ
1411 2144 1462 2178 μὲν
1479 2145 1554 2178 ξένος
1571 2144 1616 2181 ἦν,
1635 2143 1712 2178 οὕτω
1738 2147 1766 2174 δὲ
1793 2157 1859 2183 συγ-

228 2192 271 2213 tus
280 2187 430 2214 secundum
443 2195 565 2220 carnem,
578 2187 623 2214 ille
635 2189 840 2215 subversioncm
848 2189 1016 2224 przedicavil,

1071 2188 1151 2222 γενὴς
1168 2189 1237 2214 κατὰ
1258 2189 1361 2224 σάρκα·
1384 2191 1431 2216 καὶ
1443 2191 1456 2216 6
1475 2191 1526 2226 μὲν
1551 2193 1746 2228 καταστροφὴν
1760 2194 1859 2229 {ximu-

227 2233 278 2261 iste
293 2242 404 2269 regnum
423 2234 575 2266 caelorum;
591 2234 635 2262 ille
643 2235 748 2261 nullum
761 2234 951 2270 fecitsignum.
968 2235 1019 2262 istc

228 2279 370 2305 innumera
390 2288 397 2306 :
416 2279 450 2306 de
470 2280 517 2306 illo
544 2280 637 2307 nullus
666 2280 799 2314 pradixit,
818 2281 852 2307 de
880 2280 931 2307 isto
958 2288 1018 2307 om-

228 2332 276 2350 nes
300 2325 449 2358 prophetae.
480 2324 615 2352 Praeterea
643 2325 771 2352 Niniviue
793 2324 900 2352 barbari
928 2331 1016 2357 erant.

226 2367 421 2394 Judaeidivinis
435 2368 549 2394 enutriti
565 2367 725 2402 Scripturis.
743 2367 774 2393 Et
788 2367 825 2394 illi
846 2367 955 2402 quidem
975 2368 1018 2394 ni-

228 2413 265 2440 hil
279 2421 293 2439 a
313 2412 381 2440 Jona
397 2413 544 2440 audierunt
557 2418 656 2448 prmter
670 2414 695 2440 id
712 2417 817 2440 talltum
831 2421 840 2443 ς
854 2413 946 2440 Adhuc
961 2418 1012 2441 tres

226 2459 281 2485 dies
289 2463 312 2485 et
322 2458 416 2485 Ninive
425 2459 587 2486 subrertetur
599 2459 632 2490 ",
645 2464 672 2486 et
687 2459 778 2486 statim
793 2459 817 2486 ei
828 2459 1012 2490 crediderunt;

227 2504 271 2531 isti
287 2511 351 2531 vero
365 2505 467 2531 variam
487 2513 502 2530 a
517 2505 626 2532 Christo
646 2513 678 2532 ac
697 2505 941 2540 profundissimam
965 2514 1015 2532 au-

227 2550 334 2577 dierant
348 2550 510 2581 doctrinam.
528 2558 579 2578 nec
595 2552 619 2578 ci
635 2551 821 2578 crediderunt.
839 2551 920 2579 Multa
944 2560 1013 2587 quo-

279 2621 303 2637 “
317 2621 412 2649 Matth.
429 2629 514 2655 τινα,
528 2622 573 2656 62,
587 2622 631 2649 65.
669 2622 692 2638 ⁸⁸
707 2621 768 2650 Jon.
781 2630 821 2654 ιιι,
836 2622 863 2649 4.

1069 2233 1124 2266 ξεν,
1141 2232 1218 2266 οὗτος
1243 2235 1270 2261 δὲ
1291 2235 1432 2270 βασιλείαν
1459 2238 1584 2273 οὐρανῶν
1595 2245 1602 2252 ·
1623 2240 1670 2265 καὶ
1686 2241 1700 2266 6
1712 2240 1763 2272 μὲν
1780 2240 1858 2266 οὺὶὲν

1069 2281 1182 2314 σημεῖον
1195 2281 1331 2316 ἐποίησεν,
1348 2281 1426 2314 οὗτος
1439 2283 1468 2309 δὲ
1488 2283 1575 2319 μυρία
1586 2291 1592 2298 ’
1611 2284 1658 2310 καὶ
1674 2285 1739 2320 περὶ
1747 2286 1855 2312 ἐκείνου

1069 2326 1119 2360 μὲν
1135 2325 1221 2358 οὐδεὶς
1234 2329 1347 2362 προεῖπε
1360 2335 1368 2342 ο
1380 2328 1444 2363 περὶ
1455 2328 1552 2355 τούτου
1563 2329 1591 2355 δὲ
1604 2329 1703 2361 πάντες
1711 2331 1735 2356 0i
1752 2331 1858 2365 προφῆ-

1067 2380 1130 2398 ται·
1147 2374 1226 2399 χαὶοῑ
1246 2373 1296 2408 μὲν
1323 2375 1464 2402 Νινευίται
1494 2375 1627 2411 βάρϐαροι
1655 2377 1815 2411 ἐτύγχανον,
1830 2378 1856 2404 οι

1066 2418 1094 2444 δὲ
1114 2418 1247 2452 Ἰουδαῖοι,
1271 2421 1329 2451 ταῖς
1346 2420 1430 2452 θείαις
1444 2419 1515 2456 ἦσαν
1539 2421 1752 2457 ὲντεθραμμένοι
1782 2423 1855 2457 Γρα-

1067 2464 1145 2497 φαῖς·
1167 2465 1287 2492 κάκεῖνοι
1318 2466 1368 2500 μὲν
1391 2466 1467 2493 οὐδὲν
1487 2467 1562 2503 παρὰ
1587 2467 1634 2494 τοῦ
1667 2469 1743 2494 Ἰωνᾶ
1773 2468 1856 2495 πλέον

1068 2509 1199 2543 ἥκουσαν,
1232 2512 1255 2537 εἰ
1281 2512 1319 2547 μὴ
1340 2513 1436 2547 μόνον·
1467 2514 1533 2540 Ἔτι
1561 2514 1638 2548 τρεῖς
1666 2514 1722 2550 (96)
1748 2515 1856 2550 ἡμέραι

1068 2554 1118 2580 καὶ
1147 2555 1166 2589 ’ἡ
1192 2555 1248 2592 (97)
1275 2558 1380 2585 Νινευτ
1413 2560 1715 2594 καταστραφήσεται,
1743 2563 1791 2588 καὶ
1812 2563 1856 2588 εῦ-

825 2702 924 2733 Variaa
955 2703 1106 2737 lectiones
1127 2707 1158 2736 et
1177 2707 1269 2734 noue.

264 2773 320 2815 (95)
337 2773 404 2815 "ac
424 2775 545 2816 quinque
567 2776 698 2816 vocabula
710 2777 786 2804 solus
805 2775 956 2805 lientenius
983 2778 1010 2805 in

230 2811 350 2845 margine
363 2811 404 2838 sui
420 2811 523 2839 codicis
539 2811 649 2846 repetit.

1103 2777 1158 2815 (εξ)
1172 2776 1210 2815 Ita
1227 2776 1295 2815 LXX
1307 2777 1376 2815 {sed
1394 2777 1420 2804 in
1435 2776 1568 2806 Hebraico
1579 2782 1620 2806 est
1635 2780 1852 2815 τεσσαράκοντα.

1106 2812 1162 2848 (97)
1180 2814 1196 2847 ἡ
1210 2813 1287 2838 abest
1310 2813 1342 2838 Δ.
1720 2812 1726 2815 ⁷
1796 2832 1797 2835 η
