1937 3072
148 188 157 191 κ
180 142 235 174 399

793 137 950 167 EUTHYM
959 137 984 166 ll
1007 136 1188 167 ZIGABENI

1750 135 1806 168 400

177 196 337 226 divitiarum
354 193 474 222 vanitate
490 192 632 229 separari:
650 197 678 220 ct
692 192 728 220 ita
745 197 845 220 terram
864 193 962 220 bonum

1024 202 1086 229 ινης
1104 193 1235 228 βιωτικῆς
1264 194 1312 220 καὶ
1334 196 1515 229 ματαιότητος
1534 192 1662 226 πλούτου,
1680 193 1728 220 καὶ
1746 194 1805 227 (ili)

177 244 246 275 ﬁeri,
263 242 435 276 fructumque
456 240 533 276 juxta
549 239 677 267 virtutem
703 239 774 266 ferre
787 239 846 266 sive
876 234 964 273 pei-l'e-

175 295 261 321 ctum,
276 288 333 315 sive
349 286 479 318 medium,
504 285 560 312 sire
579 284 724 316 minorem,
750 288 778 311 et
791 292 962 319 nequaquam

175 336 273 372 perire.
299 334 366 361 Nam
380 333 401 360 si
426 332 483 358 haec
509 330 623 364 quidem
647 330 822 366 negligimus,
853 331 960 358 illorum

174 385 266 410 autem
292 386 385 406 curam
416 377 560 407 habemus,
588 376 700 403 omnino
724 376 855 411 perimus.
884 376 963 403 Unde

173 427 249 455 enim
269 424 389 452 oriretur
404 422 623 449 dissimilitudo?
640 423 720 449 Certe
734 422 757 449 si
773 430 829 449 non
854 430 903 458 per
918 430 963 449 se-

173 472 297 508 gnitiem,
327 474 446 497 attamen
486 476 534 503 per
576 468 838 503 pusillanimitatcm,
876 473 904 496 et
933 469 963 501 {si

172 525 227 545 non
246 524 294 551 per
306 514 569 550 pusillanimilatem,
585 518 674 541 tamen
685 521 734 553 per
747 514 854 541 anxiam
870 521 963 541 curam

173 567 200 590 ct
216 563 366 590 vanitatem
383 560 474 595 perire
488 559 651 594 poterimus.

210 607 285 636 Vers.
305 607 333 634 9.
350 605 443 639 Qui—
458 607 562 632 audiat.
576 605 633 633 Hoc
641 614 749 641 quoque
757 606 884 635 vicesimo
894 607 963 634 dixit

173 653 271 688 capite,
288 653 323 679 ibi
341 659 405 688 ergo
415 658 505 687 quaere
516 656 544 678 et
559 651 640 685 hujus
650 650 858 684 expositionem.

209 698 285 726 Vers.
304 697 346 724 10.
365 697 398 723 Et
413 713 446 719 ——
458 697 522 724 illis.
535 696 625 723 intuiti
639 696 731 723 turbas
746 704 816 731 aegre
833 695 963 728 ferentes,

173 748 349 772 accesserunt.
358 748 487 778 tanquam
500 744 584 778 magis
598 742 754 775 iannliares,
766 742 834 769 etde
843 742 897 769 illis
913 743 965 769 hoc

173 791 312 818 dixerunt.

209 838 286 864 \‘ers.
308 837 352 864 Η.
367 837 399 864 Αι
415 836 460 862 illc
477 851 506 856 —
521 834 654 862 castorum.
675 833 758 861 Vobis
776 839 849 861 recte
869 835 964 862 viden-

176 884 248 911 tibus
263 889 291 910 et
306 882 492 914 audientibus,
510 880 625 915 ideoque
639 880 823 906 credentibus.
839 879 964 915 Mysteria
982 875 1002 902 Β

175 936 251 958 vero.
270 929 322 956 hoc
340 933 381 955 est
399 936 498 955 arcana
512 933 539 956 et
563 928 711 956 ineiIahilia
735 937 796 963 quae
807 934 871 956 sunt
886 929 963 964 regni

174 977 319 1010 caelorum,
331 977 389 1004 sive
405 976 487 1011 Regis
507 977 649 1004 caelorum.
666 977 763 1004 Datum
790 982 832 1004 cst
847 982 937 1004 autem
949 985 964 1004 a

177 1021 242 1049 Deo.
677 1037 681 1044 ..

210 1067 289 1094 Vers.
305 1065 348 1094 Η.
363 1066 422 1094 Illis
447 1080 478 1085 ——
505 1066 607 1092 datum.
636 1066 735 1093 Dolosc
757 1066 913 1094 videntibus
937 1071 965 1094 et

176 1112 362 1145 audientibus,
373 1116 401 1139 et
413 1112 451 1139 ita
475 1119 530 1138 non
547 1111 724 1139 credentibus
741 1120 807 1139 :eos
818 1117 909 1140 autem
924 1113 964 1140 di-

174 1159 222 1190 cit,
254 1158 299 1192 qui
318 1161 397 1184 erant
424 1157 619 1184 immutabiles.
635 1156 705 1188 Quid
727 1157 799 1184 enim
824 1158 966 1192 prodesset

174 1211 257 1231 nosse
267 1208 296 1231 et
311 1211 366 1231 non
380 1203 516 1230 credere?
532 1202 596 1231 Haec
621 1204 711 1239 itaque
727 1203 877 1232 conformia
901 1210 966 1233 sunt

176 1249 219 1276 his
232 1257 292 1284 qua:
309 1249 385 1284 prius
396 1248 465 1276 dixit
482 1258 489 1276 :
509 1247 642 1284 Conﬁteor
664 1250 720 1282 tibi,
735 1249 829 1280 Pater.
852 1250 965 1278 Domine

175 1292 233 1319 ca'li
249 1296 274 1319 et
292 1297 379 1325 terra,
409 1292 479 1327 quod
494 1292 660 1320 absconderis
679 1293 733 1320 hau:
759 1295 924 1329 sapientibus
940 1299 965 1322 et

175 1339 356 1372 prudentibus,
376 1344 400 1366 et
416 1338 541 1365 revelari:
557 1346 587 1365 ea
608 1339 727 1372 parvulis
741 1339 762 1366 ‘.

210 1439 288 1467 Vers.
309 1439 352 1466 12.
367 1438 418 1471 Qui
435 1454 471 1458 —
485 1439 516 1465 ab
530 1447 569 1466 ea.
585 1438 636 1472 Qui
650 1438 730 1466 ﬁdem
751 1438 842 1473 habet,
859 1440 966 1467 dabitur

177 1487 203 1515 ei
228 1490 397 1514 secretorum
424 1486 545 1521 cognitio
575 1486 658 1521 idque
677 1486 809 1514 abunde:
826 1487 871 1522 qui
899 1495 966 1515 vero

177 1534 258 1562 ﬁdem
273 1541 329 1560 non
349 1533 443 1565 habet.
459 1533 600 1560 auferetur
617 1533 651 1560 ab
674 1541 707 1560 eo
732 1533 813 1561 etiam
838 1534 866 1561 id
892 1535 964 1569 quod
979 1550 1001 1581 ο

177 1581 286 1608 habeta
303 1579 360 1607 Deo
377 1579 491 1607 donum.
510 1579 635 1607 Universi
649 1580 723 1606 enim
741 1580 843 1607 donum
870 1588 884 1607 a
912 1582 966 1608 Deo

163 1626 280 1658 _habent
293 1634 300 1654 :
318 1625 362 1652 hic
371 1625 481 1660 quidem
497 1625 560 1657 hoc,
575 1625 627 1652 iste
642 1633 707 1653 vero
722 1626 800 1653 illud.
810 1626 861 1659 Qui
875 1631 966 1654 autem

177 1679 238 1699 sese
252 1671 334 1706 digne
351 1675 513 1706 praeparant,
529 1678 584 1698 non
604 1671 692 1698 solum
718 1672 857 1707 accipiunt
870 1672 966 1707 hujus-

178 1717 253 1745 modi
282 1717 426 1750 notitiam,
457 1724 552 1744 verum
577 1716 661 1744 etiam
687 1717 795 1744 abunde
818 1718 967 1753 accipiunt.

177 1762 275 1790 (ἔπιθι-ἰ
289 1770 354 1789 vero
363 1762 410 1797 qui
426 1761 462 1788 ita
477 1769 507 1789 se
524 1769 579 1789 non
597 1761 711 1794 habent,
724 1770 779 1789 non
796 1763 884 1790 solum
897 1764 968 1791 hanc

178 1815 233 1835 non
251 1808 401 1842 accipiunt,
415 1807 464 1834 sed
480 1807 514 1835 ab
539 1807 594 1836 illis
610 1814 720 1842 quoque
732 1807 895 1836 auferuntur
907 1816 969 1844 gra-

177 1854 221 1881 tize
234 1861 304 1889 quas
322 1853 399 1888 prius
413 1857 587 1888 acceperant.

213 1899 290 1926 Vers.
308 1899 352 1926 15.
367 1899 515 1933 Propterea
534 1914 568 1920 —-
581 1899 747 1934 intelligunt.
760 1898 829 1932 Quia
844 1900 969 1929 ridentes

176 1953 317 1980 corporeis
332 1946 420 1973 oculis
435 1952 495 1980 quae
507 1952 522 1972 λ
533 1953 576 1973 me
592 1946 661 1973 ﬁunt
675 1946 816 1978 miracula.
839 1947 969 1975 claudunt

176 1991 278 2018 animae
293 1990 388 2018 oculos
405 1995 452 2018 :et
477 1990 667 2026 corporalibus
694 1991 806 2019 auribus
820 2000 897 2020 meos
922 2001 969 2020 au-

177 2035 283 2063 dientes
301 2043 453 2068 sermones,
468 2058 470 2061 ,
485 2035 615 2064 claudunt
632 2043 679 2064 eas
692 2044 753 2072 quae
766 2042 832 2065 sunt
857 2038 967 2072 animae,

177 2081 294 2116 ideoque
326 2082 438 2109 omnino
467 2082 601 2110 increduli
626 2088 781 2111 remanent.
810 2083 846 2111 Ut
876 2089 968 2112 autem

177 2126 248 2154 scias
262 2127 335 2161 quod
345 2127 443 2155 anima:
471 2128 620 2156 caecitatem
654 2135 686 2156 ac
705 2129 867 2158 surditatem
897 2130 971 2158 dicat

178 2173 279 2200 addidit
294 2182 300 2200 :
314 2172 406 2208 Neque
422 2173 588 2209 intelligunt.
601 2173 756 2209 Intelligere
768 2175 904 2210 siquidem
929 2180 971 2203 est

178 2218 329 2245 secundum
346 2218 466 2245 animam
490 2218 583 2245 videre
593 2223 621 2246 et
640 2219 745 2246 audire.
768 2219 878 2246 Talibus
903 2227 968 2254 ergo
985 2228 1007 2255 ι)

177 2264 286 2297 merito,
298 2271 329 2291 ac
352 2264 558 2299 dispensatione
578 2264 695 2299 quadam
713 2265 740 2292 in
766 2265 902 2300 parabolis
929 2265 968 2292 lo-

178 2309 322 2345 quebatur,
349 2310 386 2336 ita
415 2314 446 2337 ut
468 2309 519 2346 ipsi
547 2311 658 2345 quidem
688 2311 823 2342 audirent,
873 2319 966 2338 verum

181 2363 236 2383 non
262 2355 467 2391 intelligerent;
495 2357 594 2384 merito
624 2356 743 2391 quidem,
768 2357 830 2390 quia
857 2361 969 2391 propter

177 2401 361 2429 voluntariam
403 2402 565 2436 pravitatem
619 2410 695 2429 suam
737 2402 839 2437 indigni
880 2406 968 2434 erant,

180 2448 226 2482 qui
247 2447 320 2474 nuda
335 2447 461 2475 audirent
476 2448 603 2483 mysteria
621 2470 628 2482 ,
644 2448 760 2483 quadam
776 2455 842 2475 vero
855 2448 968 2483 dispen-

180 2493 304 2526 satione,
318 2501 353 2520 ne
381 2497 549 2521 secretorum
581 2494 765 2529 cognitionem
778 2514 786 2526 ,
820 2494 967 2522 redderent

179 2539 405 2568 cnntradictionis
421 2540 561 2567 materiam
584 2549 589 2567 :
614 2546 642 2569 et
669 2541 704 2568 ita
733 2541 885 2576 graviorem
914 2541 966 2568 sibi

179 2586 341 2614 inducercnl
355 2587 620 2615 condemnationem.

218 2630 295 2658 Vcrs.
311 2632 353 2659 Μ.
371 2631 403 2658 I'It
423 2647 457 2652 —
469 2631 560 2660 Isaiw.
574 2632 734 2667 Hujusmodi
752 2633 893 2668 prophetia
910 2632 964 2668 iam

179 2683 212 2702 ex
231 2680 310 2711 parte
330 2678 465 2712 completa
484 2683 542 2706 erat
561 2679 588 2705 in
617 2678 757 2713 prioribus
781 2677 893 2710 Iudaeis,
921 2677 967 2712 qui

235 2758 242 2772 ¹
262 2756 357 2784 Matth.
373 2765 410 2789 ιι,
421 2757 467 2784 25.

1014 239 1086 266 οὕτω
1105 240 1228 274 γίνεσθαι
1245 240 1296 274 γῆν
1315 240 1412 275 καλὴν,
1429 241 1477 267 καὶ
1495 240 1597 267 διδόναι
1614 242 1722 274 καρπὸν
1733 239 1805 266 κατὰ

1014 285 1140 320 δύναμιν,
1153 285 1207 311 εἴτε
1225 285 1339 317 τέλειον,
1357 286 1411 312 εἴτε
1425 286 1519 320 μέσον,
1534 285 1589 311 εἴτε
1600 285 1739 317 ἐλάττονα,
1758 284 1805 311 καὶ

1016 331 1111 365 μηδενὶ
1129 332 1222 367 τρόπῳ
1238 331 1418 358 ἀπόλλυσθαι.
1441 331 1504 358 Ἐὰν
1523 331 1578 366 γὰρ
1599 331 1653 357 τῶν
1676 331 1725 365 μὲν
1737 331 1807 364 ἁμε-

1013 377 1115 410 λῶμεν,
1131 378 1185 403 τῶν
1203 378 1230 403 δὲ
1257 376 1465 412 ἐπιμελώμεθα,
1490 378 1600 408 πάντως
1617 376 1804 411 ἀπολλύμεθα.

1015 423 1082 448 Ποία
1097 422 1152 457 γὰρ
1166 423 1294 457 διαφορὰ,
1320 424 1343 449 εί
1368 422 1406 458 μὴ
1431 423 1476 449 διὰ
1502 422 1651 458 ῥᾳθυμίας,
1677 422 1744 448 ἀλλὰ
1762 421 1806 448 δια

1015 468 1209 503 μικροψυχίας,
1227 470 1273 495 καὶ
1286 470 1309 494 εἱ
1327 468 1363 504 μὴ
1388 469 1432 495 διὰ
1458 468 1644 504 μικροψυχίας
1677 467 1746 494 ἀλλὰ
1762 467 1806 494 διὰ

1016 515 1152 550 μερίμνης
1165 516 1213 542 καὶ
1231 515 1413 550 ματαιότητος
1425 514 1612 550 ἀπολούμεθα.

1058 607 1087 632 '0
1097 621 1133 625 —
1150 606 1292 633 ἀκουέτω.
1306 605 1393 632 Τοῦτο
1404 603 1465 631 εἶπε
1477 605 1524 631 καὶ
1540 605 1569 631 ἐν
1583 605 1620 640 τῷ
1631 605 1747 639 είκοστῷ
1759 614 1806 631 κε-

1016 653 1132 687 φαλαίῳ,
1143 653 1190 678 καὶ
1200 653 1318 687 ξήῑησον
1335 653 1363 678 ὲν
1378 652 1475 686 ἐκείνῳ
1490 651 1538 686 τὴν
1551 651 1646 678 τούτου
1664 651 1805 687 ἐξήγησιν.

1051 698 1104 725 Καὶ
1118 712 1154 717 --
1166 697 1286 730 αὑτοῖς;
1302 697 1415 728 Ἰδόντες
1432 697 1495 728 τοὺς
1513 696 1609 731 ὄχλους
1623 696 1803 731 ἀχθομένους,

1015 744 1058 771 διὰ
1070 744 1120 779 τὴν
1135 745 1271 778 ἀσάφειαν
1287 743 1340 769 τῶν
1356 743 1511 778 εἰρημένων
1526 742 1625 775 λόγων,
1641 743 1805 777 προσῆλθεν,

1014 791 1052 823 ὡς
1068 792 1176 822 οἰκεῖοι,
1192 790 1240 817 καὶ
1258 790 1329 825 ὑπὲρ
1345 790 1459 816 ἐκείνων
1475 789 1555 815 τοῦτο
1568 789 1705 822 λέγουσιν.

1058 837 1089 864 ’0
1101 837 1134 864 δὲ
1147 852 1182 857 ——-
1191 836 1338 872 οὐραγῶν.
1358 836 1450 870 Ὑμῖν,
1461 836 1518 866 τοῖς
1534 834 1603 870 ὀρθὰ
1617 835 1665 861 καὶ
1679 834 1807 869 βλέπουσι

1018 884 1065 909 καὶ
1080 883 1220 913 ἀκούουσι,
1239 882 1286 908 καὶ
1310 881 1354 908 διὰ
1368 881 1448 908 τοῦτο
1466 880 1646 907 πιστεύουσι·
1667 880 1808 915 μυστήρια

1017 929 1056 961 δὲ,
1071 929 1105 956 τὰ
1121 929 1283 965 ἀπόρρητα·
1306 928 1355 963 τῆς
1381 927 1521 963 βασιλείας
1539 927 1566 953 δὲ
1590 927 1644 953 τῶν
1672 926 1806 961 οὐρανῶν,

1018 976 1089 1009 ἤτοι.
1109 975 1157 1002 τοῦ
1173 974 1305 1010 βασιλέως
1318 974 1372 1000 τῶν
1386 973 1524 1008 οὐρανῶν.
1538 973 1650 1000 Δέδοται
1673 972 1712 1005 δὲ,
1733 972 1809 1007 παρὰ

1017 1022 1065 1047 τοῦ
1081 1021 1150 1048 Θεοῦ

1061 1068 1201 1100 Ἑκείνοις
1214 1082 1248 1088 —-
1263 1066 1393 1094 δέδοται.
1411 1065 1475 1096 Τοῖς
1492 1065 1587 1092 σκολιὰ
1610 1065 1658 1091 καὶ
1680 1064 1809 1100 βλέπουσι

1019 1114 1065 1140 καὶ
1080 1113 1222 1146 ἀκούουσι,
1244 1112 1348 1148 καὶμὴ
1373 1111 1545 1138 πιστεύουσι.
1574 1111 1655 1144 Λέγει
1681 1110 1721 1142 δὲ,
1747 1111 1807 1142 τοὺς

1019 1159 1235 1195 ἀμεταϐλήτους.
1258 1159 1306 1188 Τίς
1329 1157 1384 1192 γὰρ
1406 1157 1535 1191 ὠφέλεια,
1554 1156 1656 1190 γνῶναι
1681 1156 1742 1191 μὲν,
1771 1156 1808 1191 μὴ

1020 1204 1161 1231 πιστεύειν
1175 1204 1219 1237 se;
1236 1203 1330 1231 Ταῦτα
1341 1204 1369 1230 δὲ
1392 1203 1534 1238 συνᾴδουσι
1549 1202 1597 1229 καὶ
1612 1200 1653 1234 οἷς
1677 1202 1807 1238 πρότερον

1019 1250 1128 1285 ἔλεγεν·
1163 1249 1419 1284 Ἐξομολογοῦμαί
1436 1256 1496 1280 σοι,
1520 1247 1628 1282 Πάτερ,
1652 1248 1742 1281 Κύριε
1756 1247 1807 1274 τοῦ

1018 1297 1149 1330 οὐρανοῦ
1165 1296 1215 1323 καὶ
1228 1295 1284 1330 τῆς
1297 1295 1364 1329 γῆς,
1383 1295 1427 1321 ὅτι
1443 1294 1625 1328 ἀπέκρυψας
1640 1293 1734 1320 ταῦτα
1749 1294 1807 1321 ἀπὸ

1019 1342 1123 1377 σοφῶν
1137 1344 1186 1369 καὶ
1208 1340 1357 1374 συνετῶν,
1377 1340 1427 1367 καὶ
1449 1340 1652 1374 ἀπεκάλυψας
1666 1341 1742 1368 αὐτὰ
1755 1348 1808 1375 νη-

1019 1390 1109 1422 πίοις.

1056 1435 1161 1466 Ὅστις
1176 1449 1211 1454 -
1228 1432 1280 1460 ἀπ’
1302 1430 1407 1458 αὑτοῦ.
1435 1431 1530 1463 Ὅστις
1556 1431 1606 1467 μὲν
1629 1430 1687 1467 εχει
1705 1431 1806 1464 πίστιν,

1018 1481 1162 1517 δοθήσεται
1177 1480 1252 1515 αὐτῷ
1268 1479 1370 1513 γνῶσις
1395 1479 1450 1505 τῶν
1469 1479 1640 1513 μυστηρίων,
1663 1478 1711 1505 καὶ
1730 1477 1806 1512 δαψι-

1019 1528 1073 1559 λῶς
1083 1535 1089 1542 ·
1103 1527 1177 1557 ὅστις
1192 1526 1221 1553 δὲ
1236 1526 1286 1552 οὐκ
1300 1525 1356 1560 ἔχει
1369 1524 1472 1557 πίστιν,
1492 1524 1643 1559 ἀρθήσεται
1662 1524 1710 1550 ἀπ’
1726 1523 1808 1550 αὑτοῦ

1019 1575 1066 1601 καὶ
1093 1573 1108 1600 ὃ
1131 1573 1187 1609 ἔχει
1205 1574 1281 1608 παρά
1305 1571 1375 1598 Θεοῦ
1393 1571 1520 1606 δώρημα.
1546 1571 1603 1602 Πᾶς
1623 1570 1678 1605 γὰρ
1693 1570 1809 1605 δώρημα

1017 1619 1074 1654 ἔχει
1091 1619 1170 1651 Θεοῦ,
1185 1620 1198 1645 ὁ
1212 1618 1262 1653 μὲν
1284 1617 1397 1651 τοιόνδε,
1420 1618 1434 1643 ὁ
1457 1617 1485 1642 δὲ
1506 1617 1617 1643 τοιόνδε.
1643 1617 1699 1643 Καὶ
1713 1618 1737 1643 oi
1759 1616 1809 1651 μὲν

1019 1663 1281 1698 παρασκευάσαντες
1299 1662 1414 1693 ἑαυτοὺς
1429 1661 1532 1693 ἀξίους,
1557 1662 1587 1687 οὐ
1605 1662 1686 1696 μόνον
1701 1661 1808 1696 λαμὸἀ·

1019 1718 1095 1736 νουσι
1111 1710 1160 1744 τὴν
1174 1709 1310 1743 τοσαύτην
1324 1708 1435 1742 γνῶσιν,
1453 1708 1523 1733 ἀλλὰ
1537 1707 1583 1734 καὶ
1598 1707 1729 1742 δαψιλῶς·
1746 1709 1770 1733 οἱ
1781 1708 1809 1734 δὲ

1020 1757 1058 1792 μὴ
1073 1755 1158 1787 οὕτως
1177 1755 1295 1790 ἔχοντες,
1311 1754 1340 1780 οὐ
1357 1754 1436 1789 μόνον
1454 1754 1485 1779 οὐ
1505 1753 1675 1787 λαμϐάνουσι
1693 1753 1807 1788 ταύτην,

1017 1801 1086 1830 ἀλλὰ
1121 1800 1394 1837 προσαφαιροῦνται,
1421 1801 1468 1827 καὶ
1501 1799 1519 1826 ἃ
1551 1799 1703 1834 προέλαὸον
1730 1800 1809 1835 χαρί-

1019 1857 1120 1884 σματα.

1055 1895 1106 1921 Διὰ
1127 1894 1215 1921 τοῦτο
1232 1909 1265 1914 --
1284 1893 1462 1920 συνιοῦσιν.
1479 1893 1564 1924 Διότι,
1587 1892 1730 1927 βλέποντες
1753 1893 1809 1923 τοῖς

1020 1941 1188 1974 σωματικοῖς
1218 1938 1369 1973 ὀφθαλμοῖς
1383 1937 1417 1963 τὰ
1431 1937 1497 1972 παρ’
1510 1936 1579 1972 ἐμοῦ
1594 1937 1725 1972 γινόμενα
1740 1935 1808 1963 ϐαύ-

1022 1995 1113 2021 ματα,
1144 1986 1241 2021 μύουσι
1270 1985 1333 2015 τοὺς
1362 1985 1410 2019 τῆς
1441 1983 1546 2018 ψυχῆς·
1581 1985 1628 2010 καὶ
1661 1983 1808 2014 ἀκούοντες

1020 2033 1076 2064 τοῖς
1103 2031 1270 2066 σωματικοῖς
1305 2029 1357 2056 ὠσὶ
1388 2028 1452 2060 τοὺς
1487 2029 1553 2064 παρ’
1586 2026 1653 2063 ἐμοῦ
1689 2029 1785 2062 λόγους
1799 2048 1807 2058 .

1023 2078 1119 2114 μύουσι
1150 2078 1213 2109 τοὺς
1244 2076 1293 2112 τῆς
1322 2075 1423 2110 ψυχῆς,
1448 2075 1495 2101 καὶ
1528 2074 1572 2101 διὰ
1594 2075 1672 2101 τοῦτο
1698 2075 1808 2105 πάντως

1021 2124 1192 2152 ἀπιστοῦσιν.
1210 2124 1267 2149 Ἵνα
1281 2122 1312 2149 δὲ
1327 2122 1410 2157 γνῷς,
1429 2122 1471 2148 ὅτι
1486 2120 1625 2156 τύφλωσιν
1640 2126 1686 2148 καὶ
1701 2121 1808 2155 κὼφευ-

1023 2179 1066 2197 σιν
1074 2170 1122 2206 τὴν
1136 2170 1184 2205 τῆς
1198 2169 1287 2204 ψυχῆς
1298 2168 1383 2203 λέγει,
1394 2168 1536 2203 ἐπήγαγεν
1545 2177 1551 2183 ·
1566 2168 1643 2195 Οὐδὲ
1650 2167 1806 2195 συνιοῦσι.

1022 2217 1132 2247 Σύνεσις
1151 2216 1216 2250 γὰρ,
1231 2215 1262 2241 τὺ
1277 2214 1388 2250 βλέπειν
1404 2215 1452 2241 καὶ
1472 2214 1584 2242 ἀκούειν
1611 2214 1683 2241 κατὰ
1703 2213 1805 2248 ψυχήν.

1021 2263 1082 2293 Τοῖς
1095 2262 1225 2293 τοιούτοις
1238 2259 1285 2288 οὖν
1300 2261 1412 2293 δικαίως
1427 2261 1472 2288 καὶ
1482 2261 1663 2295 οἰκονομικῶς
1674 2261 1702 2287 ἐν
1717 2268 1808 2295 παρα-

1020 2308 1112 2339 ϐολαῖς
1127 2307 1228 2341 ἐλάλει,
1244 2309 1314 2337 ὥστε
1335 2307 1434 2340 αὐτοὺς
1455 2307 1567 2334 ἀκούειν
1586 2307 1647 2341 μὲν,
1665 2306 1702 2342 μὴ
1719 2306 1808 2332 συ·.ιέ‹

1020 2363 1064 2381 ναι
1080 2354 1118 2381 δέ.
1136 2354 1191 2380 Καὶ
1214 2355 1325 2386 δικαίως
1347 2355 1405 2390 μὲν,
1423 2354 1460 2385 ὡς
1486 2353 1532 2380 διὰ
1557 2352 1606 2388 τὴν
1629 2351 1807 2379 ἐθελοκακίαν

1021 2400 1111 2427 αὐτῶν
1127 2399 1249 2432 ἀναξίοις
1272 2400 1356 2435 ἀκοῆς
1373 2399 1484 2435 γυμνῶν
1504 2398 1680 2434 μυστηρίων·
1704 2399 1808 2424 οἰκονο-

1024 2446 1112 2482 μικῶς
1126 2446 1165 2479 δὲ,
1182 2446 1225 2472 ἵνα
1247 2446 1284 2481 μὴ
1305 2445 1353 2481 τὴν
1370 2445 1471 2480 γνῶσιν
1487 2445 1542 2471 τῶν
1559 2443 1717 2480 μυστηρίων
1731 2444 1807 2469 ἀντι-

1022 2491 1118 2525 λογίας
1142 2490 1209 2526 ὒλην
1237 2490 1582 2526 ποιήσαντες,ιβαρυτέραν
1599 2488 1807 2516 ἐπισπάσωνται

1021 2537 1181 2571 καταδίκην.

1058 2630 1111 2657 Καὶ
1132 2630 1267 2658 Ἡσαΐου.
1293 2630 1324 2656 Ἦ
1350 2630 1461 2665 τοιαύτη
1480 2629 1635 2665 προφητεία
1658 2625 1806 2663 ἐπληρώθη

1024 2677 1073 2712 μὲν
1090 2677 1121 2702 ὲκ
1138 2676 1250 2712 μέρους,
1269 2675 1316 2703 ἐπὶ
1332 2675 1386 2704 τῶν
1399 2675 1484 2706 πάλαι
1502 2674 1724 2710 σκληροκαρδίων
1739 2673 1807 2700 Ἰου-

778 2789 875 2821 Variae
889 2789 1042 2822 lectiones
1059 2795 1090 2822 et
1105 2795 1197 2826 notam

218 2832 274 2863 (15)
290 2831 343 2858 Καὶ
357 2832 385 2858 ὲν
399 2830 495 2866 τούτῳ.
