1937 3072
142 189 197 222 401

571 187 771 219 ΕΟΜΜΕΝΤ.-
787 187 827 216 1N
847 185 1086 215 MATl‘ll/EUM.
1101 197 1136 202 -
1155 186 1234 216 CAP.
1255 186 1342 218 XIII.

1716 190 1770 220 402

141 251 226 278 δαίων
235 257 243 265 ·
260 248 413 285 πληροῦται
426 247 454 274 δὲ
469 247 610 278 παντελῶς
624 247 683 280 νῦν,
700 246 746 273 ἐπὶ
755 245 868 272 τούτων.
881 243 932 270 Διὰ
945 249 954 273 Α

1004 245 1044 271 uri
1059 244 1149 272 cordis
1171 244 1281 274 fuerant
1302 255 1310 274 :
1335 254 1408 274 nunc
1429 250 1519 275 autem
1550 247 1670 282 perfecte
1693 256 1769 276 com-

142 298 224 323 τοῦτο
251 296 306 331 γὰρ
333 295 382 322 καὶ
411 294 646 328 Ἁναπληροῦται
672 292 760 323 εἶπεν,
788 293 849 318 ἀντὶ
873 292 931 323 τοῦ,

144 342 290 374 Παντελῶς
316 341 490 376 πληροῦται,
519 340 536 375 ἢ
559 339 796 374 Ἀναπληροῦται
822 337 932 370 ἀτελῶς,

144 388 205 416 ἀντὶ
219 388 267 414 τοῦ
283 386 337 422 πλη
342 386 447 422 ροῦται.

187 434 223 461 Ἠ
243 448 263 451 -
284 433 378 466 ιόητε,
393 433 476 467 Ἀκοῇ
495 432 640 466 σωματικῇ
656 431 787 458 ἀκούσετε
802 431 866 463 τοὺς
890 431 934 457 λό-

145 487 225 513 γους,
241 478 289 505 καὶ
303 478 333 504 οὺ
353 478 392 512 μὴ
412 478 510 512 συνῆτε
525 477 574 512 τὴν
590 477 731 512 ἀλήθειαν,
746 476 784 509 ὡς
802 477 935 504 ὲθελοκω-

145 526 261 558 φοῦντες
285 524 355 552 κατὰ
380 525 490 560 ψυχήν·
517 524 564 550 καὶ
586 524 730 559 βλέποντες
756 524 933 559 σωματικῶς,

147 571 260 606 βλέψετε
276 571 331 607 (i6)
349 570 384 597 τὰ
401 570 540 605 θαύματα,
557 571 605 597 καὶ
622 571 652 597 οὐ
666 571 703 606 μὴ
720 570 792 606 ἴδητε
808 570 857 605 τὴν
867 570 935 603 ἁλή-

146 618 235 650 οειαν,
251 617 355 652 ὁμοίως
383 617 420 648 ὡς
446 617 728 651 ὲθελοτυφλώττοντες
750 616 820 644 κατὰ
833 617 934 652 ψυχήν.

146 662 214 690 Εῐτι
229 663 304 698 λέγει
317 663 364 690 καὶ
383 663 434 699 τὴν
449 663 540 690 αἰτίαν
559 664 574 690 ὁ
587 663 742 699 προφήτης,
758 663 794 690 δι’
808 663 843 698 ἣν
857 662 936 689 τοῦτο

147 710 328 737 πεπόνθασιν.

183 801 358 835 Ἐπαχύνθη
372 817 407 822 -—-
423 800 542 828 τούτου.
555 816 591 822 -
608 801 792 834 Ἐπαχύνθη,
806 801 866 827 ἀντὶ
877 800 937 834 τοῦ,

148 847 354 882 Ἐσκληρύνοη,
371 846 507 882 ἐπωρώθη
524 847 563 879 τῷ
581 846 671 882 φθόνῳ
689 846 738 874 καὶ
761 848 820 878 ταῖς
841 846 938 878 ἄλλαις

150 894 274 925 κακίαις.
291 893 345 919 Καὶ
361 892 405 920 διὰ
424 892 504 919 τοῦτο
519 893 706 920 ἀσυνετοῦσιν.

189 983 243 1010 Kal
260 983 497 1018 -ἐκάμλιυσαν,
519 981 588 1011 Ὦτα
614 984 661 1011 καὶ
686 984 854 1019 ὀφθαλμοὺς,
876 993 939 1016 τους

149 1030 200 1063 τῆς
216 1028 305 1063 ψυχῆς
324 1028 420 1062 λέγει·
445 1029 554 1064 βαρέως
572 1029 601 1056 δὲ
618 1029 739 1064 ἥκουσαν
751 1051 757 1062 ,
786 1030 848 1057 ἀντὶ
873 1029 943 1061 τοῦ,

152 1074 324 1107 ἐκώφευσαν.

190 1120 314 1154 Μήποτε
335 1134 370 1140 —
392 1120 512 1154 αὐτούς.
531 1120 580 1156 [Τὸ
607 1121 663 1157 (17)
678 1121 810 1156 Μήποτε.
830 1123 940 1159 νοηθείη

153 1166 198 1198 ἂν,
219 1167 266 1194 καὶ
279 1166 340 1193 ἀντὶ
357 1167 416 1199 τοῦ,
431 1167 522 1199 Ἴσως,
547 1168 638 1195 ὁποῖόν
661 1169 720 1195 ἐστι
748 1169 796 1195 καὶ
811 1170 886 1204 παρὰ
903 1169 942 1204 τῷ

153 1211 321 1247 Ἀποστόλῳ·
343 1211 396 1239 Ἐν
408 1213 561 1247 πραότητι,
582 1214 659 1249 φησι,
673 1214 853 1242 παιδεύοντα
871 1215 943 1250 τοὺς

154 1257 447 1293 ἀντιδιατιθεμένους
472 1259 589 1293 μήποτε
613 1259 672 1293 δῴη
697 1261 802 1294 αὐτοῖς
825 1263 841 1288 ὁ
872 1262 944 1293 Θεὸς

154 1304 321 1338 ἐπίγνωσιν
348 1305 392 1338 εὶς
421 1306 586 1339 σωτηρίαν.
621 1306 674 1332 Τοῦ
703 1307 757 1342 γὰρ
790 1310 943 1342 προφήτου,

155 1349 252 1384 ὥσπερ
268 1350 457 1384 λογιζομένου,
484 1352 572 1386 μάτην
586 1352 625 1383 εἰς
640 1353 761 1379 τοιοῦτον
779 1353 842 1380 λαὸν
862 1353 945 1388 κηρύ-

156 1396 213 1428 ξαι,
230 1396 370 1431 ἐπήγαγεν
387 1397 401 1422 ὀ
417 1396 482 1428 Θεὸς
502 1398 577 1424 τουτὶ
592 1398 622 1423 τὸ
638 1398 743 1434 metm]

193 1442 231 1468 Δι’
245 1442 398 1477 ὑπερϐολὴν
419 1443 448 1470 δὲ
465 1444 574 1476 φθόνου,
595 1444 641 1471 καὶ
664 1444 716 1471 τῶν
734 1445 832 1477 ἄλλων,
849 1446 886 1477 ὡς
907 1446 946 1473 εἴ·

159 1496 251 1523 ρηται,
266 1489 382 1521 κακιῶν,
406 1489 595 1525 ἐπωρώοησαν
617 1490 656 1521 εἰς
673 1491 792 1524 σύνεσιν,
810 1493 855 1519 καὶ
876 1493 946 1519 ἐκώ-

159 1542 264 1565 φευσαν
291 1534 341 1568 μὲν
360 1534 429 1570 πρὸς
450 1537 513 1568 τοὺς
529 1537 680 1571 ὑπερφυεῖς
693 1537 800 1572 λόγους,
818 1539 946 1574 ἐκάμμυ-

159 1587 209 1605 σαν
224 1579 251 1605 δὲ
277 1580 345 1614 πρὺς
365 1580 398 1607 τὰ
420 1582 561 1616 παράδοξα
577 1583 656 1618 ἔργα,
671 1583 765 1619 ὥσπερ
781 1584 944 1618 δειλιῶντες,

161 1626 267 1660 μήποτε
285 1627 452 1660 ἀκούσαντες
473 1628 522 1655 καὶ
540 1629 640 1660 ἰδόντες
662 1630 696 1657 τὰ
722 1630 788 1665 παρ’
802 1630 882 1666 ἐμοῦ,
896 1632 945 1658 καὶ

158 1672 271 1705 γνόντες
283 1671 313 1698 τὸ
335 1672 394 1699 δέον
411 1673 599 1708 ὲπιστρέψωσι
619 1675 688 1709 πρός
710 1683 756 1709 με,
771 1676 817 1702 καὶ
833 1676 946 1712 ἰάσομαι

158 1717 259 1748 αὐτοὺς
273 1717 325 1744 ἀπὸ
339 1718 394 1743 τῶν
414 1718 659 1754 πλημμελημάτων
676 1720 776 1748 αὐτῶν.
797 1721 845 1748 Ἐκ
860 1730 946 1756 προσ-

158 1762 236 1788 ώπου
252 1763 307 1798 γὰρ
321 1764 368 1790 τοῦ
381 1764 501 1799 Χριστοῦ
515 1765 529 1791 ό
541 1764 630 1799 λόγος.
644 1765 730 1792 Τοῦτο
739 1766 767 1793 δὲ
779 1767 947 1803 προσέθηκε,

158 1808 297 1842 διασύρων
313 1809 413 1841 αὐτοὺς
433 1811 473 1842 εὶς
489 1811 608 1846 ἐσχάτην
624 1811 728 1839 ἄνοιαν.

201 1854 293 1889 Ύμῶν
309 1870 343 1875 -
361 1856 476 1884 ἀκούει.
501 1857 651 1892 Μακάριοι,
680 1859 721 1885 ὅτι
746 1859 876 1895 βλέπουσι
901 1861 948 1888 καὶ

159 1900 307 1928 ἁκούουσιν
323 1901 421 1937 ὀρθῶς.

203 1946 299 1980 Ἀμὴν
313 1961 348 1966 -—
362 1947 510 1980 ἤκουσαν.
526 1948 632 1982 Πολλοὶ,
648 1950 695 1976 καὶ
708 1951 737 1976 οὐ
751 1951 864 1983 πάντες
877 1953 948 1985 τινὲς

160 1994 217 2029 γὰρ
231 1993 319 2020 ταῦτα
339 1994 386 2021 καὶ
398 1992 469 2021 εἶδον
484 1996 530 2022 καὶ
543 1996 664 2032 ἥκουσαν
675 2007 681 2013 ι
699 1998 846 2032 ὑπερφυῶς
861 2000 899 2032 δὲ,
912 2000 949 2032 ὡς

160 2041 176 2066 ὁ
203 2040 328 2075 ’Λῦραὰμ
351 2041 398 2067 καὶ
416 2041 440 2067 οἱ
465 2042 671 2077 ἐπισημότερον
692 2043 727 2069 “ll
746 2046 869 2077 Πολλοὶ,
890 2047 951 2072 ἀντὶ

163 2087 222 2119 τοῦ,
244 2087 358 2118 Πάντες.
383 2087 426 2119 Ὠς
447 2088 477 2114 τό
490 2096 499 2104 ·
513 2089 567 2116 Kal
591 2089 776 2123 ἐθεράπευσε
794 2093 949 2126 πολλούς’

163 2132 269 2163 πάντας
286 2132 340 2167 γὰρ
363 2132 424 2159 τότε
446 2133 624 2168 ἐθεράπευσε.
647 2134 701 2161 Καὶ
724 2135 815 2169 πάλιν,
830 2136 878 2163 καὶ
891 2137 950 2163 δαι-

164 2177 247 2213 μόνια
265 2176 350 2203 πολλὰ
371 2176 493 2210 ἐξέϐαλε.
510 2179 602 2205 Πάντα
615 2178 669 2214 γὰρ
690 2179 842 2214 τηνικαῦτα
856 2180 950 2213 ὲξέεα-

163 2222 222 2247 λεν.
234 2220 427 2255 Ἐπεθύμησαν
442 2221 469 2247 δὲ
490 2221 554 2249 ἰδεῖν
565 2223 611 2248 τὸν
624 2222 690 2249 Θεὸν
702 2224 951 2260 ἑνανθρωπήσαντα

955 911 975 939 Β
989 893 1091 921 invidia
1101 915 1108 926 ,
1125 894 1240 929 aliisque
1255 893 1447 929 iniquitatibus

984 290 1111 326 plebatur
1122 291 1150 318 in
1166 291 1227 319 istis
1241 292 1292 328 (rt).

1022 433 1098 461 Vers.
1116 434 1160 462 M.
1174 433 1238 467 Qua:
1250 448 1282 454 —
1296 439 1418 461 cernetis.
1433 433 1536 462 Attditu
1564 435 1698 469 corporali
1724 443 1774 462 att-

985 479 1066 506 dietis
1092 486 1253 512 sermones,
1283 485 1309 506 et
1346 486 1402 506 non
1431 479 1592 515 intelligetis
1619 480 1774 510 veritatem.

986 525 1064 560 quasi
1089 531 1186 561 sponte
1217 526 1458 563 obsurdescentes,
1489 525 1562 561 quod
1597 525 1630 553 ad
1655 525 1774 552 animum

985 575 1111 605 spectat:
1128 576 1156 598 et
1175 572 1355 606 corporaliter
1395 572 1520 599 videntes
1542 571 1670 599 videbitis
1695 571 1776 598 mira-

986 618 1058 649 cula,
1075 625 1126 646 nec
1157 622 1248 646 tamen
1273 618 1417 646 veritatem
1449 617 1580 651 cernetis,
1613 617 1670 651 pari
1697 617 1778 644 modo

986 668 1113 698 tanquam
1147 664 1299 691 voluntarie
1330 664 1418 699 quoad
1444 664 1562 691 animam
1588 663 1776 691 caecuticutcs.

986 709 1091 737 Deinde
1105 709 1183 737 addit
1200 718 1310 745 quoque
1330 710 1464 746 propheta
1480 718 1601 741 causam,
1634 709 1668 736 ab
1693 717 1776 743 quam

987 757 1046 784 ha-c
1065 757 1138 791 passi
1153 757 1217 785 sint.

1024 801 1100 829 Vers.
1120 801 1163 837 15.
1176 801 1360 829 lncrauatttm
1371 806 1408 828 est
1425 816 1459 821 —
1473 802 1565 836 hujus.
1585 816 1620 821 -—
1637 801 1777 828 Incraaaa-

989 851 1044 873 tum
1059 851 1107 878 est.
1138 846 1191 874 hoc
1214 851 1256 874 est
1277 847 1437 875 lnduratum
1471 851 1524 880 est,
1549 850 1713 874 excaecatum
1739 852 1781 872 est

1478 901 1485 920 :
1505 897 1533 920 et
1561 893 1622 920 ideo
1639 891 1778 919 intellectu

991 945 1095 967 carent.

1027 985 1104 1013 Vers.
1124 986 1168 1013 i5.
1186 986 1221 1014 Et
1245 1001 1279 1006 —
1305 986 1500 1013 concluserunt.
1524 985 1613 1013 Aures
1638 993 1671 1013 ac
1689 985 1781 1013 oculos

991 1031 1058 1059 dicit
1078 1032 1185 1059 animat.
1215 1031 1342 1060 Graviter
1362 1037 1454 1060 autem
1479 1031 1638 1064 audierunt,
1661 1032 1713 1059 hoc
1739 1034 1783 1058 est

992 1078 1206 1106 obsurduerunt.

1027 1124 1166 1152 Vers.15.
1192 1125 1339 1160 Nequando
1361 1139 1397 1144 —-
1423 1132 1475 1152 eos.
1502 1123 1522 1158 ἰη
1554 1123 1644 1151 Dictio
1673 1122 1781 1157 μήποτε

993 1171 1143 1206 nequando,
1168 1171 1280 1206 intelligi
1308 1175 1409 1206 potest,
1439 1175 1469 1198 ut
1493 1170 1662 1197 tantumdem
1691 1168 1779 1195 valeat

992 1222 1124 1252 quantum
1136 1225 1142 1244 :
1152 1216 1192 1244 Νε
1201 1225 1255 1252 quo
1264 1217 1358 1250 modo;
1375 1217 1454 1252 quale
1467 1220 1508 1244 est
1518 1221 1545 1244 et
1555 1215 1619 1243 illud
1633 1214 1756 1249 Apostoli
1772 1222 1779 1239 :

993 1262 1025 1289 In
1039 1262 1237 1289 mansuetudine
1251 1261 1372 1289 inatrut'te
1388 1267 1436 1288 eo:
1443 1261 1487 1296 qui
1505 1259 1642 1290 obsistunt.
1659 1266 1779 1292 nequan-

994 1306 1026 1332 do
1035 1306 1077 1332 det
1089 1306 1141 1332 illi:
1163 1305 1230 1333 Deus
1242 1305 1401 1332 intellectum
1424 1305 1464 1332 ad
1491 1304 1603 1332 salutem
1618 1305 1639 1331 ⁵.
1661 1303 1782 1331 Adducit

994 1356 1084 1378 autem
1098 1352 1170 1379 Deus
1186 1352 1237 1379 hoc
1253 1352 1392 1387 prot'heta:
1409 1352 1511 1379 dictum
1542 1356 1670 1385 tanquam
1687 1349 1783 1376 existi-

995 1398 1096 1425 mantis
1113 1398 1213 1424 frustra
1232 1397 1265 1424 ad
1280 1397 1434 1432 huiusmodi
1451 1396 1581 1432 populum
1594 1394 1746 1430 praedicari.

1032 1444 1144 1472 Invidia:
1178 1444 1374 1479 magnitudine,
1402 1443 1529 1477 aliisque,
1547 1447 1577 1470 ut
1599 1442 1701 1469 dictum
1731 1445 1785 1473 est,

996 1491 1186 1526 pravitatibus,
1206 1491 1333 1518 excaecati
1356 1495 1419 1518 sunt
1434 1490 1466 1517 ad
1494 1489 1674 1522 intellectum,
1688 1492 1716 1515 et
1735 1487 1786 1515 ob-

997 1537 1168 1564 surduerunt
1195 1537 1227 1564 ad
1255 1536 1476 1571 supernaturalcs
1503 1542 1660 1568 sermones;
1693 1533 1786 1560 oculos

962 1590 983 1618 ο
1001 1590 1064 1610 vero
1075 1583 1234 1611 clauserunt
1246 1583 1279 1610 ad
1293 1583 1425 1617 stupenda
1435 1590 1529 1617 opera.
1550 1581 1627 1616 quasi
1643 1588 1699 1615 pra:
1713 1579 1788 1614 igna-

1000 1628 1042 1655 via
1062 1628 1200 1661 timentes,
1214 1635 1250 1655 ne
1277 1635 1333 1662 quo
1358 1627 1440 1654 modo
1461 1626 1585 1658 audiant,
1612 1625 1730 1656 videant.
1760 1627 1788 1650 et

1000 1674 1177 1710 iutelliganta
1193 1681 1236 1702 me
1253 1674 1325 1709 quod
1345 1681 1414 1710 opus
1439 1678 1482 1701 est
1495 1693 1502 1704 .
1526 1672 1600 1700 unde
1622 1674 1787 1699 convertan-

1002 1725 1045 1747 tur
1057 1725 1085 1747 et
1095 1727 1188 1748 sanem
1203 1727 1260 1747 eos.
1273 1720 1340 1748 Nam
1360 1727 1392 1748 ex
1403 1718 1504 1747 Christi
1522 1725 1637 1753 persona
1659 1716 1789 1744 dicuntur

1002 1767 1081 1794 verba
1096 1767 1164 1794 haec.
1179 1767 1291 1794 Addidit
1305 1771 1395 1794 autem
1415 1767 1466 1793 ista
1486 1765 1519 1792 ad
1536 1763 1705 1798 carpendum
1725 1769 1786 1793 eos.

1002 1813 1073 1846 quod
1088 1815 1120 1840 ad
1135 1818 1283 1841 extremam
1296 1812 1456 1841 devenerint
1470 1810 1647 1838 dementiam.

1040 1860 1117 1887 νει-ε.
1140 1860 1182 1888 16.
1202 1860 1287 1887 Vestri
1301 1859 1470 1887 ~—audiunt.
1484 1857 1602 1889 Felices,
1623 1856 1686 1891 quia
1715 1860 1790 1883 recte

979 1903 990 1914 ‘
1003 1906 1097 1933 vident
1114 1910 1140 1932 et
1157 1905 1283 1932 audiunt.

1039 1952 1116 1980 Vers.
1135 1951 1176 1980 i7.
1194 1951 1276 1978 Amen
1297 1966 1330 1970 —
1346 1950 1500 1978 audierunt.
1516 1949 1604 1982 Multi,
1619 1952 1646 1975 et
1660 1955 1714 1974 nou
1733 1953 1790 1973 om-

1004 2006 1068 2031 nes;
1092 1998 1203 2032 quidam
1217 1997 1289 2025 enim
1317 1997 1374 2024 haec
1398 2001 1425 2023 ει
1451 1996 1578 2023 viderunt
1592 1998 1619 2022 et
1634 1993 1789 2022 audierunt,

1003 2052 1158 2079 quanquam
1176 2044 1201 2071 id
1221 2043 1477 2078 supernaturaliter,
1497 2046 1526 2069 ut
1544 2040 1679 2067 Abraham
1694 2043 1722 2065 et
1744 2037 1790 2073 qui

1004 2091 1168 2125 insigniores
1184 2090 1301 2117 filerunt.
1323 2091 1377 2116 Aut
1406 2088 1494 2120 multi.
1521 2088 1573 2115 hoc
1605 2091 1647 2113 est
1684 2091 1790 2112 omnes.

1004 2137 1092 2164 Veluti
1117 2145 1178 2164 cum
1199 2137 1323 2164 dicitur:
1348 2136 1378 2163 Et
1410 2136 1511 2162 curavit
1539 2133 1671 2166 multos';
1694 2137 1792 2161 omnes

1006 2191 1123 2218 namque
1144 2188 1210 2210 tunc
1233 2183 1350 2214 curavit,
1370 2186 1400 2209 ut
1419 2182 1502 2209 habet
1522 2182 1592 2208 alius
1614 2178 1791 2213 evangelista.

1008 2229 1039 2255 lit
1056 2236 1163 2255 rursum
1187 2227 1286 2255 ibidem
1302 2236 1308 2254 :
1328 2227 1359 2253 Ει
1373 2227 1503 2254 dwmonia
1518 2226 1599 2253 multa
1613 2225 1699 2260 ejecit.
1715 2223 1793 2251 Tunc

165 2269 214 2294 καὶ
239 2268 274 2296 τὰ
290 2269 337 2295 τοῦ
361 2270 480 2303 Χριστοῦ
505 2271 642 2305 θαύματα,
662 2272 710 2298 καὶ
729 2272 844 2299 ἀκοῦσαι
865 2273 948 2300 αὐτοῦ

1006 2276 1079 2302 enim
1108 2275 1200 2302 omnia
1229 2273 1321 2309 ejecit.
1342 2273 1569 2300 Desideravcrunt
1600 2275 1691 2298 autem
1707 2270 1791 2298 Deum

164 2313 348 2347 διδάσκοντος.
369 2316 438 2347 Τοὺς
463 2317 606 2352 προφήτας
631 2317 660 2344 δὲ
678 2319 886 2354 προσηγόρευσε
906 2321 954 2348 καὶ

166 2359 298 2392 δικαίους.
323 2361 358 2387 Ἢ
381 2361 502 2393 δικαίους
527 2362 600 2394 νόει,
628 2363 690 2395 τοὺς
720 2364 818 2396 ἄλλους
848 2365 954 2400 ἁγίους,

166 2405 268 2437 οἵτινες
282 2407 450 2439 ἀκούσαντες
467 2407 523 2444 (i8)
545 2409 580 2435 τὰ
596 2410 659 2444 περὶ
677 2409 725 2436 τοῦ
743 2411 864 2446 Χριστοῦ
881 2413 955 2447 παρὰ

167 2451 223 2477 τῶν
241 2453 389 2486 προφητῶν
415 2453 593 2489 ἐπεθύμησαν
623 2455 686 2483 ἰδεῖν
712 2455 759 2482 καὶ
782 2456 898 2484 ἀκοῦσαι
922 2459 956 2485 τὰ

167 2497 210 2532 δη)
218 2497 330 2525 ωθέντα.

232 2629 276 2655 ³11
293 2629 365 2656 Tim.
383 2638 413 2662 ιι,
426 2630 472 2657 ‘25.
528 2630 538 2646 ³
554 2630 634 2659 Marc.
650 2640 669 2664 t,
682 2632 727 2660 3i.

1005 2322 1099 2349 videre
1131 2321 1313 2351 incarnatum,
1335 2319 1492 2353 Christique
1517 2318 1658 2349 miracula,
1682 2321 1709 2344 et
1732 2317 1792 2351 ejus

1005 2368 1100 2396 audire
1113 2367 1276 2394 doctrinam.
1287 2366 1438 2403 Prophetas
1454 2372 1520 2392 vero
1545 2364 1692 2399 appellavit
1709 2362 1791 2390 etiam

1003 2415 1104 2450 iustos.
1122 2414 1177 2440 Aut
1193 2411 1423 2448 justosintelligit
1447 2415 1474 2438 et
1498 2410 1566 2438 alios
1591 2414 1712 2440 sanctos,
1745 2407 1791 2443 qui

1005 2470 1037 2488 ea
1069 2468 1131 2495 qum
1156 2460 1190 2487 de
1215 2459 1327 2487 Christo
1361 2462 1440 2486 erant
1468 2466 1483 2485 a
1512 2457 1653 2493 prophetis
1679 2455 1794 2483 audien-

1009 2513 1060 2538 tes.
1090 2506 1316 2534 desideraverunt
1342 2505 1435 2533 videre
1459 2509 1488 2532 et
1511 2503 1607 2531 audire
1633 2509 1694 2537 quae
1720 2501 1795 2528 dicta

1008 2558 1082 2582 sunt.

769 2666 867 2697 Vatia:
883 2667 1035 2700 lectiones
1050 2671 1079 2698 et
1095 2670 1189 2698 notae.

206 2748 251 2781 (16

206 2748 251 2781 (16
280 2750 320 2776 Τὰ
334 2748 486 2783 πράγματα
497 2750 529 2776 Α.

205 2749 262 2819 457i
278 2783 381 2810 Inclusa
395 2784 421 2810 in
439 2792 520 2819 πνοι-ε.

278 2783 381 2810 Inclusa
395 2784 421 2810 in
439 2792 520 2819 πνοι-ε.
537 2784 619 2812 habet
631 2785 664 2811 A.

206 2862 244 2897 (η)
266 2861 330 2890 Post
345 2862 372 2888 in
387 2863 443 2890 istis
458 2864 513 2890 hate
530 2863 653 2890 addenda
672 2868 747 2895 sunt,
762 2870 821 2897 quae
836 2863 950 2891 fortasse

172 2898 200 2924 in
219 2906 269 2924 suo
288 2897 383 2925 codice
405 2898 555 2926 llentenius
581 2905 634 2924 non
661 2899 762 2932 reperit
787 2906 794 2925 ε
812 2897 957 2930 Propterea

1043 2752 1098 2787 (l8)
1111 2751 1267 2783 Ἀκούοντες
1283 2751 1313 2779 Β.

1005 2864 1086 2891 etiam
1101 2861 1304 2895 ἀναπληροῦται
1317 2861 1395 2891 dixit,
1410 2861 1435 2888 id
1450 2865 1501 2890 est.
1517 2868 1623 2895 prorsus
1635 2861 1791 2893 temptatur,

1012 2903 1058 2926 aut
1075 2897 1279 2930 ἀναπληροῦται
1293 2896 1453 2929 simpliciter
1469 2903 1517 2929 pro
1532 2895 1686 2930 completur.
1706 2905 1715 2921 ι
