1937 3072
117 154 176 186 409

554 152 747 186 COMMENT.
766 155 808 185 ΙΝ
828 154 1067 188 MATTH/EUM.
1086 169 1122 176 —
1141 157 1222 190 CAP.
1241 158 1328 191 XIII.

1155 88 1290 108 -ηι-τι.

1698 160 1753 195 “0

115 211 168 246 τῆς
199 209 335 243 πίστεως,
362 208 401 241 ὡς
433 209 584 246 ἀρραϐῶνα
611 210 662 245 τῆς
695 210 834 246 βασιλείας
857 210 910 238 τῶν

965 215 1093 248 tanquam
1120 214 1196 249 regni
1213 214 1346 242 cmlorum
1376 213 1570 242 arrhabonem.
1599 214 1749 252 Compara:

113 257 250 293 οὐρανῶν.
284 256 443 289 ’Δπεικάζει
472 257 501 284 δὲ
528 258 610 285 αὑτὸν
642 258 734 294 κόκκῳ
761 259 907 291 σινάπεως,

115 303 184 330 διότι
205 303 311 339 βραχὺς
334 303 384 338 μὲν
398 303 446 330 καὶ
462 303 668 339 εὐπερίγραφος
691 304 845 340 σπείρεται,
871 304 908 340 μὴ

113 349 276 385 δυναμένων
298 349 353 376 τῶν
367 349 496 385 μαθητῶν
516 349 665 383 βαστάζειν
678 350 707 376 ιν
718 349 790 385 ἀρχῇ
804 350 907 378 πλεῖον.

114 397 170 424 Καὶ
183 396 238 430 γὰρ
252 396 300 423 καὶ
314 396 328 422 6
344 396 489 431 προφήτης
503 396 598 430 πάλαι,
617 397 695 431 λόγον
721 398 909 432 συντετμημέ-

113 450 160 467 νον
187 440 268 468 αὑτὸν
293 440 436 470 ἐκάλεσεν.
457 441 543 468 Ὅταν
570 441 599 468 δὲ
613 442 784 477 γεωργηθεὶς
800 442 907 479 αὐξήσῃ

113 488 174 519 ταῖς
195 486 316 522 ἀρδείαις
343 487 391 514 τοῦ
426 487 499 514 θείου
533 487 710 522 Πνεύματος,
742 488 906 523 ὑπερϐάλλει

113 533 206 560 πάντα
228 533 320 567 λόγον,
340 533 388 560 καὶ
419 533 586 568 ὑψηλότερος
602 534 670 560 ὅλων
687 533 743 569 (52)
762 535 900 569 φαίνεται.

112 580 163 605 Διὰ
186 579 214 605 δὲ
231 580 278 614 τῆς
301 579 461 615 παραϐολῆς
493 579 596 612 ταύτης
629 581 829 615 προαναφωνεῖ
857 580 907 616 τὴν

111 624 229 658 αὖξησιν
253 624 300 650 τοῦ
327 624 518 660 κηρύγματος.
555 625 625 660 Περὶ
655 625 686 652 δὲ
714 626 760 652 τοῦ
779 625 908 661 σπείρον-

111 680 159 702 τος
187 670 344 705 ἀνθρώπου,
365 670 476 697 καὶτοῦ
503 670 602 706 ἀγροῦ,
632 672 661 698 ὲν
682 673 715 706 τῇ
733 671 785 706 πρὸ
805 670 908 706 ταύτης

112 717 257 753 παραϐολῇ
289 717 513 752 προδιελάϐομεν.
555 717 652 752 Ἀγρὸς
666 717 705 749 δὲ,
722 718 736 744 6
750 717 852 753 κόσμος
864 716 907 743 λεία

111 772 204 797 γεται,
220 763 269 789 καὶ
281 763 326 790 διὰ
348 764 379 790 τὸ
397 762 583 798 γεωργεῖσθαι
599 764 628 790 ἐν
644 763 719 799 αὐτῷ
736 763 783 790 τὸν
796 763 906 797 λογικὸν

112 811 200 836 σῖτον.

148 854 200 892 [Ἦ
224 855 281 889 (55)
313 854 458 891 παραϐολὴ
485 855 613 890 σημαίνει
643 855 690 882 καὶ
720 855 750 881 τὸ
773 855 906 890 διήγημα,

111 902 149 933 ὡς
174 902 205 928 τό
216 910 223 916 ·
252 901 345 936 Ἢμᾶς
357 902 401 935 εἰς
417 901 596 936 παραϐολὴν
611 901 646 928 ἐν
661 901 723 934 τοῖς
740 901 843 928 ἔθνεσι
857 901 904 928 καὶ

111 948 158 974 τδν
172 948 358 984 αἰνιγματώδη
377 948 467 982 λόγον,
480 948 517 979 ὡς
528 949 559 974 τό
571 956 577 962 ·
590 947 709 981 Νοῆσαί
724 947 780 981 (54)
795 955 827 973 τε
846 955 903 974 ira.

110 995 246 1028 ραϐολὴν
260 995 309 1022 καὶ
329 995 490 1022 σκοτεινὸν
504 995 597 1029 λόγον
611 1002 618 1009 ⁸
637 994 683 1020 καὶ
698 993 748 1028 τὴν
764 993 903 1027 ὁμοίωσιν,

110 1040 150 1071 ὼς
164 1039 197 1066 τὰ
210 1040 380 1075 προκείμενα
405 1041 507 1067 ταῦτα·
526 1041 573 1067 καὶ
589 1039 639 1075 τὴν
662 1040 853 1074 τροπολογίαν,
866 1039 904 1071 ὡς

109 1087 159 1114 τό·
194 1076 242 1114 Ϋίὲ
267 1088 435 1121 ἀνθρώπου,
451 1087 518 1115 sine
531 1087 633 1121 αὐτοῖς
655 1087 712 1121 τὴν
727 1086 904 1121 παραϐολὴν

110 1133 246 1166 ταύτην’
271 1133 297 1160 '0
308 1134 394 1166 ἀετὸς
424 1135 441 1161 ὁ
459 1133 563 1168 μέγας,
583 1135 599 1161 ό
620 1132 900 1168 μεταλοπτέρυγος·

109 1178 191 1204 ἀετὸν
205 1178 302 1212 λέγων,
315 1179 360 1205 τὸν
372 1179 487 1214 βασιλέα
506 1179 560 1205 τῶν
586 1178 737 1213 Ἀσσυρίων
748 1186 756 1194 ·
775 1178 902 1214 σημαίνει

108 1222 140 1248 δὲ
153 1223 199 1248 καὶ
217 1224 262 1248 τὸν
276 1223 372 1256 τύπον,
397 1224 434 1255 ὼς
448 1224 513 1250 ὅταν
538 1223 609 1259 λέγῃ
638 1223 744 1255 Παῦλος
771 1224 835 1258 περὶ
854 1223 902 1250 τοῦ

110 1268 260 1303 Ἀϐραὰμ,
295 1270 336 1295 ὅτι
364 1269 410 1295 τὸν
437 1269 570 1304 μονογενῆ
607 1269 787 1304 προσέφερεν,
810 1270 824 1295 6
851 1269 902 1299 τὰς

109 1315 281 1348 ἐπαγγελίας
314 1315 473 1350 δεξάμενος.
497 1315 578 1341 Ὅθεν
599 1316 627 1341 ὲν
658 1315 801 1350 παραϐολῇ
820 1314 901 1341 αὑτὸν

109 1361 271 1396 ἐκομίσατο,
289 1362 439 1394 τουτέστιν,
452 1363 481 1388 ὲν
498 1361 585 1396 τύπῳ,
606 1361 635 1388 ὲν
649 1360 758 1397 εἰκόνι]

150 1449 186 1474 Ὃ
201 1464 234 1468 -
247 1450 342 1477 ἐστίν.
360 1449 458 1485 Ὀπερ,
474 1450 585 1486 σπέρμα
599 1449 732 1485 δηλονότι,
749 1451 901 1486 σμικρότα-

108 1505 158 1523 τον
177 1496 224 1530 μέν
241 1496 298 1521 ἐστι
311 1497 343 1531 τῇ
362 1496 501 1530 ποτότητι,
522 1495 650 1530 μέγιστον
665 1496 693 1523 δὲ
706 1494 739 1531 τῇ
756 1497 898 1532 ποιότητι,

961 263 1053 286 autem
1079 259 1157 286 illum
1187 267 1271 295 grano
1285 260 1399 295 sinapis,
1419 260 1483 295 quia
1502 260 1595 288 brevis
1610 265 1638 288 et
1655 264 1751 298 paucis

960 306 1083 335 inclusus
1105 307 1305 340 seminahatur,
1340 315 1373 336 eo
1405 308 1479 343 quod
1499 315 1555 336 non
1583 316 1693 344 possent
1708 311 1747 338 di-

960 353 1056 388 scipuli
1080 353 1106 380 in
1129 353 1263 388 principio
1277 353 1380 389 majora
1393 354 1477 382 ferre.
1494 353 1564 383 Hinc
1578 361 1622 384 est
1636 357 1709 392 quod
1721 362 1751 384 et

959 399 1092 434 propheta
1118 406 1273 427 sermonem
1294 400 1482 429 abbreviatum
1507 402 1572 432 olim
1603 404 1678 432 illum
1701 411 1750 438 ap-

961 445 1121 480 pellavit“.
1145 444 1246 473 Verum
1280 450 1423 481 postquam
1444 447 1478 474 ab
1504 449 1623 483 agricola
1648 449 1747 482 cultus,

960 491 1045 518 divini
1082 490 1200 525 Spiritus
1239 491 1446 526 irrigationihus
1484 495 1612 528 creverit,
1639 503 1748 523 omnem

961 533 1043 561 alium
1071 534 1180 561 excedit
1193 542 1362 568 sermonem,
1391 543 1423 564 ac
1454 538 1584 566 omnibus
1616 540 1749 568 excelsior

961 584 1088 614 apparet.
1118 580 1170 608 Per
1191 581 1261 609 lianc
1285 589 1351 609 vero
1375 583 1530 617 parabolam
1550 585 1748 620 praedicationis

958 631 1135 661 augmentum
1165 627 1342 661 praenuntiat.
1376 628 1414 656 De
1447 629 1560 658 homine
1588 635 1678 658 autem
1700 632 1746 666 qui

959 671 1105 699 seminavit
1130 675 1158 699 et
1173 672 1208 700 de
1227 679 1303 708 agro,
1328 673 1355 700 in
1371 674 1535 708 prmeedenti
1552 675 1679 710 parabola
1691 676 1749 704 dis-

958 717 1107 745 seruimus.
1138 717 1245 746 Dicitur
1268 722 1358 746 autem
1375 719 1495 746 mundus
1525 727 1599 754 ager,
1625 720 1660 747 ob
1677 720 1748 749 hanc

958 761 1039 789 etiam
1060 769 1182 795 causam,
1210 763 1273 797 quia
1295 764 1449 791 seminatur
1473 772 1505 792 ac
1530 765 1629 792 colitur
1659 765 1687 792 in
1713 773 1746 793 eo

960 808 1095 835 rationale
1115 808 1297 836 frumentum.

994 854 1015 890 -ι-
1042 854 1105 883 Haec
1140 855 1223 884 dictio
1253 855 1380 890 parabola
1413 855 1548 891 signiﬁcat
1583 856 1748 891 quandoque

957 901 1152 934 narrationem,
1173 907 1203 928 ut
1224 909 1286 929 cum
1303 901 1419 930 dicitur:
1438 902 1529 930 Posuit
1552 910 1599 929 nos
1616 902 1643 929 in
1663 910 1746 937 para-

955 947 1042 974 bolam
1074 949 1102 975 in
1127 948 1248 982 gentibus
1266 949 1299 976 ”.
1330 947 1469 976 Interdum
1499 952 1590 976 autem
1619 948 1748 983 aenigma-

954 993 1038 1020 ticum
1067 1000 1233 1026 sermonem,
1261 997 1291 1021 ut
1314 997 1357 1021 est
1380 993 1446 1021 illud
1467 1001 1474 1020 :
1494 993 1645 1029 Intelligere
1661 1002 1746 1028 para-

954 1038 1042 1065 balam
1059 1043 1084 1066 et
1104 1039 1243 1066 obscurum
1257 1047 1400 1067 sermonem
1413 1039 1444 1065 ".
1458 1038 1598 1075 Signiﬁcat
1618 1044 1746 1074 ιιι-σείεται

954 1083 1175 1115 similitudinem,
1207 1083 1290 1111 veluti
1309 1087 1373 1110 sunt
1399 1083 1466 1115 haec,
1493 1091 1554 1118 quae
1582 1084 1627 1111 hic
1643 1091 1744 1119 propo-

952 1132 1067 1155 nuntur.
1085 1128 1126 1155 Ad
1143 1128 1201 1155 haac
1209 1128 1334 1164 designat
1353 1128 1540 1164 tropologiam,
1555 1133 1584 1156 ut
1607 1133 1648 1156 est
1662 1129 1744 1157 illud:

953 1173 1009 1200 Fili
1041 1174 1164 1207 hominis,
1189 1175 1231 1201 die
1266 1174 1320 1201 illis
1351 1173 1507 1209 parabolam
1530 1173 1621 1200 hanc:
1648 1173 1745 1208 Aquila

953 1227 1050 1255 magna
1072 1228 1230 1256 magnarum
1258 1220 1365 1247 alarum
1380 1219 1414 1252 “,
1431 1227 1532 1247 vocans
1547 1219 1664 1254 aquilam
1683 1227 1745 1255 rcg-

952 1274 1018 1293 num
1046 1265 1232 1302 Assyriorum.
1260 1266 1374 1301 Insuper
1403 1265 1537 1301 signiﬁcat
1565 1266 1689 1301 ﬁguram,
1717 1270 1746 1293 ut

952 1311 1061 1345 quando
1076 1312 1142 1339 dicit
1166 1311 1270 1339 Paulus
1287 1312 1309 1327 ”
1333 1311 1367 1338 de
1398 1311 1534 1338 Abraham
1558 1311 1631 1345 quod
1645 1311 1745 1338 obtulit

953 1356 1049 1389 ﬁlium,
1080 1358 1126 1392 qui
1153 1357 1230 1393 juxta
1271 1357 1468 1392 promissioncs
1505 1361 1649 1392 susceptus
1675 1361 1743 1384 erat.

951 1403 1029 1431 Unde
1054 1404 1082 1431 in
1100 1403 1271 1439 parabolam,
1294 1403 1393 1438 inquit,
1415 1403 1510 1437 recepit
1524 1411 1583 1430 eum

993 1449 1073 1478 Vera.
1089 1450 1134 1477 32.
1160 1449 1346 1482 Quod—eet.
1387 1447 1530 1476 Minimum
1559 1448 1669 1484 quidem
1701 1453 1746 1477 est

950 1497 1111 1532 quantitate,
1128 1496 1174 1525 sed
1186 1495 1334 1524 maximum
1341 1495 1468 1530 qualitate
1483 1494 1667 1528 sivevirtnte;
1683 1493 1741 1522 idet:

109 1542 215 1574 εῐτουν,
236 1543 268 1577 τῇ
286 1542 409 1577 δυνάμει.
431 1542 476 1568 Διὸ
493 1541 538 1568 καὶ
556 1542 596 1573 εἰς
616 1541 730 1576 μέγεθος
747 1542 897 1570 ἐπιδίδωσι.
912 1562 913 1570 η

961 1550 1059 1580 [uoque
1075 1543 1102 1570 in
1125 1542 1336 1578 magnitudinem
1349 1541 1491 1569 excressit.
1511 1540 1551 1568 Ad
1566 1541 1647 1576 hujus
1662 1541 1741 1569 semi-

109 1589 194 1616 Κατὰ
208 1588 256 1623 τὴν
268 1588 415 1622 ὁμοιότητα
430 1587 495 1621 γοῦν
511 1587 558 1613 τοῦ
575 1589 732 1623 σπέρματος
747 1589 841 1616 τούτου
854 1590 900 1616 καὶ

107 1635 136 1660 ει
167 1633 299 1669 μαθηταὶ,
329 1634 454 1669 ποίμνιον
483 1633 558 1665 ὄντες
586 1633 687 1668 ὀλίγον,
721 1635 761 1667 είς
788 1635 901 1670 ἄπειρον

108 1679 282 1716 ηὐξήθησαν.

149 1726 205 1752 Καὶ
224 1726 333 1760 γίνεται
348 1741 382 1746 —
395 1726 498 1753 αὐτοῦ.
514 1726 607 1754 Ταῦτα
623 1725 710 1761 εἶπεν,
725 1729 765 1755 ei:
779 1728 902 1762 ἔμφασιν

108 1772 160 1799 τοῦ
179 1772 320 1807 μεγέθους,
342 1771 390 1798 καὶ
404 1772 454 1806 τῆς
471 1773 649 1808 στερεότητος
669 1773 763 1801 αὐτοῦ.
779 1773 858 1805 Τινὲς
874 1773 902 1799 δὲ

108 1818 230 1848 κλάδους
243 1817 378 1851 τοῦλόγου
389 1818 439 1852 τῆς
452 1818 570 1850 πίστεως
585 1816 673 1852 εἷπον,
688 1819 751 1850 τοὺς
763 1819 904 1846 πιστεύον-

109 1872 164 1895 τας
182 1863 342 1898 ἀνθρώπους
360 1865 388 1890 ὲν
404 1861 444 1894 οἷς
461 1864 668 1899 κατασκήνοῦσι
681 1865 714 1891 τὰ
730 1865 841 1892 πετεινᾶ
855 1864 902 1892 τοῦ

108 1909 240 1945 οὐρανοῦ,
261 1910 354 1944 ἤγουν,
367 1910 390 1936 οἱ
406 1909 517 1944 ἄγγελοι
533 1910 712 1945 φυλάττοντες
733 1911 841 1944 αὐτούς,

150 1957 262 1991 Ἐτεροι
292 1956 320 1983 δέ
348 1965 433 1990 φασι,
466 1955 579 1988 κλάδους
609 1957 675 1991 μὲν,
705 1959 754 1988 τὰς
786 1960 903 1995 ἀρετὰς,

106 2001 142 2033 ἃς
160 2001 322 2036 βλαστάνειν
335 2001 430 2028 εἴωθεν
446 2002 459 2027 6
473 2001 552 2035 λόγος
566 2001 616 2036 τῆς
633 2003 753 2034 πίστεως
764 2012 771 2019 ·
790 2007 904 2032 πετεινὰ

106 2048 150 2077 δὲ,
169 2048 233 2078 τοὺς
249 2048 465 2082 ὑπερϐαίνοντας
480 2047 514 2074 τὰ
527 2048 617 2084 γεηρὰ
629 2049 790 2084 πράγματα,
806 2051 904 2086 καὶτῷ

108 2093 207 2127 πτερῷ
229 2093 277 2120 τοῦ
291 2093 335 2120 νοῦ
354 2094 565 2129 κουφιζομένους
580 2095 619 2126 εις
633 2093 699 2130 ὕψος
713 2095 904 2130 γνώσεως,καὶ

110 2139 170 2173 (35)
189 2139 257 2173 πρὸς
271 2139 315 2164 τὸν
325 2139 437 2173 οὐρανὸν
450 2139 655 2175 ἐπειγομένους.

154 2185 267 2218 Ἀλλην
280 2200 315 2204 -
330 2185 414 2220 ζύμῃ.
430 2185 480 2211 Διὰ
494 2185 544 2220 μὲν
560 2185 610 2221 τῆς
628 2187 784 2223 παραϐολῆς
799 2188 846 2215 τοῦ
861 2198 902 2215 σι-

953 1589 997 1617 nis
1021 1587 1228 1616 similitudinem
1251 1591 1279 1614 et
1307 1587 1432 1622 discipuli
1457 1594 1520 1614 cum
1552 1594 1651 1621 parvus
1678 1593 1744 1622 grex

952 1639 1057 1668 essent,
1074 1634 1101 1662 in
1124 1641 1252 1669 magnum
1270 1637 1456 1661 excreverunt

995 1681 1072 1708 Vers.
1087 1680 1133 1707 32.
1158 1679 1190 1707 Et
1203 1680 1233 1715 ﬁt
1248 1677 1441 1713 —ojus.§H-.ec
1475 1678 1543 1706 dixit
1566 1678 1598 1705 ad
1627 1678 1743 1705 demon-

954 1727 1115 1755 strationem
1142 1725 1339 1761 magnitudinis
1363 1732 1394 1752 ac
1420 1724 1558 1752 ﬁrmitatis
1582 1724 1652 1758 ejus.
1677 1724 1743 1757 Qui-

954 1774 1016 1802 dam
1041 1781 1105 1800 vero
1126 1779 1217 1799 ramos
1235 1771 1368 1799 sermonis
1383 1771 1459 1803 ﬁdei,
1475 1771 1601 1799 dixerunt
1618 1770 1744 1798 homines

958 1820 1112 1851 credentes,
1136 1819 1164 1846 in
1184 1818 1286 1854 quibus
1305 1825 1368 1846 aves
1388 1818 1449 1845 οωιί
1477 1817 1535 1845 sive
1550 1817 1638 1854 angeli
1651 1817 1744 1844 nidiﬁ-

954 1871 1028 1899 cant,
1049 1861 1189 1893 servantes
1209 1871 1267 1891 eos.

989 1955 1041 1983 Alii
1056 1959 1147 1983 autem
1169 1954 1264 1983 dicunt.
1279 1961 1369 1981 ramos
1383 1961 1443 1980 esse
1461 1953 1575 1981 virtutes
1597 1961 1664 1989 quas
1684 1961 1745 1989 ger-

955 2003 1062 2029 minare
1093 2001 1163 2029 solet
1188 2000 1251 2027 ﬁdei
1288 2007 1402 2027 sermo:
1429 2006 1492 2027 avcs
1529 2007 1594 2026 vero
1616 2007 1665 2026 eos
1697 1999 1743 2034 qui

955 2052 1064 2075 terrena
1089 2045 1343 2082 supergrediuntur,
1361 2049 1442 2080 atque
1454 2045 1495 2072 ala
1522 2045 1621 2072 mentis
1635 2045 1745 2073 elevan-

956 2098 1000 2120 tur
1018 2093 1051 2120 ad
1072 2091 1236 2128 cognitionis
1250 2090 1420 2120 altitudinem
1447 2090 1508 2128 (ττι
1535 2095 1561 2118 et
1588 2092 1621 2118 ad
1646 2091 1744 2119 cmlum

955 2137 1125 2174 properant).

994 2185 1069 2212 Vers.
1088 2185 1133 2213 55.
1153 2185 1288 2213 Αίίαηι-
1318 2184 1453 2219 fermento.
1485 2184 1537 2211 Per
1564 2182 1668 2217 sinapis
1696 2189 1745 2217 ρει-ι

108 2231 235 2261 νάπεως,
249 2231 299 2265 τὴν
313 2230 426 2266 αὔξησιν
440 2231 489 2266 τῆς
504 2231 622 2263 πίστεως
635 2221 835 2267 προηγόρευσε,
850 2235 900 2269 τὴν

961 2231 1086 2264 rabolam,
1117 2231 1178 2258 ﬁdei
1218 2234 1390 2258 crementnm
1422 2229 1500 2265 prius
1539 2227 1744 2260 demonstravit,

107 2277 158 2304 διὰ
176 2277 225 2310 τῆς
242 2277 402 2312 προσθήκης
421 2277 475 2303 τῶν
494 2277 624 2304 ἑκάστοτε
639 2280 837 2306 πιστευόντων·
859 2281 903 2307 διὰ

961 2274 1083 2310 πιιοὰῦι
1109 2277 1248 2317 additione
1274 2283 1370 2303 eorum
1398 2276 1444 2310 qui
1470 2273 1592 2309 quotidie
1611 2273 1745 2301 credunt:

107 2321 142 2348 δὲ
157 2322 209 2356 τῆς
225 2321 383 2357 παραϐολῆς
398 2322 448 2357 τῆς
462 2322 561 2358 ζύμης,
575 2323 624 2359 τὴν
642 2325 719 2359 ἰσχὺν
734 2325 819 2360 αὐτῆς
834 2335 903 2362 προ-

961 2331 1004 2358 per
1027 2323 1184 2358 parabolam
1206 2328 1272 2350 vero
1296 2321 1436 2354 fermenti,
1463 2320 1517 2348 vim
1543 2320 1603 2355 ejus
1633 2318 1743 2354 prodiit.

109 2368 258 2402 κηρύττει.
277 2368 420 2394 Βασιλείαν
445 2368 499 2403 γὰρ
520 2369 575 2395 τῶν
597 2370 720 2404 οὐρανῶν
741 2372 833 2404 πάλιν,
855 2373 902 2400 τὸν

961 2370 1079 2405 Regnum
1098 2370 1170 2397 enim
1186 2370 1317 2398 caelorum
1349 2376 1457 2396 rursum
1478 2375 1527 2403 pro
1542 2366 1604 2394 ﬁdei
1619 2372 1748 2394 sermone

106 2412 195 2445 λόγον
213 2413 262 2446 τῆς
281 2413 398 2444 πίστεως
419 2414 598 2448 ὑποληπτέον.

961 2414 1117 2442 sumendum
1132 2419 1183 2442 est.

152 2458 211 2484 Ἦν
225 2472 259 2477 —
275 2459 351 2491 τρία.
366 2458 450 2484 Σάτον
469 2458 518 2491 μέν
535 2459 607 2497 εστιν
623 2456 692 2490 εἶδος
711 2459 811 2494 μέτρου
828 2461 894 2496 παρ’

990 2460 1128 2489 Vers.55.
1158 2460 1234 2493 Quod
1254 2475 1290 2480 —
1313 2460 1404 2487 tribus.
1434 2459 1527 2487 Satum
1557 2458 1640 2493 (quod
1665 2457 1746 2485 etiam

113 2503 270 2538 Ἑϐραίοις,
287 2504 358 2539 Τρία
373 2503 413 2536 δὲ,
427 2504 463 2531 τὰ
478 2504 562 2530 πολλὰ
577 2504 624 2530 νῦν
639 2505 761 2540 εἴρηκεν.
780 2505 900 2533 Εἰώθασι

961 2506 1042 2534 Graeci
1061 2507 1142 2534 σάτον
1161 2507 1280 2542 dicunt);
1301 2514 1387 2542 genus
1425 2509 1483 2532 erat
1510 2512 1643 2531 mensura:
1676 2502 1748 2536 apud

106 2550 172 2585 γὰρ
190 2549 318 2581 πολλάκις
334 2550 379 2576 διὰ
391 2550 438 2576 τοῦ
456 2550 574 2585 ἀριθμοῦ
587 2550 642 2577 τῶν
657 2550 739 2585 τριῶν
750 2571 757 2583 ,
772 2552 805 2578 τὰ
820 2552 905 2578 πολλὰ

961 2551 1097 2580 Hebraeos.
1118 2552 1180 2580 Tria
1200 2560 1266 2580 vero
1285 2559 1359 2580 nunc
1372 2551 1440 2579 dixit
1454 2550 1556 2578 multa:
1575 2557 1636 2576 nam
1647 2549 1746 2582 saepius

175 2629 195 2644 ¹¹
212 2630 264 2657 lsa.
280 2639 309 2662 ι,
323 2631 370 2657 23.
425 2631 446 2646 "
462 2630 536 2658 Psal.
550 2638 627 2663 mu,
645 2631 688 2659 l5.
728 2630 750 2646 ¹³
767 2630 847 2659 Prov.
867 2639 886 2663 I,
903 2631 931 2659 6.

990 2631 1011 2647 "’
1026 2632 1124 2660 Ezech.
1140 2640 1205 2665 xvu,
1218 2631 1246 2659 2.
1262 2632 1289 2659 5.
1317 2642 1324 2645 -
1346 2631 1367 2647 ¹⁸
1385 2629 1467 2658 llebr.
1486 2638 1523 2662 χι,
1544 2629 1588 2661 l7,
1603 2630 1645 2657 l9.

714 2708 815 2740 Variae
845 2708 995 2740 lectiones
1011 2713 1042 2740 et
1057 2711 1152 2740 notae.

153 2790 210 2824 (52)
224 2789 340 2829 pﬁ‘end'o
363 2789 389 2816 in
405 2789 485 2829 ᾅλωχ.
500 2789 660 2829 Hentenius,
678 2789 807 2829 omnibus.
823 2789 904 2818 Forte
958 2790 1176 2829 bct_l_lentenius.
1190 2789 1276 2829 liabet
1286 2795 1379 2829 autem
1393 2798 1469 2819 meus
1482 2791 1511 2818 Β.
1528 2792 1555 2819 in
1576 2791 1710 2829 margine.

106 2833 183 2860 ergo
197 2826 306 2852 πάντων
319 2825 434 2852 invenit.
453 2825 534 2852 Certe
547 2824 602 2851 τῶν
612 2825 682 2852 ὅλων
699 2825 782 2852 debet
792 2833 864 2853 esse.

992 2826 1048 2859 (34)
1064 2825 1137 2854 Loco
1157 2826 1265 2854 laudato
1281 2831 1322 2854 est
1338 2826 1428 2857 νοήσει
1442 2834 1483 2854 τε.

151 2861 211 2896 ῷὸ)
227 2860 281 2889 Hoc
297 2860 430 2889 scholiqu
449 2860 574 2896 interius,
594 2865 657 2888 ante
677 2868 749 2888 vers.
771 2860 804 2888 36
824 2860 901 2888 exhi-
993 2861 1049 2896 (35)
1065 2860 1126 2889 llzec
1142 2861 1252 2890 aberant
1264 2861 1334 2898 apud
1345 2861 1517 2892 llcnteuium.
