1937 3072
94 179 148 211 413

529 181 723 211 COMMENT.
745 182 785 211 ΙΝ
808 183 1033 213 ΜΑΤΉΙΑΕΗΜ
1061 197 1095 202 ’-
1116 185 1195 215 CAP.
1218 185 1305 216 XIII.

1677 189 1731 220 414

94 227 164 260 ἀλλὰ
179 233 224 261 διὰ
241 234 270 260 τὸ
290 234 446 269 ἐπηρεάσαι
461 235 516 266 τοῖς
534 235 617 261 αὑτοῦ
633 235 735 269 λόγοις,
752 235 781 260 ὲν
797 245 887 270 παρα-

941 243 982 263 est
1000 243 1135 272 quatenus
1154 239 1228 274 digni
1251 243 1328 267 erant
1352 239 1385 267 ad
1403 240 1567 269 audiendum
1592 243 1693 272 Scribat
1704 251 1732 273 et

95 279 188 310 Calai;
217 280 307 310 αὐτοῖς
331 279 470 314 ἐλάλησεν,
496 280 538 306 ἵνα
561 280 606 306 καὶ
631 281 712 311 αὐτὸς
736 281 766 306 τὸ
785 282 884 306 οἰκεῖον

95 324 176 359 ἔργον
189 325 232 359 εἴη
250 325 363 359 πληρῶν
374 344 380 355 ,
398 325 444 350 καὶ
461 325 538 361 αὐτοὶ
550 325 588 360 μὴ
603 325 725 356 νοοῦντες
736 345 742 356 ,
758 325 775 352 ἃ
791 326 882 359 λέγει,

95 369 228 403 μείνωσιν
248 369 398 402 ἄπρακτοι.

133 501 202 527 Τότε
229 516 263 521 —
287 501 418 534 Ἰησοῦς.
445 501 492 532 Εἰς
512 501 560 536 τὴν
585 501 683 533 οἰκίαν,
713 502 742 528 ἐν
764 499 884 538 ᾗέξενο-

93 547 211 580 δοχεῖτο.

129 592 182 617 Καὶ
213 591 389 625 προσῆλθον
413 606 448 610 --
475 591 578 626 ἀγροῦ.
606 592 684 618 Κατὰ
708 591 790 625 μόνας
815 592 883 625 μετὰ

94 637 253 672 παῤ,ίησίας
271 638 420 672 ἐρωτῶσιν,
445 637 482 668 ὡς
499 638 667 669 ἀκούσαντες
686 638 828 673 πρότερον,
842 638 884 664 ὅτι

94 684 188 713 αὐτοῖς
214 683 316 709 δέδοται
343 683 443 717 γνῶναι
471 685 504 710 τὰ
534 686 682 720 μυστήρια.
708 686 775 720 Περὶ
800 685 883 720 μόνης

93 729 121 754 δὲ
137 728 239 763 ταύτης
256 730 305 764 τῆς
328 729 486 764 παραϐολῆς
504 731 653 765 ἐρωτῶσιν,
671 732 707 762 ib;
733 731 782 762 τὰς
800 731 882 762 ἄλλας

92 774 139 800 δύο
154 775 292 807 συνέντες,
309 775 360 810 τήν
373 784 402 802 τε
422 775 468 802 τοῦ
486 777 631 809 σινάπεως,
647 777 693 803 καὶ
708 777 758 812 τὴν
774 777 822 810 τῆς
837 776 883 808 ζύ-

94 827 167 852 μης,
199 820 245 846 ἆτε
275 820 446 856 σαφεστέρας
479 820 574 852 οὔσας.
603 821 677 856 Αὕτη
706 822 734 849 δὲ
761 823 808 848 καὶ
835 832 883 857 φο-

92 865 177 899 ϐερὰν
197 863 270 900 εἶχεν
288 865 401 901 ἀπειλὴν
421 866 467 892 ὲπὶ
484 867 565 897 τέλει,
584 867 751 901 θορυϐοΰσαν
770 869 880 901 αὐτούς.

134 912 165 937 '0
176 911 209 937 δὲ
222 912 390 944 ἀποκριθεὶς
404 927 439 932 ——
453 913 620 946 ἀνθρώπου.
638 913 701 940 Υἰὶν
716 914 859 949 ἀνθρώπου
871 935 878 948 ,
900 913 922 940 Β
972 922 1049 949 νει-ε,
1070 923 1116 950 57,

92 957 189 983 ἑαυτὸν
203 957 346 991 ὀνομάζει,
369 958 412 984 διὰ
431 958 479 992 τὴν
498 960 663 993 φαινομένην
675 960 882 997 ἐνανθρώπησιν

91 1003 189 1030 αὑτοῦ.
205 1004 260 1030 Καὶ
274 1003 353 1030 τοῦτο
368 1004 488 1039 συνεχῶς
502 1004 588 1038 λέγει,
605 1005 734 1039 assuta”,
751 1007 791 1033 ὃτι
808 1008 880 1035 κατὰ

91 1050 222 1084 ἀλήθειαν
238 1049 444 1085 ὲνηνθρώπησε,
464 1051 513 1075 καὶ
526 1049 598 1076 ἔστω
616 1059 656 1077 σοι
668 1051 748 1078 τοῦτο
762 1052 809 1077 τοῦ
825 1053 882 1079 λοι-

91 1097 143 1123 ποῦ
159 1095 308 1130 γνώριμον.

132 1143 164 1167 '0
180 1141 213 1168 δὲ
233 1142 323 1176 άῖῬὸς
336 1158 368 1163 —-
381 1143 504 1178 κόσμος.
534 1143 677 1179 ’Λνωτέρω
699 1144 764 1179 περὶ
785 1145 880 1171 τιύτου

91 1189 271 1224 προείρηται.

129 1235 166 1262 Τὸ
183 1236 216 1262 δὲ
226 1236 321 1263 καλὸν
334 1251 368 1256 -
378 1236 471 1264 εισίν.
499 1235 576 1268 Τίνες
593 1237 648 1272 (57)
663 1234 736 1265 οὗτοι
749 1245 756 1270 ;

129 1294 161 1319 Οἱ
179 1293 235 1319 υἱοί
252 1293 307 1326 τῆς
325 1294 495 1326 βασιλείας.
518 1294 577 1320 Υἱοὶ
601 1295 649 1329 μὲν
669 1296 718 1330 τῆς
740 1295 881 1331 βασιλείας

90 1339 218 1372 λέγονται
235 1341 258 1365 oi
280 1340 424 1374 ὀροόὸοξοι,
440 1341 476 1372 ὡς
491 1341 543 1366 ὑπὸ
554 1341 601 1367 τοῦ
615 1341 748 1376 βασιλέως
760 1343 880 1376 Χριστοῦ

92 1386 245 1420 σπαρέντες
266 1387 304 1417 εἰς
322 1386 462 1421 γεωργίαν
479 1387 591 1422 ἀρετῆς,
609 1390 654 1414 καὶ
670 1388 725 1422 (38)
743 1389 880 1424 κληρονο-

93 1434 154 1467 μεῖν
186 1434 234 1466 τῆς
269 1433 406 1467 βασιλείας
443 1434 526 1459 αὑτοῦ
561 1433 722 1467 μέλλοντες·
757 1435 810 1461 υἱοὶ
841 1435 879 1468 δὲ,

91 1479 140 1506 τοῦ
167 1479 298 1513 πονηροῦ,
320 1480 344 1505 oi
369 1481 514 1514 αὶρετικοὶ,
543 1480 580 1510 ὡς
605 1480 657 1506 ὑπὸ
681 1481 728 1507 τοῦ
753 1481 878 1508 διαΰόλου

92 1525 245 1559 σπαρέντες
271 1526 310 1556 εἰς
334 1524 470 1559 γεωργίαν
490 1525 598 1557 κακίας,
624 1526 672 1552 καὶ
698 1527 879 1561 κληρονομεῖν

89 1571 138 1597 τοῦ
162 1571 363 1605 ἡτοιμασμένου
390 1571 463 1604 αὺτῴ
487 1571 571 1606 nugo;
600 1572 744 1606 μέλλοντες
765 1574 879 1607 ὁμοίως.
895 1588 915 1616 c

130 1616 169 1642 Τὰ
189 1616 222 1642 δὲ
244 1615 348 1646 ζὶζιὶνια
371 1631 405 1638 -
433 1617 577 1651 πονηροῦ.
602 1617 714 1652 Εἴρηται
742 1617 792 1653 ἤδη
816 1618 881 1653 περὶ

89 1663 209 1689 τούτων.

132 1707 160 1734 Ὁ
179 1709 213 1734 δὲ
226 1708 332 1742 ἐχθρὸς
344 1723 378 1728 —
392 1709 482 1735 εἰσίν.
500 1709 555 1736 Καὶ
571 1710 636 1744 περὶ
652 1708 755 1736 τούτων
769 1711 879 1744 προδιε-

90 1753 223 1788 λάὃομεν.
246 1753 305 1788 Χρὴ
324 1753 351 1778 δέ
372 1761 401 1778 σε
422 1754 613 1787 μνημονεύειν,
632 1754 673 1780 ὃτι
691 1755 720 1780 ὲν
736 1754 774 1788 τῷ
792 1755 880 1781 ὀκτω-

90 1799 246 1834 καιδεκάτῳ
269 1799 418 1832 κεφαλαίῳ,
440 1798 569 1833 θερισμὸν
595 1799 644 1833 μὲν
668 1800 792 1831 ἐκάλεσε,
817 1801 880 1832 τοὺς

90 1845 240 1872 πιστεῦσαι
261 1845 424 1879 μέλλοντας,
445 1846 482 1876 ὡς
500 1845 625 1880 ἑτοίμους
643 1846 683 1877 εἰς
699 1848 729 1872 τὸ
746 1855 880 1882 συγκομι-

91 1892 212 1925 σοῆναι·
237 1891 365 1926 θεριστὰς
389 1891 427 1923 δὲ,
454 1893 517 1924 τοὺς
543 1893 760 1927 συγκομίζοντας
782 1894 880 1925 αὐτοὺς

89 1937 269 1968 ἀποστόλους,
292 1938 334 1963 Ἐν
352 1937 378 1963 δὲ
394 1937 432 1972 τῷ
454 1938 584 1972 παρόντι,
601 1937 731 1973 Θερισμὺν
748 1939 814 1973 μὲν,
831 1938 881 1974 τὴν

91 1983 250 2011 συντέλειαν
270 1983 314 2009 τοῦ
339 1983 452 2017 κόσμου,
475 1983 519 2010 διὰ
533 1984 583 2017 τὴν
605 1983 659 2010 ἀπὸ
680 1983 730 2017 τῆς
747 1984 879 2019 ὲπικήρου

90 2029 166 2063 ζωῆς
186 2029 306 2062 ἐκτομὴν
327 2029 381 2054 τιέιν
407 2029 558 2063 ἀνθρώπων
571 2037 577 2044 ·
603 2028 730 2064 θεριστὰς
757 2029 797 2062 δὲ,
818 2030 879 2060 τοίη

90 2075 275 2108 ὲκτέμνοντας
296 2075 394 2105 αὐτοὺς
411 2074 458 2100 ἀπ’
483 2074 568 2109 αὐτῆς
591 2073 733 2108 ἀγγέλους.
764 2074 881 2109 Ὀμοίως

90 2119 120 2149 δὲ
137 2120 185 2144 καὶ
203 2119 314 2154 σπέρμα
325 2140 332 2151 ,
348 2118 436 2145 ὀπίσω
453 2119 520 2153 μὲν,
536 2120 582 2146 τὸν
598 2119 677 2154 λόγον
697 2121 745 2154 τῆς
762 2121 880 2151 πίστεως

89 2165 236 2199 ὠνόμασεν
248 2174 254 2180 ·
273 2166 301 2191 ὲν
318 2165 346 2191 δὲ
363 2167 396 2200 τῇ
414 2167 586 2202 προκειμένῃ
607 2167 761 2201 παραϐολῇ,
782 2168 881 2198 αὐτοὺς

89 2210 156 2240 τοὺς
172 2209 370 2241 πιστεύσαντας
381 2209 440 2236 κατ’
453 2210 536 2245 ἄλλην
553 2212 599 2238 καὶ
617 2210 700 2246 ἄλλην
716 2210 830 2240 ἔννοιαν,
851 2211 879 2238 ’0

937 283 1077 311 Pharisaei.
1099 285 1166 312 Nam
1187 286 1251 320 quia
1270 293 1325 312 non
1349 286 1383 313 ad
1411 289 1570 316 sumendam
1589 291 1729 319 utilitatem

937 330 1098 360 audiebant,
1126 331 1172 358 sed
1201 331 1233 357 ad
1275 332 1433 359 struendam
1470 335 1643 363 sermonibus
1672 337 1731 369 ejus

937 374 1123 403 calumniam:
1141 376 1168 402 in
1198 376 1333 410 parabolis
1361 377 1469 405 locutus
1492 383 1533 406 est
1560 381 1621 408 eis:
1646 386 1675 408 ut
1700 387 1730 409 et

936 419 994 453 ipse
1021 428 1099 446 suum
1141 429 1210 455 opus
1243 422 1416 456 atlitnpli-ret,
1440 428 1469 450 et
1498 424 1535 451 illi
1566 433 1621 452 non
1651 427 1730 454 intel-

934 465 1049 499 ligentes
1082 474 1142 500 qum
1177 467 1300 498 diceret,
1326 475 1374 502 per
1395 469 1440 495 illa
1469 470 1537 497 nihil
1553 471 1728 505 proﬁcerent.

972 511 1048 539 \‘ers.
1069 511 1114 539 56.
1147 512 1359 540 Tunc—Iesus.
1393 514 1424 541 In
1452 515 1564 543 domum
1586 518 1632 545 ubi
1662 519 1726 545 hos-

933 556 1084 591 pitabatur.

969 602 1046 629 Vers.
1064 604 1109 630 56.
1129 604 1161 630 Et
1188 612 1352 634 accesserunt
1364 610 1473 642 ——agri.
1492 608 1611 636 Seorsim
1629 610 1715 638 libere

933 646 1150 681 interrogabant,
1168 653 1197 676 ut
1217 649 1262 684 qui
1279 651 1354 684 prius
1376 652 1520 679 audierant
1549 653 1641 680 datum
1667 654 1722 682 illis

933 699 994 719 esse
1011 697 1162 720 utnosseut
1175 697 1314 729 mysteria.
1331 696 1368 723 De
1377 698 1434 724 sola
1446 706 1512 725 vero
1526 698 1577 725 hac
1593 700 1722 734 parobola

933 740 1116 774 interrogant.
1129 744 1224 775 utpote
1240 741 1360 776 reliquas
1373 743 1442 770 duas
1453 744 1645 780 intelligentes,
1661 751 1723 780 puta

933 783 967 810 de
986 784 1072 819 sinapi
1087 790 1114 812 et
1131 786 1165 813 de
1194 786 1338 820 fermento,
1359 778 1486 823 tanquam
1510 778 1723 819 manifestiores.

933 828 997 856 llaec
1025 835 1115 857 autem
1155 831 1387 860 formidabiliores
1421 835 1492 861 circa
1531 835 1610 862 linem
1638 837 1725 864 minas

935 875 1063 908 habebat,
1081 885 1140 910 qum
1154 877 1227 912 ipsos
1238 880 1422 906 exterrebaut.

1142 923 1308 958 Respondeas
1332 931 1422 952 autem
1434 940 1467 945 -—
1480 926 1601 954 hominis.
1625 927 1724 955 Filium

936 968 1056 995 hominis
1077 969 1195 1003 seipsum
1222 970 1356 1002 nominat,
1386 976 1498 1005 propter
1526 972 1723 1000 humanitatem

935 1022 1012 1041 suam
1031 1022 1092 1050 quae
1121 1016 1294 1050 apparebat:
1329 1017 1425 1044 ethoc
1454 1017 1612 1052 frequenter
1645 1019 1722 1051 dicit,

935 1060 1101 1087 conﬁrmans
1124 1061 1197 1095 quod
1217 1069 1279 1088 vere
1300 1062 1499 1089 humanitatem
1531 1064 1721 1097 assumpserit.

934 1103 992 1131 Erit
1006 1112 1071 1140 ergo
1088 1105 1136 1133 tibi
1153 1106 1205 1133 hoc
1229 1107 1359 1141 deincsps
1377 1107 1564 1134 manifestum.

969 1151 1047 1179 Vcrs.
1067 1152 1111 1178 38.
1128 1152 1198 1186 Ager
1224 1160 1284 1179 vero
1295 1152 1465 1179 ——muudus.
1484 1153 1614 1188 Superius
1630 1153 1662 1180 de
1671 1153 1723 1182 hoc

933 1197 1092 1231 prtedietum
1109 1202 1160 1224 est.
1357 1235 1363 1238 _

968 1243 1047 1270 γει-ς.
1068 1243 1112 1270 58.
1133 1243 1238 1271 Bonum
1257 1253 1317 1272 uero
1331 1250 1441 1273 —-sunt.
1461 1246 1502 1281 ﬁ-
1533 1245 1650 1279 Quinam
1667 1247 1722 1273 hi?

968 1289 1047 1317 Vcrs.
1062 1290 1107 1317 58.
1128 1290 1192 1317 Filii
1210 1292 1293 1326 rcgm‘.
1330 1291 1391 1319 Filii
1412 1292 1488 1327 regni
1510 1292 1649 1324 dicuntur,
1675 1293 1720 1327 qui

932 1341 1035 1364 rectam
1051 1341 1162 1364 servant
1182 1337 1261 1364 ﬁdem
1275 1347 1282 1365 :
1302 1343 1394 1373 utpote
1409 1347 1424 1365 a
1434 1347 1497 1372 rege
1513 1339 1623 1366 Christo
1639 1339 1721 1366 semi-

932 1384 990 1410 nati
1010 1384 1042 1410 ad
1066 1384 1208 1410 colendam
1236 1384 1374 1417 virtutem,
1405 1389 1431 1411 et
1464 1385 1497 1411 ad
1524 1385 1719 1419 possidendum

932 1431 992 1465 ejus
1007 1438 1131 1467 regnum.
1151 1429 1210 1457 Filii
1228 1438 1293 1458 vero
1309 1431 1370 1467 mali
1392 1431 1474 1465 illius,
1500 1436 1564 1458 sunt
1589 1431 1718 1465 haeretici,

933 1483 1061 1511 tanquam
1075 1487 1088 1504 a
1096 1479 1203 1506 diabolo
1211 1478 1337 1505 semiuati
1350 1478 1383 1505 ad
1395 1478 1534 1505 colendam
1546 1478 1718 1513 pravitatem,

931 1529 959 1551 et
975 1524 1101 1551 similiter
1123 1525 1156 1552 ad
1171 1525 1368 1560 possidendum
1389 1525 1480 1561 ignem
1506 1525 1560 1559 ipsi
1582 1533 1719 1560 praepara-

932 1574 1001 1597 tum.

967 1616 1046 1644 Vers.
1055 1616 1098 1643 58.
1110 1616 1219 1643 Zizam‘a
1228 1625 1288 1644 vero
1294 1632 1328 1637 --
1334 1617 1409 1644 mali.
1422 1617 1501 1645 Modo
1509 1617 1544 1646 de
1554 1617 1608 1645 illis
1615 1617 1718 1646 dictum

932 1666 983 1689 est.

968 1708 1045 1736 Vcrs.
1060 1710 1103 1737 59.
1120 1709 1247 1735 Inimicus
1260 1713 1347 1735 autem
1357 1713 1472 1736 —sunt.
1499 1709 1587 1736 Etiam
1610 1709 1644 1736 de
1675 1709 1719 1736 his

932 1754 1114 1788 praediximus.
1145 1753 1183 1780 Te
1203 1758 1293 1780 autem
1311 1754 1479 1788 meminisse,
1497 1758 1614 1789 oportet,
1645 1755 1718 1789 quod

932 1801 1037 1828 decimo
1055 1805 1151 1828 octavo
1180 1801 1268 1835 capite
1282 1808 1399 1827 messem
1428 1801 1567 1828 vocaverit
1596 1808 1643 1827 eos
1671 1801 1717 1834 qui

932 1846 1061 1874 credituri
1083 1851 1171 1878 erant,
1197 1846 1282 1873 veluti
1310 1850 1421 1880 paratos
1440 1850 1471 1872 ut
1496 1845 1715 1880 colligerentur;

932 1900 1069 1919 messores
1080 1897 1171 1919 autem
1199 1892 1246 1926 qui
1267 1892 1327 1919 illos
1346 1891 1525 1926 colligebant,
1551 1892 1686 1926 apostolos
1708 1901 1715 1924 ;

932 1939 959 1965 in
976 1938 1100 1972 praesenti
1117 1945 1182 1965 vero
1194 1938 1253 1965 loco
1267 1945 1383 1964 messem
1401 1937 1467 1964 dicit
1480 1937 1570 1965 saeculi
1588 1944 1718 1964 consum-

933 1984 1079 2011 mationem
1115 1987 1226 2018 propter
1257 1983 1426 2011 excisionem
1453 1991 1467 2010 a
1501 1983 1557 2010 vita
1585 1983 1716 2010 mortali:

932 2035 1065 2055 messores
1082 2033 1172 2054 autem
1189 2028 1308 2063 angelos,
1324 2027 1369 2062 qui
1385 2028 1418 2055 ab
1449 2034 1481 2054 ea
1504 2031 1568 2054 sunt
1583 2026 1644 2054 illos
1667 2034 1718 2054 er-

933 2074 1028 2101 cisuri.
1042 2074 1175 2101 Similiter
1191 2079 1218 2101 et
1233 2081 1326 2100 semen
1345 2074 1473 2109 superius
1486 2080 1640 2101 sermonem
1656 2073 1717 2100 ﬁdei

933 2121 1103 2155 nuncupavit
1120 2129 1126 2147 :
1145 2121 1171 2147 in
1193 2121 1244 2148 hac
1261 2128 1325 2147 vero
1354 2120 1481 2155 parabola
1500 2127 1547 2146 eos
1567 2119 1616 2153 qui
1628 2119 1718 2146 credi—

933 2166 1050 2193 derunt:
1063 2165 1138 2200 juxta
1153 2165 1237 2192 alium
1258 2165 1385 2192 videlicet
1401 2169 1428 2192 et
1441 2165 1524 2191 alium
1535 2164 1716 2190 intellectum.

934 2211 985 2244 Qui
1011 2212 1083 2237 enim
1105 2211 1220 2238 credidit
1247 2214 1274 2237 et
1299 2210 1417 2237 triticum
1448 2210 1560 2242 dicitur,
1590 2213 1717 2243 tanquam

91 2255 149 2290 γὰρ
166 2255 314 2286 πιστεύσας
329 2255 437 2290 λέγεται
454 2257 502 2291 μὲν
517 2257 563 2283 καὶ
577 2257 704 2289 σῖτος,ὡς
717 2258 820 2293 καρπὸς
833 2259 879 2285 τοῦ

939 2257 1039 2283 fructus
1059 2256 1139 2291 primi
1157 2257 1282 2288 seminis,
1299 2257 1377 2285 verbi
1395 2257 1500 2284 scilicet
1515 2256 1577 2283 ﬁdei
1593 2264 1599 2283 :
1618 2257 1719 2291 poterit

91 2299 205 2334 πρώτου
221 2300 388 2334 σπέρματος,
412 2302 482 2337 ἤτοι,
500 2302 547 2328 τοῦ
571 2301 651 2336 λόγου
674 2303 721 2336 τῆς
750 2303 878 2334 πίστεως,

90 2345 209 2378 Λέγοιτο
230 2346 252 2371 δ’
270 2345 303 2372 ἂν
323 2347 370 2373 καὶ
395 2348 517 2382 σπέρμα,
541 2348 578 2379 ὡς
602 2348 784 2384 καρποφορῶν
800 2349 879 2376 πάλιν

90 2391 191 2425 ἕτερον
217 2393 256 2422 είς
279 2392 379 2419 πίστιν.
406 2393 462 2428 Οὐχ
485 2394 639 2428 ἡρμήνευσε
662 2394 702 2426 δὲ,
727 2394 800 2426 τίνες
831 2395 880 2429 μέν

90 2439 165 2464 εἰσιν
184 2439 208 2464 οἰ
232 2439 407 2470 καθεύδοντες
434 2439 583 2474 ἂνθρωποι,
601 2439 674 2470 τίνες
702 2440 730 2466 δὲ
745 2441 769 2466 οἱ
793 2440 881 2466 δοῦλοι

89 2485 140 2511 τοῦ
159 2485 357 2516 οἰκοδεσπότου,
370 2485 437 2511 ἀλλὰ
453 2487 578 2520 παρῆκεν
591 2485 700 2518 αὐτοὺς,
714 2487 729 2521 ῆ
743 2486 781 2517 ὠς
796 2487 880 2521 ἐγνω-

91 2532 223 2563 σμένους,
238 2530 254 2565 ἦ
270 2531 317 2557 καὶ
330 2531 475 2562 διδάσκων,
490 2532 530 2558 ὃτι
547 2532 576 2558 οὐ
593 2531 645 2566 χρὴ
658 2533 707 2562 τὰς
722 2533 879 2567 παραϐολὰς

91 2574 165 2599 κατᾶ
181 2574 237 2607 (59)
255 2575 334 2609 ῥῆσιν
350 2574 524 2609 ἑρμηνεύειν,
544 2575 581 2606 ὣς
598 2583 679 2610 φησιν
698 2575 712 2600 ὁ
725 2576 879 2612 Χρυσόπο-

93 2627 156 2654 μος,
170 2619 238 2645 ἀλλὰ
251 2621 319 2646 κατὰ
335 2620 402 2655 μόνα
414 2621 448 2646 τὰ
461 2621 662 2655 ἀναγκαιότερα
678 2621 732 2654 (ΑΟ)
749 2621 830 2656 μέρη,
845 2622 877 2648 δι’

689 2723 788 2754 Varia;
805 2724 957 2756 lectiones
973 2729 1003 2756 et
1018 2729 1110 2756 notas.

129 2802 186 2835 (5T;
204 2802 260 2830 Hoc
274 2804 411 2831 exciderat
428 2804 452 2830 in
469 2804 562 2831 codice
581 2805 718 2833 lientenii.

132 2838 187 2877 (:38;
204 2837 248 2878 Bis
266 2839 317 2878 hoc
329 2839 603 2878 ΔΙυςοκληρονομεῖν,
617 2848 666 2876 pro
676 2842 868 2878 κληρονομίαν,

93 2872 261 2901 duriuscule.
281 2874 334 2901 Sed
350 2874 415 2904 nihil
433 2872 601 2904 tentandum.

932 2302 1109 2330 nihilominus
1136 2303 1187 2329 dici
1214 2310 1319 2333 semen.
1360 2306 1454 2337 utpote
1476 2309 1570 2329 rursus
1602 2302 1717 2328 alterum
1759 2325 1765 2329 .

932 2349 965 2376 ad
986 2349 1065 2376 ﬁdem
1081 2349 1257 2376 fructiﬁcans.
1279 2348 1339 2376 Non
1350 2353 1393 2376 est
1407 2353 1498 2376 autem
1524 2348 1718 2383 interpretatus

931 2394 1042 2428 quinam
1069 2393 1124 2421 sint
1147 2393 1313 2421 dormientes
1340 2394 1481 2424 homines,
1508 2397 1536 2420 et
1565 2393 1612 2427 qui
1646 2393 1717 2420 servi

933 2439 1136 2474 patrisfamilias
1151 2447 1158 2472 ;
1185 2440 1232 2467 sed
1248 2439 1309 2466 illos
1325 2440 1499 2474 praetermisit
1511 2443 1560 2466 aut
1587 2443 1715 2474 tanquam

933 2486 1103 2516 manifestos,
1133 2491 1180 2513 aut
1198 2487 1280 2514 etiam
1292 2488 1393 2515 docens
1415 2489 1487 2522 quod
1515 2497 1569 2515 non
1592 2494 1716 2523 oporteat

931 2533 1074 2567 parabolas
1087 2534 1120 2560 ad
1138 2535 1251 2561 verbum
1269 2535 1456 2568 interpretari,
1474 2539 1504 2561 ut
1517 2534 1553 2561 ait
1580 2534 1714 2569 Chrysos-

931 2583 1031 2611 tomus,
1055 2579 1102 2606 sed
1126 2584 1229 2607 tantum
1252 2580 1278 2606 in
1306 2580 1373 2607 locis
1397 2580 1513 2607 maxime
1538 2578 1712 2608 necessariis.

929 2628 1041 2658 propter
1056 2632 1116 2659 qua:
1139 2626 1219 2652 etiam
1237 2631 1424 2654 assumuntur.
1456 2626 1525 2653 Nam
1556 2625 1657 2660 reliqua
1680 2631 1714 2650 eo

970 2809 1024 2843 (59)
1040 2809 1116 2835 Tum.
1134 2809 1186 2838 Vll.
1204 2818 1230 2844 p.
1243 2810 1304 2837 487.
1320 2811 1351 2838 Ε.
1727 2811 1733 2842 ἓ

960 2843 1015 2878 (40)
1040 2845 1253 2878 Ἀναγκαιότατα
1269 2846 1300 2873 Α.
