1937 3072
176 182 178 184 ⁷
222 175 278 208 “5

844 175 1037 206 EUTHYMII
1058 177 1237 208 ZIGABENI

1799 185 1854 216 4m

223 237 330 261 tantum
352 233 405 261 ﬁne
417 236 521 269 pariter
534 233 685 276 adduntur;
700 238 731 262 ut
749 239 813 270 apte
831 234 997 270 eﬂinganlur

1061 235 1079 262 ἃ
1107 235 1156 262 καὶ
1186 236 1461 272 παραλαμϐάνονται.
1489 239 1579 267 Τάλλα
1607 240 1672 276 γὰρ,
1702 241 1745 268 διὰ
1769 243 1859 277 μόνον

221 280 277 308 Nec
291 280 347 316 jam
364 284 443 309 vacat
465 280 596 315 periculo,
613 280 694 308 etiam
722 281 780 309 haec
796 281 904 308 curiose
929 288 1007 308 scru-

222 325 286 353 tari.

257 415 334 443 Vers.
350 415 395 443 40.
409 414 530 442 Sicut—
543 415 632 451 hujus.
653 416 693 452 Ἠ-
719 416 820 445 Deinde
849 417 925 450 dicit,
942 424 1010 452 quo-

221 462 302 490 modo
317 462 380 489 eril.

255 508 332 535 V'ers.
346 507 392 535 41.
415 507 545 534 Μίιιει-
561 508 741 543 iniquitatem.
772 508 894 543 Regnum
927 516 1006 535 suum

219 558 299 581 voeat
322 554 466 586 mundum,
486 559 516 581 ut
546 554 592 588 qui
609 559 704 581 natura
723 555 762 582 illi
790 555 906 589 imperet
929 555 1006 589 juxta

218 599 407 627 divinitatem:
421 603 468 626 aut
484 604 612 634 tanquam
626 600 689 627 data
705 600 756 627 sibi
771 600 845 627 omni
871 605 1007 634 potestate

217 646 246 672 in
262 648 333 673 cmlo
349 650 377 673 et
391 646 418 672 in
434 650 518 673 terra.
533 646 703 674 Oﬁ‘endicnla
723 655 799 677 vero.
812 647 921 674 eosdem
940 647 1006 674 dicit

217 697 286 725 quos
297 695 324 717 et
337 695 482 725 operantes
495 691 676 726 iniquitatem.
693 691 828 727 Colligent
843 696 932 719 autem
946 700 1006 726 eos,

217 743 278 763 cum
294 736 334 762 illi
347 743 382 763 ex
395 737 511 764 mortuis
528 741 681 773 resurgent.
701 738 777 765 Scire
798 738 871 766 enim
887 743 1005 773 oportet.

216 781 287 815 quod
303 781 383 807 simul
396 788 457 808 cum
476 781 518 808 his
534 787 681 817 resnrgent
695 787 723 810 et
736 783 817 816 justi.
837 782 938 810 Verum
953 791 1004 810 an-

217 832 327 861 tequam
345 826 384 853 illi
404 826 577 861 colligantur,
591 828 732 862 rapientur
749 829 777 856 hi
793 829 819 856 in
837 829 958 857 nubibus
976 829 1004 856 in

216 880 361 900 occursum
378 872 485 900 Domini
502 873 529 900 in
559 880 623 905 acre,
649 874 720 901 sicut
747 874 816 901 dixit
843 875 943 901 Paulus
958 875 1002 908 ";

214 918 254 945 illi
270 925 335 946 vero
347 919 475 946 deorsum
495 919 582 946 relicti
594 919 670 954 quasi
696 919 810 955 indigni,
838 920 1001 955 colligentur

215 969 359 999 postquam
385 965 446 999 ipse
471 965 654 993 descenderit.
688 966 723 993 Et
745 968 861 1001 primum
891 966 1002 1000 quidem

213 1010 277 1037 boni
291 1010 395 1044 acjusti
407 1011 669 1044 comprobabuntur,
680 1011 780 1039 deinde
791 1011 855 1038 mali
868 1011 1003 1038 condem-

213 1055 362 1083 nabuntur.
385 1054 450 1082 Post
473 1055 522 1082 has
542 1063 606 1083 vero
631 1057 708 1083 datas
743 1056 896 1084 sententias
915 1055 1003 1090 primo

214 1108 280 1128 sane
292 1104 449 1136 peccatores
465 1102 623 1136 rejicientur
639 1103 667 1130 in
679 1103 842 1138 supplicium
851 1108 1001 1131 aeternum:

213 1146 312 1174 deinde
333 1146 397 1181 justi
418 1147 445 1174 in
462 1147 545 1174 vitam
564 1152 706 1181 aitet-nam,
725 1150 796 1177 sicut
809 1150 877 1179 dicit
890 1159 1004 1187 sexage-

213 1190 283 1218 simo
300 1191 389 1225 primo
410 1191 511 1225 capite.

248 1236 325 1263 Vers.
345 1237 390 1264 42.
416 1236 585 1273 Et—ignis.
607 1238 703 1267 Perse
729 1240 841 1275 quidem
873 1243 1001 1276 seminat,

212 1281 360 1308 ostendens
383 1282 456 1316 quod
478 1283 528 1310 sibi
555 1284 694 1318 proprium
715 1290 757 1312 est
779 1286 912 1314 beneﬁcia
931 1296 1002 1323 pra:-

211 1331 285 1353 stare
300 1336 306 1352 :
320 1335 368 1361 per
381 1327 448 1363 alios
460 1335 525 1355 vero
535 1329 799 1363 supplieiuminlert,
809 1332 1001 1361 demonstrans

211 1372 284 1406 quod
305 1372 342 1399 sit
360 1380 374 1398 a
389 1381 419 1400 se
439 1373 557 1400 alienum
573 1374 682 1409 punire.

247 1414 325 1442 Vers.
353 1416 645 1446 42.1bi—dentium.
674 1419 713 1447 lbi
741 1421 769 1448 in
792 1423 900 1450 camino
929 1423 1001 1458 ignis

211 1460 391 1495 sempiterni:
410 1461 487 1489 velin
504 1462 556 1490 illis
571 1464 615 1499 qui
639 1465 787 1500 punientur
827 1468 878 1495 Per
904 1468 998 1497 ﬂetum

211 1513 301 1534 autent
311 1508 511 1543 stridoremque
522 1510 656 1545 dentium,
670 1512 863 1541 vehementem
877 1515 998 1543 dolorem

211 1554 415 1582 demonstravit.

248 1600 324 1627 Vers.
349 1601 394 1628 45.
415 1601 485 1629 Tunc
499 1604 631 1638 -ραινὶι
642 1606 695 1632 σαί.
724 1605 826 1634 Verum
848 1615 909 1635 cum
934 1613 1000 1638 tunc

211 1647 333 1674 futurum
348 1648 382 1676 sit
398 1652 428 1675 ut
440 1649 486 1676 Dei
502 1650 631 1684 splendor
643 1651 704 1679 illos
718 1653 882 1686 circumdet.
905 1657 999 1692 utique

210 1694 264 1728 ipsi
281 1694 436 1722 conformes
461 1701 542 1724 erunt
555 1704 588 1724 ac
601 1697 685 1725 divini
702 1699 872 1733 reddentur;
889 1706 916 1729 et
931 1710 1000 1730 con-

211 1745 330 1773 sequens
345 1743 396 1770 est.
406 1743 435 1767 ut
451 1740 509 1768 sole
535 1742 911 1777 splendidioreselliciantur.
926 1747 999 1780 Quo-

208 1784 290 1811 modo
298 1792 362 1820 ergo
373 1786 450 1817 dicit.
458 1787 524 1814 sicut
532 1788 587 1816 sol?
598 1789 666 1822 Quia
680 1797 744 1818 noto
752 1793 824 1826 apud
837 1793 895 1821 illos
903 1801 998 1822 exem-

208 1830 254 1864 plo
289 1831 417 1858 utendum
429 1838 488 1860 erat
500 1842 507 1860 :
521 1842 573 1861 nec
585 1835 732 1871 quidquam
745 1837 798 1865 illis
811 1843 906 1866 notum
927 1845 996 1874 erat,

209 1876 282 1912 quod
307 1881 379 1905 esset
402 1878 459 1906 sole
473 1879 651 1914 splendidius.

247 1923 321 1950 Vers.
341 1924 387 1952 45.
417 1923 626 1956 Qui—audiat.
655 1927 713 1955 Hoc
732 1929 890 1965 frequenter
915 1933 996 1961 dictis

208 1969 294 2001 addit,
312 1971 436 1999 excitans
468 1971 529 2000 illos
550 1982 604 2008 quo
635 1975 785 2003 reddantur
814 1978 996 2014 perspicatio—

208 2022 266 2045 res.

246 2061 322 2090 Vers.
348 2063 394 2091 44.
421 2063 537 2093 Rursum
547 2067 676 2095 —-illum.
710 2067 801 2102 Quare
822 2069 909 2097 turbis
937 2077 993 2098 non

207 2109 397 2142 prasentibus,
413 2110 439 2137 in
460 2112 597 2146 parabolis
618 2115 708 2143 adhuc
725 2115 888 2150 loquebatur
910 2116 994 2144 disci-

207 2155 278 2189 pulis
294 2156 306 2183 7
323 2155 391 2189 Quia
406 2159 511 2187 sciebat
521 2159 576 2193 iam
588 2161 648 2188 illos
661 2169 710 2196 per
725 2170 756 2190 ea
772 2170 832 2198 quae
850 2163 993 2191 dictasunt

208 2203 385 2237 sapientiores
398 2204 520 2236 eﬁ'ectos.
537 2207 573 2233 ita
589 2211 618 2233 ut
628 2212 742 2245 possent
753 2208 916 2243 intelligere.
928 2209 992 2235 Ideo

207 2248 288 2274 etiam
299 2254 360 2283 post
381 2249 461 2276 ﬁnem
478 2251 666 2284 parabolarum
681 2252 720 2280 ait
740 2253 797 2280 eis:
821 2252 992 2280 Intellexisti:

206 2292 262 2320 lucc
285 2295 372 2321 omnia
386 2295 399 2321 Ρ
415 2295 507 2323 dicunt
520 2297 545 2324 ei
564 2305 571 2323 :
590 2297 689 2330 Etiam,
708 2298 817 2326 Domine
835 2299 865 2326 ιθ.

240 2337 315 2365 Sicut
329 2345 421 2367 autem
436 2341 463 2367 in
478 2342 583 2369 duabus
599 2350 683 2377 supra
693 2344 788 2378 positis
807 2346 944 2380 parabolis
957 2348 991 2375 de

206 2382 294 2417 sinapi
324 2384 398 2412 etde
425 2384 571 2419 fermento,
599 2394 712 2423 regnum
728 2389 859 2417 cmlorum
881 2391 992 2420 dicebat

207 2427 269 2454 ﬁdei
287 2435 453 2462 sermonem,
469 2429 506 2457 ita
525 2438 635 2466 quoque
652 2432 679 2459 in
691 2433 752 2461 ista.
770 2434 918 2470 Comparat
939 2444 990 2464 au-

208 2478 262 2499 tem
283 2473 373 2508 ipsum
389 2475 517 2503 thesauro
533 2482 645 2512 propter
660 2477 779 2513 Spiritus
804 2482 890 2509 sancti
917 2483 990 2512 divi-

205 2520 269 2552 tias,
284 2528 344 2555 quae
362 2522 389 2548 in
402 2522 448 2549 illo
470 2528 543 2550 sunt.
559 2523 631 2560 Ager
647 2531 738 2553 autem
764 2533 807 2555 est
822 2530 939 2558 mundus
958 2535 988 2559 ut

205 2565 363 2600 praedictum
391 2572 442 2596 est.
466 2568 540 2597 Scito
567 2578 630 2606 ergo
654 2571 682 2599 in
713 2574 814 2602 mundo
841 2576 988 2613 abscondi-

205 2615 260 2638 tam
277 2619 338 2639 esse
350 2613 431 2641 ﬁdem
445 2624 451 2642 :
470 2615 498 2642 in
519 2616 571 2644 ﬁde
585 2625 649 2646 vero
665 2619 773 2648 divitias
786 2620 916 2655 Spiritus.

239 2701 272 2729 Et
297 2707 393 2731 raetera
407 2704 516 2738 quidem
549 2706 695 2741 parabolae,
713 2715 794 2744 prout
821 2711 893 2739 dicta
927 2718 991 2741 sunt

256 2761 278 2776 "
293 2761 461 2796 lThess.1v,
480 2763 524 2791 l7.
581 2765 602 2781 "
620 2766 716 2793 Matth.
733 2775 791 2800 xnt,
808 2768 854 2795 51.

1060 280 1091 305 τὶ
1103 280 1257 316 πλασθῆναι
1267 281 1369 313 ταύτας
1379 282 1511 316 πιθανῶς,
1525 292 1555 310 συ
1560 285 1855 322 μπαραλαμϐάνονται,

1061 325 1108 351 καὶ
1135 325 1229 352 λοιπὸν
1257 326 1306 353 οὐκ
1336 327 1488 361 ἀκίνδυνον,
1517 329 1547 356 τὸ
1576 331 1624 358 καὶ
1651 332 1739 359 ταῦτα
1769 333 1855 361 πολυ-

1060 373 1240 406 πραγμονεῖν.

1096 417 1208 452 Ὥσπερ
1226 434 1258 439 --
1269 421 1386 448 τούτου.
1399 420 1464 448 Εἶτα.
1481 423 1537 458 (ιι)
1550 423 1634 458 λέγει,
1647 425 1707 457 πῶς
1720 425 1809 453 ἔσται.

1094 509 1267 536 Ἀποστελεῖ
1281 526 1314 531 -
1329 512 1466 546 ἀνομίαν.
1495 513 1639 541 Βασιλείαν
1658 516 1742 544 αὑτοῦ
1769 527 1850 554 φησι,

1058 555 1104 581 τὸν
1132 555 1243 591 κόσμον,
1254 557 1292 589 ὡς
1310 558 1390 592 φύσει
1419 559 1571 593 βασιλεύων
1593 561 1687 593 αὐτοῦ,
1712 564 1781 590 κατὰ
1798 565 1851 600 τὴν

1058 601 1184 636 θεότητα,
1201 602 1216 636 ἢ
1235 603 1279 628 καὶ
1294 602 1331 634 ὡς
1346 603 1470 639 δοθείσης
1482 605 1559 640 αὑτῷ
1576 606 1666 642 πάσης
1681 608 1804 642 ἐξουσίας
1820 611 1851 637 ὲν

1057 647 1163 682 οὐρανῷ
1178 648 1226 675 καὶ
1243 649 1288 675 ἐπὶ
1300 649 1369 683 γῆς·
1383 651 1518 678 σκάνδαλα
1536 652 1563 678 δὲ
1579 654 1626 679 καὶ
1640 654 1785 687 ποιοῦντας
1798 656 1851 691 τὴν

1057 693 1254 727 ἀνομίαν,τοὺς
1266 695 1363 728 αὐτοὺς
1375 696 1513 731 ὀνομάζει.
1525 698 1684 731 Συλλέξουσι
1697 700 1725 726 δὲ
1737 702 1848 735 αὐτοὺς,

1056 739 1226 770 ἀναστάντας
1242 741 1273 766 ἐκ
1290 741 1394 776 νεκρῶν
1409 742 1471 777 ἠδη.
1484 743 1543 779 Χρὴ
1557 744 1611 778 γὰρ
1637 746 1792 778 γινώσκειν,
1805 748 1848 774 ὅτι

1056 784 1115 818 ἅμα
1133 785 1181 819 μὲν
1207 785 1312 814 τούτοις
1329 787 1529 822 ἀναστήσονται
1553 791 1600 816 καὶ
1624 791 1649 817 οί
1668 791 1776 820 δίκαιοι.
1790 793 1851 828 Πρὸ

1055 830 1083 856 δὲ
1101 830 1150 865 τῆς
1165 830 1298 866 συλλογῆς
1321 832 1424 859 τούτων
1448 834 1546 860 ἐκεῖνοι
1564 835 1613 869 μὲν
1637 837 1848 873 ἁρπαγήσονται

1055 876 1084 901 ὲν
1112 876 1238 910 νεφέλαις
1267 877 1307 908 είς
1334 878 1488 912 ἀπάντησιν
1506 880 1553 906 τοῦ
1583 881 1685 917 Κυρίου
1712 884 1751 914 είς
1764 883 1845 918 ἀέρα,

1055 921 1146 952 καθὼς
1162 919 1222 948 εἷπε
1239 922 1344 954 Παῦλος
1355 932 1362 938 ·
1378 922 1449 951 οὗτοι
1467 925 1506 956 δὲ,
1523 927 1598 953 κάτω
1620 928 1844 962 ἀπολειφθέντες,

1053 965 1092 996 ὡς
1104 965 1222 998 ἀνάξιοι,
1236 968 1306 1002 μετὰ
1319 968 1349 994 ἰδ
1365 969 1508 996 κατελθεῖν
1522 971 1604 998 αὑτὸν
1620 973 1845 1008 συλλεγήσονται.

1053 1013 1108 1039 Καὶ
1120 1014 1228 1048 πρῶτον
1243 1015 1292 1049 μὲν
1307 1015 1408 1042 ἐκεῖνοι
1433 1015 1660 1053 δικαιωθήσονται
1673 1039 1680 1052 ,
1695 1018 1754 1046 εἶτα
1770 1019 1845 1048 οὗτοι

1054 1059 1347 1096 καταδικασθήσονται.
1365 1062 1421 1089 Καὶ
1446 1064 1539 1091 λοιπὸν
1568 1067 1636 1100 μετὰ
1651 1067 1699 1098 τὰς
1715 1068 1844 1100 τοιαύτας

1053 1105 1220 1139 ἀποφάσεις,
1233 1107 1343 1142 πρῶτον
1357 1109 1408 1143 μὲν
1425 1110 1448 1136 οἱ
1465 1110 1623 1146 ἁμαρτωλοὶ
1645 1113 1846 1142 ἀπελεύσονται

1052 1151 1093 1181 είς
1109 1152 1219 1178 κόλασιν
1242 1154 1369 1180 αἰώνιον·
1392 1154 1451 1182 εῐτα
1467 1157 1491 1183 οἱ
1507 1157 1606 1184 δίκαιοι
1627 1159 1667 1190 είς
1691 1159 1762 1194 ζωὴν
1780 1161 1844 1186 ald:-

1053 1198 1166 1231 νιον,ὡς
1179 1200 1208 1226 ὲν
1223 1199 1262 1235 τῷ
1277 1201 1418 1237 ἑξηκοστῷ
1434 1203 1535 1239 πρώτῳ
1550 1206 1691 1240 κεφαλαίῳ
1709 1207 1786 1240 φησί.

1088 1244 1143 1270 Καὶ
1159 1246 1308 1279 -πυρός,
1329 1247 1369 1273 Δι’
1385 1248 1484 1275 ἑαυτοῦ
1501 1249 1551 1284 μὲν
1568 1251 1684 1286 σπείρει,
1697 1253 1842 1287 δεικνύων,

1052 1289 1094 1315 ὄτι
1109 1289 1211 1316 οίκετον
1236 1291 1319 1318 αὐτοῦ
1335 1294 1367 1318 τδ
1383 1294 1556 1328 εὐεργετεῖν·
1573 1296 1608 1322 δι’
1623 1297 1725 1331 ἑτέρων
1741 1298 1769 1324 δὲ
1795 1308 1843 1325 κο-

1051 1333 1139 1367 λάζει,
1159 1336 1311 1370 παριστῶν,
1324 1337 1366 1364 ὅτι
1389 1338 1529 1374 ἀλλότριον
1543 1341 1626 1367 αὑτοῦ
1655 1342 1684 1368 τὸ
1706 1342 1840 1375 κολάζειν.

1093 1422 1170 1450 Ἐκεῖ
1186 1439 1220 1444 -
1237 1424 1380 1454 ὀδόντων.
1396 1427 1480 1462 Ἐκεῖ,
1495 1430 1524 1456 ἐν
1538 1432 1570 1465 τῇ
1588 1432 1695 1467 καμίνῳ
1711 1433 1758 1458 τοῦ
1773 1434 1841 1459 aim-

1050 1468 1107 1495 νίου
1135 1470 1235 1505 πυρός·
1250 1470 1266 1506 ἢ
1283 1471 1312 1498 ἐν
1334 1473 1438 1506 αὐτοῖς.
1461 1475 1510 1502 Διὰ
1523 1476 1550 1502 δὲ
1570 1476 1616 1503 τοῦ
1635 1478 1774 1513 κλαυθμοῦ
1792 1481 1840 1506 καὶ

1049 1514 1098 1541 τοῦ
1113 1514 1238 1551 βρυγμοῦ
1258 1517 1313 1544 τῶν
1329 1518 1455 1553 ὀδόντων,
1469 1521 1519 1556 τὴν
1534 1522 1638 1557 ἄφατον
1656 1524 1753 1559 ὀδύνην
1780 1526 1840 1553 ἐνέ-

1012 1566 1035 1598 C
1051 1570 1130 1597 φηνε.

1090 1610 1159 1637 Τότε
1175 1625 1213 1631 —
1228 1610 1282 1638 τοῦ
1292 1611 1404 1645 πατρὸς
1415 1612 1526 1641 αὐτῶν.
1536 1614 1588 1640 Καὶ
1608 1615 1671 1650 μὴν.
1680 1615 1728 1650 τῆς
1743 1616 1840 1651 αἴγλης

1050 1654 1098 1681 τοῦ
1113 1655 1181 1682 Θεοῦ
1196 1657 1257 1683 τότε
1271 1657 1482 1693 προσϐαλούσης
1500 1659 1603 1692 αὐτοῖς,
1619 1661 1839 1695 μετατυποῦνται

1051 1700 1121 1735 πρὸς
1147 1701 1243 1737 αὐτὴν,
1257 1702 1305 1729 καὶ
1333 1702 1460 1735 θεοειδεῖς
1479 1705 1611 1738 γίνονται,
1628 1707 1675 1733 καὶ
1690 1707 1838 1734 ἀκόλουθόν

1050 1747 1120 1779 ἐστι,
1144 1748 1337 1783 λαμπρότερον
1350 1750 1427 1785 ἡλίου
1450 1751 1569 1785 λάμπειν
1585 1753 1767 1785 αὐτούς.1]ῶς
1790 1752 1840 1780 οὖν

1050 1797 1190 1831 φησιν,ὠς
1201 1799 1217 1825 ό
1230 1797 1336 1832 ἣλιος
1350 1799 1423 1826 Διότι
1439 1801 1570 1836 γνωρίμῳ
1587 1802 1654 1836 πρὸς
1668 1803 1765 1833 αὐτοὺς
1782 1803 1837 1830 ἔδει

1048 1843 1203 1878 χρήσασθαι
1241 1845 1454 1880 παραδείγματι.
1478 1846 1537 1874 Οὐκ
1570 1845 1604 1883 ἦν
1629 1848 1657 1874 δὲ
1680 1848 1756 1875 οὐδὲν
1782 1849 1838 1875 τῶν

1047 1889 1194 1924 γνωρίμων
1210 1890 1303 1922 αὐτοῖς
1315 1891 1391 1926 ἡλίου
1408 1892 1610 1928 λαμπρότερον.

1087 1934 1119 1961 ὀ
1133 1949 1170 1954 -—
1184 1935 1325 1964 ἀκουέτω.
1345 1938 1429 1964 Τοῦτο
1447 1939 1577 1971 πολλάκις
1596 1941 1727 1974 ἐπιλέγει,
1748 1951 1836 1978 παρο-

1046 1979 1132 2012 ξύνων
1147 1981 1246 2013 αὐτοὺς
1257 1983 1296 2014 εις
1307 1984 1337 2009 τὸ
1353 1984 1476 2017 γίνεσθαι
1491 1985 1743 2021 διοριτικωτέρους,

1080 2070 1176 2097 Πάλιν
1191 2085 1227 2091 —-
1242 2071 1370 2099 ἐκεῖνον.
1386 2073 1474 2104 Διατί,
1497 2074 1552 2100 τῶν
1575 2075 1661 2110 ὄχλων
1679 2077 1715 2110 μὴ
1733 2077 1834 2112 παρόν-

1043 2124 1108 2147 των,
1123 2117 1152 2142 ὲν
1167 2118 1335 2152 παραϐολαῖς
1361 2119 1401 2145 ἔτι
1431 2119 1508 2146 λαλεῖ
1520 2121 1576 2151 τοῖς
1592 2121 1743 2156 puer-ﬁat;
1758 2123 1833 2150 Διότι

1043 2162 1115 2196 ἔγνω
1132 2163 1246 2195 τούτους
1261 2165 1430 2200 σοφωτέρους
1446 2166 1496 2201 ἥδη
1515 2168 1679 2202 γενομένους
1699 2170 1752 2196 ἀπὸ
1776 2170 1833 2197 τῶν

1044 2207 1255 2241 είρημένων,ὼς
1272 2210 1319 2236 καὶ
1335 2210 1453 2236 συνιέναι
1467 2210 1608 2239 δύνασθαι.
1623 2213 1669 2238 Διὸ
1688 2215 1735 2240 καὶ
1761 2215 1832 2249 μετὰ

1043 2252 1074 2277 τὺ
1088 2252 1164 2283 τέλος
1180 2252 1234 2279 τῶν
1254 2255 1417 2288 παραϐολῶν
1441 2256 1515 2290 λέγει
1543 2258 1653 2289 αὐτοῖς·
1674 2259 1833 2294 Συνήκατε

1043 2296 1136 2324 ταῦτα
1149 2297 1266 2330 πάντα;
1277 2299 1408 2333 Λέγουσιν
1416 2301 1489 2336 αὐτῷ
1497 2309 1504 2316 ·
1515 2302 1581 2335 Ναὶ,
1591 2305 1688 2337 Κύριε.

1079 2343 1186 2378 Ὥσπερ
1205 2344 1234 2371 δὲ
1249 2345 1295 2372 ἐπὶ
1314 2346 1368 2372 τῶν
1386 2347 1514 2383 ἀνωτέρω
1528 2350 1663 2384 κειμένων
1677 2351 1723 2377 δύο
1738 2361 1830 2387 παρα-

1042 2389 1137 2422 ϐολῶν,
1151 2391 1199 2417 τοῦ
1216 2399 1245 2417 τε
1262 2392 1399 2424 σινάπεως
1424 2395 1470 2420 καὶ
1488 2396 1536 2429 τῆς
1564 2396 1664 2432 ζύμης,
1689 2397 1830 2431 βασιλείαν

1041 2437 1164 2471 οὐρανῶν
1180 2437 1257 2472 ἔλεγε
1278 2438 1324 2465 τὸν
1349 2439 1427 2473 λόγον
1455 2440 1505 2475 τῆς
1532 2441 1666 2473 πίστεως·
1681 2443 1752 2469 οὕτω
1781 2445 1829 2470 καὶ

1041 2485 1088 2511 ἐπὶ
1102 2485 1215 2520 ταύτης.
1232 2485 1388 2517 ’Δπεικάςει
1402 2486 1429 2512 δὲ
1444 2485 1527 2512 αὑτὸν
1538 2487 1677 2521 θησαυρῷ,
1690 2487 1731 2513 διὰ
1741 2488 1787 2513 τὸν
1799 2489 1829 2513 ὲν

1042 2530 1116 2565 αὐτῷ
1129 2530 1244 2558 πλοῦτον
1260 2531 1306 2557 τοῦ
1321 2531 1398 2565 ἁγίου
1416 2532 1586 2566 Πνεύματος.
1605 2533 1700 2567 Ἀγρὺς
1711 2533 1739 2559 δέ
1752 2535 1831 2560 ἐστιν

1040 2578 1054 2603 ό
1065 2577 1221 2612 κόσμος,ὼς
1231 2577 1440 2612 προδεδήλωται.
1451 2577 1528 2605 Μάθε
1539 2578 1578 2608 δὲ,
1587 2579 1628 2604 ὅτι
1642 2579 1670 2605 ἐν
1681 2579 1719 2614 τῷ
1731 2579 1831 2615 κόσμῳ

1041 2622 1090 2657 μὲν
1103 2623 1257 2656 κέκρυπται
1272 2623 1287 2657 ἡ
1303 2622 1411 2654 πίστις·
1428 2623 1457 2650 ὲν
1472 2624 1505 2659 τῇ
1521 2623 1612 2650 πίστει
1626 2623 1665 2656 δὲ,
1676 2625 1689 2650 ὀ
1711 2624 1828 2656 πλοῦτος
1839 2651 1846 2655 κ

1039 2669 1085 2696 τοῦ
1099 2669 1176 2702 ἁγίου
1193 2668 1247 2703 (42)
1263 2669 1430 2704 Πνεὺματος.

1081 2715 1135 2741 Καὶ
1151 2714 1185 2741 τὰ
1202 2715 1251 2750 μὲν
1265 2714 1332 2742 ἄλλα
1347 2715 1398 2750 τῆς
1415 2716 1572 2752 παραδολῆς
1588 2717 1630 2750 Ea,
1645 2717 1734 2749 καθὼς
1754 2726 1826 2752 προ-

793 2815 894 2847 Variae
923 2816 1073 2849 lectiones
1088 2821 1119 2849 et
1135 2821 1229 2850 notae.

242 2860 297 2889 (ill
315 2861 375 2890 Haec
395 2863 552 2892 exciderant
564 2864 591 2892 in
607 2865 732 2894 versione
749 2865 887 2895 chtenii.

1074 2869 1129 2896 (ﬁl
1149 2869 1241 2899 ’Δγίου
1260 2870 1337 2898 abest
1350 2869 1371 2897 Δ
