1937 3072
79 133 132 165 417

511 133 707 164 (ἸΟΜΜΕΝΤ.
729 134 770 164 ΙΝ
791 130 1026 165 MATTIIEUM.
1044 141 1078 147 -
1096 129 1175 160 CAP.
1197 129 1283 160 XIII.

1657 131 1710 163 4'8

79 187 201 223 είρηται.
218 187 319 214 Σκόπει
333 187 371 219 δὲ,
388 187 448 220 πῶς
459 188 473 214 6
488 188 578 223 εὑρὼν
592 189 689 216 τοῦτον
700 188 745 216 τὸν
762 187 872 216 πλουτί-

923 185 1060 220 relinque.
1077 184 1230 212 Considera
1244 188 1335 212 autem
1362 185 1499 220 quomodo
1527 185 1551 213 is
1565 185 1611 221 qui
1636 187 1710 216 hunc

79 235 162 266 ζοντα
176 233 325 269 θησαυρὶν,
335 234 435 265 εἴτουν,
448 234 462 260 6
470 234 597 268 ἐπιγνοὺς
609 235 701 268 αὑτὸν,
709 235 868 268 σπουδάζει·

78 281 159 308 τοῦτο
186 281 241 314 γὰρ
264 281 393 315 ἐμφαίνει
408 281 451 313 τὸ,
477 280 609 315 Ὑπάγω,
625 282 671 308 καὶ
687 282 757 317 μετὰ
781 282 869 317 χαρᾶς

79 327 180 359 πάντα,
193 327 242 353 ὅσα
261 327 328 362 ἔχει,
345 326 438 357 πωλεῖ,
455 327 497 353 ἴνα
513 328 594 361 μόνον
616 327 738 364 κερδήσῃ
752 327 846 354 τοῦτον
859 335 866 342 ·

78 373 126 399 καὶ
143 372 233 403 σύνες,
245 372 285 398 ὃτι
301 371 422 399 διδάσκει
438 372 542 403 πάντας
558 373 574 407 ή
588 373 701 408 τοιαύτη
711 373 865 408 παραδολὴ,

80 415 119 451 μὴ
130 415 212 450 μόνον
225 416 263 450 μὴ
271 416 416 442 λυπεῖσθαι
427 418 603 451 προϊεμένους
612 417 681 452 ὑπὲρ
691 419 740 453 τῆς
753 418 868 449 πίστεως

77 461 179 493 πάντα,
190 462 241 488 ὅσα
264 461 383 496 ἔχουσιν,
409 461 476 488 ἀλλά
504 463 551 489 καὶ
581 463 650 497 μετὰ
680 464 767 498 χαρᾶς
789 463 868 490 τοῦτο

77 508 176 540 ποιεῖν,
201 508 249 534 καὶ
264 508 313 543 τὴν
328 507 466 543 ἀποϐολὴν
490 508 592 544 ταύτην
620 509 716 543 κέρδος
743 510 867 545 ἡγεῖσθαι

78 553 208 587 μέγιστον
218 561 225 568 '
247 554 294 580 καὶ
312 554 353 580 ὅτι
369 553 384 580 6
397 554 435 589 μὴ
451 554 615 582 ἀποϐάλλων
636 556 718 588 αὐτὰ,
740 557 788 583 καὶ
803 557 817 583 ὸ
830 556 868 592 μὴ

77 600 148 633 μετὰ
162 600 251 634 χαρᾶ;
263 599 436 632 ἀποϐάλλων,
445 601 475 626 οὺ
489 601 602 628 δύναται
615 603 745 638 κερδῆσαι
760 603 806 629 τὸν
818 603 867 638 τῆν’

77 645 197 676 πίστεως
211 644 359 679 Θησαυρόν.
374 646 467 672 Πάντα
481 646 520 679 δὲ,
536 647 586 674 ὅσα
601 657 641 679 τις
653 647 720 684 ἔχει,
731 649 865 681 νοοῦν-ται,

75 691 123 716 καὶ
143 691 177 717 τὰ
203 691 233 716 ὲν
256 691 342 726 ἔργῳ,
355 693 402 718 καὶ
421 693 449 718 ἐν
476 693 559 729 λόγῳ.
587 695 634 721 καὶ
648 695 718 721 κατὰ
746 695 867 722 διάνοιαν

74 736 277 770 ἁμαρτήματα,
300 735 373 771 ἅπερ
402 737 502 771 ὁμοίως
533 738 586 775 χρὴ
613 739 724 771 πωλεῖν,
746 741 760 767 ὂ
778 741 864 774 ἐστιν,

72 781 259 808 ἀποκτᾶσοαι.
538 777 543 784 ”

922 231 1054 258 ditautem
1064 231 1227 258 thesaurum
1244 231 1358 266 reperit,
1380 231 1440 258 sive
1462 232 1591 268 cognovit
1620 233 1709 267 illum,

921 277 1041 305 SllltIIOSC
1057 282 1174 305 conatur
1198 278 1272 310 (nam
1296 277 1349 304 hoc
1377 277 1480 306 indicat
1504 278 1578 314 quod
1596 279 1709 314 dicitur,

921 324 999 358 Abit).
1017 328 1045 351 ct
1072 331 1134 351 cum
1149 324 1248 359 gaudio
1266 329 1363 352 cuneta
1386 332 1446 360 qua:
1467 326 1551 353 habet
1570 327 1710 360 distrahit,

921 374 949 396 ιιι
968 370 1040 396 hunc
1055 370 1142 396 solum
1157 370 1318 397 lurrifaciat.
1346 371 1378 398 Et
1395 371 1516 407 intellige
1527 374 1598 407 quod
1612 381 1710 402 omnes

920 417 1014 444 doceat
1031 417 1186 451 hujusmodi
1202 417 1341 452 parabola,
1362 425 1414 445 non
1430 419 1516 446 solum
1533 426 1568 446 ne
1590 420 1709 447 constri-

920 467 1026 489 stentur
1040 463 1154 496 abjeclis
1163 463 1349 498 siveerogatis
1360 464 1488 492 omnibus
1495 472 1554 499 quae
1569 465 1711 500 possident

919 514 968 541 pro
986 507 1047 539 fide,
1060 507 1108 534 sed
1126 508 1209 534 etiam
1223 513 1253 535 ut
1269 516 1330 535 cum
1347 509 1446 543 gaudio
1469 510 1522 536 hoc
1539 509 1650 543 faciant,
1681 515 1710 538 et

920 551 991 579 hanc
1005 552 1189 586 abjectionem
1207 553 1265 580 sive
1281 553 1468 586 amissionem,
1481 554 1588 582 lucrum
1605 556 1710 583 ducant

919 598 1071 624 maximum
1085 606 1091 624 :
1109 598 1234 632 quodque
1250 597 1273 624 is
1288 598 1334 632 qui
1347 603 1394 625 aut
1408 598 1451 625 illa
1468 607 1520 626 non
1535 601 1648 634 respuit,
1663 606 1711 628 aut

919 649 973 668 non
982 649 1044 669 cum
1055 643 1152 677 gaudio
1166 642 1269 677 respuit
1281 651 1287 669 :
1303 651 1356 670 non
1366 649 1456 678 potest
1470 644 1532 672 fidei
1544 645 1709 672 lucrifacere

919 689 1087 715 thesaurum.
1107 689 1135 715 In
1149 689 1276 716 omnibus
1292 694 1384 716 autem
1403 698 1462 724 quae
1480 690 1575 723 habet,
1600 691 1707 718 intelli-

918 738 1020 769 guntur
1050 741 1110 768 qua}
1129 734 1154 761 in
1173 742 1256 769 opere
1275 742 1308 761 ac
1332 742 1469 768 sermone,
1500 743 1528 763 et
1557 736 1584 764 in
1616 741 1709 764 mente

918 785 982 808 sunt
997 785 1107 816 peccata
1120 790 1126 807 :
1142 781 1234 808 omnia
1252 781 1378 808 similiter
1392 783 1511 810 vendere
1524 787 1643 818 oportet,
1657 784 1710 811 hoc

919 832 970 860 est,
990 828 1157 862 relinquere.

110 870 207 897 Πάλιν
220 885 257 890 —-
271 870 375 898 αὐτόν.
387 870 532 898 Βασιλείαν
546 872 600 900 τῶν
609 873 741 909 οὐρανῶν,
753 874 865 911 ἰδιοτρό-

951 873 1029 900 Vers.
1043 873 1088 900 45.
1101 874 1237 900 Iterum—
1251 881 1322 901 vers.
1340 874 1385 901 46.
1396 874 1482 902 illam.
1492 875 1614 910 Regnum
1626 875 1708 903 caelo-

74 925 133 948 πως
157 914 275 942 ἐνταῦθα
291 915 414 951 νοοῦμεν,
424 917 473 952 τὴν
497 917 645 954 ἐπιθυμίαν
659 920 708 954 τῆς
726 920 864 955 βασιλείας

73 961 131 988 τῶν
145 961 283 997 οὐρανῶν
301 962 349 988 καὶ
372 961 518 997 ἄνθρωπον
535 965 584 999 μὲν
599 965 685 1000 αὐτὴν
704 967 759 1002 (45)
775 965 863 1001 εἶπεν,

73 1009 113 1041 ὡς
134 1009 164 1035 ὲν
179 1007 318 1043 ἀνθρώπῳ
331 1009 498 1044 ἐνεργοῦσαν
508 1017 515 1025 ·
538 1011 658 1047 ἔμπορον
671 1013 709 1046 δὲ,
722 1013 760 1045 ὡς
776 1023 866 1049 πραγ-

75 1058 268 1093 ματευομένην
297 1057 347 1093 τὴν
377 1056 448 1084 ίδίαν
475 1058 625 1093 σωτηρίαν.
653 1059 723 1093 Ὅρα
748 1060 864 1096 γὰρ,ὃτι

73 1104 193 1140 εὑροῦσα
206 1105 255 1131 ἕνα
272 1104 422 1140 πολύτιμον
440 1106 626 1141 μαργαρίτην,
636 1106 665 1138 ὃς
675 1106 751 1133 ἐστιν
761 1108 775 1133 6
786 1107 864 1142 λόγος

71 1151 123 1186 τῆς
133 1151 267 1182 πὶστεως·
283 1151 297 1177 6
311 1149 352 1182 εἷς
367 1150 430 1186 μὲν,
441 1151 484 1178 διὰ
501 1151 532 1177 τὸ
547 1150 618 1178 εἶναι
637 1153 702 1187 μίαν
715 1153 764 1188 τὴν
775 1153 864 1189 ἀληθῆ

72 1198 176 1229 ¹ἐἰει-τιν,
194 1197 242 1224 καὶ
256 1197 301 1224 διὰ
316 1198 346 1224 τὸ
363 1197 402 1233 μὴ
419 1196 490 1224 εἶναι
503 1198 625 1225 τοιοῦτον
643 1199 738 1226 ἄλλον·
754 1199 865 1227 πολύτι-

73 1251 125 1277 μος
139 1242 178 1274 δὲ,
189 1242 227 1274 ὡς
243 1243 315 1269 κατὰ
329 1243 397 1269 πολὺ
412 1243 513 1277 τίμιος,
536 1242 595 1279 [καὶ
622 1243 678 1279 (44)
700 1244 739 1276 ὡς
755 1245 864 1277 πολλοῖς

70 1290 111 1316 ὢν
123 1288 240 1325 ﬁtting]
254 1289 356 1325 δηλαδὴ
372 1291 428 1321 τοῖς
442 1290 542 1317 είδόσιν
556 1290 638 1317 αὐτόν
648 1298 655 1306 ⁸
678 1290 839 1325 Ἀπῆλθεν,
851 1291 865 1318 ὃ

71 1335 150 1370 δηλοῖ
172 1335 223 1370 τὴν
240 1335 369 1371 σπουδὴν,
392 1336 438 1362 καὶ
461 1336 635 1371 ἀπεκτήσατο
669 1337 771 1370 πάντα,
795 1337 865 1365 eam»:

70 1380 198 1417 ἀπήλαυε
216 1381 361 1418 πρότερον,
374 1382 421 1409 καὶ
435 1382 571 1417 ἐκτήσατο
585 1382 682 1410 τοῦτον
699 1384 791 1418 μόνον.

105 1472 140 1499 Δί
164 1471 212 1498 δύο
235 1471 265 1499 δὲ
291 1468 372 1498 αὗται
393 1471 550 1507 παραϐολαὶ
573 1472 608 1499 τὰ
623 1473 709 1500 πλείω
735 1469 865 1509 ἀλλήλαις

917 926 996 950 rum,
1022 919 1131 953 proprie
1151 918 1329 954 intelligimus
1345 920 1510 947 desiderium
1532 921 1607 956 regni
1625 921 1709 950 ccelo-

916 971 976 990 rum
993 969 1021 990 et
1034 963 1174 990 hominem
1190 965 1299 997 quidem
1323 965 1388 991 illud
1414 966 1570 1000 appellavit.
1586 975 1618 994 eo
1635 968 1709 1001 quod

915 1009 942 1036 in
979 1009 1087 1036 homine
1117 1014 1258 1044 operatur.
1295 1010 1499 1046 Negotiatorem
1530 1021 1605 1045 vero,
1643 1014 1707 1048 quia

916 1057 1055 1091 propriam
1074 1056 1235 1090 negotiatur
1250 1057 1377 1084 salutem.
1400 1058 1465 1085 Vide
1479 1059 1550 1086 enim
1562 1060 1633 1094 quod
1661 1060 1708 1087 ubi

915 1102 1021 1129 invenit
1047 1110 1127 1129 unam
1153 1102 1301 1137 pretiosam
1334 1104 1519 1139 margaritam,
1552 1113 1706 1134 sermonem

916 1149 1042 1177 videlicet
1070 1148 1160 1176 fidei:
1193 1150 1240 1183 qui
1278 1158 1350 1177 unus
1377 1155 1420 1178 est
1462 1156 1574 1186 propter
1623 1160 1707 1179 unam

915 1195 978 1223 fidei
993 1195 1147 1227 veritatem,
1164 1196 1227 1229 quia
1238 1197 1328 1224 nullus
1339 1197 1410 1224 alius
1419 1203 1462 1224 est
1473 1197 1643 1232 huiusmodi;
1656 1207 1692 1224 πο
1705 1213 1708 1218 -

916 1241 1031 1276 λύτιμος
1048 1247 1153 1276 autem,
1171 1244 1196 1271 id
1210 1248 1262 1276 est,
1279 1244 1428 1278 pretiosus,
1443 1244 1506 1278 quia
1521 1245 1599 1271 multi
1612 1245 1707 1279 pretii,

915 1293 944 1316 et
959 1289 1024 1324 quia
1039 1290 1132 1317 multis
1143 1290 1322 1323 honorabilis,
1339 1290 1386 1325 qui
1415 1290 1542 1318 videlicet
1560 1291 1636 1321 illum
1663 1299 1708 1319 co-

915 1341 1084 1370 gnoverunt:
1099 1336 1171 1367 Abit,
1190 1337 1263 1370 quod
1277 1336 1445 1371 diligentiam
1460 1345 1492 1364 ac
1501 1336 1705 1365 festinationem

916 1382 1085 1416 manifestat,
1102 1388 1130 1411 et
1150 1384 1282 1419 relinquit
1300 1384 1392 1411 omnia
1407 1383 1517 1418 .quibus
1531 1387 1612 1411 antea
1631 1383 1708 1411 frueo

915 1428 1007 1461 batur,
1022 1437 1103 1463 cumq
1109 1438 1142 1456 ue
1156 1429 1244 1457 solum
1257 1429 1428 1464 adipiscitur.

953 1475 999 1503 Hae
1014 1481 1106 1503 autem
1125 1477 1187 1504 duae
1204 1477 1342 1511 parabolae
1354 1477 1381 1504 in
1394 1477 1488 1505 multis
1502 1478 1620 1506 invicem
1641 1484 1709 1507 sunt

70 1519 202 1551 ἐοικυῖαι,
228 1517 334 1554 βραχέα
351 1518 539 1552 διαφέρουσιν.
554 1518 596 1545 ὅτι
611 1519 628 1554 ἡ
647 1520 697 1554 μὲν
713 1519 861 1555 θησαυρὸν,

917 1521 1040 1549 similes:
1059 1528 1086 1549 et
1103 1522 1224 1550 breviter
1246 1523 1272 1549 in
1291 1522 1343 1550 hoc
1381 1523 1439 1550 solo
1464 1523 1604 1556 differunt,
1630 1526 1705 1560 quod

71 1566 89 1600 ὴ
112 1565 142 1592 δὲ
161 1565 334 1600 μαργαρίτην
358 1565 488 1600 ὀνομάζει
507 1566 552 1592 τὸν
568 1566 646 1600 λόγον
662 1566 711 1602 τῆς
733 1566 862 1600 πίστεως.

73 1612 181 1647 Ὠσπερ
205 1611 260 1647 ἄρα
276 1611 323 1637 καὶ
340 1611 367 1637 αἱ
385 1610 440 1647 πρὸ
479 1611 582 1638 τούτων
596 1611 644 1638 δύο
668 1612 861 1648 παραϐολαὶ,ή

73 1659 123 1694 μὲν
134 1658 236 1686 κόκκον
249 1657 396 1689 σινάπεως.
410 1658 426 1692 ὴ
438 1657 466 1684 δὲ
478 1657 568 1694 ζύμην
579 1658 660 1685 αὑτὸν
673 1659 800 1685 ἐκάλεσε.
808 1659 863 1686 Καὶ

72 1705 202 1740 καθάπερ
217 1704 262 1731 διὰ
275 1704 330 1731 τῶν
344 1704 392 1731 δύο
419 1704 532 1731 ἐκείνων
557 1704 691 1739 ἐδήλωσεν
706 1706 720 1732 6
743 1705 862 1741 Χριστὸς

71 1750 120 1786 τὴν
133 1749 249 1784 αὔξησιν
271 1750 319 1776 καὶ
333 1749 382 1784 τὴν
401 1749 478 1784 ίο-χὺν
499 1749 550 1784 τῆς
571 1749 705 1781 πίστεως·
719 1749 791 1776 οὕτω
815 1751 863 1777 καὶ

69 1797 114 1823 διὰ
131 1795 188 1823 τῶν
202 1796 248 1823 δύο
265 1795 368 1823 τούτων
385 1796 479 1829 πάλιν,
492 1796 537 1823 τὸν
557 1795 672 1824 πλοῦτον
688 1798 735 1824 καὶ
748 1797 778 1824 τὸ
792 1797 863 1831 siut.

70 1851 150 1878 ρετον
165 1843 263 1878 αὐτῆς.
276 1841 358 1874 Αὔξει
387 1842 436 1876 μὲν
462 1842 527 1877 γὰρ.
538 1842 576 1873 ὡς
589 1842 688 1874 κόκκος
706 1843 841 1875 σινάπεως
852 1850 859 1858 ⁸

69 1889 161 1924 ἰσχύει
182 1889 220 1920 δὲ,
243 1888 280 1919 ὡς
307 1888 399 1924 ζύμη·
415 1888 554 1921 πλουτίζει
579 1888 617 1922 δὲ,
641 1889 680 1920 ὡς
707 1889 860 1925 θησαυρόςι

68 1934 211 1970 ἐξαίρετος
229 1933 258 1960 δέ
282 1933 415 1967 ὲστιν,ὡ;
442 1933 643 1969 διαφορώτατος
675 1934 859 1970 μαργαρίτης.

68 1981 162 2009 Τάλλα
183 1980 239 2016 (45)
259 1979 314 2015 γὰρ
329 1980 378 2014 τῆς
403 1979 562 2015 παραϐολῆς
589 1980 620 2006 οὺ
647 1980 860 2015 περιεργαστέον

68 2027 146 2062 ἡμῖν.
161 2027 219 2053 Ίνα
239 2027 267 2053 δὲ
296 2026 334 2062 μὴ
360 2025 506 2061 θαρρῶμεν
522 2027 555 2061 τῇ
583 2026 675 2052 πίστει
697 2027 777 2062 μόνῃ,
793 2026 860 2061 μηδὲ

68 2073 168 2107 ἀρκεῖν
189 2071 275 2107 αὐτὴν
289 2074 328 2102 εἰς
350 2071 490 2108 σωτηρίαν
514 2071 680 2106 νομίζωμεν,
697 2071 860 2107 προστίθησι

67 2120 118 2147 καὶ
146 2119 244 2154 ἑτέραν
274 2118 442 2154 παραϐολὴν,
462 2118 495 2144 δι’
511 2115 543 2154 ἦς
571 2118 754 2153 μανθάνομεν,
773 2118 813 2145 ὅτι
829 2118 859 2145 οὐ

68 2167 172 2197 πάντες
187 2167 211 2192 οι
225 2165 400 2196 πιστεύοντες
415 2164 556 2197 σώζονται,
571 2164 640 2192 ἀλλὰ
654 2163 746 2191 πολλοὶ
756 2164 860 2192 τούτων

68 2212 235 2239 ἀπόλλυνται
255 2211 319 2246 (46).

105 2257 302 2294 [Μαργαρίτης
320 2257 347 2282 δὲ
364 2256 411 2283 καὶ
427 2256 441 2282 6
457 2256 559 2291 Κύριος
582 2256 804 2291 κέκληται,διότι
819 2255 858 2290 τῷ

68 2304 146 2340 βυθῷ
160 2304 210 2338 τῆς
229 2304 356 2338 θεότητος
369 2303 482 2338 ἥνωται,
502 2302 549 2330 καὶ
564 2303 654 2337 μόνοις
672 2303 728 2334 τοῖς
751 2301 858 2330 ἁλιεῦσι

68 2351 118 2378 καὶ
136 2352 193 2381 τοῖς
213 2350 303 2376 αὐτῶν
321 2349 456 2384 μαθηταῖς
472 2347 660 2385 ὲγνώρισταιῇ

104 2396 203 2424 Πάλιν
217 2410 254 2416 -
269 2395 649 2430 συναῃτιγούσῃῶασιλείαν
665 2395 720 2421 τῶν
735 2394 857 2430 οὐρανῶν

66 2443 148 2475 αὖθις
167 2443 242 2476 λέγει
265 2442 311 2468 τὸν
336 2442 415 2476 λόγον
432 2442 482 2476 τῆς
510 2441 643 2473 πίστεως·
664 2441 802 2469 θάλασσαν
816 2441 855 2473 δὲ,

65 2491 114 2516 τὸν
137 2489 250 2524 κόσμον,
266 2489 311 2515 διὰ
334 2488 385 2523 τὴν
411 2489 523 2522 πικρίαν
541 2488 587 2515 καὶ
609 2487 643 2514 τὰ
668 2487 780 2523 κύματα
802 2488 857 2514 τῶν

67 2535 250 2570 πειρασμῶν·
275 2535 391 2560 παντοῖα
409 2534 437 2560 δὲ
461 2533 526 2569 γένη
550 2533 661 2569 ίχθύων,
681 2534 717 2560 τὰ
745 2534 858 2561 ποικίλα

915 1567 959 1594 illa
975 1567 1036 1594 ﬁdei
1051 1575 1206 1594 sermonem
1222 1568 1381 1594 thesaurum
1400 1568 1525 1602 vocabat,
1540 1569 1598 1596 hate
1611 1574 1704 1597 autem

914 1612 1088 1647 margaritam
1103 1621 1109 1639 :
1128 1612 1200 1639 sicut
1214 1616 1242 1639 et
1259 1612 1377 1639 duarum
1394 1613 1610 1647 praecedentium
1627 1622 1707 1650 para-

915 1656 973 1683 IJOIJ
979 1664 1049 1688 rum,
1058 1664 1112 1683 uua
1123 1656 1233 1691 quidem
1246 1663 1360 1692 granum
1371 1656 1474 1691 sinapis
1486 1656 1561 1684 illum
1587 1658 1707 1693 appella-

913 1701 972 1733 bat,
989 1702 1073 1729 altera
1090 1710 1155 1729 vero
1171 1702 1349 1729 fermentum.
1368 1702 1402 1730 Et
1411 1703 1483 1730 sicut
1493 1710 1542 1738 per
1556 1703 1624 1731 duas
1646 1704 1706 1732 illas

919 1747 1083 1782 significavit
1098 1749 1298 1776 incrementum
1313 1749 1422 1784 vimque
1438 1749 1512 1782 fidei,
1527 1749 1564 1777 ita
1594 1758 1703 1778 rursum

913 1802 961 1829 per
977 1795 1025 1822 has
1047 1795 1126 1828 duas,
1138 1794 1211 1822 illius
1225 1795 1390 1831 significavit
1402 1795 1512 1824 divitias
1529 1800 1556 1823 et
1569 1797 1705 1824 excellen-

914 1840 989 1868 tiam.
1003 1840 1108 1868 Crescit
1127 1840 1261 1875 siquidem
1278 1842 1355 1875 quasi
1369 1849 1484 1876 granum
1512 1841 1625 1876 sinapis,
1648 1842 1703 1870 vim

912 1886 994 1913 habet
1007 1891 1036 1913 ut
1053 1886 1230 1920 fermentum,
1254 1887 1323 1914 ditat
1348 1888 1433 1915 veluti
1451 1888 1619 1916 thesaurus:
1648 1889 1704 1916 exi-

911 1932 965 1958 mia
983 1936 1024 1959 est
1041 1936 1172 1967 tanquam
1192 1933 1337 1968 margarita
1350 1932 1561 1967 pretiosissima.
1587 1932 1702 1968 Reliqua

911 1985 977 2005 vero
996 1986 1057 2013 quae
1073 1978 1100 2005 in
1122 1978 1253 2014 parabola
1280 1978 1427 2011 habentur,
1452 1986 1507 2005 non
1531 1983 1596 2006 sunt
1622 1979 1703 2007 nobis

913 2031 1078 2059 magnopere
1092 2024 1222 2051 curanda.
1241 2023 1282 2051 Ne
1302 2028 1393 2051 autem
1409 2024 1442 2052 de
1456 2025 1513 2052 sola
1527 2025 1580 2052 fide
1597 2032 1704 2059 praesu-

912 2076 1030 2100 mamus,
1051 2073 1099 2096 aut
1121 2067 1246 2095 sufﬁcere
1264 2076 1323 2096 eam
1342 2069 1375 2096 ad
1399 2069 1515 2096 salutem
1541 2069 1701 2103 credamus,

911 2114 989 2142 addit
1001 2118 1028 2142 et
1044 2114 1125 2141 aliam
1149 2113 1317 2149 parabolam,
1335 2122 1387 2148 qua
1402 2114 1534 2142 discimus
1550 2115 1622 2149 quod
1640 2123 1695 2143 non

911 2169 1008 2188 omnes
1020 2161 1067 2196 qui
1087 2160 1204 2188 credunt
1219 2160 1286 2188 salvi
1300 2161 1379 2193 fiunt,
1396 2160 1443 2187 sed
1458 2160 1534 2188 mulli
1545 2168 1639 2189 eorum
1653 2169 1701 2197 pe-

873 2201 898 2230 D
912 2212 989 2236 reum
1007 2217 1015 2242 ;
1028 2208 1066 2234 ait
1079 2207 1171 2234 enim:

946 2254 965 2289 1‘
983 2253 1129 2289 Margarita
1146 2253 1227 2280 etiam
1244 2252 1376 2280 Dominus
1396 2253 1549 2288 appellatus
1568 2258 1621 2285 est,
1637 2254 1702 2289 quia

907 2300 1060 2328 divinitatis
1075 2299 1253 2335 profunditati
1268 2300 1373 2330 unitus,
1387 2304 1414 2327 et
1432 2299 1500 2327 solis
1519 2300 1703 2335 piscatoribus

908 2348 1020 2382 suisque
1038 2345 1181 2382 discipulis
1193 2346 1319 2382 cognitus
1331 2351 1383 2374 est.

944 2393 1024 2422 Vers.
1042 2393 1087 2421 47.
1101 2394 1221 2421 Rursum
1237 2409 1270 2414 —
1281 2393 1462 2429 congreganti.
1479 2393 1604 2428 Regnum
1619 2394 1704 2421 emto-

909 2449 970 2469 rum
999 2442 1098 2469 iterum
1126 2445 1206 2469 vocat
1230 2440 1294 2468 fidei
1323 2447 1503 2473 sermonem;
1535 2448 1610 2467 mare
1638 2448 1703 2469 vero

909 2489 1053 2521 mundum,
1064 2493 1175 2523 propter
1190 2487 1399 2516 amaritudinem
1421 2487 1560 2523 undasque
1575 2487 1702 2515 tentatio-

908 2543 986 2562 num.
1003 2534 1165 2562 Omnimoda
1178 2539 1270 2562 autem
1282 2535 1400 2571 piscium
1415 2543 1515 2571 genera
1530 2540 1605 2567 sunt,
1619 2534 1702 2562 varia:

666 2627 767 2658 Variae
785 2626 939 2659 lectiones
956 2631 987 2658 et
1007 2630 1101 2658 notae;

105 2724 161 2759 (ιδ)
180 2722 266 2749 Αὐτόν
282 2722 311 2749 Β.

105 2756 161 2792 (ιι)
176 2759 279 2785 lnclusa
294 2758 393 2784 absunt
405 2756 438 2784 Α.

107 2795 162 2829 (65)
177 2794 235 2820 Μέν
251 2793 324 2820 addit
343 2792 375 2819 Α.

108 2825 163 2864 (vi)
180 2829 261 2856 Addit
274 2828 358 2855 codex
374 2827 487 2862 Α.Φησὶ
503 2825 565 2861 γάρ,
581 2825 645 2858 Quae
657 2830 746 2853 autem
758 2826 801 2852 hic
813 2827 856 2853 in-

912 2721 987 2748 clusa
1004 2725 1078 2749 sunt.
1109 2728 1140 2747 ea
1167 2720 1246 2755 paulo
1262 2724 1324 2747 ante
1353 2719 1434 2746 habet
1464 2719 1489 2746 in
1518 2726 1603 2755 marg.
1632 2717 1703 2753 Φησὶ

913 2757 967 2791 γάρ
984 2757 1060 2817 aait7lit
1084 2757 1165 2782 etiam
1190 2755 1350 2783 lleutenius.
1367 2755 1547 2790 Coniungitur
1560 2762 1623 2790 ergo
1639 2761 1700 2782 cum

914 2799 984 2818 vers.
1001 2793 1016 2818 4
1038 2811 1044 2818 .
