1937 3072
127 155 183 187 429

556 155 751 186 COMMENT.
773 155 811 184 ΙΝ
835 152 1071 184 ΜΛΤΤΗᾹΕΗΜ.
1088 165 1120 170 -
1141 153 1222 184 CAP.
1244 155 1321 185 Χιν.

1705 153 1757 185 430

129 213 217 249 χιίας,
236 212 280 239 ῑνα
297 212 482 248 μοιχευομένη
511 212 633 249 λανθάνῃ
657 213 720 244 τοὺς
747 212 808 239 τότε
826 210 916 246 μόνον’
934 236 935 239 η

984 209 1069 238 ccidit
1079 209 1187 245 quidem
1201 210 1325 238 adulterii
1341 212 1544 245 insertatorem,
1555 215 1585 239 ut
1594 211 1758 240 adulterium

128 257 265 284 ἀνελοῦσα
283 257 312 284 δὲ
328 257 421 289 αὑτὸν,
435 258 466 284 οὐ
485 258 566 293 μόνον
591 259 641 285 οὐκ
663 257 759 286 ἔλαθεν
786 257 919 288 ἐκείνους,

129 302 202 329 ἀλλὰ
230 303 279 330 καὶ
308 304 365 334 τοῖς
389 303 635 338 μεταγενεστέροις
660 302 855 339 ὲδημοσιεύθη,
874 301 922 329 κα)⁸

130 349 216 385 μέχρι
238 349 343 381 παντὸς
357 349 387 376 ὲν
402 349 456 385 ὅλῳ
474 349 513 384 τῷ
529 349 626 385 κόσμῳ
645 349 849 384 δημοσιεύεται.

165 441 270 469 Kal—
285 442 371 469 αὑτό.
396 441 426 469 '0
452 441 480 468 δὲ
509 441 624 476 Μάρκος
655 441 684 467 τδ
712 440 813 476 πτῶμα
838 439 920 466 αὑτοῦ

130 497 211 524 φησι,
228 489 330 522 πτῶμα
349 488 381 514 τδ
406 487 486 523 σῶμα
500 487 632 520 καλέσας,
649 487 693 514 διὰ
717 487 747 513 τὺ
771 487 866 513 πεσεῖν
881 487 921 518 εἰς

129 535 230 570 ἔδαφος
260 535 330 570 μετὰ
343 534 392 570 τὴν
410 535 530 571 ἐκτομὴν
546 534 597 570 τῆς
614 534 745 570 κεφαλῆς.

168 622 222 649 Kal
240 637 274 643 —
293 622 407 656 Ἰησοῦ.
427 622 530 649 Λοιπὸν
553 621 756 657 ἐνδεικνύμενοι
781 621 832 655 τήν
853 621 922 656 πρὸς

129 669 214 696 αὐτὸν
242 668 361 696 εὔνοιαν*
383 669 492 704 ἔκαμψε
505 669 559 702 γὰο
571 668 669 700 αὐτοὺς
694 667 795 703 μᾶλλον
816 668 833 702 ή
851 675 920 694 συα-

130 715 212 751 φορά.

167 760 222 788 Kal
237 777 271 781 -—
284 760 432 788 κατιὸἰαν.
461 761 606 794 Ἀκούσας,
620 761 661 787 ὅτι
684 761 804 797 ἀνῃρέθη
822 761 836 788 ὁ
864 760 921 787 Ἰω-

131 808 226 843 άννης·
241 808 289 834 καὶ
304 808 358 843 γὰρ
375 807 432 839 καὶ,
452 807 496 834 ὅτε
513 807 641 843 ἤκουσεν,
656 807 697 834 ὅτι
715 807 852 842 παρεδόθη
882 808 922 839 εἰς

130 855 162 881 τὸ
172 855 371 889 δεσμωτήριον,
383 853 552 888 ἀνεχώρησε·
563 853 596 880 δι’
609 853 641 889 ἣν
654 854 682 880 δὲ
694 853 795 886 αἰτίαν,
806 852 866 888 εἰρή
872 861 920 879 κα-

133 909 184 935 μεν
201 901 231 927 ὲν
244 900 283 935 τῷ
297 900 382 936 τρίτῳ
399 900 552 935 κεφαλαίῳ·
574 901 620 926 καὶ
636 900 680 926 ἵνα
696 900 804 935 φυλάξῃ
826 899 922 926 ἑαυτὸν

131 948 174 979 εις
191 948 237 974 τὸν
253 947 393 983 πρέποντα
409 946 456 973 τοῦ
474 946 593 981 σταυροῦ
611 946 717 981 καιρόν.

170 994 248 1026 Τινὲς
262 993 290 1020 δὲ
306 993 518 1029 ἑρμηνεύουσιν,
540 994 580 1020 ὅτι
606 992 738 1025 ἀκούσας,
759 993 800 1019 ὃτι
837 1001 923 1028 προσ-

133 1040 265 1076 εδόκησεν
283 1040 314 1066 Ἦ
320 1040 408 1076 ρὼδης
419 1040 463 1067 τὸν
484 1039 612 1076 Ἰωάννην
620 1040 702 1067 αὑτὸν
715 1037 797 1067 εἰναι.
807 1039 861 1066 Καὶ
869 1039 923 1074 γὰρ

133 1089 185 1123 τὴν
199 1087 341 1123 ἀναίρεσιν
356 1087 440 1114 αὑτοῦ
455 1086 527 1115 κατὰ
539 1087 596 1122 (57)
611 1086 790 1123 παρενθήκην
819 1095 926 1121 μνημο-

137 1135 268 1170 νευθῆναι
285 1134 344 1168 νῦν,
363 1135 411 1162 καὶ
426 1134 621 1171 περατωθῆναι
649 1133 731 1169 μέχρι
750 1133 796 1160 τοῦ
824 1133 925 1168 παρὸψ

133 1191 181 1214 τος
198 1181 282 1217 ῥητοῦ
300 1181 347 1217 τὴν
358 1181 486 1217 διήγησιν
503 1180 599 1216 αὐτῆς⁸
611 1177 672 1207 εἶτα
685 1179 768 1207 πάλιν
784 1180 924 1206 ἀποκατα-

136 1227 237 1262 στῆναι
271 1226 317 1254 τδν
344 1227 424 1261 λόγον
453 1227 494 1258 εἰς
519 1226 569 1262 τὴν
593 1225 730 1262 προτέραν
762 1224 924 1252 ἀκολουθίαν

135 1273 231 1300 αὑτοῦ.

172 1319 253 1350 Εἰκὸς
271 1319 299 1346 δὲ
315 1319 397 1346 αὑτὸν
413 1318 530 1347 ἀκοῦσαι
547 1319 593 1345 καὶ
616 1318 761 1353 ἀμφότερα
785 1316 856 1344 κατὰ
881 1316 926 1343 τὸν

135 1365 290 1400 τηνικαῦτα
315 1365 422 1400 καιρὸν,
447 1365 493 1391 καὶ
520 1365 701 1400 ὑποχωρῆσαι
722 1363 756 1390 δι’
769 1363 924 1398 ἀμφότερα.

136 1412 194 1438 Καὶ
223 1411 277 1446 γὰρ
294 1412 341 1439 καὶ
360 1411 458 1447 τρίτην
475 1411 567 1438 αἰτίαν
593 1411 644 1445 τῆς
667 1409 796 1445 τοιαύτης
817 1410 926 1444 ἀναχω-

137 1457 244 1492 ρήσεως
257 1457 272 1483 ὁ
291 1457 405 1493 Μάρκος
423 1456 561 1492 ἰστόρησε,
575 1457 606 1483 τὸ
617 1455 761 1491 βούλεσθαι
776 1454 926 1482 διαναπαῦ-

136 1510 183 1528 σαι
214 1503 278 1534 τοὺς
310 1502 446 1538 μαθητὰς,
466 1501 690 1537 ὑποστρέψαντας
711 1501 764 1528 ἀπο
794 1500 841 1527 τοῦ
875 1509 927 1536 κη-

138 1547 292 1583 ρύγματος·
310 1548 405 1583 εἴρηκε
430 1548 484 1583 γὰρ
504 1548 600 1578 οὕτως
615 1547 670 1574 Kal
695 1545 880 1581 συνάγονται
902 1547 928 1572 οἱ
943 1554 963 1582 (ξ

135 1594 305 1621 ἀπόστολοι
327 1595 402 1629 πρὸς
427 1595 481 1620 τὸν
501 1593 635 1626 Ἰησοῦν,
662 1592 712 1620 καὶ
740 1592 927 1626 ἀπήγγειλαν

137 1640 220 1672 αὐτῷ
234 1639 344 1673 πάντα,
360 1641 408 1667 καί
424 1641 482 1666 ὅσα
493 1640 653 1674 ἐποίησαν,
675 1637 725 1665 καὶ
747 1638 806 1665 ὅσα
827 1637 925 1665 ἐδίδα-

139 1686 210 1718 ξαν.
236 1687 292 1714 Kal
307 1684 393 1714 εἶπεν
409 1686 520 1718 αὐτοῖς·
536 1686 636 1719 Δεῦτε,
653 1684 739 1720 ὑμεῖς
756 1684 841 1711 αὐτοὶ
858 1683 925 1719 (58),

137 1731 203 1759 κατ’
231 1731 311 1759 ἰδίαν
332 1732 375 1765 εἷς
393 1733 507 1767 ἔρημον
531 1731 636 1764 τόπον,
657 1730 708 1758 καὶ
735 1730 927 1757 ἀναπαύεσθε

136 1777 253 1810 ὀλίγον.
267 1774 369 1804 Ἦσαν
382 1778 437 1812 γὰρ
450 1777 477 1803 οι
488 1776 643 1810 ἐρχόμενοι
657 1776 707 1802 καί
719 1777 746 1802 οι
759 1775 927 1810 ὑπάγοντες

138 1824 267 1850 πολλοί·
284 1823 334 1850 καὶ
369 1824 441 1851 οὐδὲ
469 1822 576 1858 φαγεῖν
603 1823 775 1857 εὐκαίρουν.
797 1822 852 1849 Kal
871 1822 928 1849 ἀπ-

137 1867 234 1903 ῆλθεν
243 1870 286 1902 εἷς
298 1869 511 1904 ἔρημον-,τόπον
520 1867 560 1900 τῷ
567 1869 662 1900 πλοίῳ
673 1866 819 1895 κατιδΙαν.
835 1866 927 1892 Ταῦτα

139 1915 192 1950 μὲν
206 1913 254 1942 οὖν
272 1916 287 1942 ὁ
309 1916 434 1951 Μάρκος.

176 1963 362 1998 Παραπλήσια
379 1962 509 1996 δὲ,λέγων
530 1961 577 1988 καὶ
591 1963 605 1988 ὁ
620 1962 739 1994 Λουκᾶς,
763 1960 928 1996 προστίθησι

139 2008 189 2035 καὶ
202 2008 348 2044 γνώρισμα
359 2007 409 2043 τῆς
420 2008 536 2043 ἐρήμου.
551 2008 621 2042 Φησὶ
632 2007 697 2041 γὰρ,
712 2007 752 2033 ὃτι
770 2006 825 2033 Kal
836 2013 929 2042 παρα-

138 2054 242 2082 λαϐὼν
261 2053 384 2087 αὐτοὺς,
400 2054 580 2087 ὑπεχώρησε
599 2052 736 2079 κατιδίαν
750 2053 794 2084 εἱς
817 2051 930 2086 ἔρημον

140 2101 246 2133 τόπον,
274 2101 391 2133 πόλεως
417 2098 607 2133 καλουμένης
632 2097 798 2132 Βηθσαῖδᾶ.
816 2098 877 2132 Χρὴ
901 2097 929 2123 δὲ

141 2146 300 2181 γινώσκειν,
328 2147 371 2173 ὄτι
408 2144 657 2181 ἀνθρωποπρεπτῶς
685 2145 699 2171 ὁ
731 2144 849 2180 Χριστὸς
884 2143 930 2170 καὶ

140 2193 248 2225 ἀκούει,
275 2193 324 2220 καὶ
345 2193 493 2228 ἀναχωρεῖ,
511 2193 559 2219 καὶ
582 2193 720 2227 οἰκονομεῖ
739 2192 774 2218 τὰ
787 2191 849 2218 καθ’
864 2191 928 2216 ἑαυ-

141 2240 199 2266 τόν.
221 2223 266 2271 'll;
292 2239 348 2274 γὰρ
365 2223 447 2272 Θενύς,
471 2223 519 2266 καὶ
541 2223 681 2273 ἐγίνωσκε.
695 2238 794 2270 πάντα,
812 2238 859 2263 καὶ
880 2237 930 2263 οὒκ
947 2223 968 2253 D

141 2289 228 2315 ἐδεῖτο
250 2290 350 2323 φυγῆς.

177 2335 233 2362 Kal
249 2350 284 2356 -
297 2336 427 2362 πόλεων.
451 2335 480 2360 '0
498 2334 526 2360 δὲ
554 2334 669 2368 Μάρκος
699 2333 793 2367 φησιν,
813 2332 854 2358 ὅτι
882 2331 931 2358 καὶ

142 2378 215 2407 εἶδον
249 2381 349 2413 αὐτοὺς
392 2381 560 2414 ὑπάγοντας.
590 2379 671 2410 Τινὲς
696 2379 744 2414 μὲν
772 2379 825 2414 γὰρ
862 2376 931 2404 εἶδον

142 2427 254 2460 αὐτοὺς,
275 2427 348 2458 τινὲς
363 2426 391 2453 δὲ
407 2427 529 2462 ἥκουσαν
550 2425 629 2452 τοῦτο
646 2426 720 2460 παρὰ
739 2425 793 2451 τῶν
810 2425 930 2458 ἰδόντων,

142 2474 190 2500 καὶ
206 2473 386 2500 ἀκολουθοῦσι
415 2474 484 2509 πεζῇ
506 2473 618 2504 πάντες.
635 2472 763 2498 τοιοῦτον
787 2472 841 2506 γάρ
869 2474 928 2498 ἐστι

142 2521 236 2552 πόθος·
258 2522 313 2549 πᾶν
328 2521 456 2556 ἐμπόδιον
480 2520 667 2555 διακρούεται.

197 2625 220 2640 ⁸³
231 2624 315 2651 Marc.
329 2632 367 2657 v1,
381 2623 426 2650 29.
483 2622 505 2637 ³⁸
516 2621 598 2649 Marc.
612 2630 648 2654 \‘l,
662 2622 706 2654 50,
720 2622 763 2648 5‘2.

821 2622 842 2636 "
865 2621 929 2648 Luc.
943 2629 978 2654 Ix,
997 2621 1039 2647 10.

973 255 1158 288 committens,
1175 257 1283 292 eos’qui
1306 261 1370 285 tunc
1394 261 1472 284 erant
1493 257 1614 290 lateret;
1635 257 1682 285 sed
1698 259 1760 292 quia

973 301 1062 336 ipsum
1079 302 1187 335 occtuit,
1204 310 1258 329 nou
1278 303 1365 330 solum
1385 303 1445 331 illos
1473 311 1528 330 non
1546 303 1636 336 latuit,
1665 311 1759 331 verum

972 347 1053 374 etiam
1067 347 1185 382 posteris
1201 348 1371 382 publicatum
1389 353 1430 376 est
1450 357 1456 374 :
1480 356 1642 384 semperque
1655 349 1681 376 in
1699 349 1762 376 uni-

975 401 1052 420 verso
1067 394 1168 421 mundo
1191 394 1353 428 publicatur.

1010 439 1085 467 Vers.
1106 440 1149 467 12,
1165 439 1197 467 Et
1213 456 1248 461 —
1262 440 1339 467 illud.
1376 442 1483 470 Marcus
1512 447 1604 470 autem
1641 443 1708 470 dicit
1728 443 1761 475 ",

973 485 1046 520 quod
1062 485 1184 513 tulerunt
1200 486 1300 521 πτῶμα
1317 487 1396 521 ejus:
1416 488 1523 515 vocavit
1537 493 1628 516 autem
1663 497 1763 524 corpus

973 531 1033 565 ejus
1058 530 1277 566 πτῶμαάπδτοῦ
1292 532 1394 565 πεσεῖν,
1410 532 1436 560 id
1461 537 1514 566 est,
1540 542 1555 560 a
1586 534 1709 563 cadendo
1736 536 1762 562 in

974 577 1158 611 pavimentum
1174 581 1235 613 post
1254 578 1352 613 capitis
1364 580 1591 614 amputationem.

1011 623 1088 651 Vers.
1106 623 1147 651 l2.
1164 625 1202 652 Ac
1227 640 1262 647 -—
1280 625 1354 653 Iesu.
1370 625 1428 654 Jam
1446 635 1508 662 erga
1538 627 1613 655 illum
1642 627 1764 656 benevo-

975 669 1084 697 lentiam
1104 671 1326 699 demonstrantes
1342 681 1348 699 :
1360 672 1446 708 magis
1459 674 1532 701 enim
1542 681 1588 701 eos
1600 673 1676 702 ﬂexit
1691 674 1764 702 cala-

974 715 1061 742 mitas.

1010 761 1086 789 Vcrs.
1111 762 1154 791 l3.
1169 763 1287 798 Cumque
1305 765 1471 795 —',seorsim.
1481 763 1548 792 Cum
1560 763 1763 793 audissetocci~

975 815 1034 834 sum
1049 815 1109 834 esse
1120 808 1251 835 Joannem
1262 817 1270 842 ;
1282 808 1416 844 siquidem
1431 809 1511 837 etiam
1526 819 1587 838 cum
1595 811 1698 839 audivit
1713 817 1765 839 tra-

973 853 1060 880 ditum
1073 861 1134 882 esse
1147 853 1175 881 in
1186 861 1324 882 carcerem
1338 855 1461 889 secessit,
1480 857 1556 892 cujus
1567 865 1675 884 causam
1686 858 1766 885 tertio

975 901 1063 936 capite
1083 901 1202 930 diximUs
1217 910 1223 929 :
1243 903 1312 937 quod
1322 902 1403 930 etiam
1421 903 1520 930 factum
1536 908 1588 938 cst,
1606 908 1635 932 ut
1647 903 1764 940 seipsqu

976 946 1002 973 in
1018 951 1124 982 tempus
1141 948 1258 982 passioni
1277 949 1442 976 conveniens
1469 955 1631 978 reservaret.

1010 992 1125 1025 Quidam
1151 998 1242 1021 autem
1276 994 1514 1030 interpretantur:
1540 996 1609 1024 Cum
1646 998 1767 1027 audisset

976 1039 1047 1073 quod
1066 1039 1188 1067 Herodes
1219 1040 1399 1068 arbitraretur
1423 1040 1498 1068 illum
1527 1049 1587 1070 esse
1614 1042 1764 1071 Joannem:

977 1086 1059 1121 hujus
1077 1093 1196 1121 namque
1211 1087 1430 1115 interfectionem
1447 1088 1540 1116 dicunt
1551 1097 1600 1125 per
1621 1090 1766 1126 interposi-

978 1131 1079 1158 tionem
1087 1139 1161 1159 nunc
1169 1132 1202 1159 ad
1219 1133 1377 1159 memoriam
1389 1140 1450 1160 esse
1466 1133 1619 1168 reductam,
1641 1135 1766 1171 illiusque

979 1179 1163 1206 narrationem
1175 1178 1207 1205 ad
1227 1185 1348 1213 praesens
1365 1186 1451 1214 usque
1473 1181 1584 1207 verbum
1616 1182 1766 1210 terminari.

979 1225 1081 1252 Deinde
1098 1233 1206 1252 rursum
1225 1233 1380 1253 sermonem
1407 1226 1440 1253 ad
1460 1226 1578 1262 priorem
1599 1229 1640 1256 sui
1670 1237 1767 1258 conse-

978 1270 1116 1304 quentiam
1129 1270 1245 1298 restitui.

1012 1317 1166 1344 Verisimile
1207 1321 1249 1344 est
1277 1322 1367 1345 autem
1407 1322 1552 1354 utrumque
1578 1326 1611 1347 eo
1645 1324 1768 1356 tempore

978 1363 1101 1395 audisse,
1143 1368 1171 1390 et
1204 1367 1315 1398 propter
1346 1367 1490 1399 utramque
1521 1373 1632 1394 causam
1678 1375 1769 1397 seces-

978 1409 1057 1435 sisse.
1083 1407 1217 1436 Praeterea
1246 1409 1353 1436 tertiam
1379 1417 1487 1445 quoque
1503 1411 1584 1446 hujus
1608 1414 1769 1444 secessionis

978 1461 1088 1481 causam
1120 1454 1229 1490 scripsit
1247 1454 1373 1489 Marcus,
1404 1461 1470 1492 puta
1493 1459 1567 1492 quod
1597 1460 1769 1495 requiescere

980 1500 1059 1527 vellet
1074 1501 1222 1535 discipulos
1245 1509 1259 1528 a
1275 1502 1467 1536 prmdicatione
1480 1511 1615 1532 reversos.
1639 1505 1677 1533 [ta
1695 1507 1767 1534 enim

980 1545 1049 1573 dixit
1065 1555 1070 1572 :
1087 1545 1120 1572 Et
1129 1552 1321 1582 congregantur
1329 1548 1443 1583 apostoli
1469 1551 1504 1576 ad
1519 1548 1618 1584 Iesum,
1629 1559 1660 1578 ac
1673 1560 1769 1579 renuit-

979 1593 1045 1619 (iant
1058 1593 1097 1619 illi
1106 1595 1194 1620 omnia
1203 1602 1310 1629 qnn'que
1319 1595 1449 1629 fecissent,
1459 1603 1566 1631 qumque
1573 1597 1730 1625 docuissent.
1737 1598 1769 1625 Et

977 1639 1046 1666 dixit
1074 1640 1132 1667 eis:
1154 1639 1242 1667 Venite
1254 1648 1297 1667 vos
1311 1641 1360 1668 soli
1374 1642 1482 1668 seei-sim
1494 1642 1521 1668 in
1534 1643 1662 1670 desertum
1672 1643 1769 1676 locum,

979 1692 1002 1714 et
1018 1689 1172 1724 requiescite
1188 1689 1338 1724 paulisper:
1354 1689 1437 1717 Erant
1448 1690 1516 1717 enim
1525 1690 1568 1725 qui
1586 1691 1722 1718 ueniebant
1745 1698 1769 1718 et

978 1732 1087 1760 abibant
1110 1734 1188 1760 multi
1204 1736 1252 1766 sic,
1263 1740 1290 1762 ut
1303 1743 1348 1762 nec
1359 1736 1491 1763 comedere
1501 1741 1607 1763 vacaret
1618 1744 1624 1763 :
1641 1742 1665 1764 et
1675 1739 1770 1772 egressi

977 1782 1038 1806 sunt
1051 1780 1084 1814 (δ)
1097 1781 1200 1816 navigio
1213 1781 1240 1807 in
1253 1782 1381 1808 desertum
1403 1782 1487 1809 locum
1499 1783 1617 1810 seom'm.
1628 1783 1689 1811 llzec
1704 1791 1770 1812 sane

978 1823 1096 1853 Marcus.

1017 1963 1140 1990 Proxima
1167 1963 1210 1990 his
1227 1967 1291 1990 sunt
1306 1971 1366 1998 quae
1377 1963 1443 1991 dicit
1456 1963 1541 1991 Lucas
1556 1964 1658 1992 addens
1687 1965 1768 1993 etiam

981 2009 1087 2043 signum
1103 2015 1157 2043 quo
1171 2007 1309 2035 desertum
1328 2014 1499 2036 nosceretur.
1513 2009 1557 2036 Ait
1580 2009 1654 2036 enim
1696 2011 1769 2045 quod

981 2052 1095 2079 secessit
1108 2052 1223 2080 seorsim
1243 2053 1270 2079 iu
1287 2052 1425 2080 desertum
1455 2052 1543 2079 locum
1570 2052 1689 2080 civitatis
1708 2061 1769 2088 qua)

984 2105 1096 2127 vocatur
1112 2098 1256 2126 Bethsaida
1265 2099 1298 2125 ".
1317 2097 1392 2126 Scire
1409 2099 1610 2133 ctiamoportet
1624 2098 1767 2127 Christum

983 2147 1102 2174 humano
1109 2153 1185 2173 more
1197 2149 1224 2172 et
1234 2144 1329 2172 audire
1336 2145 1512 2178 etsecederc,
1529 2150 1557 2173 et
1573 2153 1605 2172 ea
1622 2154 1683 2180 qua:
1696 2147 1768 2174 circa

983 2200 1013 2220 se
1026 2192 1279 2226 erantdispensarc.
1289 2190 1386 2218 Omnia
1396 2191 1467 2218 enim
1481 2195 1607 2226 tanquam
1619 2192 1688 2219 Deus
1698 2193 1769 2220 scie-

984 2239 1039 2271 bat,
1052 2244 1103 2265 nec
1115 2238 1151 2264 illi
1166 2237 1227 2273 iuga
1239 2245 1309 2272 opus
1328 2242 1395 2263 erat.

1017 2328 1093 2356 Vers.
1113 2329 1156 2355 13.
1180 2328 1212 2355 Et
1225 2343 1258 2347 —-
1276 2327 1393 2354 urbibus.
1427 2326 1533 2354 Marcus
1554 2335 1618 2355 vero
1635 2328 1673 2355 ait
1698 2329 1769 2363 quod

981 2374 1063 2401 etiam
1078 2375 1206 2402 viderunt
1221 2381 1268 2402 eos
1282 2374 1416 2401 abeuntes
1429 2373 1462 2400 ³⁸.
1478 2373 1594 2406 Quidam
1607 2374 1679 2401 enim
1698 2375 1769 2401 vide-

982 2427 1047 2448 runt
1087 2421 1159 2454 illos,
1184 2422 1294 2456 quitiam
1315 2426 1405 2449 autem
1441 2421 1587 2448 audierunt
1604 2421 1655 2449 hoc
1673 2421 1707 2448 ab
1727 2421 1769 2448 his

984 2470 1029 2505 qui
1047 2469 1184 2497 viderant:
1196 2477 1347 2505 omnesque
1361 2470 1477 2504 pedestri
1510 2470 1597 2496 secuti
1612 2473 1677 2496 sunt
1693 2468 1768 2495 itine-

984 2525 1031 2543 re:
1047 2515 1203 2550 Itujusmodi
1220 2516 1292 2542 cnim
1304 2515 1470 2542 desiderium
1502 2521 1583 2541 omne
1602 2513 1768 2549 rcpellitim-

984 2564 1180 2598 pedimentnm.

1097 2620 1118 2635 "
1128 2619 1210 2646 Marc.
1225 2626 1260 2649 vt,
1282 2617 1326 2643 3'5.

755 2695 853 2726 Variae
869 2695 1021 2726 lectiones
1038 2697 1069 2725 et
1091 2697 1186 2724 note.

178 2776 234 2811 (57)
250 2774 359 2803 Scilicet
374 2783 390 2801 a
403 2782 482 2803 versu
502 2774 519 2801 ’5
533 2773 565 2800 ad
584 2773 663 2800 linem
684 2772 723 2798 12.

1019 2771 1075 2804 (58)
1093 2769 1185 2801 Αὐτοί,
1202 2768 1278 2795 abest
1291 2768 1323 2793 A.

180 2854 214 2887 is)
235 2854 340 2889 Egressi
373 2859 444 2880 stult.
467 2852 580 2880 Videtur
600 2859 664 2886 ergo
695 2849 792 2886 legisse
812 2834 944 2883 ἀπῆλθον.
973 2849 1060 2883 Atque
1081 2848 1151 2876 dicta
1179 2849 1204 2875 in
1237 2851 1312 2874 textu
1335 2846 1415 2873 lmbct
1439 2845 1511 2881 apud
1536 2843 1656 2872 Marcum
1683 2840 1767 2869 codex

142 2895 258 2924 uterque
274 2897 360 2917 tneus.
