1937 3072
199 133 253 165 43')

817 133 919 163 EUTH
926 132 1007 163 ΫΜῐῐ
1028 134 1207 165 ZIGABENI

1776 132 1832 164 436

200 193 280 219 satiat
303 191 362 218 illos
385 195 412 218 et
433 191 567 225 corporali
591 199 602 219 ι
618 197 669 218 nec
694 189 720 217 id
753 190 853 223 solum.
893 197 986 217 verum

1046 191 1087 217 νῦν
1101 191 1230 226 χορτάζει
1244 190 1355 221 τούτους
1374 190 1421 216 καὶ
1442 189 1614 225 σωματικῆς.
1631 189 1687 217 Καὶ
1699 190 1729 216 οὐ
1745 191 1832 218 ταῦτα

198 238 280 264 etiam
295 237 378 263 multa
397 236 475 263 decet
492 243 548 263 eos.
566 235 607 263 Ab
619 235 744 263 accubitu
768 235 879 270 quidem
903 242 985 269 super

198 289 320 317 gramen,
333 280 416 308 animi
429 280 600 308 modestiam.
616 280 659 308 Ab‘
672 288 706 308 eo
720 281 790 316 quod
806 280 874 307 nihil
888 284 986 315 praeter

198 335 282 362 panes
314 331 342 354 ct
369 326 459 361 pisces
483 327 627 361 przeberet,
649 327 872 362 temperantiam.
893 326 933 352 Ab
953 333 986 353 eo

197 379 262 399 vero
301 371 374 406 quod
411 371 539 398 omnibus
575 371 633 406 pari
669 372 750 398 modo
798 370 985 402 distribueret,

196 419 360 452 tiquitatem.

237 464 313 492 Vers.
327 463 371 491 ‘20.
392 463 427 489 Et
445 478 478 484 -—
500 463 632 497 cophinos.
653 462 781 497 Quinque
812 469 896 498 panes
919 469 987 497 quos

196 509 314 545 fregerat
338 509 413 537 dedit
433 518 440 536 :
467 509 565 536 horum
595 514 686 536 autem
706 508 858 544 fragmenta
887 509 914 535 in
930 516 988 535 tna-

196 556 279 583 nibus
303 555 499 591 discipulorum
529 563 600 583 noro
617 555 748 583 miraculo
776 554 986 590 multiplicabat.

197 602 289 637 Neque
304 602 376 629 enim
390 602 477 630 solum
504 602 616 629 fuerunt
632 602 698 629 satis
722 601 809 629 donec
844 601 989 628 satiaretur

197 648 324 684 populus,
353 649 400 675 sed
417 652 446 675 et
464 647 688 675 diﬂ‘undebantur
710 647 798 674 donec
821 650 986 681 superesset;

197 696 363 728 superesset,
378 693 500 727 inquam,
515 692 547 719 ad
569 691 711 719 duodecim
729 691 823 726 plenos
844 689 987 724 cophinos.

198 740 325 767 utetiam
352 739 496 767 duodecim
520 739 639 774 apostoli
669 745 736 766 suos
763 737 920 772 perferrent
941 743 987 762 co-

198 786 305 820 phinos,
328 791 356 813 et
370 786 442 813 sicut
465 793 563 813 manus
584 785 621 812 ita
647 790 674 812 et
699 783 830 811 humeros
855 782 989 810 haberem

199 831 338 858 ministros
361 838 393 858 ac
420 834 506 858 testes
536 829 694 866 hujusmodi
719 827 855 857 miraculi.
873 827 989 859 Marcus

198 857 263 904 vero
286 857 516 913 dixritw”,ﬁquoid
538 857 616 904 rddas
638 857 748 911 quoque
774 857 876 910 pisces
894 872 989 901 divisit
1006 857 1026 885 Β

196 923 246 955 eis,
279 928 307 950 et
335 923 408 959 quod
444 923 526 951 etiam
561 923 595 950 ab
637 921 689 949 illis
725 920 896 948 sustulerunt
928 926 989 954 quae

195 969 401 1004 superfuerant.

232 1014 309 1042 Vers.
326 1014 371 1042 2].
388 1015 441 1047 Qui
458 1019 545 1042 autem
564 1029 596 1034 —
616 1022 722 1050 pueros.
742 1013 798 1041 lloc
812 1017 840 1040 et
856 1019 987 1048 augmen-

197 1065 254 1087 tum
270 1064 312 1087 est
330 1060 466 1091 miraculi.
482 1064 510 1088 et
536 1060 595 1087 laus
620 1059 778 1091 turbarum,
804 1058 877 1093 quod
906 1057 987 1085 etiam

197 1114 259 1133 cum
277 1106 413 1134 uxoribus
430 1111 457 1133 et
472 1106 565 1141 pueris
593 1104 760 1133 assidebam.
784 1103 818 1130 Et
839 1103 902 1138 quia
926 1109 987 1130 cum

197 1155 252 1178 tota
272 1150 372 1179 Familia
395 1151 592 1186 sequebantur,
609 1157 670 1178 cum
697 1154 752 1177 tota
779 1149 860 1177 ctiam
884 1147 988 1176 familia

197 1197 322 1225 beneﬁcii
347 1197 466 1225 fructum
483 1201 675 1232 perceperunt.

231 1253 308 1282 CAP.
332 1253 439 1281 XXVII.
477 1253 516 1282 De
559 1253 738 1283 atnbulatioue
781 1252 877 1280 Citriin
912 1260 989 1287 “(per

547 1297 631 1316 mare.

231 1334 307 1361 Vers.
335 1333 381 1361 22.
412 1332 559 1367 Statimque
577 1346 612 1352 -—-
635 1333 740 1359 turbas.
767 1332 835 1360 Cum
863 1332 898 1358 ab
930 1332 989 1366 ipso

197 1378 312 1405 distrahi
331 1378 444 1409 nollent,
464 1378 596 1412 compulit
620 1377 680 1405 illos
699 1377 724 1404 in
752 1377 890 1412 navigium
917 1384 987 1403 cott-

196 1423 340 1456 scendere,
361 1429 388 1450 et
408 1423 563 1458 praecedere
597 1423 623 1450 in
663 1423 824 1450 ulterionem
864 1427 988 1457 partem;

196 1470 250 1497 hoe
263 1469 372 1504 quidem
387 1472 529 1504 praetextu,
555 1473 586 1496 ut
612 1469 670 1504 ipse
698 1468 809 1496 relictus
840 1467 990 1495 dimitteret

1040 236 1134 270 μόνον,
1150 235 1218 263 ἀλλὰ
1249 235 1373 262 παιδεύει
1398 235 1498 267 αὐτοὺς
1523 235 1609 263 πολλά
1625 243 1633 251 ⁸
1648 235 1703 262 ἀπὸ
1721 236 1770 270 μὲν
1781 236 1832 272 τῆς

1038 281 1083 306 ἐπὶ
1120 280 1159 316 τῷ
1199 281 1287 316 χόρτῳ
1332 280 1522 312 κατακλίσεως
1565 280 1831 316 ταπεινοφροσύνην,

1038 326 1092 353 ἀπὸ
1106 326 1134 353 δὲ
1143 325 1190 354 τοῦ
1204 326 1286 362 μηδὲν
1297 325 1379 353 πλέον
1399 326 1483 360 ἄρτου
1503 327 1550 353 καὶ
1563 326 1665 362 ίχῧύοξ
1680 328 1833 361 παρασχεῐν

1039 373 1221 409 ὲγκράτειανυ
1249 371 1304 400 ἀπὸ
1322 372 1350 399 δὲ
1382 372 1430 399 τοῦ
1449 373 1518 400 πᾶσι
1548 373 1584 400 τὰ
1603 373 1674 401 αὐτὰ
1695 373 1832 409 διανεῖμαι

1040 419 1162 454 ἰσότητα.

1073 463 1129 493 Καὶ
1142 478 1176 483 —
1189 463 1315 498 πλήρεις
1330 463 1398 499 (6³5).
1413 463 1483 495 Τούς
1497 462 1578 489 πέντε
1599 462 1700 501 ἄρτους
1715 463 1832 496 κλάσας,

1038 508 1133 541 ἔδωκε,
1149 509 1183 536 τὰ
1199 509 1348 544 κλάσματα
1362 509 1391 536 δὲ
1416 508 1520 536 τούτων
1547 509 1575 536 ἐν
1595 510 1657 541 ταῖς
1682 510 1762 545 χερσὶ
1777 509 1834 536 τῶν

1041 555 1172 590 μαθητῶν
1190 555 1379 591 ὲπληθύνοντο
1392 564 1398 572 ·
1431 556 1480 582 καὶ
1500 555 1531 582 τὸ
1554 555 1649 590 θαῦμα
1676 554 1763 588 ξένον.
1776 556 1834 591 Οὐχ

1041 600 1136 627 ἵστατο
1165 601 1219 636 γὰρ
1251 601 1332 637 μέχρι
1359 600 1406 628 τοῦ
1420 600 1586 637 κορεσθῆναι
1610 601 1656 628 τὸν
1671 601 1748 634 λαὸν,
1764 601 1834 629 ἀλλὰ

1040 646 1089 673 καὶ
1104 648 1144 677 είς
1165 646 1195 673 τὸ
1210 647 1386 682 περισσεύειν
1404 647 1535 682 ἐξεχεῖτο,
1556 647 1604 673 καὶ
1618 646 1648 672 τδ
1667 646 1722 682 (66)
1736 655 1835 682 περισ-

1040 691 1118 718 σεῦον
1138 691 1243 719 δώδεκα
1260 692 1366 727 κόφινοι
1383 693 1527 728 γέμοντες,
1547 692 1593 719 ἴνα
1617 692 1666 719 καὶ
1690 693 1714 718 οί
1730 692 1835 719 δώδεκα

1040 738 1186 765 ἀπόστολοι
1214 738 1418 765 διαδαστάσωσι
1447 738 1502 774 (67)
1525 738 1590 770 τοὺς
1611 737 1758 771 κοφίνους,
1789 739 1835 765 καὶ

1040 784 1134 820 ὥσπερ
1159 784 1210 816 τὰς
1237 786 1342 820 χεῖρας,
1359 784 1433 811 οὕτω
1465 784 1594 815 καὶτοὺς
1620 784 1714 819 ὠμούς
1743 784 1835 818 ἕξουσι

1040 830 1181 862 διακόνους
1194 831 1242 858 καὶ
1259 831 1405 866 μάρτυρας
1422 830 1470 857 τοῦ
1485 831 1608 857 τοιούτου
1627 831 1776 865 θαύματος.
1806 830 1835 857 '0

1040 876 1068 903 δὲ
1085 875 1196 911 Μάρκος
1221 873 1310 909 εἶπεν,
1326 876 1369 902 ὃτι
1384 875 1433 902 καὶ
1460 876 1523 907 τοὺς
1548 875 1595 903 δύο
1621 875 1717 911 ῐχούας
1741 876 1826 911 ὲμέρι

1041 932 1087 950 σεν
1104 922 1208 956 αὐτοῖς,
1227 923 1274 950 καὶ
1289 923 1331 950 ὅτι
1350 923 1399 950 καὶ
1416 923 1448 950 ἐκ
1466 922 1572 950 τούτων
1599 920 1672 958 ἦραν
1688 923 1834 958 περισσεύ·

1041 978 1126 1005 ματα.

1077 1019 1110 1045 οί
1127 1017 1160 1044 δὲ
1174 1016 1358 1044 -παιδίων,
1384 1015 1470 1043 Τοῦτο
1487 1016 1535 1044 καὶ
1560 1015 1675 1051 αὔξησίς
1698 1017 1757 1043 ἐστι
1785 1014 1835 1042 τοῦ

1040 1062 1201 1099 θαύματος,
1237 1062 1366 1089 καὶτῶν
1402 1062 1491 1097 ὄχλων
1524 1062 1659 1096 ἔπαινος,
1694 1063 1736 1089 ὅτι
1766 1063 1835 1097 μετᾶ

1041 1108 1179 1142 γυναικῶν
1210 1109 1257 1135 καὶ
1276 1108 1391 1135 παιδίων
1416 1108 1616 1144 προσήδρευον.
1645 1109 1702 1135 Καὶ
1717 1117 1724 1123 ·
1739 1108 1834 1143 ἐπειδὴ

1041 1154 1153 1180 πανοικὶ
1178 1153 1363 1190 παρέμειναν,
1390 1154 1504 1180 πανοικὶ
1531 1153 1579 1180 καὶ
1605 1152 1654 1188 τῆς
1672 1152 1835 1188 εὐεργεσίας

1040 1200 1212 1234 ἀπήλαυσαν.

1076 1256 1159 1284 ΚΕΦ.
1175 1257 1240 1285 ΚΖ’,
1254 1257 1323 1291 Περὶ
1339 1255 1392 1284 τοῦ
1408 1256 1444 1283 ἐν
1457 1256 1602 1291 θαλάσσῃ
1619 1255 1796 1290 περιπάτου.

1078 1335 1133 1362 Καὶ
1155 1335 1265 1368 εὐθέως
1280 1349 1314 1355 --
1330 1335 1452 1369 ὄχλους.
1480 1335 1526 1370 Μὴ
1558 1335 1742 1370 βουλομένους
1766 1343 1834 1362 απο-

1042 1380 1200 1416 σπασθῆναι
1229 1381 1327 1414 αὐτοῦ,
1354 1380 1514 1415 ἠνάγκασεν
1538 1380 1639 1412 αὐτοὺς
1653 1381 1772 1416 ἐμϐῆναι
1793 1382 1834 1413 είς

1040 1427 1071 1453 τὸ
1082 1427 1172 1454 πλοῖον
1194 1426 1242 1453 καὶ
1257 1428 1400 1462 προάγειν,
1421 1427 1481 1462 ἦτοι
1507 1426 1721 1462 προλαμϐάνειν
1750 1427 1833 1454 αὑτὸν

1047 1474 1087 1505 είς
1103 1474 1133 1500 τὸ
1149 1474 1236 1509 πέραν
1256 1473 1337 1509 μέρος
1349 1482 1357 1489 ·
1380 1474 1517 1510 προφάσει
1530 1474 1593 1508 μὲν,
1610 1474 1655 1500 ἵνα
1669 1473 1752 1509 αὐτὸς
1767 1473 1833 1501 ὑπο·

198 1516 312 1549 turbas;
338 1515 365 1542 in
395 1515 511 1542 veritate
543 1519 655 1545 autem.
682 1519 712 1541 ut
741 1522 833 1541 secum
856 1514 987 1542 habentes

1046 1520 1161 1555 λειφθεὶς
1186 1520 1309 1555 ἀπολύσῃ
1323 1520 1385 1552 τοὺς
1401 1519 1511 1555 όχλους.
1535 1521 1570 1556 τῇ
1595 1520 1618 1547 δ’
1631 1521 1758 1556 ἀληθείᾳ,
1778 1520 1832 1553 ἶνα,

197 1561 412 1598 fragmentorum
436 1561 581 1597 cophims,
607 1568 656 1596 per
684 1560 771 1589 otium
797 1561 911 1589 absente
942 1561 988 1588 illo

197 1607 305 1634 curiose
316 1606 466 1642 fragmenta
473 1607 691 1639 sciscitarentur,
705 1614 737 1633 ac
747 1606 987 1639 confirmarentur,

197 1653 269 1687 quod
299 1660 354 1679 non
381 1653 551 1688 phantastice
586 1652 687 1680 factum
713 1658 787 1680 esset
813 1653 986 1680 miraculum.

197 1699 265 1726 Nam
287 1703 314 1726 et
342 1702 453 1734 propter
484 1699 536 1726 hoc
559 1697 767 1733 superfuerant,
793 1703 821 1726 et
845 1698 988 1733 oportebat

197 1744 346 1779 discipulos
365 1744 399 1771 de
421 1752 452 1771 ea
469 1752 498 1772 re
519 1745 650 1772 certiores
672 1744 729 1771 ﬁeri
758 1752 840 1778 supra
858 1749 985 1776 caeteros,

199 1795 291 1826 utpote
304 1790 350 1825 qui
374 1795 504 1825 tanquam
524 1797 685 1818 communes
715 1790 837 1817 omnium
866 1791 987 1825 magistri

197 1836 224 1862 in
240 1835 333 1862 orbem
357 1841 436 1862 erant
460 1835 618 1871 ingressuri.
640 1834 673 1862 Et
695 1835 753 1862 btec
791 1835 905 1870 quidem
933 1844 984 1863 una

196 1889 277 1909 causa
293 1886 335 1908 est
351 1889 400 1908 cur
416 1881 564 1916 discipulos
581 1881 756 1917 praemiserit.

232 1927 325 1955 Altera
337 1935 412 1961 vero,
422 1927 485 1962 quia
499 1928 607 1955 volebat
621 1928 696 1955 solus
711 1928 739 1954 in
751 1932 871 1955 montem
891 1936 987 1956 ascen-

197 1973 272 2006 dere,
292 1979 372 2008 prout
387 1974 478 2001 statim
496 1974 681 2009 subjungitur,
703 1973 805 2001 docens
831 1974 895 2001 hinc
916 1975 987 2009 quod

197 2027 285 2055 neque
315 2025 439 2055 oporteat
459 2021 592 2048 continue
628 2019 796 2047 multitudini
827 2019 986 2055 immisceri,

197 2072 287 2100 neque
300 2073 408 2101 semper
423 2065 518 2101 fugere
533 2066 735 2094 multitudinem
749 2075 755 2093 :
776 2067 823 2096 sed
842 2071 987 2102 utrumque

198 2111 302 2138 utiliter
315 2111 432 2139 eliicere.
447 2111 506 2139 Jam
527 2112 617 2147 itaque
641 2116 668 2140 et
686 2121 735 2141 nos
757 2115 859 2142 relictis
875 2113 988 2142 urbibus

196 2164 346 2192 earumque
376 2157 611 2190 dictractionibus,
628 2159 733 2193 pedites
764 2168 795 2187 ac
818 2160 892 2187 leves
906 2159 986 2187 Chri-

1043 1566 1103 1601 μεθ*
1117 1566 1223 1593 ἑαυτῶν
1234 1565 1341 1600 ἔχοντες
1358 1566 1422 1598 τοὺς
1437 1566 1564 1600 κοφίνους
1578 1566 1633 1594 τῶν
1648 1566 1832 1602 κλασμάτων,

1042 1612 1114 1639 κατὰ
1145 1610 1514 1648 axoi.i;v;d1:6vto;-qutoﬁ,
1535 1612 1775 1648 περιεργάσωνται
1799 1612 1834 1638 τὸ

1042 1658 1196 1694 κλάσματα,
1211 1660 1258 1686 καὶ
1272 1658 1471 1695 βεϐαιωθῶσιν,
1487 1658 1529 1684 ὅτι
1551 1658 1582 1684 οὐ
1596 1657 1667 1685 κατά
1679 1658 1833 1691 φαντασίαν

1041 1704 1071 1731 τὺ
1091 1705 1183 1741 θαῦμα
1203 1706 1312 1740 γέγονε.
1329 1705 1380 1732 Διὰ
1392 1704 1473 1732 τοῦτο
1489 1705 1602 1740 γὰρκαὶ
1614 1705 1831 1741 ἐπερίσσευσαν,

1042 1750 1089 1777 καὶ
1102 1750 1156 1777 ἔδει
1169 1751 1232 1782 τοὺς
1248 1750 1375 1786 μαθητὰς
1394 1750 1478 1778 αὐτοῦ
1496 1751 1745 1786 πληροφορηθῆναι
1761 1751 1832 1785 μᾶλ-

1041 1797 1105 1830 λον,
1126 1797 1175 1824 ac:
1197 1797 1305 1828 κοινοὺς
1334 1797 1511 1828 διδασκάλους
1542 1797 1582 1828 είς
1592 1797 1640 1833 τὴν
1666 1797 1833 1832 οἰκουμένην

1041 1843 1155 1870 εἰσιέναι
1176 1843 1233 1878 (68)
1269 1843 1426 1878 μέλλοντας.
1455 1843 1514 1871 Μία
1536 1843 1586 1878 μὲν
1607 1843 1677 1878 αὕτη
1693 1843 1767 1870 αἰτία
1784 1843 1833 1870 τοῦ

1043 1889 1204 1925 προπέμψαι
1225 1890 1288 1921 τοὺς
1304 1889 1426 1925 μαθητάς
1433 1908 1441 1917 .

1077 1934 1197 1969 Δευτέρα
1209 1934 1249 1967 δὲ,
1266 1935 1308 1961 ὅτι
1322 1934 1450 1961 ἐϐούλετο
1464 1935 1546 1969 μόνος
1562 1935 1604 1965 εις
1623 1934 1654 1961 to
1670 1934 1734 1970 όρος
1753 1935 1833 1961 ἀνελ-

1042 1980 1109 2013 Θείν,
1125 1980 1163 2013 ὡς
1179 1980 1378 2015 δηλωθήσεται,
1407 1980 1543 2006 διδάσκων
1566 1979 1704 2011 ἐντεῦθεν,
1718 1980 1759 2006 ὅτι
1778 1979 1833 2014 χρὴ

1043 2028 1113 2063 μήτε
1147 2027 1350 2062 ἀναμίγνυσθαι
1380 2026 1514 2062 διηνεκῶς
1545 2025 1585 2061 τῷ
1610 2025 1728 2061 πλήθει,
1762 2026 1832 2061 μήτε

1042 2074 1154 2108 φεύγειν
1180 2073 1224 2100 ἀεὶ
1252 2073 1281 2100 τὺ
1311 2072 1412 2107 πλῆθος
1427 2092 1434 2104 ,
1460 2072 1517 2099 ἀλλ’
1531 2072 1665 2106 ἑκάτερον
1689 2072 1833 2107 χρησίμως

1042 2121 1142 2147 ποιεῖν.
1161 2120 1261 2146 Λοιπὸν
1287 2116 1335 2145 οὖν
1351 2119 1397 2145 καὶ
1413 2119 1505 2153 ἡμεῖς,
1528 2118 1644 2152 ἀφέντες
1669 2118 1719 2150 τὰς
1739 2118 1834 2148 πόλεις

1043 2168 1090 2194 καὶ
1112 2167 1175 2197 τοὺς
1200 2166 1414 2202 περισπασμοὺς
1445 2166 1546 2196 αὐτῶν,
1572 2165 1650 2198 πεζοὶ
1671 2166 1718 2192 καὶ
1733 2165 1834 2199 κοῦφοι

197 2207 269 2228 slum
287 2208 445 2235 sequamur,
472 2201 505 2228 ad
532 2202 709 2229 solitudinem
725 2203 783 2230 sive
806 2204 926 2238 quietem
961 2207 987 2230 et

1046 2212 1078 2247 τῷ
1098 2211 1209 2247 Χριστῷ
1226 2199 1508 2246 κατακολουθὴσωμεν
1521 2211 1562 2242 είς
1588 2211 1718 2246 ἐρημίαν,
1741 2211 1831 2238 εῐτουν

197 2247 336 2275 silentium
365 2256 397 2275 ac
428 2249 513 2275 otium
537 2249 695 2280 abeuntem.
721 2249 800 2284 eique
828 2250 990 2277 assistamus

198 2294 326 2320 salutaria
357 2294 478 2324 docenti.
494 2299 524 2321 ut
546 2295 724 2323 aﬂ'ectionum
738 2296 904 2325 abstinentia
916 2297 988 2331 jeju-

199 2344 303 2373 uantes,
319 2340 409 2367 divina
424 2341 509 2376 gratia
527 2341 690 2376 repleamur.

233 2440 309 2467 Vers.
328 2440 373 2467 25.
404 2441 523 2471 Cumque
550 2441 691 2469 dimisisset
722 2457 755 2461 —
790 2441 822 2468 ν.
851 2442 895 2470 24.
923 2443 987 2474 illic.

198 2487 285 2520 Aptus
299 2491 339 2514 cst
352 2487 426 2514 enim
439 2494 518 2515 mons
533 2489 567 2515 ad
589 2488 740 2515 orationem
756 2497 762 2515 :
791 2496 842 2515 uox
856 2494 988 2524 prmterea

200 2537 227 2558 ct
252 2532 370 2559 solitudo
390 2532 529 2559 silentium
546 2542 577 2559 nc
603 2533 838 2562 indistractionem
853 2535 986 2570 praebent,

199 2583 227 2604 et
241 2578 457 2605 immobilitatcm
476 2577 503 2605 in
519 2580 653 2607 oratione.

249 2635 272 2651 “
284 2635 368 2663 Marc.
383 2645 420 2668 Vl,
435 2636 479 2669 41,
495 2638 541 2665 45.

1040 2258 1159 2293 ἠρεμίαν
1186 2258 1234 2284 καὶ
1265 2257 1383 2293 ἡσυχίαν
1409 2257 1554 2290 ὑπάγοντι,
1584 2258 1631 2284 καὶ
1654 2257 1834 2292 παραμείνω-

1041 2312 1091 2340 μεν
1108 2302 1194 2338 αὐτῷ,
1207 2302 1369 2330 διδάσκοντι
1385 2302 1420 2329 τὰ
1436 2303 1568 2337 σωτήρια,
1591 2302 1645 2334 ἵνα,
1664 2302 1833 2338 νηστεύσαν-

1038 2358 1085 2381 τες
1101 2350 1135 2385 τῇ
1156 2349 1245 2385 ἀποχῇ
1272 2349 1326 2375 τῶν
1344 2347 1451 2381 παθῶν,
1468 2347 1672 2383 ἐμπλησθῶμεν
1689 2348 1739 2383 τῆς
1752 2347 1830 2380 θείας

1038 2399 1149 2432 χάριτος
1631 2424 1633 2426 ,

1081 2443 1133 2470 Kal
1157 2442 1318 2475 ἀπολύσας
1341 2457 1377 2463 -—
1408 2440 1480 2468 ἐκεῖ.
1520 2439 1665 2474 Χρήσιμον
1694 2439 1748 2474 γὰρ
1772 2439 1836 2471 ταῖς

1043 2489 1209 2524 προσευχαῖς
1229 2487 1318 2514 καὶτὸ
1329 2487 1415 2523 ὅρος,⁸
1442 2487 1516 2522 καὶὴ
1532 2485 1590 2517 νὺξ.
1606 2486 1652 2512 καὶ
1667 2486 1683 2520 ἡ
1703 2486 1834 2522 μόνωσις,

1043 2535 1158 2570 ἡσυχίαν
1175 2534 1224 2561 καὶ
1243 2534 1274 2561 τὸ
1302 2534 1508 2569 ἀπερίσπαστον
1530 2532 1578 2559 καὶ
1605 2532 1726 2568 γαλήνην
1749 2533 1832 2567 παρέ-

1042 2590 1139 2618 χοντα.

790 2673 891 2703 Variae
903 2672 1056 2703 lectiones
1070 2674 1101 2702 et
1116 2674 1210 2702 nolle.

235 2737 291 2771 (65)
310 2737 426 2772 Πλήρεις
438 2745 492 2764 non
507 2737 640 2772 expressit
656 2736 814 2765 llentenius.
831 2737 913 2765 Forte
922 2737 988 2765 dee-

198 2777 239 2798 I‘Jl
256 2773 283 2799 in
301 2771 361 2804 eius
376 2772 481 2800 codice.

234 2807 290 2838 (66)
310 2807 391 2834 Forte
407 2807 559 2835 llentcnius
581 2808 661 2843 legit,
688 2808 735 2835 ml
758 2808 788 2835 τὸ
814 2808 987 2843 περισσεύειν

198 2842 299 2868 δώδεκα
316 2843 441 2875 κοφίιους
456 2843 599 2876 γέμοντας.

1079 2737 1135 2771 (67)
1151 2736 1334 2770 Διαστάσωσι,
1354 2738 1385 2763 Α.

1079 2772 1134 2806 (68)
1153 2772 1191 2799 lta
1207 2780 1315 2807 quoque
1332 2773 1466 2807 interpres
1481 2771 1594 2806 reperit.
1608 2771 1637 2800 lu
1651 2776 1770 2799 mentem
1787 2776 1830 2799 ta-

1043 2816 1104 2835 mcn
1119 2808 1245 2843 cuiquam
1263 2808 1356 2836 venire
1371 2807 1455 2844 possit
1467 2807 1579 2841 ἐξιέναι.
