1937 3072
127 154 181 186 429

555 154 750 185 COMMENT.
771 153 809 183 ην
833 150 1070 182 MATTH/EUM.
1086 163 1119 168 —
1140 151 1222 182 CAP.
1242 153 1320 183 XIV.

1703 151 1755 183 430

128 212 216 248 χσίας,
235 211 279 238 ἵνα
296 211 481 247 μοιχευομένη
510 211 631 247 λανθάνῃ
656 211 719 242 τοὺς
745 210 806 237 τότε
825 209 915 244 μόνον’
933 231 935 237 ,

986 207 1068 236 ccidit
1078 208 1186 243 quidem
1200 208 1324 236 adulterii
1340 209 1542 242 insectatorem,
1553 213 1583 236 ut
1593 208 1756 237 adulterium

127 256 263 284 ἀνελοῦσα
281 256 310 282 δὲ
326 256 420 288 αὐτὸν,
434 256 464 282 οὗ
484 257 565 291 μόνον
589 257 640 283 οὐκ
662 256 758 284 ἔλαθεν
785 255 918 286 ἐκείνους,

128 302 200 328 ἀλλὰ
229 301 278 329 καὶ
307 303 364 333 τοῖς
388 301 634 337 μεταγενεστέροις
659 300 854 337 ὲδημοσιεύθη,
873 300 921 327 καὶ

129 348 214 384 μέχρι
237 347 341 380 παντὸς
356 349 386 375 ὲν
400 348 455 383 ὅλῳ
473 348 512 383 τῷ
528 348 624 384 κόσμῳ
644 347 848 383 δημοσιεύεται.

164 440 370 468 Kal—mito.
396 440 425 468 '0
451 440 479 467 δὲ
508 440 623 475 Μάρκος
653 439 683 465 τὸ
711 439 812 474 πτῶμα
836 437 919 464 αὑτοῦ

129 495 210 523 φησι,
227 488 329 521 πτῶμα
348 487 379 513 τδ
405 486 485 522 σῶμα
499 486 631 518 καλέσας,
648 486 691 513 διὰ
716 485 746 511 τὸ
770 486 865 511 πεσεῖν
880 485 920 516 εἰς

129 534 229 569 ἔδαφος
259 534 329 569 μετὰ
342 533 391 569 τὴν
409 534 530 569 ἐκτομὴν
545 533 597 568 τῆς
613 533 744 568 κεφαλῆς.

167 621 221 648 Kal
239 636 273 642 —
292 620 406 655 Ἰησοῦ.
427 620 529 648 Λοιπὸν
552 619 754 655 ἐνδεικνύμενοι
781 619 832 653 τὴν
852 619 922 654 πρὸς

129 668 213 695 αὐτὸν
241 667 360 694 εὔνοιαν·
382 667 491 702 ἔκαμψε
504 667 558 701 γὰο
570 667 668 698 αὐτοὺς
693 666 795 701 μᾶλλον
815 666 833 701 ἡ
851 674 919 692 σου.-

129 714 211 750 φορά.

166 759 222 787 Kal
237 776 271 780 -—
283 759 431 787 κατιδίαν.
460 759 605 792 Ἀκούσας,
620 759 661 786 ὅτι
683 759 804 795 ἀνῃρέθη
821 760 835 786 ό
863 759 920 785 Ίω-

131 807 226 842 άννηςο
240 807 289 833 καὶ
304 806 358 841 γὰρ
374 806 432 838 καὶ,
451 806 495 832 ὅτε
513 806 640 841 ἤκουσεν,
656 806 697 833 ὃτι
714 805 852 840 παρεδόθη
881 806 921 837 εἰς

129 854 161 880 τὸ
171 853 371 888 δεσμωτήριον,
382 851 552 887 ἀνεχώρησεν
562 851 596 878 δι’
608 852 641 888 ἣν
654 852 682 878 δὲ
694 851 794 884 αίτίαν,
805 851 865 886 είρή
871 859 920 877 κα.

133 908 183 934 μεν
201 900 230 926 ὲν
243 899 283 934 τῷ
297 899 382 935 τρίτῳ
399 898 552 934 κεφαλαίῳ·
573 899 620 925 καὶ
636 898 680 925 ἵνα
696 898 803 933 φυλάξῃ
826 897 922 924 ἑαυτὸν

131 947 173 978 εἰς
191 947 237 973 τὸν
252 946 392 982 πρέποντα
409 944 456 972 τοῦ
474 945 592 979 σταυροῦ
612 945 717 980 καιρόν.

169 993 247 1024 Τινὲς
261 992 290 1019 δὲ
306 992 517 1028 ἑρμηνεύουσιν,
540 992 580 1019 ὅτι
605 991 738 1023 ἀκούσας,
758 991 799 1018 ὅτι
836 999 922 1026 προσ-

134 1039 265 1075 εδόκησεν
283 1039 314 1065 Ἦ
320 1038 408 1075 ρὼδης
418 1039 463 1066 τὸν
483 1038 612 1074 Ἰωάννην
620 1038 702 1065 αὐτὸν
715 1035 796 1066 εἶναι.
806 1038 860 1065 Καὶ
869 1037 922 1073 γὰρ

133 1088 184 1122 τὴν
199 1086 341 1122 ἀναίρεσιν
356 1085 440 1113 αὑτοῦ
454 1085 527 1114 κατὰ
539 1085 595 1121 (57)
611 1085 790 1121 παρενθήκην
819 1093 926 1120 μνημο-

137 1134 267 1169 νευθῆναι
285 1132 344 1167 νῦν,
363 1134 411 1160 καὶ
425 1132 621 1169 περατωθῆναι
649 1132 730 1168 μέχρι
750 1131 796 1158 τοῦ
823 1131 925 1167 παρόν-

134 1189 181 1213 τος
198 1180 282 1216 ῥητοῦ
300 1179 347 1216 τὴν
358 1180 486 1216 διήγησιν
503 1179 598 1215 αὑτῆς·
611 1176 672 1205 εἶτα
685 1178 768 1206 πάλιν
784 1178 924 1204 ἀποκατα-

137 1226 237 1261 στῆναι
271 1225 317 1252 τδν
344 1225 424 1260 λόγον
453 1226 494 1257 είς
519 1225 569 1261 τὴν
593 1224 730 1260 προτέραν
762 1223 924 1250 ἀκολουθίαν

135 1271 231 1299 αὑτοῦ.

173 1318 254 1350 Είκδς
271 1317 299 1345 δὲ
315 1318 397 1345 αὑτὸν
413 1316 530 1346 ἀκοῦσαι
547 1317 593 1344 καὶ
616 1316 761 1352 ἀμφύτερα
785 1315 856 1342 κατὰ
881 1315 926 1341 τὸν

135 1364 290 1399 τηνικαῦτα
316 1364 422 1399 καιρὸν,
447 1363 494 1390 καὶ
520 1363 701 1398 ὑποχωρῆσαι
722 1361 924 1396 δι’ἀμφότερα.

136 1410 195 1437 Καὶ
223 1410 276 1445 γὰρ
294 1411 341 1438 καὶ
360 1410 458 1446 τρίτην
474 1410 567 1436 αἰτίαν
593 1409 644 1444 τῆς
667 1407 796 1443 τοιαύτης
817 1408 926 1442 ἀναχω-

138 1456 244 1490 ρήσεως
258 1456 272 1482 ὁ
291 1456 405 1492 Μάρκος
424 1455 561 1491 ἱστόρησε,
576 1455 606 1481 τὸ
617 1453 761 1490 βούλεσθαι
776 1451 926 1480 διαναπαῦ-

137 1509 184 1527 σαι
214 1501 278 1533 τοὺς
311 1501 447 1537 μαθητὰς,
466 1500 691 1536 ὑποστρέψαντας
711 1499 765 1526 ἀπὸ
794 1499 842 1525 τοῦ
875 1508 927 1534 κη-

139 1546 292 1582 ρύγματος·
310 1547 406 1582 εἴρηκε
430 1546 484 1581 γὰρ
504 1546 600 1577 οὕτως
615 1546 670 1573 Kal
696 1543 880 1579 συνάγονται
902 1545 928 1570 ol
943 1553 964 1580 (ζ

137 1593 305 1620 ἀπόστολοι
327 1593 402 1628 πρὸς
427 1593 481 1619 τὸν
501 1591 635 1625 Ἰησοῦν,
662 1590 712 1618 καὶ
740 1590 927 1624 ἀπήγγειλαν

138 1638 220 1670 αὐτῷ
234 1638 344 1671 πάντα,
361 1639 409 1665 καὶ
424 1639 482 1665 ὅσα
494 1638 653 1672 ἐποίησαν,
675 1635 726 1663 καί
747 1636 806 1663 ὅσα
827 1635 926 1662 ἐδίδα-

140 1685 210 1718 ξαν.
236 1685 293 1712 Kal
307 1683 394 1713 εἶπεν
409 1685 520 1717 αὐτοῖς’
537 1685 636 1717 Δεῦτε,
654 1683 739 1718 ὑμεῖς
757 1682 842 1709 αὐτοὶ
859 1681 926 1718 (58),

138 1730 204 1757 κατ’
231 1731 312 1758 ἰδίαν
332 1731 375 1764 εὶς
393 1731 507 1765 ἔρημον
531 1730 636 1762 τόπον,
658 1729 708 1756 καί
735 1729 928 1756 ἀναπαύεσθε

137 1775 254 1810 ὀλίγον.
267 1773 369 1803 Ἦσαν
383 1776 438 1810 γὰρ
450 1776 477 1802 ol
488 1775 644 1808 ἐρχόμενοι
657 1774 708 1801 καὶ
720 1775 747 1800 οἱ
760 1772 928 1808 ὑπάγοντες

140 1822 267 1849 πολλοί·
284 1822 335 1849 καὶ
370 1822 442 1850 οὐδὲ
469 1821 577 1857 φαγεῖν
603 1821 775 1855 εὐκαίρουν.
797 1820 852 1847 Kal
872 1820 928 1847 ἀπ-

138 1866 234 1902 ῆλθεν
243 1869 286 1901 sic
299 1868 512 1903 ἔρημον-τόπον
521 1865 560 1899 τῷ
568 1867 662 1898 πλοίῳ
673 1864 820 1893 mutatur.
835 1864 928 1890 Ταῦτα

140 1915 192 1949 μὲν
206 1911 254 1941 οὖν
274 1915 287 1941 ό
310 1915 435 1949 Μάρκος.

176 1961 363 1997 Παραπλήσια
379 1960 510 1995 δὲ,λέγων
531 1960 578 1987 καὶ
592 1961 605 1986 ό
620 1960 739 1992 Λουκᾶς,
763 1958 928 1994 προστίθησι

139 2007 189 2034 καὶ
202 2007 348 2043 γνώρισμα
360 2006 409 2041 τῆς
421 2007 536 2042 ἐρήμου.
552 2007 622 2040 Φησὶ
632 2005 698 2040 γὰρ,
712 2005 753 2032 ὅτι
771 2004 825 2032 Kal
836 2011 930 2040 παρα-

139 2053 243 2080 λαϐὼν
262 2053 385 2085 αὐτοὺς,
401 2053 581 2086 ὑπεχώρησε
600 2051 736 2078 κατιὸίαν
751 2051 795 2083 εἰς
818 2050 930 2084 ἔρημον

140 2100 248 2132 τόπον,
275 2099 392 2131 πόλεως
417 2097 608 2132 καλουμένης
633 2095 799 2130 Βηθσαῖδᾶ.
817 2096 877 2131 Χρὴ
902 2095 930 2121 δὲ

141 2145 301 2180 γινώσκειν,
329 2145 372 2171 ὅτι
409 2143 658 2180 ἀνθρωποπρεπῶς
686 2144 700 2169 ὁ
732 2142 850 2178 Χριστὸς
885 2142 931 2168 καὶ

141 2192 249 2224 ἀκούει,
276 2192 325 2218 καὶ
346 2192 494 2226 ἀναχωρεῖ,
511 2191 559 2218 καὶ
583 2191 722 2226 οἰκονομεῖ
740 2190 775 2216 τὰ
788 2190 850 2216 καθ’
865 2189 928 2215 ἐαυ-

141 2239 199 2266 τόν.
221 2238 266 2270 Ὣς
293 2238 349 2273 γὰρ
366 2238 444 2271 Θεὸς,
471 2238 520 2264 καὶ
541 2237 676 2272 ἐγίνωσκε
695 2237 795 2269 πάντα,
813 2236 860 2262 καὶ
881 2235 931 2261 οὐκ

141 2287 229 2314 ἐδεῖτο
251 2288 351 2322 φυγῆς.

177 2334 234 2361 Kal
251 2349 284 2355 --
299 2335 428 2361 πόλεων.
451 2333 481 2358 '0
499 2332 527 2358 δὲ
555 2332 670 2366 Μάρκος
700 2331 794 2365 φησὶν,
814 2331 855 2357 ὅτι
883 2329 932 2356 καὶ

143 2377 216 2406 εἶδον
250 2380 350 2411 αὐτοὺς
393 2379 562 2413 ὑπάγοντας.
591 2377 672 2409 Τινὲς
696 2377 745 2412 μὲν
773 2377 826 2412 γὰρ
863 2374 932 2402 εἶδον

142 2426 255 2458 αὐτοὺς,
276 2425 349 2457 τινὲς
364 2425 393 2452 δὲ
408 2425 530 2461 ἥκουσαν
551 2424 630 2450 τοῦτο
646 2424 721 2459 παρὰ
740 2424 794 2450 τῶν
811 2423 931 2455 ἰδόντων,

143 2470 192 2499 καὶ
207 2471 386 2498 ἀκολουθοῦσι
416 2472 485 2507 πεζῇ
507 2472 619 2503 πάντες.
636 2470 764 2497 ’τοιοῦτον
788 2471 842 2504 γάρ
871 2472 930 2496 ἐστι

143 2520 238 2551 πόθον
259 2521 314 2547 πᾶν
329 2519 458 2554 ἐμπόδιον
481 2519 669 2553 διακρούεται.

199 2623 222 2638 ³³
233 2622 316 2650 Marc.
330 2630 368 2655 v1,
382 2621 427 2649 99.
484 2621 506 2636 ³⁵
518 2620 600 2647 Marc.
613 2629 649 2653 τι,
663 2620 708 2652 50,
722 2620 764 2646 5‘2.

823 2619 843 2635 ³⁸
866 2619 930 2646 Luc.
944 2627 980 2652 Ix,
999 2619 1040 2645 lt).

971 254 1157 286 committens,
1173 254 1282 290 eosqui
1305 259 1369 283 tunc
1392 259 1471 282 erant
1492 255 1589 282 lateret
1606 264 1613 288 ;
1634 255 1681 282 sed
1696 256 1758 290 quia

972 299 1061 334 ipsum
1077 300 1186 333 ccctdit,
1203 308 1257 327 non
1277 301 1364 328 solum
1383 301 1444 328 illos
1471 309 1526 328 non
1545 301 1635 333 latuit,
1664 309 1757 329 verum

971 345 1052 372 etiam
1066 345 1184 380 posteris
1200 346 1369 380 publicatum
1388 351 1429 374 est
1449 355 1455 372 :
1479 354 1641 381 semperque
1653 346 1680 373 in
1697 346 1760 373 uni-

974 399 1051 418 rerso
1066 391 1167 419 mundo
1189 392 1353 426 publicatur.

1009 438 1084 465 Vers.
1105 438 1148 464 12.
1164 437 1196 464 Et
1213 453 1246 459 -
1261 438 1338 465 illud.
1375 439 1481 467 Marcus
1511 444 1602 468 autent
1640 440 1706 468 dicit
1727 441 1760 473 ",

972 483 1045 518 quod
1061 483 1183 511 tulerunt
1199 484 1299 519 πτῶμα
1316 485 1394 519 ejus:
1415 485 1522 513 vocavit
1536 490 1627 513 autem
1662 494 1761 522 corpus

972 528 1032 563 ejus
1057 528 1276 564 πτῶμαάπδτοῦ
1291 530 1393 562 πεσεῖν,
1409 530 1434 557 id
1460 535 1513 564 est,
1539 539 1554 558 a
1585 532 1708 560 cadendo
1735 533 1761 560 iu

973 575 1158 609 pavimentum
1173 579 1234 610 post
1253 576 1351 611 capitis
1363 577 1589 612 amputatiouem.

1009 622 1087 649 Vers.
1105 622 1146 649 l2.
1163 622 1201 649 Ac
1225 638 1261 644 —
1279 623 1353 650 Iesu.
1369 623 1427 651 Jam
1445 633 1507 660 erga
1537 625 1612 652 illum
1641 625 1762 653 benevo-

974 668 1083 695 lentiam
1103 669 1325 697 demonstrantes
1341 678 1348 696 :
1360 670 1446 706 magis
1458 671 1531 698 enim
1541 678 1587 698 eos
1599 671 1675 699 ﬂexit
1690 671 1746 699 cala
1755 685 1763 692 -

973 713 1060 741 initas.

1009 759 1086 787 V'ers.
1111 760 1153 788 l3.
1169 761 1286 795 Cumque
1304 762 1470 793 —’,teorsim.
1481 761 1548 789 Cum
1559 761 1678 790 audisset
1689 764 1762 791 oeci.

974 813 1033 832 sum
1049 813 1108 833 esse
1119 806 1251 833 Joannem
1262 815 1270 840 ;
1281 806 1415 842 siquidem
1430 807 1510 835 etiam
1525 816 1586 836 cum
1594 808 1698 836 audivit
1712 814 1764 836 tra-

973 851 1059 879 ditum
1072 859 1133 879 csse
1147 851 1174 879 in
1186 859 1323 880 carcerem
1337 853 1460 886 secessit,
1479 855 1556 889 cujus
1566 862 1674 882 causam
1685 855 1765 882 tertio

974 899 1062 934 capite
1082 898 1222 928 diximus:
1242 901 1312 935 quod
1322 900 1402 928 etiam
1420 900 1519 928 factum
1536 905 1587 935 est,
1605 906 1634 929 ut
1645 899 1764 937 seipsqu

975 945 1002 971 iu
1018 949 1123 980 tempus
1140 946 1258 980 passioui
1276 947 1442 974 conveniens
1468 952 1630 976 reservaret.

1010 990 1124 1023 Quidam
1150 996 1241 1019 autern
1276 992 1513 1028 interpretantur:
1539 993 1608 1021 Cum
1646 995 1766 1024 audisset

976 1037 1047 1072 quod
1066 1037 1188 1065 Herodes
1219 1037 1399 1065 arbitraretur
1422 1038 1498 1066 illum
1526 1047 1586 1067 esse
1614 1039 1764 1068 Joannem:

976 1084 1058 1119 hujus
1077 1091 1195 1119 namque
1211 1084 1430 1113 interfectionem
1446 1086 1540 1114 dicunt
1550 1095 1600 1122 per
1621 1087 1766 1123 interposi-

977 1129 1079 1156 tionem
1087 1137 1161 1157 nunc
1169 1129 1202 1156 ad
1219 1130 1376 1157 memoriam
1388 1137 1449 1158 esse
1465 1131 1618 1165 reductam,
1641 1133 1767 1168 illiusque

979 1176 1162 1204 narrationem
1174 1176 1207 1203 ad
1227 1183 1348 1211 praesens
1365 1184 1451 1211 usque
1472 1178 1584 1205 verbum
1615 1179 1766 1207 terminari.

979 1223 1081 1250 Deinde
1098 1231 1206 1250 rursum
1225 1230 1380 1250 sermonem
1406 1224 1439 1251 ad
1460 1224 1578 1260 priorem
1598 1226 1640 1253 sui
1670 1234 1767 1255 conse-

977 1268 1116 1302 quentiam
1129 1268 1245 1296 restitui.

1013 1314 1166 1342 Verisimile
1207 1319 1249 1342 est
1276 1319 1367 1342 autem
1407 1319 1552 1352 utrumque
1578 1324 1612 1345 eo
1646 1322 1768 1353 tempore

978 1360 1100 1393 audisse.
1143 1365 1171 1388 et
1205 1365 1315 1396 propter
1346 1365 1490 1397 utramque
1521 1371 1632 1391 causam
1678 1373 1769 1394 seces-

978 1407 1056 1433 sisse.
1084 1406 1217 1434 Praeter-ca
1246 1407 1353 1434 tertiam
1379 1415 1487 1443 quoque
1503 1409 1584 1444 hujus
1607 1411 1769 1441 secessionis

978 1459 1088 1479 causam
1120 1453 1229 1488 scripsit
1246 1452 1373 1487 Marcus,
1404 1459 1470 1490 puta
1493 1457 1567 1490 quod
1596 1458 1769 1492 requiescere

980 1498 1059 1525 vellet
1074 1498 1222 1533 discipulos
1245 1507 1259 1526 a
1277 1500 1467 1534 praedicatione
1480 1509 1615 1529 reversos.
1639 1503 1678 1531 lta
1695 1505 1767 1532 enim

981 1543 1048 1571 dixit
1065 1553 1071 1570 :
1087 1543 1120 1570 Et
1129 1549 1321 1580 congregantur
1329 1546 1442 1580 apostoli
1469 1548 1504 1574 ad
1519 1546 1619 1581 Jesum,
1629 1557 1660 1575 ac
1673 1557 1769 1576 remm-

979 1591 1045 1617 tiaut
1058 1590 1097 1617 illi
1106 1593 1195 1618 omnia
1204 1600 1311 1627 qun'que
1319 1593 1450 1627 fecissent,
1460 1601 1566 1629 qumque
1573 1594 1730 1622 docuissent.
1737 1595 1769 1622 Et

977 1637 1046 1663 dixit
1074 1637 1110 1664 eis
1124 1645 1132 1664 :
1155 1636 1242 1665 Venite
1255 1646 1297 1665 uos
1311 1639 1360 1666 soli
1374 1640 1482 1666 seorsim
1494 1639 1520 1666 in
1534 1641 1662 1667 desertum
1673 1640 1769 1673 locum.

979 1690 1003 1712 et
1018 1687 1172 1721 requiescite
1188 1687 1337 1722 paulisper;
1354 1687 1437 1714 Erant
1448 1688 1516 1714 enim
1525 1688 1568 1722 qui
1586 1689 1722 1716 veniebant
1745 1695 1770 1715 et

979 1730 1088 1758 abibant
1111 1732 1188 1759 multi
1204 1734 1252 1764 sic,
1263 1737 1290 1759 ut
1303 1741 1348 1760 nec
1359 1733 1491 1760 comedere
1502 1738 1624 1761 rataret:
1641 1739 1666 1762 et
1676 1736 1770 1770 egressi

978 1781 1039 1803 sum
1052 1777 1084 1812 (δ)
1098 1779 1201 1814 navigio
1214 1779 1240 1804 in
1253 1780 1381 1806 desertum
1403 1779 1487 1806 locum
1500 1781 1617 1807 seorsim.
1628 1781 1689 1809 Haec
1704 1789 1770 1809 sane

979 1821 1097 1850 Marcus.

1017 1960 1141 1988 Proxima
1168 1960 1211 1988 bis
1227 1964 1292 1988 sunt
1307 1968 1367 1996 quze
1378 1961 1443 1988 dicit
1457 1960 1542 1989 Lucas
1557 1962 1659 1990 addens
1688 1963 1769 1991 etiarn

981 2006 1088 2040 signum
1103 2013 1158 2040 quo
1171 2005 1310 2032 desertum
1328 2011 1500 2033 nosceretur.
1513 2006 1558 2034 Ait
1581 2007 1655 2034 enim
1697 2009 1769 2042 quod

982 2050 1096 2077 secessit
1109 2050 1224 2078 seorsim
1244 2051 1270 2077 in
1287 2049 1426 2077 desertum
1456 2049 1544 2077 locum
1571 2050 1690 2078 civitatis
1709 2059 1770 2085 quas

985 2103 1098 2125 vocatur
1113 2096 1258 2124 Bethsaida
1266 2097 1298 2123 ".
1318 2095 1393 2123 Scire
1410 2097 1494 2124 etiam
1501 2100 1611 2131 oportet
1625 2096 1768 2125 Christum

984 2145 1102 2172 humano
1110 2151 1186 2171 more
1198 2147 1225 2170 et
1235 2142 1329 2170 audire
1337 2147 1364 2170 et
1372 2142 1512 2175 secedere,
1529 2147 1558 2171 et
1574 2151 1606 2170 ea
1623 2151 1684 2178 qua:
1696 2144 1768 2171 circa

984 2199 1014 2218 se
1027 2190 1280 2224 erantdispensare.
1290 2188 1387 2216 Omnia
1397 2189 1469 2216 cnim
1482 2193 1608 2224 tanquam
1620 2190 1689 2216 Deus
1699 2190 1770 2217 scie-

984 2238 1039 2269 bat,
1053 2242 1104 2263 nec
1116 2236 1152 2263 illi
1167 2235 1228 2271 luga
1240 2242 1309 2270 opus
1328 2239 1395 2262 erat.

1018 2326 1095 2354 Vers.
1114 2327 1157 2353 l5.
1180 2326 1213 2353 Et
1226 2341 1259 2345 —
1277 2325 1394 2352 urbibus.
1428 2324 1534 2352 Marcus
1555 2332 1619 2352 vero
1636 2325 1674 2352 ait
1698 2326 1770 2360 quod

983 2372 1065 2399 etiam
1079 2373 1207 2400 viderunt
1222 2379 1269 2399 eos
1283 2372 1417 2399 abeuntes
1430 2370 1463 2398 ³⁸.
1479 2371 1596 2404 Quidam
1608 2371 1681 2398 enim
1698 2371 1770 2398 vidc-

983 2424 1048 2446 runt
1089 2419 1161 2452 illos,
1185 2420 1295 2454 quitiam
1316 2424 1406 2446 autem
1442 2419 1588 2446 audierunt
1605 2419 1657 2446 hoc
1675 2418 1708 2446 ab
1728 2418 1770 2446 his

985 2468 1030 2503 qui
1047 2467 1185 2495 viderant:
1197 2475 1348 2503 omnesque
1363 2467 1478 2502 pedestri
1512 2467 1598 2494 secuti
1613 2471 1678 2494 sunt
1693 2466 1770 2493 itine-

986 2522 1032 2541 rc:
1048 2513 1205 2548 hujusmodi
1222 2513 1293 2540 enim
1305 2513 1471 2540 desiderium
1503 2519 1584 2539 omne
1603 2511 1769 2546 repellitim-

985 2562 1181 2596 pedimentum.

1098 2618 1119 2633 ³³
1130 2617 1212 2644 Marc.
1226 2623 1262 2646 vt,
1283 2615 1328 2641 53.

757 2693 855 2724 Variae
871 2693 1022 2724 lectiones
1040 2695 1070 2723 et
1092 2695 1187 2722 notae.

179 2774 236 2810 (57)
251 2773 360 2801 Scilicet
376 2781 391 2800 a
404 2780 484 2801 versu
503 2772 520 2799 5
534 2772 567 2799 ad
585 2772 665 2799 tinem
686 2770 724 2797 l2.

1021 2769 1076 2802 (58)
1095 2767 1186 2799 Aurel,
1204 2766 1279 2793 abest
1293 2765 1325 2791 Δ.

181 2852 215 2886 (ε)
236 2852 341 2888 Egressi
374 2857 446 2878 sunt.
468 2850 581 2878 Videtur
602 2857 665 2884 ergo
696 2847 794 2884 legisse
814 2846 945 2881 ἀπῆλθον.
975 2846 1062 2881 Atque
1082 2846 1153 2874 dicta
1181 2847 1206 2873 iu
1240 2849 1313 2872 textu
1337 2844 1416 2871 lmbt-t
1441 2843 1512 2878 apud
1538 2841 1657 2870 Marcum
1684 2837 1768 2866 codex

144 2894 260 2922 uterque
276 2896 362 2915 meus.
