1937 3072
222 134 277 161 443

225 236 301 263 ciunt
325 235 559 270 transgrediendo,
573 242 607 261 ne
619 234 721 262 Iudaeis
739 235 924 262 contentionis
940 243 1020 262 occa-

225 281 329 307 sionem
351 281 493 314 prmbcret.
514 280 568 308 Nec
588 280 666 313 dixit,
683 280 752 307 Male
772 280 886 313 faciunt,
909 288 944 307 ne
965 281 1017 307 ltu-

225 325 341 359 jusmodi
369 326 541 352 traditionem
573 326 758 353 conﬁrmaret.
793 326 886 360 Neque
904 334 951 353 eos
974 334 1020 353 ca-

227 370 377 397 lumniatur
416 370 461 404 qui
494 370 566 396 illam
608 370 785 402 tradiderant,
824 378 859 397 ne
893 377 1021 405 tanquam

226 416 454 443 contumeliorum
477 423 539 442 eum
577 421 779 443 aversarentur.
808 416 861 444 Sed
898 416 988 443 statim
1007 425 1022 444 e

229 462 338 488 diverso
358 462 390 487 de
408 461 501 496 majori
523 467 634 496 peccato
650 465 760 489 accusat
778 469 784 487 :
799 462 948 489 ostendens
965 469 1019 488 nou

226 511 354 540 Oportere
377 514 424 533 eos
449 507 493 541 qui
513 507 557 534 Dei
583 513 747 542 pr:cceptum
772 508 1021 543 transgrediuntur,

227 559 355 577 accusare
379 551 448 582 illm,
470 551 515 586 qui
533 552 676 578 hominum
707 552 883 579 traditionem
911 557 1022 587 prmter-

227 601 292 622 eunt
320 595 423 623 Deinde
437 595 519 624 etiam
531 596 566 623 dit
577 596 607 628 it,
620 597 691 631 quod
702 597 920 631 Deipra'ceptum
936 600 1024 624 trans-

228 642 400 676 grediuntur,
417 645 446 668 et
470 647 579 676 propter
597 650 678 676 quam
692 642 863 670 traditionem
880 651 956 669 suam
971 651 978 670 :
992 650 1024 669 ac

229 688 301 714 illaut
332 687 470 721 praecipue
505 689 532 714 in
552 687 671 714 medium
700 688 811 716 adducit
839 688 1022 723 iniquitatem,

231 742 292 768 quae
313 739 378 761 tunc
403 734 465 761 inde
479 735 635 769 emergebat

263 781 340 807 Vcrs.
357 781 383 807 Δ,
405 769 476 806 Nam
487 795 522 800 ——-
536 781 676 807 moriatur.
693 780 729 808 ‘ln
746 780 816 808 libro
830 780 912 808 Exodi
944 782 1024 808 ambo

231 825 287 851 lucc
302 831 434 859 prmeepta
453 826 601 852 habentur-

267 872 342 898 Vers.
361 872 387 898 5.
407 871 457 898 Vos
471 872 537 898 —-in
548 878 623 898 tuum
639 873 746 898 vertitur
759 872 933 899 commodum.
950 871 1023 898 Diﬂi-
1038 862 1062 892 Β

230 917 289 943 citis
305 922 345 944 est
366 920 461 944 horum
487 918 555 945 ordo
575 918 731 949 verborum,
759 917 812 944 nisi
830 917 948 951 primum
966 924 1023 944 rem

231 971 402 989 cnarremus.
420 963 549 990 Seniores
563 964 718 991 Iudaeorum
734 967 886 991 docuerant
897 963 1024 999 juvenes,

234 1011 263 1033 ut
280 1012 411 1041 pra-textu
439 1009 523 1036 divini
552 1009 642 1036 cultus
657 1013 785 1043 parentes
806 1013 1024 1036 contemnerent.

234 1052 261 1079 Si
280 1053 342 1086 quis
363 1054 435 1080 enim
461 1060 604 1087 parentum
638 1058 745 1089 peteret
771 1063 785 1082 a
803 1054 857 1082 ﬁlio
879 1063 957 1082 ovem
979 1059 1027 1082 aut

231 1098 359 1130 vitulum,
382 1103 430 1125 aut
453 1098 524 1126 aliud
543 1101 693 1134 quippiam.
707 1101 903 1135 pra'cipiebaut
918 1101 982 1133 illis.
997 1105 1026 1128 ut

232 1143 486 1172 dicerent:Munus
510 1150 552 1172 est
587 1146 651 1177 Deo,
680 1147 863 1182 quodcunque
889 1154 920 1174 ex
937 1155 979 1173 me
999 1147 1026 1174 in

232 1194 307 1217 tuum
332 1191 445 1217 vertitur
469 1192 652 1224 commodum.
673 1193 725 1220 hoc
738 1198 789 1224 est,
813 1193 867 1220 Deo
883 1200 1028 1220 consecra-

234 1241 290 1262 tum
312 1241 353 1263 est
367 1237 550 1271 quodcunque
565 1245 580 1264 a
606 1246 650 1265 mc
672 1238 812 1266 lucrifaeis
827 1247 836 1265 :
859 1243 888 1266 et
910 1238 948 1266 ita
978 1238 1027 1266 do-

233 1282 331 1309 cebant
345 1290 391 1309 eos
416 1283 556 1317 despicere
573 1289 701 1318 parentes
717 1293 748 1312 ac
763 1286 848 1320 legem
863 1285 1027 1320 transgredi.

237 1328 385 1362 Ignominia
424 1328 558 1363 siquidem
592 1335 644 1363 est,
674 1331 794 1365 legisque
836 1330 1027 1365 transgressio,

237 1374 305 1399 ﬁlios
321 1374 448 1400 resistere
466 1374 636 1408 parentibus.
665 1375 733 1402 Nam
753 1380 782 1402 et
809 1376 883 1411 ipsos
901 1382 1029 1411 parentes

237 1419 283 1446 Dei
320 1424 452 1453 praetextu
478 1420 640 1447 fraudabant
661 1429 690 1448 re
718 1421 819 1452 debita.
841 1426 868 1449 et
890 1429 943 1448 nec
974 1421 1028 1448 Deo

235 1465 306 1492 illam
324 1465 483 1494 oll‘crebant.
505 1467 567 1494 llaec
586 1467 678 1502 itaque
696 1468 734 1495 rei
753 1468 873 1495 narratio
887 1467 1028 1495 est.Nunc
1042 1485 1063 1514 ε

234 1519 300 1538 vero
316 1516 423 1545 oportet
452 1517 478 1538 et
507 1512 577 1539 dicta
603 1513 785 1547 interpretari.
816 1513 866 1540 Vos
884 1519 971 1541 autem
989 1514 1028 1540 di-

234 1557 305 1589 citis,
326 1559 375 1583 hoc
403 1562 455 1589 est,
484 1565 531 1585 vos
565 1559 797 1593 interprclauiini,
835 1566 883 1586 vos
921 1559 1027 1587 docetis

235 1603 423 1637 deeeptionem
435 1604 508 1630 illam
530 1605 678 1632 humanam
699 1615 704 1632 :
725 1605 854 1639 Quisquis
871 1606 970 1633 dixerit
984 1613 1029 1640 pa-

237 1650 269 1676 tri
287 1650 327 1676 vel
351 1651 441 1682 matri,
472 1651 569 1678 Munus
594 1657 631 1678 est
657 1651 711 1678 Deo
741 1656 923 1678 consecratum
948 1651 1028 1686 quid-

236 1695 299 1730 quid
317 1703 348 1722 ea:
362 1703 402 1722 me
417 1697 443 1722 in
460 1700 533 1722 tuum
554 1698 663 1723 vertitur
676 1697 854 1730 commodum,
868 1697 926 1725 sive
949 1697 1030 1730 quid—

237 1741 304 1775 quid
321 1750 352 1768 cx
371 1749 413 1768 une
429 1741 587 1769 lucrifacere
600 1744 686 1778 cupis.

272 1787 292 1821 -ι-
319 1787 435 1820 Quidam
465 1793 555 1815 autem
583 1796 632 1823 per
658 1788 793 1816 defectum
817 1789 1030 1824 interpretantur

239 1833 290 1860 hoc
309 1834 409 1860 dictum
425 1833 550 1861 dicentes
568 1843 574 1860 :
597 1835 669 1862 Deus
699 1836 809 1870 quidem
841 1835 899 1863 haec
927 1836 967 1862 vel
985 1836 1029 1863 illa

239 1880 366 1915 praecepit
382 1889 389 1912 ;
410 1888 457 1907 vos
473 1885 564 1908 autem
585 1881 642 1908 haec
662 1881 820 1915 rejicientes
833 1881 933 1914 dicitis,
949 1881 1030 1914 Quis-

238 1926 299 1959 quis
329 1925 429 1952 dixerit
449 1925 516 1959 patri
539 1925 581 1952 vel
607 1925 698 1956 matri,
724 1926 829 1953 Corbau
853 1926 912 1954 sive
938 1935 1031 1954 manus

238 1975 280 1998 est.
310 1972 365 1999 Deo
390 1972 545 2006 qluesitum,
570 1973 754 2007 quodcunque
781 1980 814 2000 ex
839 1981 882 2000 me
904 1974 931 2000 in
954 1979 1030 2001 tuum

239 2017 355 2044 vertitur
379 2018 564 2048 commodum,
594 2018 723 2046 liberatus
741 2023 792 2046 est.
820 2018 876 2046 Hoc
899 2019 974 2047 enim
990 2019 1031 2047 di—

239 2068 304 2089 cunt
318 2063 445 2095 deﬁcere,
454 2067 547 2098 utpote
557 2064 659 2092 Judaeis
674 2071 767 2092 notum
777 2065 809 2093 ad
823 2074 891 2101 quos
898 2066 1033 2102 dirigebat

241 2115 407 2137 sermonem.

275 2154 353 2182 Vers.
374 2155 400 2183 5.
416 2155 449 2182 Et
465 2171 502 2178 -—
515 2165 601 2184 suam.
622 2157 655 2184 Et
683 2158 744 2186 talis
768 2159 850 2187 homo
870 2159 926 2194 jam
941 2159 1032 2194 impu—
1047 2169 1069 2196 υ

240 2200 308 2227 den~
329 2201 454 2234 etl'cctus,
477 2202 607 2237 deinceps
631 2211 687 2230 non
715 2204 860 2232 honorabit
902 2210 1033 2239 parentes

240 2255 317 2274 SUOS.

279 2293 357 2323 Vera.
378 2295 404 2322 6.
421 2295 629 2323 lit—uestram.
654 2295 722 2323 Cum
743 2295 887 2324 manifeste
911 2296 1028 2324 demon-

240 2341 367 2367 straverit
383 2341 441 2368 iltos
462 2341 611 2375 iniquitatis
628 2347 811 2377 praeceptores
843 2350 951 2374 esse,ex
964 2342 1033 2369 cen-

242 2384 367 2419 sequenti
384 2392 492 2420 quoque
511 2386 659 2421 discipulos
673 2394 738 2414 suos
770 2387 945 2414 accusatione
962 2387 1029 2414 libe-

242 2431 312 2459 ravit
327 2432 398 2466 quod
415 2432 520 2459 illorum
547 2440 602 2459 non
616 2437 757 2460 servarent
777 2432 962 2465 traditionem,
987 2432 1033 2467 qui

243 2479 289 2506 Dei
306 2483 471 2514 praeceptum
482 2486 537 2505 non
554 2479 712 2506 servabant.

279 2523 358 2553 Vers.
374 2526 400 2553 7.
425 2524 575 2560 Hypocrittz
595 2539 631 2546 —~
659 2524 757 2552 Isaias.
780 2523 939 2560 Hypocritas
969 2523 1031 2550 illos

243 2571 322 2604 dixit,
332 2572 395 2608 quia
410 2572 497 2608 legem
513 2579 624 2599 servare
638 2571 811 2604 videbantur,
830 2573 916 2606 ipsam
942 2574 1033 2598 tamen

843 129 1035 160 EUTHYMll
1058 131 1239 162 ZlGABEVl

260 190 338 217 Vers.
353 189 380 217 5.
404 189 439 216 At
458 189 547 216 ille—
561 193 676 217 vestram
689 189 702 216 .’
714 187 774 216 Non
787 188 865 221 dixit,
880 189 953 216 Bene
972 189 1012 217 fa-
1028 190 1052 221 Α

1809 129 1861 162 Hi

1105 191 1137 217 '0
1149 190 1184 217 δὲ
1198 205 1230 212 -—
1246 189 1346 225 ὑμῶν;
1361 190 1418 218 Οὐκ
1433 189 1520 224 εἶπεν,
1533 190 1574 218 ὅτι
1585 189 1676 222 καλῶς
1689 189 1798 217 ποιοῦσι
1810 198 1863 217 πα-

1053 260 1058 263 .
1073 237 1261 272 ραϐαἰνοντες,
1280 237 1324 264 ἵνα
1337 238 1374 273 μὴ
1392 238 1430 273 δῷ
1443 239 1499 269 τοῖς
1521 238 1661 269 Ἰουδαίοις
1672 237 1802 273 ἀφορμὴν
1817 246 1862 272 φι-

1072 284 1217 315 λονεικίας,
1232 283 1286 310 οὖδ⁹
1300 284 1341 310 ὅτι
1357 284 1449 316 κακῶς
1464 285 1599 317 ποιοῦσιν,
1613 284 1655 310 ἴνα
1672 284 1709 318 μὴ
1724 282 1862 318 βεϐαιώσῃ

1072 331 1121 364 τὴν
1136 330 1266 364 τοιαύτην
1281 331 1442 365 παράδοσιν,
1463 331 1524 357 οὐδὲ
1540 331 1680 358 διαϐάλλει
1695 330 1758 361 τοὺς
1774 339 1864 365 παρα-

1072 375 1166 408 δόντας
1183 375 1279 411 αὐτὴν,
1297 377 1340 403 ἵνα
1357 377 1394 411 μὴ
1412 376 1449 407 ὼς
1466 376 1598 411 ὑϐριστὴν
1613 375 1708 402 τοῦτον
1722 378 1864 410 ἀποστρα-

1074 421 1171 456 φῶσιν,
1185 422 1243 448 ἀλλ’
1257 421 1337 453 εὐθὺς
1348 422 1512 456 ἁντεγκαλεῖ
1524 431 1556 448 πε
1562 423 1587 457 pl
1599 421 1724 456 μείζονος
1736 421 1865 456 ἁμαρτή-

1075 475 1172 502 ματος,
1187 467 1305 500 δεικνὺς,
1316 468 1357 494 δτι
1370 468 1433 499 τοὺς
1443 468 1494 503 τὴν
1507 467 1617 503 ἐντολὴν
1630 467 1677 494 τοῦ
1690 467 1758 493 Θεοῦ
1774 475 1865 501 παρα-

1074 513 1217 545 ϐαίνοντας
1233 515 1263 540 οὐ
1276 514 1329 549 χρὴ
1343 514 1499 549 μέμφεσθαι
1510 515 1567 546 τοῖς
1583 513 1801 549 παραϐαίνουσιν
1814 513 1865 540 ἀν-

1075 559 1193 594 θρώπων
1213 560 1373 595 παράδοσιν.
1398 558 1466 586 Εἶτα
1482 560 1573 594 λέγει,
1591 560 1640 587 καὶ
1657 559 1737 586 ποίαν
1754 559 1865 594 ἐντολὴν

1074 605 1121 631 τοῦ
1143 606 1210 632 Θεοῦ
1234 606 1446 641 παραϐαίνουσι,
1469 607 1516 633 καὶ
1541 606 1585 633 διὰ
1613 606 1694 632 ποίαν
1715 605 1865 640 παράδοσιν

1075 650 1184 684 αὐτῶν,
1204 651 1252 677 καὶ
1268 652 1309 682 είς
1328 651 1412 686 μέσον
1432 651 1510 687 φέρει
1528 651 1647 686 μάλιστα
1665 650 1715 685 τὴν
1733 649 1867 676 ἐπιπολά-

1076 697 1176 729 ζουσαν
1188 698 1247 724 τότε
1262 698 1446 732 παρανομίαν.

1118 776 1149 803 Ὃ
1171 775 1227 810 γὰρ
1248 791 1280 796 —
1298 776 1473 804 τελευτάτω.
1495 777 1540 802 Ἐν
1555 777 1588 811 τῇ
1606 776 1690 811 βὶὂλῳ
1716 776 1767 810 τῆς
1790 776 1868 802 Γενέ-

1077 831 1146 853 σεως
1161 822 1216 857 (76)
1231 821 1278 848 καὶ
1293 822 1378 856 ἄμφω
1395 819 1474 848 αὗται
1493 822 1522 848 αι
1539 821 1645 848 ἐντολαὶ
1663 822 1778 849 κεῖνται.

1115 867 1215 902 ’Υμεῖς
1229 882 1264 887 -
1276 866 1440 901 ὠφεληθῇς.
1456 866 1596 901 Δυσχερὴς
1608 867 1664 901 (77)
1682 867 1698 901 ἠ
1711 866 1765 892 τῶν
1778 865 1870 901 ῥητῶν

1075 913 1177 939 τούτων
1195 913 1272 939 ἔσται
1289 912 1433 944 σύνταξις,
1451 912 1475 937 εί
1494 912 1531 946 μὴ
1557 909 1800 946 προδιηγησόμεθα
1818 909 1869 944 τὴν

1078 958 1220 985 ὑπόθεσιν.
1235 959 1265 985 Οἱ
1279 957 1462 993 πρεσϐύτεροι
1476 957 1530 983 τῶν
1552 956 1687 983 Ἰουδαίων
1701 956 1871 982 ἐπαίδευσαν

1075 1005 1138 1035 τοὺς
1153 1005 1238 1036 νέους,
1252 1005 1281 1030 ὲν
1297 1004 1432 1039 προφάσει
1445 1001 1597 1035 εὐσεϐείας,
1612 1002 1798 1037 καταφρονεῖν
1810 1000 1871 1027 τῶν

1077 1050 1191 1083 γονέων.
1210 1050 1241 1075 Εί
1259 1050 1312 1084 γάρ
1328 1058 1370 1081 τις
1386 1049 1440 1075 τῶν
1454 1050 1556 1083 γονέων
1570 1047 1688 1083 ἐζήτησε
1704 1046 1797 1074 λαϐεῖν
1814 1045 1872 1072 ἀπὸ

1076 1097 1131 1124 τῶν
1143 1097 1197 1132 (78)
1207 1097 1254 1122 τοῦ
1266 1096 1325 1123 υἱοῦ
1337 1096 1485 1132 πρόϐατον,
1493 1097 1510 1131 ἢ
1525 1095 1625 1130 μόσχον
1636 1095 1653 1130 ἢ
1663 1095 1755 1129 ἕτερόν
1763 1102 1800 1124 τι,
1811 1102 1866 1119 πα-

1079 1143 1228 1178 ρήγγελλον
1238 1142 1328 1172 αὐτοῖ;
1339 1142 1439 1176 λέγειν,
1449 1142 1489 1168 ὅτι
1500 1140 1591 1177 Δῶρόν
1607 1142 1664 1167 ὲστι
1675 1140 1714 1175 τῷ
1729 1139 1798 1174 Θεῷ,
1808 1139 1824 1165 ὃ
1841 1138 1873 1164 ἃν

1078 1190 1107 1221 ἐξ
1122 1189 1189 1224 ἐμοῦ
1206 1189 1361 1224 ὠφεληθῇς,
1375 1189 1527 1221 τουτέστιν,
1547 1187 1699 1222 ἀφιέρωται
1713 1186 1752 1221 τῷ
1769 1185 1844 1220 Θεῷ,
1860 1184 1874 1211 ὃ

1079 1234 1111 1260 ἂν
1126 1234 1154 1267 ἐξ
1172 1234 1240 1268 ἐμοῦ
1268 1234 1418 1269 κερδανεῖς.
1439 1234 1494 1261 Καὶ
1510 1233 1597 1265 οὕτως
1611 1233 1752 1259 ἐδίδασκον
1768 1230 1873 1262 αὐτοὺς

1079 1280 1225 1316 ἀτιμάζειν
1239 1281 1302 1312 τοὺς
1315 1282 1402 1314 γονεῖς
1414 1280 1461 1307 καὶ
1473 1281 1654 1315 παρανομεῖν.
1677 1277 1790 1313 ’Δτιμία
1803 1277 1873 1313 γὰρ,

1079 1326 1108 1352 τὸ
1121 1326 1184 1357 τοὺς
1200 1325 1297 1357 παῖδας
1317 1325 1426 1360 ἀπατᾷν
1437 1326 1501 1358 τοὺς
1517 1326 1617 1359 γονεῖς,
1633 1324 1681 1351 καὶ
1699 1322 1873 1358 παρανομία.

1080 1372 1149 1403 Τοὺς
1164 1380 1192 1398 τε
1209 1372 1264 1406 γὰρ
1278 1372 1367 1405 γονεῖς
1382 1370 1553 1405 ἀπεστέρουν
1583 1369 1720 1405 προφάσει
1731 1367 1777 1394 τοῦ
1790 1366 1873 1400 Θεοῦ,

1079 1417 1127 1444 καὶ
1142 1416 1203 1443 οὐδὲ
1224 1416 1264 1450 τῷ
1280 1416 1339 1450 Θεῷ
1354 1417 1535 1452 προσέφερον.
1557 1416 1588 1442 Ἦ
1608 1415 1658 1451 μὲν
1679 1414 1726 1441 οὖν
1741 1413 1873 1449 διήγησις

1079 1466 1204 1500 τοιαύτη.
1225 1465 1286 1501 Χρὴ
1303 1466 1332 1492 δὲ
1349 1465 1442 1492 λοιπὸν
1465 1465 1637 1501 ἑρμηνεῦσαι
1659 1465 1707 1490 καὶ
1730 1463 1764 1490 τὰ
1787 1463 1872 1498 ῥητά.

1085 1512 1183 1546 ’Υμεῗς
1206 1511 1240 1538 δὲ
1261 1511 1377 1546 λέγετε,
1400 1511 1459 1538 ἀντὶ
1480 1510 1539 1542 τοῦ,
1571 1511 1665 1544 Ὑμεῖς
1691 1507 1872 1544 ἐρμηνεύετε,

1081 1560 1160 1593 ὑμεῖς
1180 1558 1321 1585 διδάσκετε
1337 1557 1386 1590 τὴν
1403 1558 1512 1593 ἀπάτην
1529 1557 1574 1583 τδν
1591 1556 1734 1592 ἄνθρωπον
1753 1555 1873 1585 ἐκεῖνον,

1079 1605 1108 1636 ὃς
1128 1604 1161 1631 ἂν
1175 1604 1242 1640 εἴπῃ
1255 1603 1294 1638 τῷ
1317 1603 1402 1638 πατρὶ
1429 1603 1444 1636 ἦ
1463 1604 1497 1638 τῇ
1514 1602 1609 1638 μητρὶ,
1632 1601 1673 1628 ὅτι
1692 1599 1790 1634 Δῶρόν
1805 1599 1874 1626 ἐστι

1080 1650 1120 1683 τῷ
1137 1649 1198 1682 Θεῷ
1217 1649 1233 1676 ὃ
1246 1648 1285 1677 ἄν
1300 1649 1355 1684 (79)
1371 1649 1406 1681 ἐξ
1419 1648 1492 1683 ἐμοῦ
1511 1646 1680 1682 ὠφεληθῇς,
1696 1647 1795 1677 show,
1816 1645 1832 1671 δ
1843 1645 1874 1671 ἂν

1080 1697 1109 1731 ὲξ
1122 1696 1189 1731 ἐμοῦ
1205 1695 1334 1730 κερδᾶναι
1351 1694 1442 1730 Θέλῃς.

1116 1743 1207 1780 [Τινὲς
1220 1742 1277 1777 (80)
1291 1741 1319 1768 δὲ
1333 1741 1511 1772 ἑλλειπτικῶς
1522 1740 1554 1767 τὸ
1564 1740 1646 1775 ῥητὸν
1658 1739 1874 1776 ἑρμηνεύοντες,

1081 1790 1174 1824 φασὶν,
1196 1789 1238 1815 ὅτι
1259 1789 1273 1814 ὁ
1297 1788 1346 1823 μὲν
1368 1787 1436 1818 Θεὸς
1455 1787 1609 1814 ἐνετείλατο
1630 1787 1694 1813 τάδε
1720 1787 1770 1812 καὶ
1797 1786 1874 1813 τάδε·

1083 1835 1162 1868 ὑμεῖς
1177 1833 1206 1860 δὲ
1216 1853 1224 1866 ,
1239 1832 1326 1859 ταῦτα
1343 1831 1515 1863 ἀθετοῦντες,
1532 1831 1638 1864 λέγετε,
1655 1831 1697 1857 ὂτι
1712 1830 1741 1862 ὃς
1755 1830 1788 1857 ἂν
1806 1831 1876 1864 εἴπῃ

1081 1879 1120 1914 τῷ
1135 1879 1219 1914 πατρὶ
1229 1879 1246 1914 ἢ
1262 1880 1294 1913 τῇ
1308 1878 1392 1913 μητρὶ
1418 1877 1544 1911 Κορόὰν,
1557 1877 1626 1912 ἦτοι,
1642 1876 1739 1912 δῶρόν
1753 1877 1814 1903 ἐστι
1838 1875 1876 1911 τῷ

1082 1927 1143 1962 Θεῷ
1155 1926 1185 1952 τὸ
1199 1925 1377 1960 ζητούμενον,
1392 1924 1590 1959 ἡλευθέρωται.
1607 1923 1693 1950 Τοῦτο
1707 1923 1742 1957 γά
1747 1931 1763 1957 ρ
1779 1923 1877 1957 λέγου-

1085 1982 1126 2000 σιν
1141 1972 1287 2005 ἐλλείπειν,
1301 1971 1339 2003 ὡς
1352 1971 1408 2002 τοῖς
1430 1970 1568 2002 Ἰουδαίοις
1581 1970 1731 2005 γνώριμον,
1746 1968 1818 2004 πρὸς
1831 1968 1876 2000 οὓς

1084 2021 1179 2055 εῐρηκε
1196 2019 1241 2046 τὸν
1258 2017 1362 2053 λόγοι]

1127 2155 1179 2182 Eat
1212 2169 1248 2175 —
1283 2153 1391 2181 αὐτοῦ.
1425 2154 1482 2181 Καὶ
1513 2153 1528 2180 ό
1560 2152 1682 2182 τοιοῦτος
1710 2151 1876 2186 ἄνθρωπος,

1086 2202 1264 2235 ἀναίσχυντος
1280 2200 1329 2226 τοῦ
1344 2199 1439 2227 λοιποῦ
1469 2199 1628 2234 γενόμενος,
1641 2199 1691 2226 οὑκ
1706 2198 1746 2224 ἐτι
1762 2199 1878 2233 τιμήσει

1085 2248 1148 2278 τοὺς
1162 2248 1250 2281 γονεῖς
1267 2246 1362 2274 αὑτοῦ.

1121 2294 1176 2322 Καὶ
1188 2308 1221 2314 -
1234 2292 1329 2328 ἡμῶν.
1347 2292 1493 2328 Προδήλως
1508 2291 1654 2324 ἀποδείξας
1669 2290 1769 2322 αὐτοὺς
1785 2298 1877 2324 παρα-

1084 2340 1181 2375 νομίας
1199 2339 1377 2370 διδασκάλους
1387 2358 1395 2370 ,
1415 2338 1555 2374 ἀπήλλαξε
1570 2337 1700 2372 μέμψεως
1720 2335 1814 2362 λοιπὸν
1830 2335 1878 2361 καὶ

1084 2387 1147 2417 τοὺς
1172 2384 1295 2420 μαθητὰς
1311 2383 1393 2410 αὐτοῦ
1405 2403 1413 2416 ,
1431 2384 1468 2418 μὴ
1490 2382 1641 2418 τηροῦντας
1656 2381 1706 2416 τὴν
1722 2380 1876 2415 παράδοσιν

1083 2432 1138 2459 τῶν
1154 2430 1192 2467 μὴ
1200 2429 1357 2466 τηρούντων
1371 2429 1421 2464 τὴν
1435 2428 1547 2464 ἐντολὴν
1558 2428 1604 2454 τοῦ
1617 2426 1696 2455 Θεοῦ.

1127 2521 1292 2557 Ὑποκριται
1317 2535 1347 2540 —-
1372 2519 1506 2552 Ἡσαΐας.
1532 2517 1698 2554 ’Υποκριτάς
1720 2517 1818 2549 αὐτοὺς
1840 2514 1878 2543 εἴ⁹

1087 2577 1155 2602 πεν,
1173 2568 1210 2599 ὡς
1224 2566 1370 2597 δοκοῦντας
1390 2566 1438 2600 μὲν
1454 2565 1598 2599 ἐννόμους,
1615 2565 1694 2597 ὄντας
1711 2563 1738 2590 δὲ
1755 2561 1877 2598 παρανό-

842 2653 940 2688 Varias
954 2649 1108 2682 lectiones
1123 2652 1154 2679 et
1174 2655 1269 2679 notae.

286 2740 342 2776 (76)
357 2739 482 2774 Ιιηο,τῆς
497 2739 732 2776 'EEé6ou.Sc_ilicet
749 2739 836 2776 Exod.
852 2746 896 2772 xx,
914 2739 964 2771 ης
979 2746 1036 2771 xxt,

249 2774 295 2806 17,
313 2774 399 2810 Atque
415 2776 451 2803 ita
469 2776 533 2810 legit
545 2776 627 2803 etiam
643 2774 807 2804 Hentenius.

285 2812 342 2846 (77)
358 2812 421 2839 Haec
445 2810 571 2846 ﬂuetius,
586 2815 714 2845 tanquam
739 2818 771 2846 ex
790 2810 913 2846 Origenis
927 2814 1034 2840 catena,

251 2847 341 2875 laudat
357 2847 390 2875 ad
403 2847 475 2880 Orig.
490 2845 534 2873 lll.
551 2854 577 2880 ιι.
590 2846 651 2874 489.
672 2851 736 2874 nota
751 2845 765 2872 δ
775 2864 782 2873 .

1135 2768 1179 2800 79)
1206 2769 1279 2800 Ἐάν,
1292 2768 1325 2795 Α.

1135 2734 1166 2762 78
1191 2733 1252 2761 Τῶν
1267 2732 1341 2760 abest
1356 2733 1388 2759 Δ.

1197 2769 1279 2806 λἘἀν,
1292 2768 1325 2806 Α..

1125 2799 1181 2840 (80)
1197 2799 1300 2832 Inclusa
1314 2804 1341 2830 in
1355 2808 1475 2836 marglne
1489 2799 1569 2828 habet
1580 2801 1614 2827 Δ.
