1937 3072
225 141 278 174 455

842 141 1035 173 ΕΗΤΗΥΜΙΙ
1054 141 1231 173 ZIGABENI

1817 141 1872 174 456

262 199 338 227 Vers.
355 198 401 226 29.
415 198 449 225 Et
464 213 499 218 ο--
514 199 580 227 illis.
609 198 748 227 Interdum
765 199 874 235 quidem
890 199 949 235 ipse
963 200 1018 228 cir-

1110 199 1164 227 Και
1183 215 1218 220 —
1231 199 1305 227 ἐκεῖ.
1323 199 1392 226 Ποτὲ
1409 199 1459 234 μὲν
1482 198 1565 231 αὐτὸς
1590 197 1767 235 περιέρχεται
1788 198 1870 233 θερα-

225 246 331 277 cumit,
349 253 453 273 sanans
488 253 536 273 eos
567 245 611 280 qui
653 246 722 273 male
749 246 853 274 habent
871 255 878 273 :
896 247 1020 282 quando-

224 300 276 326 que
313 297 402 319 autem
442 291 518 319 sedet
554 296 717 327 exspectans
756 300 803 320 eos
834 293 934 328 quibus
956 300 1021 320 cura

224 346 292 373 opus
302 343 365 370 est;
391 338 456 364 illud
474 338 583 372 quidem
610 346 660 366 sua
693 338 829 372 bonitate,
860 339 913 366 hoc
942 346 1020 371 vero.

224 389 254 411 ut
269 384 302 410 de
317 384 486 411 inﬁrmorum
513 384 565 412 ﬁde
589 389 680 412 sumat
707 385 937 419 experimentum.
957 384 1022 412 Fre-

223 435 340 465 quenter
364 435 454 457 autem
470 430 498 457 in
520 436 641 458 montem
658 431 794 464 ascendit,
824 435 937 466 propter
962 438 1021 458 sua

223 477 394 505 altitudinem
417 478 588 506 divinitatis:
611 486 643 506 ac
666 479 769 506 docens
794 486 809 505 a
835 478 895 506 solo
920 478 1022 505 elevari

222 531 270 550 eos
284 524 330 558 qui
352 523 407 552 Deo
424 525 647 559 appropinquare
656 525 784 560 cupiunt.

393 582 469 609 CAP.
483 582 566 610 XXX.
584 582 621 609 De
632 583 716 609 turbis
733 583 848 610 sanatis.

257 639 335 667 Vers.
356 641 399 667 50.
422 639 454 666 Et
480 655 513 659 —
535 639 643 667 multos.
670 640 770 666 Κυλλοὶ
789 640 850 676 (pro
880 647 936 674 quo
960 648 1020 666 mu-

227 685 287 712 tilos
326 686 470 718 vertimus)
503 685 613 721 proprie
646 685 787 718 dicuntur,
816 686 862 720 qui
891 685 1020 713 manibus

222 736 325 762 carent,
341 733 411 758 sicut
430 731 570 759 tricesimo
587 732 708 767 septimo
728 731 819 766 capite
846 731 1021 760 manifestius

223 779 335 813 patebit.

259 823 383 852 \'ers.50.
399 825 432 850 Et
451 839 487 844 —
502 823 574 851 illos.
597 823 663 851 Vide
690 825 878 860 proﬁcientem
909 824 1018 852 illorum

1074 249 1168 274 πεὺων
1183 246 1248 278 τοὺς
1264 246 1358 278 κακῶς
1374 246 1498 281 ἔχοντας,
1509 245 1575 272 ποτὲ
1595 246 1624 273 δὲ
1651 245 1769 281 κάθηται
1789 254 1870 281 περι-

1074 294 1165 329 μένων
1182 294 1245 325 cui);
1266 293 1417 329 χρῄζοντας
1433 293 1582 328 θεραπείας
1599 301 1607 309 ·
1639 293 1731 320 ἐκεῖνο
1757 292 1808 328 μὲν
1836 292 1871 319 δι’

1072 340 1177 367 οίκείαν
1196 339 1366 374 ἀγαθότητα,
1381 339 1461 365 τοῦτο
1476 339 1507 366 δὲ
1533 338 1690 374 δοκιμάζων
1712 338 1762 374 τὴν
1777 339 1870 364 πίστιν

1073 386 1127 412 τῶν
1145 386 1315 421 καμνόντων.
1333 385 1459 420 Συνεχῶς
1471 384 1499 411 δὲ
1517 385 1558 416 εἰς
1577 385 1641 421 ὁρος
1660 385 1761 418 ἄνεισι,
1777 385 1823 412 διὰ
1839 384 1871 411 τὸ

1074 432 1139 467 ὕψος
1152 433 1202 467 τῆς
1221 431 1320 459 ἑαυτοῦ
1348 431 1488 466 θεότητος,
1510 431 1557 457 καὶ
1577 431 1718 457 παιδεύων
1751 430 1869 465 ἰπαίρε-

1073 479 1136 506 σθαι
1161 479 1281 514 χαμόθεν
1306 478 1370 510 τοὺς
1386 478 1549 514 πλησιάζειν
1577 477 1616 513 τῷ
1641 477 1702 512 Θεῷ
1725 477 1868 509 θέλοντας.

1108 579 1189 606 KH.
1216 579 1257 605 A'.
1286 577 1357 612 Περὶ
1382 577 1444 604 τῶν
1471 577 1719 611 θεραπευθέντων
1752 577 1866 611 ὄχλων.

1108 635 1162 663 Καὶ
1175 650 1210 655 ——
1224 635 1372 667 πολλούς.
1388 633 1489 661 Κυλλοὶ
1505 633 1608 668 κυρίως
1634 635 1658 660 ot
1674 633 1796 669 ἄχειρες,
1829 633 1867 665 ὡς

1071 682 1101 708 ὲν
1117 680 1156 716 τῷ
1170 680 1209 712 λζ’
1225 679 1366 716 κεφαλαίῳ
1387 679 1634 715 διαγνωσθησεται.

1060 817 1065 820 ’
1107 817 1161 844 Καὶ
1177 832 1213 836 -
1227 815 1350 848 αὐτούς.
1380 815 1452 850 Ὀρα
1476 814 1682 848 προκόπτουσαν
1705 813 1755 847 τὴν
1776 813 1869 839 πίστιν

223 871 316 898 ﬁdem.
344 871 439 905 Neque
467 870 540 897 enim
564 859 816 906 ampliusrtangunt
833 871 965 898 ﬁmbriam
980 880 1018 898 re.

1076 863 1176 890 αὐτῶν.
1194 863 1252 889 Οὐκ
1267 862 1308 888 ἔτι
1333 862 1387 896 γὰρ
1421 861 1554 888 ἅπτονται
1573 860 1620 887 τοῦ
1644 859 1800 895 κρασπέδου
1821 860 1868 886 τοῦ

222 918 344 944 slimeuti
358 917 429 952 ejus,
442 916 488 943 sed
504 916 651 951 projiciuut
665 924 694 944 se
709 917 794 944 solum
808 917 840 944 ad
856 917 938 952 pedes
949 917 1019 952 ejus,

223 968 250 989 et
263 966 375 996 repente
391 967 469 989 curat
486 962 545 988 illos
562 972 568 988 :
582 969 636 988 non
655 961 727 996 quod
742 962 854 997 majoris
877 963 933 989 sint
955 962 1007 990 ﬁde

222 1015 302 1042 quam
334 1007 498 1039 Cliauannea,
532 1007 579 1034 sed
596 1007 668 1041 quod
694 1006 781 1034 Judaei
804 1007 867 1040 sint,
886 1012 915 1035 ut
930 1008 1021 1042 ingra-

223 1059 312 1081 torum
331 1055 441 1081 obturet
467 1062 514 1081 ora
537 1053 706 1086 .ludteorum,
741 1054 936 1081 demonstrans
958 1054 1020 1081 illos

222 1100 317 1132 majori
342 1100 438 1135 dignos
467 1099 613 1136 supplicio.
651 1100 775 1134 ingratus
799 1101 872 1127 enim
914 1105 1018 1135 quanto

221 1145 373 1179 umjuribus
402 1145 581 1180 pluribusque
611 1145 729 1172 afﬁcitur
756 1146 910 1179 beneﬁciis,
941 1151 1017 1174 tanto

221 1192 252 1217 ad
270 1191 399 1224 majorem
417 1198 525 1225 ptenam
546 1191 673 1218 luendam
688 1197 731 1219 est
742 1193 888 1220 obnoxius.

257 1238 332 1264 νει-ε.
351 1237 395 1263 51.
413 1237 454 1263 lla
474 1243 499 1263 ut
523 1252 556 1257 -—-
580 1238 678 1264 videre.
707 1238 876 1266 Mirabantur
904 1245 1018 1274 propter

221 1291 317 1309 eorum
335 1282 539 1310 inilltitudinem
568 1283 614 1318 qui
641 1284 820 1316 curabantur,
851 1289 879 1311 et
905 1290 1017 1320 propter

221 1329 370 1356 curationis
385 1328 565 1356 velocitatem.

258 1375 332 1401 \ers.
354 1375 398 1401 51.
423 1374 457 1400 Et
472 1389 506 1394 -—
523 1375 618 1402 Israel.
638 1375 722 1403 Deum
753 1376 837 1412 ipsius
855 1375 950 1411 Israel,
966 1377 1018 1406 hoc

221 1425 270 1452 cst,
281 1421 327 1455 qui
342 1421 376 1447 ab
392 1421 521 1448 lsraelitis
530 1422 681 1449 colebatur.

353 1477 430 1504 Cil’.
448 1477 546 1504 XXXI.
565 1478 602 1505 De
623 1484 722 1514 septem
741 1480 866 1515 panibus.

258 1533 332 1560 νει-ε.
360 1533 403 1560 52.
424 1533 498 1560 haus
513 1538 602 1560 autent
616 1549 652 1554 —
664 1536 754 1561 edant.
783 1535 846 1563 Dies
879 1541 946 1568 tres.
962 1544 1014 1571 pro
1028 1549 1051 1580 α

220 1578 315 1605 diebus
333 1578 430 1605 tribus.
447 1578 613 1606 Admiranda
630 1584 690 1606 erat
715 1584 788 1606 tanta
805 1581 892 1608 turbae
921 1589 1016 1616 perse-

220 1624 351 1651 Vcrautia.
369 1624 460 1656 Quare
472 1628 564 1651 autem
581 1629 673 1652 tacent
689 1625 828 1661 discipuli,
849 1635 900 1654 nec
922 1627 1017 1655 dicunt

220 1674 249 1695 ut
267 1668 351 1702 prius,
370 1668 480 1696 Dimitte
494 1669 597 1700 turbas,
627 1669 711 1704 idque
741 1670 830 1698 tribus
843 1671 898 1706 jam
915 1672 1016 1707 elapsis

220 1714 336 1741 diebus?
354 1714 422 1747 Quia
451 1715 582 1742 videbant
596 1715 657 1742 illos
675 1722 882 1750 perseverantes
899 1725 930 1745 ac
954 1726 1017 1753 gau-

220 1756 316 1782 dentes
335 1764 418 1791 super
444 1757 605 1785 sanitatibus
637 1757 819 1791 inﬁrmorum,
847 1767 898 1787 nec
915 1760 1015 1788 famem

219 1804 327 1838 penitus
337 1804 498 1830 sentientes.

254 1847 388 1876 Fortassis
413 1853 503 1876 autem
519 1853 547 1875 et
570 1849 604 1877 ad
624 1850 733 1878 tertium
751 1858 835 1886 usque
851 1852 922 1880 diem
941 1860 1018 1882 escas

218 1893 372 1921 detulerant
387 1904 394 1921 :
415 1894 476 1922 ideo
492 1900 557 1923 tunc
581 1896 691 1924 demum
705 1897 737 1924 ad
763 1898 925 1926 miraculqu
941 1907 1018 1927 acce-

218 1940 268 1974 dit.
288 1942 396 1976 quando
415 1942 444 1970 in
463 1943 586 1970 ciborum
612 1944 761 1979 indigentia
781 1947 922 1973 constituti
942 1952 1016 1975 sunt.

219 1988 309 2020 Quare
320 1993 411 2015 autem
429 1997 537 2017 rursum
563 1990 625 2018 illos
639 1990 666 2017 in
694 1991 805 2020 deserto
836 1993 936 2027 pascit?
961 1994 1019 2021 Uti-

218 2041 271 2068 que
285 2042 320 2062 ne
334 2035 361 2061 in
385 2035 427 2062 via
454 2036 615 2069 deﬁcerent,
640 2038 711 2064 sicut
731 2038 789 2072 ipse
816 2045 1018 2074 consequenter

221 2081 298 2115 dicit,
330 2087 411 2110 etut
445 2084 619 2112 conﬁrmaret
656 2085 768 2120 signum
806 2087 1018 2121 praecedentium

220 2134 342 2162 qumque
358 2135 478 2162 panum;
494 2129 615 2163 undique
634 2130 705 2157 enim
721 2130 889 2167 divulgatum
906 2137 974 2165 erat,
990 2137 1020 2160 ut

220 2173 292 2207 quod
311 2173 417 2207 publice
434 2174 534 2200 factum
553 2174 655 2202 fuerat.

1074 910 1184 945 ἱματίου
1218 909 1312 942 αὐτοῦ,
1340 908 1410 935 ἀλλὰ
1442 908 1583 944 ρίπτονται
1622 908 1703 943 μόνον
1733 907 1787 942 πρὸ
1811 907 1867 933 τῶν

1073 955 1164 982 ποδῶν
1179 955 1276 988 αὐτοῦ,
1293 955 1341 982 καὶ
1357 954 1529 990 παραχρῆμα
1551 953 1683 989 θραπὲύει
1697 953 1806 984 αὐτοὺς,
1819 953 1868 988 οὐχ

1070 1002 1108 1034 ὡς
1124 1003 1300 1037 πιστοτέρους
1317 1002 1367 1036 τῆς
1382 1001 1551 1032 Χαναναίας,
1580 1000 1638 1027 ἀλλ’
1650 1000 1687 1030 ὡς
1705 1000 1866 1031 Ἰουδαίους,

1072 1050 1240 1085 ἑμφράττων
1257 1049 1312 1075 τῶν
1328 1047 1486 1084 ἀχαρίστων
1523 1047 1659 1074 Ἰουδαίων
1677 1047 1712 1073 τὰ
1733 1047 1866 1081 στόματα,

1071 1097 1119 1122 καὶ
1133 1095 1291 1130 ἀποφαίνων
1306 1095 1403 1125 αὐτοὺς
1421 1094 1543 1129 μείζονος
1558 1092 1692 1128 τιμωρίας
1708 1091 1813 1124 ἀξίους.
1837 1090 1866 1117 ὐ

1072 1144 1127 1176 γὰρ
1153 1141 1316 1177 ἀχάριστος,
1329 1141 1392 1167 ὅσον
1408 1140 1592 1175 εὐεργετεῖται
1610 1139 1713 1174 μεῖζον,
1738 1138 1866 1165 τοσοῦτον

1071 1188 1178 1222 γίνεται
1199 1187 1304 1223 μείζονι
1323 1186 1434 1213 κολάσει
1451 1185 1614 1216 ὑπεύθυνος,

1108 1235 1200 1261 Ὥστε
1227 1248 1263 1253 -
1282 1233 1468 1266 βλέποντας.
1506 1231 1679 1266 Ἐθαύμαξον
1706 1230 1750 1257 διά
1778 1238 1807 1257 τε
1835 1230 1866 1254 τί.

1070 1280 1172 1316 πλῆθος
1191 1280 1245 1306 τῶν
1274 1280 1516 1315 θεραπευομένων,
1533 1278 1581 1305 καὶ
1604 1277 1647 1303 διὰ
1661 1277 1691 1304 τὸ
1715 1278 1798 1311 τάχος
1815 1276 1864 1310 τῆς

1076 1327 1238 1363 θεραπείας.

1105 1372 1160 1400 Kal.
1176 1387 1210 1392 —
1230 1371 1359 1405 Ἰσραήλ
1379 1371 1431 1397 Τὸν
1447 1370 1513 1397 Θεὸν
1532 1370 1570 1405 (5)
1588 1368 1708 1405 Ἰσραὴλ,
1727 1368 1864 1401 τουτέστι,

1069 1417 1116 1443 τὸν
1129 1417 1284 1452 τιμώμενον
1299 1416 1351 1442 ὑπὸ
1366 1416 1420 1443 τῶν
1445 1415 1630 1450 Ἰσραηλιτῶν.

1211 1474 1291 1501 ΚΕΦ.
1304 1473 1367 1500 AA’.
1376 1473 1446 1507 Περὶ
1456 1472 1514 1499 τῶν
1525 1473 1600 1499 ἑπτὰ
1615 1471 1722 1506 ἄρτων.

1109 1531 1142 1558 '0
1148 1546 1182 1553 -—
1189 1531 1336 1566 φάγωσιν.
1345 1530 1459 1564 Ἡμέραι
1471 1530 1509 1564 (Il)
1519 1531 1603 1564 τρεῖς,
1615 1528 1736 1562 ἀντὶτοῠ,
1746 1527 1865 1564 ἡμέραις

1066 1579 1152 1614 τρισί.
1170 1577 1322 1612 Θαυμαστὴ
1336 1577 1364 1602 δὲ
1382 1577 1399 1611 ἡ
1415 1576 1535 1610 τοσαύτη
1559 1574 1605 1602 τοῦ
1626 1575 1705 1610 ὄχλου
1719 1575 1863 1610 καρτερία.

1066 1625 1142 1652 Διατί
1156 1624 1185 1651 δὲ
1207 1624 1320 1658 σιγῶσιν
1335 1623 1360 1649 ei
1380 1622 1510 1658 μαθηταὶ,
1533 1622 1580 1648 καὶ
1595 1621 1655 1656 οὐχ,
1670 1621 1707 1651 ὡς
1720 1620 1862 1654 πρότερον,

1065 1671 1200 1706 λέγουσιν·
1221 1671 1368 1698 ’Δπόλυσον
1384 1670 1430 1696 τὸν
1443 1668 1584 1704 ὕχλονριαὶ
1595 1667 1681 1694 ταῦτα
1696 1666 1778 1702 τριῶν
1791 1674 1864 1702 παρ-

1068 1718 1201 1745 ελθουσῶν
1224 1716 1353 1752 ήμερῶν;
1373 1715 1446 1742 Διότι
1470 1714 1584 1741 ἔϐλεπον
1611 1714 1674 1745 τοὺς
1694 1721 1861 1748 προσκαρτε-

1070 1764 1185 1800 ροῦντας
1206 1763 1349 1799 χαίροντας
1363 1763 1410 1789 ἐπὶ
1430 1763 1488 1793 ταῖς
1504 1760 1677 1797 ἀναρῤώσεσι
1700 1759 1754 1786 τῶν
1782 1758 1862 1786 ἀσθε-

1069 1811 1198 1842 νούντων,
1218 1811 1265 1836 καὶ
1280 1809 1334 1835 οὐδ’
1349 1808 1418 1839 ὅλως
1433 1807 1646 1842 αἰσθανομένους
1659 1806 1750 1842 λιμοῦ.

1107 1857 1187 1887 Ἴσως
1207 1855 1235 1882 δὲ
1247 1856 1292 1881 καὶ
1309 1854 1390 1889 μέχρι
1405 1853 1454 1887 τῆς
1471 1852 1566 1888 τρίτης
1581 1852 1686 1888 ἡμέρας
1702 1853 1775 1887 εἶχον
1799 1853 1864 1887 ἑφό-

1069 1902 1126 1929 δια.
1144 1902 1189 1927 Διὸ
1209 1901 1257 1928 καὶ
1275 1900 1338 1927 τότε
1349 1900 1444 1927 λοιπὸν
1467 1901 1514 1926 ἐπὶ
1526 1899 1556 1926 τὸ
1571 1900 1664 1935 θαῦμα
1675 1900 1799 1935 ἔρχεται,
1814 1901 1860 1927 ὅτε

1070 1948 1246 1982 κατέστησαν
1262 1948 1290 1973 ἐν
1308 1946 1388 1982 χρείᾳ
1404 1946 1519 1981 τροφῆς.
1538 1946 1616 1977 Τίνος
1631 1946 1659 1972 δὲ
1671 1946 1764 1972 ἕνεκεν
1777 1946 1861 1972 πάλιν

1070 1994 1170 2026 αὐτοὺς
1186 1995 1215 2020 ὲν
1232 1994 1330 2028 ἐρήμῳ
1349 1992 1446 2027 τρέφει
1463 2000 1470 2025 ;
1489 1992 1611 2024 Πάντως,
1627 1992 1670 2018 ἵνα
1688 1991 1726 2028 μὴ
1741 1991 1863 2019 ἐκλυθῶ-

1073 2051 1115 2070 σιν
1141 2044 1170 2069 ὲν
1195 2043 1229 2078 τῇ
1260 2041 1324 2076 ὁδῷ,
1338 2040 1429 2072 καθὼς
1445 2041 1526 2072 αὐτὸς
1543 2039 1605 2067 εἷπε
1620 2040 1735 2075 προῖὼν,
1752 2042 1799 2067 καὶ
1817 2040 1863 2066 ἵνα

1072 2087 1211 2123 βεϐαιώσῃ
1225 2087 1256 2113 τὸ
1269 2088 1384 2121 σημεῖον
1396 2086 1450 2112 τῶν
1464 2086 1657 2121 προλαὸὀντων
1666 2087 1746 2113 πέντε
1757 2087 1861 2121 ἄρτων

1072 2132 1281 2168 διατεθρύλλητο
1298 2132 1354 2167 γὰρ
1383 2132 1459 2167 παρὰ
1491 2132 1584 2164 πᾶσιν,
1611 2132 1649 2164 ὼς
1673 2133 1710 2167 (5)
1729 2141 1863 2166 και-ιοφα-

1071 2181 1126 2212 νές.
1146 2179 1184 2215 (θ)

255 2218 332 2245 Vers.
352 2219 397 2246 52.
416 2219 448 2246 Et
464 2235 497 2240 -—
524 2221 576 2248 ria.
607 2221 716 2251 Marcus
749 2228 840 2251 autem
872 2224 980 2252 addidit
1002 2233 1010 2253 :

1101 2225 1155 2253 Kal
1171 2239 1206 2244 --
1222 2222 1292 2256 ὀδῷ.
1309 2224 1337 2250 '0
1358 2223 1387 2250 δὲ
1397 2223 1511 2258 Μάρκος
1527 2223 1692 2259 προσέθηκε·
1709 2224 1792 2258 Τινὲς
1802 2225 1859 2259 γὰρ

219 2264 333 2296 Quidam
358 2266 426 2293 enim
449 2274 540 2293 eorum
571 2276 584 2294 e
615 2268 758 2304 longinquo
784 2276 921 2298 uenerunt.
948 2271 1017 2298 Vide

219 2318 285 2343 ergo
301 2311 408 2339 Domini
425 2313 636 2342 humanitatem.
672 2314 741 2342 Nam
767 2316 860 2344 sciens
889 2324 1016 2344 naturam

221 2357 367 2384 humanam
391 2359 453 2386 cibo
474 2360 608 2395 indigere,
638 2362 767 2396 providet
797 2363 824 2390 ei
853 2364 936 2391 etiam
963 2372 1018 2392 non

221 2405 379 2438 requisitas,
394 2405 544 2440 cibumque
572 2407 685 2441 prabet.
707 2407 897 2436 Communicat
927 2414 1018 2437 autem

220 2449 374 2484 discipulis,
390 2455 419 2477 ut
437 2452 573 2479 recordati
600 2453 722 2480 miraculi
751 2454 871 2489 quinque
902 2463 1015 2491 panum,

220 2495 334 2522 oﬂ’erant
349 2497 372 2524 ei
386 2504 470 2532 panes
487 2506 555 2532 quos
573 2499 687 2532 habent,
717 2505 746 2528 et
762 2501 856 2528 dicant
878 2510 885 2529 :
918 2502 1011 2530 Multi-

278 2584 301 2599 ¹⁰
315 2584 398 2614 Marc.
414 2593 473 2620 vui,
490 2587 517 2614 5.

1065 2271 1100 2303 ἐξ
1115 2271 1153 2307 (7)
1168 2269 1269 2299 αὐτῶν
1281 2273 1435 2305 μακρόθεν
1458 2271 1601 2304 ἣκουσιν.
1618 2271 1690 2306 Ὅρα
1707 2271 1735 2298 δὲ
1751 2271 1858 2298 Δεσπό-

1065 2327 1112 2345 του
1140 2318 1362 2353 φιλανθρωπίαν.
1396 2318 1482 2349 Εἰδὼς
1520 2318 1576 2354 γὰρ
1607 2318 1658 2353 τὴν
1683 2317 1861 2352 ἀνθρωπίνην

1067 2363 1148 2399 φύσιν
1167 2363 1298 2399 δεομένην
1312 2365 1426 2399 τροφῆς,
1445 2365 1602 2399 προνοεῖται
1620 2363 1735 2398 ταύτης,
1749 2364 1798 2390 καὶ
1820 2363 1860 2398 μὴ

1068 2410 1203 2446 αἰτηθεὶς,
1223 2410 1340 2445 παρέχει
1366 2410 1481 2445 τροφήν.
1509 2411 1715 2444 Κοινολογαίται
1735 2409 1764 2435 δὲ
1789 2410 1862 2444 πρὸς

1067 2457 1130 2487 τοὺς
1148 2455 1281 2491 μαθητὰς,
1295 2456 1339 2484 ἵνα
1353 2456 1573 2491 ἀναμνησθέντες
1587 2456 1634 2483 τοῦ
1651 2455 1789 2489 θαύματος
1802 2455 1860 2482 τῶν

1070 2503 1153 2529 πέντε
1180 2502 1284 2538 ἄρτων,
1317 2503 1539 2537 προσενέγκωσιν
1565 2503 1642 2539 αὐτῷ
1657 2503 1719 2534 τοὺς
1743 2502 1859 2538 ἄρτους,

815 2624 914 2655 Variae
942 2624 1095 2657 lectiones
1110 2629 1141 2657 et
1156 2630 1251 2658 notae.

258 2704 296 2740 t3)
315 2704 368 2731 Τοῦ
383 2704 469 2732 addit.
485 2704 516 2732 Α.

257 2741 295 2781 (λέ)
311 2741 357 2781 ῥυ
367 2741 469 2780 ἡμέραι
484 2740 623 2781 ιιιι-τρισίν
638 2742 767 2781 omiserat
782 2742 945 2781 lientenius.

256 2775 461 2812 (Billcntenius
479 2775 608 2812 reddidit,
626 2784 658 2804 ac
670 2778 693 2804 si
717 2779 862 2812 repererit,
884 2787 1014 2810 κοινοφα-

220 2811 341 2847 νέςχδςά
362 2811 667 2847 retinendumvidettir,
682 2811 857 2847 καινοφανές,

267 2846 295 2880 6)
309 2845 357 2874 llic
369 2846 512 2874 addiderat
525 2845 677 2876 Hentenius
688 2845 824 2876 scholium
838 2848 1012 2885 allegoricum

1064 2710 1136 2752 quod
1154 2710 1181 2738 in
1197 2710 1361 2752 meispaulo
1375 2711 1491 2739 inferius
1503 2711 1603 2747 legitur
1619 2711 1654 2739 ad
1676 2719 1785 2740 versum
1805 2714 1859 2742 tri-

1065 2753 1196 2773 cesrmum
1218 2751 1339 2774 tertium.

1101 2781 1139 2816 (7)
1162 2781 1209 2820 Ἐξ
1214 2781 1298 2820 _infra_
1304 2781 1375 2820 apud
1391 2781 1509 2820 Biarcum
1522 2782 1549 2810 in
1562 2787 1690 2811 contextu
1702 2791 1757 2812 non
1771 2791 1859 2820 agno-

1065 2821 1146 2844 scunt
1160 2817 1268 2845 codices
1280 2817 1429 2852 Eutbymii.
