  <div class='ocr_page' id='page_1' title='image "/cluster/home/n/w/nwhite01/storage/ocr_20150623/129/njp.32101077773065/259.png"; bbox 0 0 1937 3072; ppageno 0'>
   <div class='ocr_carea' id='block_1_1' title="bbox 201 157 255 190">
    <p class='ocr_par' dir='ltr' id='par_1_1' title="bbox 201 157 255 190">
     <span class='ocr_line' id='line_1_1' title="bbox 201 157 255 190; baseline 0 -1"><span class='ocrx_word' id='word_1_1' title='bbox 201 157 255 190; x_wconf 78' lang='lat' dir='ltr'><strong>L75</strong></span> 
     </span>
    </p>
   </div>
   <div class='ocr_carea' id='block_1_2' title="bbox 812 156 1197 187">
    <p class='ocr_par' dir='ltr' id='par_1_2' title="bbox 812 156 1197 187">
     <span class='ocr_line' id='line_1_2' title="bbox 812 156 1197 187; baseline -0.003 -1"><span class='ocrx_word' id='word_1_2' title='bbox 812 157 1001 187; x_wconf 62' lang='lat' dir='ltr'><strong>EUTHiMll</strong></span> <span class='ocrx_word' id='word_1_3' title='bbox 1019 156 1197 186; x_wconf 79' lang='lat' dir='ltr'><strong>ZlGABENI</strong></span> 
     </span>
    </p>
   </div>
   <div class='ocr_carea' id='block_1_3' title="bbox 1779 154 1838 186">
    <p class='ocr_par' dir='ltr' id='par_1_3' title="bbox 1779 154 1838 186">
     <span class='ocr_line' id='line_1_3' title="bbox 1779 154 1838 186; baseline 0.034 -2"><span class='ocrx_word' id='word_1_4' title='bbox 1779 154 1838 186; x_wconf 73' lang='lat'><strong>476</strong></span> 
     </span>
    </p>
   </div>
   <div class='ocr_carea' id='block_1_4' title="bbox 239 212 987 249">
    <p class='ocr_par' dir='ltr' id='par_1_4' title="bbox 239 213 987 249">
     <span class='ocr_line' id='line_1_4' title="bbox 239 213 987 249; baseline -0.003 -7"><span class='ocrx_word' id='word_1_5' title='bbox 239 215 315 242; x_wconf 83' lang='lat' dir='ltr'><strong>Vers.</strong></span> <span class='ocrx_word' id='word_1_6' title='bbox 330 215 376 242; x_wconf 76' lang='lat'><strong>26.</strong></span> <span class='ocrx_word' id='word_1_7' title='bbox 393 216 445 241; x_wconf 79' lang='lat' dir='ltr'><strong>Aut</strong></span> <span class='ocrx_word' id='word_1_8' title='bbox 470 229 503 235; x_wconf 94' lang='lat'><strong>——</strong></span> <span class='ocrx_word' id='word_1_9' title='bbox 520 223 567 240; x_wconf 79' lang='lat' dir='ltr'><strong>sua</strong></span> <span class='ocrx_word' id='word_1_10' title='bbox 585 215 596 241; x_wconf 73' lang='grc' dir='ltr'><em>γ</em></span> <span class='ocrx_word' id='word_1_11' title='bbox 616 213 645 240; x_wconf 88' lang='lat' dir='ltr'>Si</span> <span class='ocrx_word' id='word_1_12' title='bbox 665 214 737 241; x_wconf 89' lang='lat' dir='ltr'><strong>enim</strong></span> <span class='ocrx_word' id='word_1_13' title='bbox 755 223 844 249; x_wconf 88' lang='lat' dir='ltr'><strong>neque</strong></span> <span class='ocrx_word' id='word_1_14' title='bbox 870 215 987 242; x_wconf 83' lang='lat' dir='ltr'><strong>mundus</strong></span> 
     </span>
    </p>
   </div>
   <div class='ocr_carea' id='block_1_5' title="bbox 1043 212 1834 249">
    <p class='ocr_par' dir='ltr' id='par_1_5' title="bbox 1077 212 1834 248">
     <span class='ocr_line' id='line_1_5' title="bbox 1077 212 1834 248; baseline -0.003 -7"><span class='ocrx_word' id='word_1_15' title='bbox 1077 216 1111 241; x_wconf 85' lang='grc' dir='ltr'><strong>Ἢ</strong></span> <span class='ocrx_word' id='word_1_16' title='bbox 1123 214 1239 244; x_wconf 62' lang='lat' dir='ltr'><strong>aliter”);</strong></span> <span class='ocrx_word' id='word_1_17' title='bbox 1265 214 1294 239; x_wconf 74' lang='lat' dir='ltr'><strong>Et</strong></span> <span class='ocrx_word' id='word_1_18' title='bbox 1320 212 1374 248; x_wconf 72' lang='grc' dir='ltr'>γὰρ</span> <span class='ocrx_word' id='word_1_19' title='bbox 1399 213 1455 239; x_wconf 73' lang='grc' dir='ltr'>οὐδ’</span> <span class='ocrx_word' id='word_1_20' title='bbox 1469 213 1487 246; x_wconf 67' lang='lat'><strong>6;</strong></span> <span class='ocrx_word' id='word_1_21' title='bbox 1508 212 1620 247; x_wconf 82' lang='grc' dir='ltr'>σύμπας</span> <span class='ocrx_word' id='word_1_22' title='bbox 1651 213 1752 247; x_wconf 80' lang='grc' dir='ltr'>κόσμος</span> <span class='ocrx_word' id='word_1_23' title='bbox 1771 213 1834 239; x_wconf 82' lang='grc' dir='ltr'>ἀντ-</span> 
     </span>
    </p>
   </div>
   <div class='ocr_carea' id='block_1_6' title="bbox 201 260 990 295">
    <p class='ocr_par' dir='ltr' id='par_1_6' title="bbox 201 260 990 295">
     <span class='ocr_line' id='line_1_6' title="bbox 201 260 990 295; baseline -0.003 -7"><span class='ocrx_word' id='word_1_24' title='bbox 201 265 277 288; x_wconf 86' lang='lat' dir='ltr'><strong>totus</strong></span> <span class='ocrx_word' id='word_1_25' title='bbox 289 260 506 295; x_wconf 86' lang='lat' dir='ltr'><strong>corrcspondens</strong></span> <span class='ocrx_word' id='word_1_26' title='bbox 521 264 564 287; x_wconf 87' lang='lat' dir='ltr'><strong>est</strong></span> <span class='ocrx_word' id='word_1_27' title='bbox 579 260 675 286; x_wconf 67' lang='lat' dir='ltr'><strong>anima:</strong></span> <span class='ocrx_word' id='word_1_28' title='bbox 691 260 827 293; x_wconf 83' lang='lat' dir='ltr'><strong>rationali,</strong></span> <span class='ocrx_word' id='word_1_29' title='bbox 839 261 903 294; x_wconf 87' lang='lat' dir='ltr'><strong>quid</strong></span> <span class='ocrx_word' id='word_1_30' title='bbox 915 261 990 286; x_wconf 98' lang='lat' dir='ltr'><strong>dabit</strong></span> 
     </span>
    </p>
   </div>
   <div class='ocr_carea' id='block_1_7' title="bbox 201 304 990 341">
    <p class='ocr_par' dir='ltr' id='par_1_7' title="bbox 201 304 990 341">
     <span class='ocr_line' id='line_1_7' title="bbox 201 304 990 341; baseline -0.003 -7"><span class='ocrx_word' id='word_1_31' title='bbox 201 306 337 341; x_wconf 83' lang='lat' dir='ltr'><strong>quispiam</strong></span> <span class='ocrx_word' id='word_1_32' title='bbox 348 304 566 333; x_wconf 88' lang='lat' dir='ltr'><strong>commutationis</strong></span> <span class='ocrx_word' id='word_1_33' title='bbox 579 311 608 331; x_wconf 90' lang='lat' dir='ltr'><strong>ut</strong></span> <span class='ocrx_word' id='word_1_34' title='bbox 621 306 689 332; x_wconf 88' lang='lat' dir='ltr'><strong>hanc</strong></span> <span class='ocrx_word' id='word_1_35' title='bbox 705 305 738 331; x_wconf 81' lang='lat' dir='ltr'><strong>ab</strong></span> <span class='ocrx_word' id='word_1_36' title='bbox 748 311 850 332; x_wconf 74' lang='lat' dir='ltr'><strong>aeterno</strong></span> <span class='ocrx_word' id='word_1_37' title='bbox 858 306 990 340; x_wconf 78' lang='lat' dir='ltr'><strong>supplicio</strong></span> 
     </span>
    </p>
   </div>
   <div class='ocr_carea' id='block_1_8' title="bbox 202 350 990 386">
    <p class='ocr_par' dir='ltr' id='par_1_8' title="bbox 202 350 990 386">
     <span class='ocr_line' id='line_1_8' title="bbox 202 350 990 386; baseline -0.003 -7"><span class='ocrx_word' id='word_1_38' title='bbox 202 352 320 386; x_wconf 76' lang='lat' dir='ltr'><strong>eripiat?</strong></span> <span class='ocrx_word' id='word_1_39' title='bbox 341 351 420 378; x_wconf 87' lang='lat' dir='ltr'><strong>Certe</strong></span> <span class='ocrx_word' id='word_1_40' title='bbox 434 350 513 378; x_wconf 81' lang='lat' dir='ltr'><strong>nihil.</strong></span> <span class='ocrx_word' id='word_1_41' title='bbox 530 351 662 377; x_wconf 85' lang='lat' dir='ltr'><strong>Omnibus</strong></span> <span class='ocrx_word' id='word_1_42' title='bbox 678 351 767 384; x_wconf 82' lang='lat' dir='ltr'><strong>itaque</strong></span> <span class='ocrx_word' id='word_1_43' title='bbox 778 351 890 380; x_wconf 89' lang='lat' dir='ltr'><strong>relictis.</strong></span> <span class='ocrx_word' id='word_1_44' title='bbox 909 351 990 385; x_wconf 80' lang='lat' dir='ltr'><strong>hujus</strong></span> 
     </span>
    </p>
   </div>
   <div class='ocr_carea' id='block_1_9' title="bbox 202 396 991 431">
    <p class='ocr_par' dir='ltr' id='par_1_9' title="bbox 202 396 991 431">
     <span class='ocr_line' id='line_1_9' title="bbox 202 396 991 431; baseline 0 -8"><span class='ocrx_word' id='word_1_45' title='bbox 202 404 295 424; x_wconf 86' lang='lat' dir='ltr'><strong>curam</strong></span> <span class='ocrx_word' id='word_1_46' title='bbox 332 396 435 423; x_wconf 83' lang='lat' dir='ltr'><strong>habere</strong></span> <span class='ocrx_word' id='word_1_47' title='bbox 464 396 548 422; x_wconf 89' lang='lat' dir='ltr'><strong>solius</strong></span> <span class='ocrx_word' id='word_1_48' title='bbox 573 400 689 430; x_wconf 84' lang='lat' dir='ltr'><strong>oportet,</strong></span> <span class='ocrx_word' id='word_1_49' title='bbox 717 397 794 430; x_wconf 84' lang='lat' dir='ltr'><strong>cujus</strong></span> <span class='ocrx_word' id='word_1_50' title='bbox 815 398 920 431; x_wconf 80' lang='lat' dir='ltr'><strong>jactura</strong></span> <span class='ocrx_word' id='word_1_51' title='bbox 950 401 991 423; x_wconf 89' lang='lat' dir='ltr'><strong>est</strong></span> 
     </span>
    </p>
   </div>
   <div class='ocr_carea' id='block_1_10' title="bbox 200 438 989 478">
    <p class='ocr_par' dir='ltr' id='par_1_10' title="bbox 200 438 989 478">
     <span class='ocr_line' id='line_1_10' title="bbox 200 438 989 478; baseline 0.001 -8"><span class='ocrx_word' id='word_1_52' title='bbox 200 443 319 470; x_wconf 78' lang='lat' dir='ltr'><strong>maxime</strong></span> <span class='ocrx_word' id='word_1_53' title='bbox 330 438 461 474; x_wconf 75' lang='lat' dir='ltr'><strong>mortalis,</strong></span> <span class='ocrx_word' id='word_1_54' title='bbox 475 448 502 469; x_wconf 91' lang='lat' dir='ltr'><strong>et</strong></span> <span class='ocrx_word' id='word_1_55' title='bbox 513 443 549 470; x_wconf 85' lang='lat' dir='ltr'><strong>ob</strong></span> <span class='ocrx_word' id='word_1_56' title='bbox 562 451 644 477; x_wconf 85' lang='lat' dir='ltr'><strong>quam</strong></span> <span class='ocrx_word' id='word_1_57' title='bbox 659 444 791 477; x_wconf 83' lang='lat' dir='ltr'><strong>perditam</strong></span> <span class='ocrx_word' id='word_1_58' title='bbox 807 444 881 470; x_wconf 87' lang='lat' dir='ltr'><strong>nulla</strong></span> <span class='ocrx_word' id='word_1_59' title='bbox 899 449 989 478; x_wconf 64' lang='lat' dir='ltr'><strong>potest</strong></span> 
     </span>
    </p>
   </div>
   <div class='ocr_carea' id='block_1_11' title="bbox 201 488 990 524">
    <p class='ocr_par' dir='ltr' id='par_1_11' title="bbox 201 488 990 524">
     <span class='ocr_line' id='line_1_11' title="bbox 201 488 990 524; baseline 0.004 -10"><span class='ocrx_word' id='word_1_60' title='bbox 201 488 259 515; x_wconf 88' lang='lat' dir='ltr'><strong>dari</strong></span> <span class='ocrx_word' id='word_1_61' title='bbox 273 488 460 515; x_wconf 88' lang='lat' dir='ltr'><strong>commutatio.</strong></span> <span class='ocrx_word' id='word_1_62' title='bbox 490 488 524 516; x_wconf 88' lang='lat' dir='ltr'><strong>Ut</strong></span> <span class='ocrx_word' id='word_1_63' title='bbox 545 493 636 515; x_wconf 86' lang='lat' dir='ltr'><strong>autem</strong></span> <span class='ocrx_word' id='word_1_64' title='bbox 650 490 756 516; x_wconf 87' lang='lat' dir='ltr'><strong>discant</strong></span> <span class='ocrx_word' id='word_1_65' title='bbox 771 490 843 523; x_wconf 88' lang='lat' dir='ltr'><strong>quod</strong></span> <span class='ocrx_word' id='word_1_66' title='bbox 860 490 990 524; x_wconf 83' lang='lat' dir='ltr'><strong>segnibus</strong></span> 
     </span>
    </p>
   </div>
   <div class='ocr_carea' id='block_1_12' title="bbox 201 533 989 569">
    <p class='ocr_par' dir='ltr' id='par_1_12' title="bbox 201 533 989 569">
     <span class='ocr_line' id='line_1_12' title="bbox 201 533 989 569; baseline 0.003 -9"><span class='ocrx_word' id='word_1_67' title='bbox 201 541 257 560; x_wconf 89' lang='lat' dir='ltr'><strong>non</strong></span> <span class='ocrx_word' id='word_1_68' title='bbox 272 533 332 560; x_wconf 85' lang='lat' dir='ltr'><strong>sine</strong></span> <span class='ocrx_word' id='word_1_69' title='bbox 345 534 448 560; x_wconf 91' lang='lat' dir='ltr'><strong>ultione</strong></span> <span class='ocrx_word' id='word_1_70' title='bbox 465 534 518 560; x_wconf 88' lang='lat' dir='ltr'><strong>erit</strong></span> <span class='ocrx_word' id='word_1_71' title='bbox 533 541 580 561; x_wconf 86' lang='lat' dir='ltr'><strong>sua</strong></span> <span class='ocrx_word' id='word_1_72' title='bbox 614 534 753 569; x_wconf 79' lang='lat' dir='ltr'><strong>segnities,</strong></span> <span class='ocrx_word' id='word_1_73' title='bbox 768 543 857 569; x_wconf 81' lang='lat' dir='ltr'><strong>neque</strong></span> <span class='ocrx_word' id='word_1_74' title='bbox 888 536 989 562; x_wconf 86' lang='lat' dir='ltr'><strong>sedulis</strong></span> 
     </span>
    </p>
   </div>
   <div class='ocr_carea' id='block_1_13' title="bbox 200 577 989 614">
    <p class='ocr_par' dir='ltr' id='par_1_13' title="bbox 200 577 989 614">
     <span class='ocr_line' id='line_1_13' title="bbox 200 577 989 614; baseline 0.005 -11"><span class='ocrx_word' id='word_1_75' title='bbox 200 578 314 610; x_wconf 64' lang='lat' dir='ltr'><strong>pratmio</strong></span> <span class='ocrx_word' id='word_1_76' title='bbox 342 577 445 604; x_wconf 89' lang='lat' dir='ltr'><strong>carebit</strong></span> <span class='ocrx_word' id='word_1_77' title='bbox 473 585 521 604; x_wconf 85' lang='lat' dir='ltr'><strong>sua</strong></span> <span class='ocrx_word' id='word_1_78' title='bbox 534 578 673 612; x_wconf 84' lang='lat' dir='ltr'><strong>sedulitas,</strong></span> <span class='ocrx_word' id='word_1_79' title='bbox 704 582 788 613; x_wconf 87' lang='lat' dir='ltr'><strong>utque</strong></span> <span class='ocrx_word' id='word_1_80' title='bbox 813 579 850 606; x_wconf 91' lang='lat' dir='ltr'><strong>illi</strong></span> <span class='ocrx_word' id='word_1_81' title='bbox 875 580 989 614; x_wconf 87' lang='lat' dir='ltr'><strong>amplius</strong></span> 
     </span>
    </p>
   </div>
   <div class='ocr_carea' id='block_1_14' title="bbox 201 623 989 659">
    <p class='ocr_par' dir='ltr' id='par_1_14' title="bbox 201 623 989 659">
     <span class='ocr_line' id='line_1_14' title="bbox 201 623 989 659; baseline 0.005 -10"><span class='ocrx_word' id='word_1_82' title='bbox 201 626 366 655; x_wconf 86' lang='lat' dir='ltr'><strong>terreantur,</strong></span> <span class='ocrx_word' id='word_1_83' title='bbox 384 623 411 650; x_wconf 91' lang='lat' dir='ltr'><strong>hi</strong></span> <span class='ocrx_word' id='word_1_84' title='bbox 427 632 490 652; x_wconf 87' lang='lat' dir='ltr'><strong>vere</strong></span> <span class='ocrx_word' id='word_1_85' title='bbox 507 625 637 657; x_wconf 82' lang='lat' dir='ltr'><strong>majorem</strong></span> <span class='ocrx_word' id='word_1_86' title='bbox 667 623 802 659; x_wconf 84' lang='lat' dir='ltr'><strong>accipiant</strong></span> <span class='ocrx_word' id='word_1_87' title='bbox 825 626 989 653; x_wconf 86' lang='lat' dir='ltr'><strong>consolatio-</strong></span> 
     </span>
    </p>
   </div>
   <div class='ocr_carea' id='block_1_15' title="bbox 200 668 378 699">
    <p class='ocr_par' dir='ltr' id='par_1_15' title="bbox 200 668 378 699">
     <span class='ocr_line' id='line_1_15' title="bbox 200 668 378 699; baseline 0.011 -5"><span class='ocrx_word' id='word_1_88' title='bbox 200 674 274 699; x_wconf 85' lang='lat' dir='ltr'><strong>nem,</strong></span> <span class='ocrx_word' id='word_1_89' title='bbox 290 668 355 695; x_wconf 86' lang='lat' dir='ltr'><strong>dicit</strong></span> <span class='ocrx_word' id='word_1_90' title='bbox 373 678 378 696; x_wconf 95' lang='lat'>:</span> 
     </span>
    </p>
   </div>
   <div class='ocr_carea' id='block_1_16' title="bbox 237 714 988 751">
    <p class='ocr_par' dir='ltr' id='par_1_16' title="bbox 237 714 988 751">
     <span class='ocr_line' id='line_1_16' title="bbox 237 714 988 751; baseline 0.007 -10"><span class='ocrx_word' id='word_1_91' title='bbox 237 714 313 742; x_wconf 81' lang='lat' dir='ltr'><strong>Vers.</strong></span> <span class='ocrx_word' id='word_1_92' title='bbox 326 715 372 742; x_wconf 75' lang='grc'><strong>27.</strong></span> <span class='ocrx_word' id='word_1_93' title='bbox 388 715 476 743; x_wconf 81' lang='lat' dir='ltr'><strong>Filius</strong></span> <span class='ocrx_word' id='word_1_94' title='bbox 497 731 533 736; x_wconf 95' lang='lat'><strong>—</strong></span> <span class='ocrx_word' id='word_1_95' title='bbox 552 722 673 751; x_wconf 77' lang='lat' dir='ltr'><strong>operatus</strong></span> <span class='ocrx_word' id='word_1_96' title='bbox 698 721 747 745; x_wconf 78' lang='lat' dir='ltr'><strong>est.</strong></span> <span class='ocrx_word' id='word_1_97' title='bbox 768 717 855 746; x_wconf 87' lang='lat' dir='ltr'><strong>Simul</strong></span> <span class='ocrx_word' id='word_1_98' title='bbox 874 719 988 746; x_wconf 91' lang='lat' dir='ltr'><strong>demon-</strong></span> 
     </span>
    </p>
   </div>
   <div class='ocr_carea' id='block_1_17' title="bbox 200 760 989 799">
    <p class='ocr_par' dir='ltr' id='par_1_17' title="bbox 200 760 989 799">
     <span class='ocr_line' id='line_1_17' title="bbox 200 760 989 799; baseline 0.008 -13"><span class='ocrx_word' id='word_1_99' title='bbox 200 761 296 787; x_wconf 82' lang='lat' dir='ltr'><strong>stravit</strong></span> <span class='ocrx_word' id='word_1_100' title='bbox 311 760 382 796; x_wconf 77' lang='grc' dir='ltr'><strong>ψιοὰ</strong></span> <span class='ocrx_word' id='word_1_101' title='bbox 395 762 627 795; x_wconf 65' lang='grc' dir='ltr'>εειηάεηιζιιεὺειιι</span> <span class='ocrx_word' id='word_1_102' title='bbox 640 771 702 791; x_wconf 89' lang='lat' dir='ltr'><strong>cum</strong></span> <span class='ocrx_word' id='word_1_103' title='bbox 720 763 800 791; x_wconf 83' lang='lat' dir='ltr'><strong>Patre</strong></span> <span class='ocrx_word' id='word_1_104' title='bbox 815 765 938 799; x_wconf 80' lang='lat' dir='ltr'><strong>gloriam.</strong></span> <span class='ocrx_word' id='word_1_105' title='bbox 955 764 989 792; x_wconf 88' lang='lat' dir='ltr'><strong>In</strong></span> 
     </span>
    </p>
   </div>
   <div class='ocr_carea' id='block_1_18' title="bbox 198 805 988 844">
    <p class='ocr_par' dir='ltr' id='par_1_18' title="bbox 198 805 988 844">
     <span class='ocr_line' id='line_1_18' title="bbox 198 805 988 844; baseline 0.008 -13"><span class='ocrx_word' id='word_1_106' title='bbox 198 805 296 840; x_wconf 81' lang='lat' dir='ltr'><strong>gloria,</strong></span> <span class='ocrx_word' id='word_1_107' title='bbox 313 806 410 841; x_wconf 79' lang='lat' dir='ltr'><strong>inquit,</strong></span> <span class='ocrx_word' id='word_1_108' title='bbox 422 809 507 841; x_wconf 81' lang='lat' dir='ltr'><strong>patris</strong></span> <span class='ocrx_word' id='word_1_109' title='bbox 515 808 567 835; x_wconf 82' lang='lat' dir='ltr'><strong>sui.</strong></span> <span class='ocrx_word' id='word_1_110' title='bbox 580 809 656 841; x_wconf 84' lang='lat' dir='ltr'><strong>Quod</strong></span> <span class='ocrx_word' id='word_1_111' title='bbox 665 809 686 836; x_wconf 89' lang='lat' dir='ltr'><strong>si</strong></span> <span class='ocrx_word' id='word_1_112' title='bbox 700 809 824 836; x_wconf 80' lang='lat' dir='ltr'><strong>eamdem</strong></span> <span class='ocrx_word' id='word_1_113' title='bbox 839 809 920 837; x_wconf 82' lang='lat' dir='ltr'><strong>habet</strong></span> <span class='ocrx_word' id='word_1_114' title='bbox 931 810 988 844; x_wconf 81' lang='lat' dir='ltr'><strong>glo-</strong></span> 
     </span>
    </p>
   </div>
   <div class='ocr_carea' id='block_1_19' title="bbox 199 851 987 890">
    <p class='ocr_par' dir='ltr' id='par_1_19' title="bbox 199 851 987 890">
     <span class='ocr_line' id='line_1_19' title="bbox 199 851 987 890; baseline 0.009 -14"><span class='ocrx_word' id='word_1_115' title='bbox 199 851 278 882; x_wconf 89' lang='lat' dir='ltr'><strong>riam,</strong></span> <span class='ocrx_word' id='word_1_116' title='bbox 294 851 418 885; x_wconf 86' lang='lat' dir='ltr'><strong>ejusdem</strong></span> <span class='ocrx_word' id='word_1_117' title='bbox 431 853 525 887; x_wconf 84' lang='lat' dir='ltr'><strong>utique</strong></span> <span class='ocrx_word' id='word_1_118' title='bbox 542 854 702 881; x_wconf 69' lang='lat' dir='ltr'><strong>substantia:</strong></span> <span class='ocrx_word' id='word_1_119' title='bbox 716 859 758 882; x_wconf 85' lang='lat' dir='ltr'><strong>est</strong></span> <span class='ocrx_word' id='word_1_120' title='bbox 768 860 796 882; x_wconf 89' lang='lat' dir='ltr'><strong>et</strong></span> <span class='ocrx_word' id='word_1_121' title='bbox 814 857 945 890; x_wconf 72' lang='lat' dir='ltr'><strong>potentiae</strong></span> <span class='ocrx_word' id='word_1_122' title='bbox 955 864 987 883; x_wconf 88' lang='lat' dir='ltr'><strong>ae</strong></span> 
     </span>
    </p>
   </div>
   <div class='ocr_carea' id='block_1_20' title="bbox 199 889 1023 935">
    <p class='ocr_par' dir='ltr' id='par_1_20' title="bbox 199 889 1023 935">
     <span class='ocr_line' id='line_1_20' title="bbox 199 889 1023 935; baseline 0.007 -12"><span class='ocrx_word' id='word_1_123' title='bbox 199 896 348 925; x_wconf 86' lang='lat' dir='ltr'><strong>divinitatis</strong></span> <span class='ocrx_word' id='word_1_124' title='bbox 370 907 377 925; x_wconf 89' lang='lat'>:</span> <span class='ocrx_word' id='word_1_125' title='bbox 393 906 508 933; x_wconf 89' lang='lat' dir='ltr'><strong>quorum</strong></span> <span class='ocrx_word' id='word_1_126' title='bbox 524 900 597 927; x_wconf 91' lang='lat' dir='ltr'><strong>enim</strong></span> <span class='ocrx_word' id='word_1_127' title='bbox 614 900 700 935; x_wconf 77' lang='lat' dir='ltr'><strong>gloria</strong></span> <span class='ocrx_word' id='word_1_128' title='bbox 714 902 869 933; x_wconf 85' lang='lat' dir='ltr'><strong>esteadcm,</strong></span> <span class='ocrx_word' id='word_1_129' title='bbox 887 901 984 929; x_wconf 88' lang='lat' dir='ltr'><strong>borum</strong></span> <span class='ocrx_word' id='word_1_130' title='bbox 1005 889 1023 916; x_wconf 71' lang='grc' dir='ltr'><strong><em>Β</em></strong></span> 
     </span>
    </p>
   </div>
   <div class='ocr_carea' id='block_1_21' title="bbox 199 946 660 979">
    <p class='ocr_par' dir='ltr' id='par_1_21' title="bbox 199 946 660 979">
     <span class='ocr_line' id='line_1_21' title="bbox 199 946 660 979; baseline 0.007 -9"><span class='ocrx_word' id='word_1_131' title='bbox 199 947 227 970; x_wconf 86' lang='lat' dir='ltr'><strong>et</strong></span> <span class='ocrx_word' id='word_1_132' title='bbox 245 948 341 971; x_wconf 55' lang='lat' dir='ltr'><strong>caetera</strong></span> <span class='ocrx_word' id='word_1_133' title='bbox 357 952 466 979; x_wconf 86' lang='lat' dir='ltr'><strong>quoque</strong></span> <span class='ocrx_word' id='word_1_134' title='bbox 480 946 660 973; x_wconf 86' lang='lat' dir='ltr'><strong>sunteadem.</strong></span> 
     </span>
    </p>
   </div>
   <div class='ocr_carea' id='block_1_22' title="bbox 235 987 987 1029">
    <p class='ocr_par' dir='ltr' id='par_1_22' title="bbox 235 987 987 1029">
     <span class='ocr_line' id='line_1_22' title="bbox 235 987 987 1029; baseline 0.009 -14"><span class='ocrx_word' id='word_1_135' title='bbox 235 987 360 1017; x_wconf 58' lang='grc' dir='ltr'><strong>νει-838.</strong></span> <span class='ocrx_word' id='word_1_136' title='bbox 375 991 521 1018; x_wconf 82' lang='lat' dir='ltr'><strong>Amen—in</strong></span> <span class='ocrx_word' id='word_1_137' title='bbox 533 1000 611 1026; x_wconf 80' lang='lat' dir='ltr'><strong>regno</strong></span> <span class='ocrx_word' id='word_1_138' title='bbox 622 1000 679 1020; x_wconf 82' lang='lat' dir='ltr'><strong>suo.</strong></span> <span class='ocrx_word' id='word_1_139' title='bbox 690 993 836 1027; x_wconf 83' lang='lat' dir='ltr'><strong>Postquam</strong></span> <span class='ocrx_word' id='word_1_140' title='bbox 849 994 882 1021; x_wconf 88' lang='lat' dir='ltr'><strong>de</strong></span> <span class='ocrx_word' id='word_1_141' title='bbox 896 995 987 1029; x_wconf 83' lang='lat' dir='ltr'><strong>seipse</strong></span> 
     </span>
    </p>
   </div>
   <div class='ocr_carea' id='block_1_23' title="bbox 198 1034 989 1073">
    <p class='ocr_par' dir='ltr' id='par_1_23' title="bbox 198 1034 989 1073">
     <span class='ocr_line' id='line_1_23' title="bbox 198 1034 989 1073; baseline 0.009 -12"><span class='ocrx_word' id='word_1_142' title='bbox 198 1034 276 1067; x_wconf 83' lang='lat' dir='ltr'><strong>dixit,</strong></span> <span class='ocrx_word' id='word_1_143' title='bbox 290 1036 362 1070; x_wconf 89' lang='lat' dir='ltr'><strong>quod</strong></span> <span class='ocrx_word' id='word_1_144' title='bbox 376 1036 497 1063; x_wconf 80' lang='lat' dir='ltr'><strong>futurum</strong></span> <span class='ocrx_word' id='word_1_145' title='bbox 510 1042 552 1064; x_wconf 86' lang='lat' dir='ltr'><strong>est</strong></span> <span class='ocrx_word' id='word_1_146' title='bbox 578 1043 608 1065; x_wconf 88' lang='lat' dir='ltr'><strong>ut</strong></span> <span class='ocrx_word' id='word_1_147' title='bbox 631 1038 722 1066; x_wconf 74' lang='lat' dir='ltr'><strong>veniat</strong></span> <span class='ocrx_word' id='word_1_148' title='bbox 735 1040 761 1067; x_wconf 92' lang='lat' dir='ltr'><strong>in</strong></span> <span class='ocrx_word' id='word_1_149' title='bbox 771 1039 854 1073; x_wconf 78' lang='lat' dir='ltr'><strong>gloria</strong></span> <span class='ocrx_word' id='word_1_150' title='bbox 875 1049 935 1068; x_wconf 88' lang='lat' dir='ltr'><strong>cum</strong></span> <span class='ocrx_word' id='word_1_151' title='bbox 946 1050 989 1068; x_wconf 83' lang='lat' dir='ltr'><strong>sa-</strong></span> 
     </span>
    </p>
   </div>
   <div class='ocr_carea' id='block_1_24' title="bbox 199 1080 987 1119">
    <p class='ocr_par' dir='ltr' id='par_1_24' title="bbox 199 1080 987 1119">
     <span class='ocr_line' id='line_1_24' title="bbox 199 1080 987 1119; baseline 0.008 -12"><span class='ocrx_word' id='word_1_152' title='bbox 199 1080 297 1108; x_wconf 86' lang='lat' dir='ltr'><strong>tellitio</strong></span> <span class='ocrx_word' id='word_1_153' title='bbox 319 1089 351 1108; x_wconf 87' lang='lat' dir='ltr'><strong>ac</strong></span> <span class='ocrx_word' id='word_1_154' title='bbox 364 1082 494 1110; x_wconf 87' lang='lat' dir='ltr'><strong>comitatu</strong></span> <span class='ocrx_word' id='word_1_155' title='bbox 508 1087 535 1110; x_wconf 88' lang='lat' dir='ltr'><strong>et</strong></span> <span class='ocrx_word' id='word_1_156' title='bbox 549 1084 735 1118; x_wconf 75' lang='lat' dir='ltr'><strong>prtemissione</strong></span> <span class='ocrx_word' id='word_1_157' title='bbox 756 1085 924 1119; x_wconf 78' lang='lat' dir='ltr'><strong>angelorum,</strong></span> <span class='ocrx_word' id='word_1_158' title='bbox 940 1095 987 1114; x_wconf 83' lang='lat' dir='ltr'><strong>co-</strong></span> 
     </span>
    </p>
   </div>
   <div class='ocr_carea' id='block_1_25' title="bbox 199 1126 987 1162">
    <p class='ocr_par' dir='ltr' id='par_1_25' title="bbox 199 1126 987 1162">
     <span class='ocr_line' id='line_1_25' title="bbox 199 1126 987 1162; baseline 0.008 -9"><span class='ocrx_word' id='word_1_159' title='bbox 199 1126 274 1161; x_wconf 84' lang='lat' dir='ltr'><strong>gnito</strong></span> <span class='ocrx_word' id='word_1_160' title='bbox 292 1127 363 1160; x_wconf 90' lang='lat' dir='ltr'><strong>quod</strong></span> <span class='ocrx_word' id='word_1_161' title='bbox 375 1127 501 1162; x_wconf 86' lang='lat' dir='ltr'><strong>discipuli</strong></span> <span class='ocrx_word' id='word_1_162' title='bbox 517 1128 550 1155; x_wconf 89' lang='lat' dir='ltr'><strong>de</strong></span> <span class='ocrx_word' id='word_1_163' title='bbox 560 1128 611 1156; x_wconf 92' lang='lat' dir='ltr'><strong>hoc</strong></span> <span class='ocrx_word' id='word_1_164' title='bbox 619 1137 745 1156; x_wconf 86' lang='lat' dir='ltr'><strong>sermone</strong></span> <span class='ocrx_word' id='word_1_165' title='bbox 756 1130 910 1158; x_wconf 82' lang='lat' dir='ltr'><strong>diﬂiderent</strong></span> <span class='ocrx_word' id='word_1_166' title='bbox 921 1140 987 1159; x_wconf 86' lang='lat' dir='ltr'><strong>con-</strong></span> 
     </span>
    </p>
   </div>
   <div class='ocr_carea' id='block_1_26' title="bbox 199 1171 975 1211">
    <p class='ocr_par' dir='ltr' id='par_1_26' title="bbox 199 1171 975 1211">
     <span class='ocr_line' id='line_1_26' title="bbox 199 1171 975 1211; baseline 0.006 -13"><span class='ocrx_word' id='word_1_167' title='bbox 199 1171 286 1199; x_wconf 80' lang='lat' dir='ltr'><strong>ﬁrmat</strong></span> <span class='ocrx_word' id='word_1_168' title='bbox 301 1172 386 1205; x_wconf 91' lang='lat' dir='ltr'><strong>illum,</strong></span> <span class='ocrx_word' id='word_1_169' title='bbox 402 1173 572 1207; x_wconf 68' lang='lat' dir='ltr'><strong>prtemittens</strong></span> <span class='ocrx_word' id='word_1_170' title='bbox 588 1174 647 1209; x_wconf 84' lang='lat' dir='ltr'><strong>(cc),</strong></span> <span class='ocrx_word' id='word_1_171' title='bbox 657 1176 729 1209; x_wconf 86' lang='lat' dir='ltr'><strong>quod</strong></span> <span class='ocrx_word' id='word_1_172' title='bbox 743 1183 798 1202; x_wconf 86' lang='lat' dir='ltr'><strong>non</strong></span> <span class='ocrx_word' id='word_1_173' title='bbox 817 1176 902 1202; x_wconf 86' lang='lat' dir='ltr'><strong>multo</strong></span> <span class='ocrx_word' id='word_1_174' title='bbox 913 1182 975 1211; x_wconf 83' lang='lat' dir='ltr'><strong>post</strong></span> 
     </span>
    </p>
   </div>
   <div class='ocr_carea' id='block_1_27' title="bbox 197 1217 987 1255">
    <p class='ocr_par' dir='ltr' id='par_1_27' title="bbox 197 1217 987 1255">
     <span class='ocr_line' id='line_1_27' title="bbox 197 1217 987 1255; baseline 0.009 -12"><span class='ocrx_word' id='word_1_175' title='bbox 197 1217 306 1251; x_wconf 85' lang='lat' dir='ltr'><strong>quidam</strong></span> <span class='ocrx_word' id='word_1_176' title='bbox 323 1225 352 1245; x_wconf 90' lang='lat' dir='ltr'><strong>se</strong></span> <span class='ocrx_word' id='word_1_177' title='bbox 368 1218 454 1246; x_wconf 80' lang='lat' dir='ltr'><strong>visuri</strong></span> <span class='ocrx_word' id='word_1_178' title='bbox 483 1224 576 1247; x_wconf 87' lang='lat' dir='ltr'><strong>essent</strong></span> <span class='ocrx_word' id='word_1_179' title='bbox 595 1220 623 1247; x_wconf 93' lang='lat' dir='ltr'><strong>in</strong></span> <span class='ocrx_word' id='word_1_180' title='bbox 639 1221 724 1255; x_wconf 80' lang='lat' dir='ltr'><strong>gloria</strong></span> <span class='ocrx_word' id='word_1_181' title='bbox 739 1229 746 1253; x_wconf 88' lang='lat'><strong>;</strong></span> <span class='ocrx_word' id='word_1_182' title='bbox 766 1222 835 1248; x_wconf 88' lang='lat' dir='ltr'><strong>hanc</strong></span> <span class='ocrx_word' id='word_1_183' title='bbox 851 1223 925 1249; x_wconf 85' lang='lat' dir='ltr'><strong>enim</strong></span> <span class='ocrx_word' id='word_1_184' title='bbox 945 1231 987 1250; x_wconf 87' lang='lat' dir='ltr'><strong>re-</strong></span> 
     </span>
    </p>
   </div>
   <div class='ocr_carea' id='block_1_28' title="bbox 198 1265 989 1301">
    <p class='ocr_par' dir='ltr' id='par_1_28' title="bbox 198 1265 989 1301">
     <span class='ocr_line' id='line_1_28' title="bbox 198 1265 989 1301; baseline 0.008 -12"><span class='ocrx_word' id='word_1_185' title='bbox 198 1271 279 1298; x_wconf 83' lang='lat' dir='ltr'><strong>gnum</strong></span> <span class='ocrx_word' id='word_1_186' title='bbox 288 1265 486 1292; x_wconf 87' lang='lat' dir='ltr'><strong>nuncvocavit.</strong></span> <span class='ocrx_word' id='word_1_187' title='bbox 500 1265 773 1301; x_wconf 80' lang='lat' dir='ltr'><strong>Signiﬁeabatautem</strong></span> <span class='ocrx_word' id='word_1_188' title='bbox 786 1275 841 1294; x_wconf 77' lang='lat' dir='ltr'><strong>suae</strong></span> <span class='ocrx_word' id='word_1_189' title='bbox 857 1268 989 1295; x_wconf 80' lang='lat' dir='ltr'><strong>transfor—</strong></span> 
     </span>
    </p>
   </div>
   <div class='ocr_carea' id='block_1_29' title="bbox 197 1309 987 1347">
    <p class='ocr_par' dir='ltr' id='par_1_29' title="bbox 197 1309 987 1347">
     <span class='ocr_line' id='line_1_29' title="bbox 197 1309 987 1347; baseline 0.006 -12"><span class='ocrx_word' id='word_1_190' title='bbox 197 1309 326 1336; x_wconf 87' lang='lat' dir='ltr'><strong>mationis</strong></span> <span class='ocrx_word' id='word_1_191' title='bbox 343 1309 528 1343; x_wconf 88' lang='lat' dir='ltr'><strong>splendorem,</strong></span> <span class='ocrx_word' id='word_1_192' title='bbox 545 1318 626 1344; x_wconf 86' lang='lat' dir='ltr'><strong>quem</strong></span> <span class='ocrx_word' id='word_1_193' title='bbox 639 1317 699 1345; x_wconf 89' lang='lat' dir='ltr'><strong>post</strong></span> <span class='ocrx_word' id='word_1_194' title='bbox 719 1313 800 1339; x_wconf 84' lang='lat' dir='ltr'><strong>breve</strong></span> <span class='ocrx_word' id='word_1_195' title='bbox 818 1318 923 1347; x_wconf 88' lang='lat' dir='ltr'><strong>tempus</strong></span> <span class='ocrx_word' id='word_1_196' title='bbox 938 1313 987 1340; x_wconf 91' lang='lat' dir='ltr'><strong>de-</strong></span> 
     </span>
    </p>
   </div>
   <div class='ocr_carea' id='block_1_30' title="bbox 197 1352 988 1385">
    <p class='ocr_par' dir='ltr' id='par_1_30' title="bbox 197 1352 988 1385">
     <span class='ocr_line' id='line_1_30' title="bbox 197 1352 988 1385; baseline 0.006 -7"><span class='ocrx_word' id='word_1_197' title='bbox 197 1356 399 1380; x_wconf 86' lang='lat' dir='ltr'><strong>monstraturus</strong></span> <span class='ocrx_word' id='word_1_198' title='bbox 416 1357 474 1379; x_wconf 90' lang='lat' dir='ltr'><strong>erat</strong></span> <span class='ocrx_word' id='word_1_199' title='bbox 489 1352 580 1385; x_wconf 86' lang='lat' dir='ltr'><strong>Petro,</strong></span> <span class='ocrx_word' id='word_1_200' title='bbox 593 1353 693 1381; x_wconf 79' lang='lat' dir='ltr'><strong>Jacobo</strong></span> <span class='ocrx_word' id='word_1_201' title='bbox 704 1359 732 1381; x_wconf 89' lang='lat' dir='ltr'><strong>et</strong></span> <span class='ocrx_word' id='word_1_202' title='bbox 741 1353 838 1381; x_wconf 84' lang='lat' dir='ltr'><strong>Joanni</strong></span> <span class='ocrx_word' id='word_1_203' title='bbox 852 1365 858 1382; x_wconf 86' lang='lat'><strong>:</strong></span> <span class='ocrx_word' id='word_1_204' title='bbox 876 1363 938 1382; x_wconf 91' lang='lat' dir='ltr'><strong>nam</strong></span> <span class='ocrx_word' id='word_1_205' title='bbox 954 1356 988 1383; x_wconf 81' lang='lat' dir='ltr'><strong>tle</strong></span> 
     </span>
    </p>
   </div>
   <div class='ocr_carea' id='block_1_31' title="bbox 198 1396 985 1435">
    <p class='ocr_par' dir='ltr' id='par_1_31' title="bbox 198 1396 985 1435">
     <span class='ocr_line' id='line_1_31' title="bbox 198 1396 985 1435; baseline 0.006 -12"><span class='ocrx_word' id='word_1_206' title='bbox 198 1396 241 1423; x_wconf 81' lang='lat' dir='ltr'><strong>liis</strong></span> <span class='ocrx_word' id='word_1_207' title='bbox 251 1397 331 1424; x_wconf 83' lang='lat' dir='ltr'><strong>dixit:</strong></span> <span class='ocrx_word' id='word_1_208' title='bbox 348 1396 416 1424; x_wconf 83' lang='lat' dir='ltr'><strong>Sum</strong></span> <span class='ocrx_word' id='word_1_209' title='bbox 430 1398 539 1432; x_wconf 81' lang='lat' dir='ltr'><strong>quidam</strong></span> <span class='ocrx_word' id='word_1_210' title='bbox 550 1399 592 1425; x_wconf 81' lang='lat' dir='ltr'><strong>hic</strong></span> <span class='ocrx_word' id='word_1_211' title='bbox 608 1403 717 1426; x_wconf 75' lang='lat' dir='ltr'><strong>stantes.</strong></span> <span class='ocrx_word' id='word_1_212' title='bbox 748 1399 871 1435; x_wconf 79' lang='lat' dir='ltr'><strong>Regnum</strong></span> <span class='ocrx_word' id='word_1_213' title='bbox 896 1407 985 1428; x_wconf 88' lang='lat' dir='ltr'><strong>autem</strong></span> 
     </span>
    </p>
   </div>
   <div class='ocr_carea' id='block_1_32' title="bbox 197 1442 986 1479">
    <p class='ocr_par' dir='ltr' id='par_1_32' title="bbox 197 1442 986 1479">
     <span class='ocr_line' id='line_1_32' title="bbox 197 1442 986 1479; baseline 0.006 -11"><span class='ocrx_word' id='word_1_214' title='bbox 197 1449 277 1468; x_wconf 88' lang='lat' dir='ltr'><strong>suum</strong></span> <span class='ocrx_word' id='word_1_215' title='bbox 292 1442 354 1469; x_wconf 88' lang='lat' dir='ltr'><strong>sive</strong></span> <span class='ocrx_word' id='word_1_216' title='bbox 371 1442 484 1478; x_wconf 76' lang='lat' dir='ltr'><strong>gloriam</strong></span> <span class='ocrx_word' id='word_1_217' title='bbox 503 1451 594 1476; x_wconf 86' lang='lat' dir='ltr'><strong>suam,</strong></span> <span class='ocrx_word' id='word_1_218' title='bbox 615 1445 788 1479; x_wconf 82' lang='lat' dir='ltr'><strong>splendorem</strong></span> <span class='ocrx_word' id='word_1_219' title='bbox 810 1446 886 1473; x_wconf 90' lang='lat' dir='ltr'><strong>illum</strong></span> <span class='ocrx_word' id='word_1_220' title='bbox 899 1448 986 1474; x_wconf 89' lang='lat' dir='ltr'><strong>nomi-</strong></span> 
     </span>
    </p>
   </div>
   <div class='ocr_carea' id='block_1_33' title="bbox 196 1487 987 1526">
    <p class='ocr_par' dir='ltr' id='par_1_33' title="bbox 196 1487 987 1526">
     <span class='ocr_line' id='line_1_33' title="bbox 196 1487 987 1526; baseline 0.008 -13"><span class='ocrx_word' id='word_1_221' title='bbox 196 1487 280 1519; x_wconf 81' lang='lat' dir='ltr'><strong>navit,</strong></span> <span class='ocrx_word' id='word_1_222' title='bbox 291 1494 353 1514; x_wconf 88' lang='lat' dir='ltr'><strong>cum</strong></span> <span class='ocrx_word' id='word_1_223' title='bbox 366 1496 420 1522; x_wconf 93' lang='lat' dir='ltr'><strong>quo</strong></span> <span class='ocrx_word' id='word_1_224' title='bbox 432 1489 606 1522; x_wconf 87' lang='lat' dir='ltr'><strong>postmodum</strong></span> <span class='ocrx_word' id='word_1_225' title='bbox 615 1489 798 1517; x_wconf 89' lang='lat' dir='ltr'><strong>descensurus</strong></span> <span class='ocrx_word' id='word_1_226' title='bbox 809 1494 860 1523; x_wconf 87' lang='lat' dir='ltr'><strong>est,</strong></span> <span class='ocrx_word' id='word_1_227' title='bbox 877 1492 987 1526; x_wconf 89' lang='lat' dir='ltr'><strong>quando</strong></span> 
     </span>
    </p>
   </div>
   <div class='ocr_carea' id='block_1_34' title="bbox 196 1533 986 1570">
    <p class='ocr_par' dir='ltr' id='par_1_34' title="bbox 196 1533 986 1570">
     <span class='ocr_line' id='line_1_34' title="bbox 196 1533 986 1570; baseline 0.008 -11"><span class='ocrx_word' id='word_1_228' title='bbox 196 1533 290 1560; x_wconf 89' lang='lat' dir='ltr'><strong>reddet</strong></span> <span class='ocrx_word' id='word_1_229' title='bbox 306 1534 451 1568; x_wconf 87' lang='lat' dir='ltr'><strong>unicuique</strong></span> <span class='ocrx_word' id='word_1_230' title='bbox 462 1534 537 1568; x_wconf 84' lang='lat' dir='ltr'><strong>juxta</strong></span> <span class='ocrx_word' id='word_1_231' title='bbox 553 1534 577 1562; x_wconf 90' lang='lat' dir='ltr'><strong>id</strong></span> <span class='ocrx_word' id='word_1_232' title='bbox 586 1535 658 1570; x_wconf 79' lang='lat' dir='ltr'><strong>quod</strong></span> <span class='ocrx_word' id='word_1_233' title='bbox 668 1540 851 1570; x_wconf 85' lang='lat' dir='ltr'><strong>operatusest.</strong></span> <span class='ocrx_word' id='word_1_234' title='bbox 866 1536 986 1565; x_wconf 84' lang='lat' dir='ltr'><strong>Venien-</strong></span> 
     </span>
    </p>
   </div>
   <div class='ocr_carea' id='block_1_35' title="bbox 197 1579 737 1616">
    <p class='ocr_par' dir='ltr' id='par_1_35' title="bbox 197 1579 737 1616">
     <span class='ocr_line' id='line_1_35' title="bbox 197 1579 737 1616; baseline 0.009 -12"><span class='ocrx_word' id='word_1_235' title='bbox 197 1582 249 1605; x_wconf 85' lang='lat' dir='ltr'><strong>tem</strong></span> <span class='ocrx_word' id='word_1_236' title='bbox 262 1587 325 1606; x_wconf 89' lang='lat' dir='ltr'><strong>vero</strong></span> <span class='ocrx_word' id='word_1_237' title='bbox 338 1579 414 1611; x_wconf 81' lang='lat' dir='ltr'><strong>dixit,</strong></span> <span class='ocrx_word' id='word_1_238' title='bbox 429 1580 481 1607; x_wconf 84' lang='lat' dir='ltr'><strong>hoc</strong></span> <span class='ocrx_word' id='word_1_239' title='bbox 498 1585 540 1608; x_wconf 87' lang='lat' dir='ltr'><strong>est</strong></span> <span class='ocrx_word' id='word_1_240' title='bbox 551 1586 737 1616; x_wconf 87' lang='lat' dir='ltr'><strong>apparentem.</strong></span> 
     </span>
    </p>
   </div>
   <div class='ocr_carea' id='block_1_36' title="bbox 265 1678 915 1718">
    <p class='ocr_par' dir='ltr' id='par_1_36' title="bbox 265 1678 915 1718">
     <span class='ocr_line' id='line_1_36' title="bbox 265 1678 915 1718; baseline 0.009 -12"><span class='ocrx_word' id='word_1_241' title='bbox 265 1678 341 1706; x_wconf 86' lang='lat' dir='ltr'><strong>CAP.</strong></span> <span class='ocrx_word' id='word_1_242' title='bbox 356 1678 476 1718; x_wconf 69' lang='lat' dir='ltr'><strong>XXXIV.</strong></span> <span class='ocrx_word' id='word_1_243' title='bbox 498 1680 535 1707; x_wconf 84' lang='lat' dir='ltr'><strong>De</strong></span> <span class='ocrx_word' id='word_1_244' title='bbox 553 1682 785 1717; x_wconf 79' lang='lat' dir='ltr'><strong>transformatione</strong></span> <span class='ocrx_word' id='word_1_245' title='bbox 809 1684 915 1712; x_wconf 75' lang='lat' dir='ltr'><strong>Christi.</strong></span> 
     </span>
    </p>
   </div>
   <div class='ocr_carea' id='block_1_37' title="bbox 230 1724 986 1762">
    <p class='ocr_par' dir='ltr' id='par_1_37' title="bbox 230 1724 986 1762">
     <span class='ocr_line' id='line_1_37' title="bbox 230 1724 986 1762; baseline 0.011 -11"><span class='ocrx_word' id='word_1_246' title='bbox 230 1724 307 1752; x_wconf 85' lang='lat' dir='ltr'><strong>CAP.</strong></span> <span class='ocrx_word' id='word_1_247' title='bbox 320 1724 403 1752; x_wconf 79' lang='lat' dir='ltr'><strong>XVII.</strong></span> <span class='ocrx_word' id='word_1_248' title='bbox 426 1725 501 1753; x_wconf 77' lang='lat' dir='ltr'><strong>Vers.</strong></span> <span class='ocrx_word' id='word_1_249' title='bbox 515 1735 532 1754; x_wconf 86' lang='grc' dir='ltr'><strong>ι.</strong></span> <span class='ocrx_word' id='word_1_250' title='bbox 550 1727 583 1753; x_wconf 79' lang='lat' dir='ltr'><strong>Et</strong></span> <span class='ocrx_word' id='word_1_251' title='bbox 594 1732 651 1759; x_wconf 78' lang='lat' dir='ltr'><strong>post</strong></span> <span class='ocrx_word' id='word_1_252' title='bbox 664 1743 697 1748; x_wconf 93' lang='lat'>—</span> <span class='ocrx_word' id='word_1_253' title='bbox 712 1729 779 1762; x_wconf 73' lang='lat' dir='ltr'><strong>eius.</strong></span> <span class='ocrx_word' id='word_1_254' title='bbox 791 1729 877 1758; x_wconf 77' lang='lat' dir='ltr'><strong>Lucas</strong></span> <span class='ocrx_word' id='word_1_255' title='bbox 896 1737 986 1759; x_wconf 90' lang='lat' dir='ltr'><strong>autem</strong></span> 
     </span>
    </p>
   </div>
   <div class='ocr_carea' id='block_1_38' title="bbox 195 1771 987 1806">
    <p class='ocr_par' dir='ltr' id='par_1_38' title="bbox 195 1771 987 1806">
     <span class='ocr_line' id='line_1_38' title="bbox 195 1771 987 1806; baseline 0.01 -8"><span class='ocrx_word' id='word_1_256' title='bbox 195 1771 263 1799; x_wconf 85' lang='lat' dir='ltr'><strong>dixit</strong></span> <span class='ocrx_word' id='word_1_257' title='bbox 280 1780 287 1799; x_wconf 89' lang='lat'>:</span> <span class='ocrx_word' id='word_1_258' title='bbox 307 1772 366 1799; x_wconf 78' lang='lat' dir='ltr'><strong>Post</strong></span> <span class='ocrx_word' id='word_1_259' title='bbox 394 1779 451 1800; x_wconf 80' lang='lat' dir='ltr'><strong>octo</strong></span> <span class='ocrx_word' id='word_1_260' title='bbox 462 1774 485 1789; x_wconf 82' lang='grc'><strong>⁹⁷</strong></span> <span class='ocrx_word' id='word_1_261' title='bbox 498 1795 505 1806; x_wconf 86' lang='grc'><strong>,</strong></span> <span class='ocrx_word' id='word_1_262' title='bbox 527 1782 577 1802; x_wconf 86' lang='lat' dir='ltr'><strong>nec</strong></span> <span class='ocrx_word' id='word_1_263' title='bbox 593 1780 682 1803; x_wconf 90' lang='lat' dir='ltr'><strong>tamen</strong></span> <span class='ocrx_word' id='word_1_264' title='bbox 700 1778 853 1804; x_wconf 84' lang='lat' dir='ltr'><strong>contrarius</strong></span> <span class='ocrx_word' id='word_1_265' title='bbox 867 1783 919 1805; x_wconf 85' lang='lat' dir='ltr'><strong>est.</strong></span> <span class='ocrx_word' id='word_1_266' title='bbox 942 1779 987 1806; x_wconf 87' lang='lat' dir='ltr'><strong>Si-</strong></span> 
     </span>
    </p>
   </div>
   <div class='ocr_carea' id='block_1_39' title="bbox 195 1816 988 1856">
    <p class='ocr_par' dir='ltr' id='par_1_39' title="bbox 195 1816 988 1856">
     <span class='ocr_line' id='line_1_39' title="bbox 195 1816 988 1856; baseline 0.011 -14"><span class='ocrx_word' id='word_1_267' title='bbox 195 1816 305 1851; x_wconf 88' lang='lat' dir='ltr'><strong>quidem</strong></span> <span class='ocrx_word' id='word_1_268' title='bbox 332 1819 523 1845; x_wconf 89' lang='lat' dir='ltr'><strong>annumeravit</strong></span> <span class='ocrx_word' id='word_1_269' title='bbox 540 1819 584 1846; x_wconf 91' lang='lat' dir='ltr'><strong>ille</strong></span> <span class='ocrx_word' id='word_1_270' title='bbox 607 1824 635 1847; x_wconf 87' lang='lat' dir='ltr'><strong>et</strong></span> <span class='ocrx_word' id='word_1_271' title='bbox 659 1820 726 1848; x_wconf 86' lang='lat' dir='ltr'><strong>duos</strong></span> <span class='ocrx_word' id='word_1_272' title='bbox 743 1822 800 1849; x_wconf 90' lang='lat' dir='ltr'><strong>dies</strong></span> <span class='ocrx_word' id='word_1_273' title='bbox 816 1823 894 1856; x_wconf 83' lang='lat' dir='ltr'><strong>alios,</strong></span> <span class='ocrx_word' id='word_1_274' title='bbox 916 1825 988 1851; x_wconf 86' lang='lat' dir='ltr'><strong>hunc</strong></span> 
     </span>
    </p>
   </div>
   <div class='ocr_carea' id='block_1_40' title="bbox 195 1862 986 1904">
    <p class='ocr_par' dir='ltr' id='par_1_40' title="bbox 195 1862 986 1904">
     <span class='ocr_line' id='line_1_40' title="bbox 195 1862 986 1904; baseline 0.01 -15"><span class='ocrx_word' id='word_1_275' title='bbox 195 1862 324 1890; x_wconf 86' lang='lat' dir='ltr'><strong>videlicet</strong></span> <span class='ocrx_word' id='word_1_276' title='bbox 348 1871 402 1898; x_wconf 91' lang='lat' dir='ltr'><strong>quo</strong></span> <span class='ocrx_word' id='word_1_277' title='bbox 417 1864 544 1898; x_wconf 62' lang='lat' dir='ltr'><strong>praedicta</strong></span> <span class='ocrx_word' id='word_1_278' title='bbox 563 1865 669 1893; x_wconf 90' lang='lat' dir='ltr'><strong>locutus</strong></span> <span class='ocrx_word' id='word_1_279' title='bbox 683 1871 724 1894; x_wconf 89' lang='lat' dir='ltr'><strong>est</strong></span> <span class='ocrx_word' id='word_1_280' title='bbox 742 1867 821 1895; x_wconf 86' lang='lat' dir='ltr'><strong>Jesus</strong></span> <span class='ocrx_word' id='word_1_281' title='bbox 835 1869 986 1904; x_wconf 87' lang='lat' dir='ltr'><strong>discipulis,</strong></span> 
     </span>
    </p>
   </div>
   <div class='ocr_carea' id='block_1_41' title="bbox 196 1910 988 1946">
    <p class='ocr_par' dir='ltr' id='par_1_41' title="bbox 196 1910 988 1946">
     <span class='ocr_line' id='line_1_41' title="bbox 196 1910 988 1946; baseline 0.01 -12"><span class='ocrx_word' id='word_1_282' title='bbox 196 1911 224 1934; x_wconf 89' lang='lat' dir='ltr'><strong>et</strong></span> <span class='ocrx_word' id='word_1_283' title='bbox 237 1917 299 1936; x_wconf 86' lang='lat' dir='ltr'><strong>eum</strong></span> <span class='ocrx_word' id='word_1_284' title='bbox 330 1917 384 1944; x_wconf 90' lang='lat' dir='ltr'><strong>quo</strong></span> <span class='ocrx_word' id='word_1_285' title='bbox 401 1910 460 1937; x_wconf 89' lang='lat' dir='ltr'><strong>illos</strong></span> <span class='ocrx_word' id='word_1_286' title='bbox 475 1912 621 1946; x_wconf 88' lang='lat' dir='ltr'><strong>assumpsit</strong></span> <span class='ocrx_word' id='word_1_287' title='bbox 637 1920 644 1945; x_wconf 89' lang='lat'>;</span> <span class='ocrx_word' id='word_1_288' title='bbox 671 1912 813 1941; x_wconf 71' lang='lat' dir='ltr'><strong>Manlia-us</strong></span> <span class='ocrx_word' id='word_1_289' title='bbox 828 1922 892 1941; x_wconf 82' lang='lat' dir='ltr'><strong>vero</strong></span> <span class='ocrx_word' id='word_1_290' title='bbox 912 1919 988 1942; x_wconf 85' lang='lat' dir='ltr'><strong>utro-</strong></span> 
     </span>
    </p>
   </div>
   <div class='ocr_carea' id='block_1_42' title="bbox 195 1955 988 1991">
    <p class='ocr_par' dir='ltr' id='par_1_42' title="bbox 195 1955 988 1991">
     <span class='ocr_line' id='line_1_42' title="bbox 195 1955 988 1991; baseline 0.008 -11"><span class='ocrx_word' id='word_1_291' title='bbox 195 1961 248 1988; x_wconf 88' lang='lat' dir='ltr'><strong>que</strong></span> <span class='ocrx_word' id='word_1_292' title='bbox 262 1955 458 1988; x_wconf 71' lang='lat' dir='ltr'><strong>przetermisso,</strong></span> <span class='ocrx_word' id='word_1_293' title='bbox 470 1955 575 1984; x_wconf 87' lang='lat' dir='ltr'><strong>medios</strong></span> <span class='ocrx_word' id='word_1_294' title='bbox 585 1960 690 1984; x_wconf 89' lang='lat' dir='ltr'><strong>tantum</strong></span> <span class='ocrx_word' id='word_1_295' title='bbox 702 1959 884 1986; x_wconf 83' lang='lat' dir='ltr'><strong>enumeravit.</strong></span> <span class='ocrx_word' id='word_1_296' title='bbox 899 1959 988 1991; x_wconf 86' lang='lat' dir='ltr'><strong>Quare</strong></span> 
     </span>
    </p>
   </div>
   <div class='ocr_carea' id='block_1_43' title="bbox 196 1999 987 2036">
    <p class='ocr_par' dir='ltr' id='par_1_43' title="bbox 196 1999 987 2036">
     <span class='ocr_line' id='line_1_43' title="bbox 196 1999 987 2036; baseline 0.008 -11"><span class='ocrx_word' id='word_1_297' title='bbox 196 2002 289 2025; x_wconf 84' lang='lat' dir='ltr'><strong>autem</strong></span> <span class='ocrx_word' id='word_1_298' title='bbox 305 1999 376 2026; x_wconf 84' lang='lat' dir='ltr'><strong>solos</strong></span> <span class='ocrx_word' id='word_1_299' title='bbox 393 1999 442 2026; x_wconf 86' lang='lat' dir='ltr'><strong>hos</strong></span> <span class='ocrx_word' id='word_1_300' title='bbox 461 2003 516 2027; x_wconf 88' lang='lat' dir='ltr'><strong>tres</strong></span> <span class='ocrx_word' id='word_1_301' title='bbox 531 2001 687 2035; x_wconf 87' lang='lat' dir='ltr'><strong>assumpsit,</strong></span> <span class='ocrx_word' id='word_1_302' title='bbox 703 2009 759 2029; x_wconf 88' lang='lat' dir='ltr'><strong>non</strong></span> <span class='ocrx_word' id='word_1_303' title='bbox 777 2003 857 2030; x_wconf 88' lang='lat' dir='ltr'><strong>modo</strong></span> <span class='ocrx_word' id='word_1_304' title='bbox 872 2008 987 2036; x_wconf 87' lang='lat' dir='ltr'><strong>tantum,</strong></span> 
     </span>
    </p>
   </div>
   <div class='ocr_carea' id='block_1_44' title="bbox 199 2043 989 2083">
    <p class='ocr_par' dir='ltr' id='par_1_44' title="bbox 199 2043 989 2083">
     <span class='ocr_line' id='line_1_44' title="bbox 199 2043 989 2083; baseline 0.009 -13"><span class='ocrx_word' id='word_1_305' title='bbox 199 2043 245 2070; x_wconf 88' lang='lat' dir='ltr'><strong>sed</strong></span> <span class='ocrx_word' id='word_1_306' title='bbox 270 2047 299 2071; x_wconf 86' lang='lat' dir='ltr'><strong>et</strong></span> <span class='ocrx_word' id='word_1_307' title='bbox 324 2044 392 2071; x_wconf 84' lang='lat' dir='ltr'><strong>alias</strong></span> <span class='ocrx_word' id='word_1_308' title='bbox 414 2044 595 2080; x_wconf 82' lang='lat' dir='ltr'><strong>frequentius,</strong></span> <span class='ocrx_word' id='word_1_309' title='bbox 621 2046 691 2073; x_wconf 85' lang='lat' dir='ltr'><strong>sicut</strong></span> <span class='ocrx_word' id='word_1_310' title='bbox 707 2046 733 2073; x_wconf 90' lang='lat' dir='ltr'><strong>in</strong></span> <span class='ocrx_word' id='word_1_311' title='bbox 750 2056 895 2083; x_wconf 86' lang='lat' dir='ltr'><strong>progressu</strong></span> <span class='ocrx_word' id='word_1_312' title='bbox 911 2049 989 2077; x_wconf 87' lang='lat' dir='ltr'><strong>inve-</strong></span> 
     </span>
    </p>
   </div>
   <div class='ocr_carea' id='block_1_45' title="bbox 197 2088 988 2128">
    <p class='ocr_par' dir='ltr' id='par_1_45' title="bbox 197 2088 988 2128">
     <span class='ocr_line' id='line_1_45' title="bbox 197 2088 988 2128; baseline 0.01 -13"><span class='ocrx_word' id='word_1_313' title='bbox 197 2088 328 2116; x_wconf 77' lang='lat' dir='ltr'><strong>niemus?</strong></span> <span class='ocrx_word' id='word_1_314' title='bbox 356 2089 423 2122; x_wconf 87' lang='lat' dir='ltr'><strong>Quia</strong></span> <span class='ocrx_word' id='word_1_315' title='bbox 456 2092 563 2119; x_wconf 76' lang='lat' dir='ltr'><strong>czeteris</strong></span> <span class='ocrx_word' id='word_1_316' title='bbox 602 2092 746 2127; x_wconf 86' lang='lat' dir='ltr'><strong>discipulis</strong></span> <span class='ocrx_word' id='word_1_317' title='bbox 784 2096 988 2128; x_wconf 61' lang='lat' dir='ltr'><strong>priestantiores</strong></span> 
     </span>
    </p>
   </div>
   <div class='ocr_carea' id='block_1_46' title="bbox 197 2135 986 2175">
    <p class='ocr_par' dir='ltr' id='par_1_46' title="bbox 197 2135 986 2175">
     <span class='ocr_line' id='line_1_46' title="bbox 197 2135 986 2175; baseline 0.009 -15"><span class='ocrx_word' id='word_1_318' title='bbox 197 2139 275 2161; x_wconf 82' lang='lat' dir='ltr'><strong>erant</strong></span> <span class='ocrx_word' id='word_1_319' title='bbox 292 2143 299 2161; x_wconf 88' lang='lat'>:</span> <span class='ocrx_word' id='word_1_320' title='bbox 312 2135 410 2163; x_wconf 85' lang='lat' dir='ltr'><strong>Petrus</strong></span> <span class='ocrx_word' id='word_1_321' title='bbox 424 2137 531 2171; x_wconf 89' lang='lat' dir='ltr'><strong>quidem</strong></span> <span class='ocrx_word' id='word_1_322' title='bbox 551 2145 583 2164; x_wconf 86' lang='lat' dir='ltr'><strong>eo</strong></span> <span class='ocrx_word' id='word_1_323' title='bbox 597 2138 669 2172; x_wconf 86' lang='lat' dir='ltr'><strong>quod</strong></span> <span class='ocrx_word' id='word_1_324' title='bbox 682 2139 759 2166; x_wconf 80' lang='lat' dir='ltr'><strong>valde</strong></span> <span class='ocrx_word' id='word_1_325' title='bbox 772 2139 899 2175; x_wconf 81' lang='lat' dir='ltr'><strong>diligeret</strong></span> <span class='ocrx_word' id='word_1_326' title='bbox 913 2149 986 2172; x_wconf 91' lang='lat' dir='ltr'><strong>eum,</strong></span> 
     </span>
    </p>
   </div>
   <div class='ocr_carea' id='block_1_47' title="bbox 197 2179 986 2220">
    <p class='ocr_par' dir='ltr' id='par_1_47' title="bbox 197 2179 986 2220">
     <span class='ocr_line' id='line_1_47' title="bbox 197 2179 986 2220; baseline 0.01 -16"><span class='ocrx_word' id='word_1_327' title='bbox 197 2183 310 2214; x_wconf 86' lang='lat' dir='ltr'><strong>propter</strong></span> <span class='ocrx_word' id='word_1_328' title='bbox 323 2179 385 2208; x_wconf 84' lang='lat' dir='ltr'><strong>ﬁdei</strong></span> <span class='ocrx_word' id='word_1_329' title='bbox 401 2180 553 2213; x_wconf 77' lang='lat' dir='ltr'><strong>fervorem;</strong></span> <span class='ocrx_word' id='word_1_330' title='bbox 569 2182 687 2209; x_wconf 82' lang='lat' dir='ltr'><strong>Joannes</strong></span> <span class='ocrx_word' id='word_1_331' title='bbox 697 2185 828 2218; x_wconf 88' lang='lat' dir='ltr'><strong>veroquia</strong></span> <span class='ocrx_word' id='word_1_332' title='bbox 841 2185 986 2220; x_wconf 89' lang='lat' dir='ltr'><strong>plurimum</strong></span> 
     </span>
    </p>
   </div>
   <div class='ocr_carea' id='block_1_48' title="bbox 1043 258 1837 294">
    <p class='ocr_par' dir='ltr' id='par_1_48' title="bbox 1043 258 1837 294">
     <span class='ocr_line' id='line_1_48' title="bbox 1043 258 1837 294; baseline -0.003 -7"><span class='ocrx_word' id='word_1_333' title='bbox 1043 261 1118 293; x_wconf 77' lang='grc' dir='ltr'>ἀξιός</span> <span class='ocrx_word' id='word_1_334' title='bbox 1136 261 1193 286; x_wconf 78' lang='grc' dir='ltr'>ἐστι</span> <span class='ocrx_word' id='word_1_335' title='bbox 1206 260 1295 294; x_wconf 65' lang='grc' dir='ltr'>ψυχῆς</span> <span class='ocrx_word' id='word_1_336' title='bbox 1307 259 1429 293; x_wconf 78' lang='grc' dir='ltr'><strong>λογικῆς,</strong></span> <span class='ocrx_word' id='word_1_337' title='bbox 1447 259 1472 285; x_wconf 81' lang='grc' dir='ltr'><strong>τί</strong></span> <span class='ocrx_word' id='word_1_338' title='bbox 1484 259 1567 285; x_wconf 87' lang='grc' dir='ltr'>δώσει</span> <span class='ocrx_word' id='word_1_339' title='bbox 1585 268 1628 290; x_wconf 80' lang='grc' dir='ltr'><strong>τις</strong></span> <span class='ocrx_word' id='word_1_340' title='bbox 1644 258 1837 293; x_wconf 78' lang='grc' dir='ltr'><strong>ἀντάλλαγμα,</strong></span> 
     </span>
    </p>
   </div>
   <div class='ocr_carea' id='block_1_49' title="bbox 1042 305 1836 340">
    <p class='ocr_par' dir='ltr' id='par_1_49' title="bbox 1042 305 1836 340">
     <span class='ocr_line' id='line_1_49' title="bbox 1042 305 1836 340; baseline -0.003 -7"><span class='ocrx_word' id='word_1_341' title='bbox 1042 307 1112 333; x_wconf 80' lang='grc' dir='ltr'>ὥστε</span> <span class='ocrx_word' id='word_1_342' title='bbox 1132 307 1235 340; x_wconf 83' lang='grc' dir='ltr'>ταύτην</span> <span class='ocrx_word' id='word_1_343' title='bbox 1250 305 1389 337; x_wconf 74' lang='grc' dir='ltr'><strong>ἐξελέσθαι</strong></span> <span class='ocrx_word' id='word_1_344' title='bbox 1401 306 1451 339; x_wconf 82' lang='grc' dir='ltr'><strong>τῆς</strong></span> <span class='ocrx_word' id='word_1_345' title='bbox 1466 305 1576 331; x_wconf 76' lang='grc' dir='ltr'><strong>αἰωνίου</strong></span> <span class='ocrx_word' id='word_1_346' title='bbox 1587 305 1745 338; x_wconf 80' lang='grc' dir='ltr'>κολάσεως;</span> <span class='ocrx_word' id='word_1_347' title='bbox 1767 306 1836 331; x_wconf 85' lang='grc' dir='ltr'><strong>Ὄν-</strong></span> 
     </span>
    </p>
   </div>
   <div class='ocr_carea' id='block_1_50' title="bbox 1041 349 1837 386">
    <p class='ocr_par' dir='ltr' id='par_1_50' title="bbox 1041 349 1837 386">
     <span class='ocr_line' id='line_1_50' title="bbox 1041 349 1837 386; baseline -0.001 -8"><span class='ocrx_word' id='word_1_348' title='bbox 1041 361 1095 383; x_wconf 82' lang='grc' dir='ltr'>τως</span> <span class='ocrx_word' id='word_1_349' title='bbox 1113 351 1199 378; x_wconf 79' lang='grc' dir='ltr'>οὐδέν.</span> <span class='ocrx_word' id='word_1_350' title='bbox 1214 352 1315 378; x_wconf 73' lang='grc' dir='ltr'>Λοιπὸν</span> <span class='ocrx_word' id='word_1_351' title='bbox 1331 349 1378 377; x_wconf 74' lang='grc' dir='ltr'><strong>οὗν</strong></span> <span class='ocrx_word' id='word_1_352' title='bbox 1396 350 1460 386; x_wconf 74' lang='grc' dir='ltr'>χρὴ,</span> <span class='ocrx_word' id='word_1_353' title='bbox 1482 351 1590 377; x_wconf 85' lang='grc' dir='ltr'>πάντων</span> <span class='ocrx_word' id='word_1_354' title='bbox 1605 352 1762 384; x_wconf 73' lang='grc' dir='ltr'>ἀφεμένους</span> <span class='ocrx_word' id='word_1_355' title='bbox 1778 351 1837 377; x_wconf 78' lang='grc' dir='ltr'><strong>τῶν</strong></span> 
     </span>
    </p>
   </div>
   <div class='ocr_carea' id='block_1_51' title="bbox 1041 395 1836 432">
    <p class='ocr_par' dir='ltr' id='par_1_51' title="bbox 1041 395 1836 432">
     <span class='ocr_line' id='line_1_51' title="bbox 1041 395 1836 432; baseline -0.001 -8"><span class='ocrx_word' id='word_1_356' title='bbox 1041 398 1139 429; x_wconf 77' lang='grc' dir='ltr'>ἄλλων,</span> <span class='ocrx_word' id='word_1_357' title='bbox 1166 398 1267 432; x_wconf 78' lang='grc' dir='ltr'><strong>ταύτης</strong></span> <span class='ocrx_word' id='word_1_358' title='bbox 1297 397 1486 430; x_wconf 72' lang='grc' dir='ltr'>ἐπιμελεῖσθαι</span> <span class='ocrx_word' id='word_1_359' title='bbox 1515 398 1608 430; x_wconf 84' lang='grc' dir='ltr'>μόνης,</span> <span class='ocrx_word' id='word_1_360' title='bbox 1641 395 1674 431; x_wconf 75' lang='grc' dir='ltr'>ἧς</span> <span class='ocrx_word' id='word_1_361' title='bbox 1702 398 1719 431; x_wconf 83' lang='grc' dir='ltr'><strong>ὴ</strong></span> <span class='ocrx_word' id='word_1_362' title='bbox 1746 397 1836 430; x_wconf 75' lang='grc' dir='ltr'>ζημία</span> 
     </span>
    </p>
   </div>
   <div class='ocr_carea' id='block_1_52' title="bbox 1042 440 1837 478">
    <p class='ocr_par' dir='ltr' id='par_1_52' title="bbox 1042 440 1837 478">
     <span class='ocr_line' id='line_1_52' title="bbox 1042 440 1837 478; baseline -0.001 -9"><span class='ocrx_word' id='word_1_363' title='bbox 1042 444 1223 478; x_wconf 75' lang='grc' dir='ltr'>καιριωτάτη,</span> <span class='ocrx_word' id='word_1_364' title='bbox 1243 443 1291 469; x_wconf 64' lang='grc' dir='ltr'>καὶ</span> <span class='ocrx_word' id='word_1_365' title='bbox 1307 440 1341 477; x_wconf 83' lang='grc' dir='ltr'>ἧς</span> <span class='ocrx_word' id='word_1_366' title='bbox 1373 442 1556 476; x_wconf 68' lang='grc' dir='ltr'><strong>ἀπολομένης,</strong></span> <span class='ocrx_word' id='word_1_367' title='bbox 1586 442 1636 467; x_wconf 85' lang='grc' dir='ltr'>οὐκ</span> <span class='ocrx_word' id='word_1_368' title='bbox 1667 441 1837 468; x_wconf 70' lang='grc' dir='ltr'>ἐπιδοῦναι</span> 
     </span>
    </p>
   </div>
   <div class='ocr_carea' id='block_1_53' title="bbox 1041 485 1836 522">
    <p class='ocr_par' dir='ltr' id='par_1_53' title="bbox 1041 485 1836 522">
     <span class='ocr_line' id='line_1_53' title="bbox 1041 485 1836 522; baseline -0.004 -8"><span class='ocrx_word' id='word_1_369' title='bbox 1041 487 1229 522; x_wconf 61' lang='grc' dir='ltr'>ἀντάλλαγμα.</span> <span class='ocrx_word' id='word_1_370' title='bbox 1261 488 1321 513; x_wconf 79' lang='grc' dir='ltr'>Ἵνα</span> <span class='ocrx_word' id='word_1_371' title='bbox 1344 487 1372 513; x_wconf 81' lang='grc' dir='ltr'>δὲ</span> <span class='ocrx_word' id='word_1_372' title='bbox 1389 486 1514 521; x_wconf 78' lang='grc' dir='ltr'>μάθοιεν,</span> <span class='ocrx_word' id='word_1_373' title='bbox 1532 487 1572 512; x_wconf 81' lang='grc' dir='ltr'>ὅτι</span> <span class='ocrx_word' id='word_1_374' title='bbox 1600 485 1662 511; x_wconf 76' lang='grc' dir='ltr'>οὔτε</span> <span class='ocrx_word' id='word_1_375' title='bbox 1679 488 1735 517; x_wconf 83' lang='grc' dir='ltr'>τοῖς</span> <span class='ocrx_word' id='word_1_376' title='bbox 1752 486 1836 520; x_wconf 71' lang='grc' dir='ltr'>ῥαθύ-</span> 
     </span>
    </p>
   </div>
   <div class='ocr_carea' id='block_1_54' title="bbox 1042 531 1836 568">
    <p class='ocr_par' dir='ltr' id='par_1_54' title="bbox 1042 531 1836 568">
     <span class='ocr_line' id='line_1_54' title="bbox 1042 531 1836 568; baseline -0.003 -9"><span class='ocrx_word' id='word_1_377' title='bbox 1042 542 1103 568; x_wconf 88' lang='grc' dir='ltr'>μοις</span> <span class='ocrx_word' id='word_1_378' title='bbox 1116 533 1290 568; x_wconf 83' lang='grc' dir='ltr'>ἀτιμώρητον</span> <span class='ocrx_word' id='word_1_379' title='bbox 1306 533 1380 558; x_wconf 80' lang='grc' dir='ltr'>ἔσται</span> <span class='ocrx_word' id='word_1_380' title='bbox 1405 532 1435 558; x_wconf 84' lang='grc' dir='ltr'><strong>τὸ</strong></span> <span class='ocrx_word' id='word_1_381' title='bbox 1451 531 1585 568; x_wconf 77' lang='grc' dir='ltr'><strong>ῥᾴθυμον,</strong></span> <span class='ocrx_word' id='word_1_382' title='bbox 1602 531 1662 558; x_wconf 62' lang='grc' dir='ltr'>οὔτε</span> <span class='ocrx_word' id='word_1_383' title='bbox 1678 533 1733 563; x_wconf 72' lang='grc' dir='ltr'>τοῖς</span> <span class='ocrx_word' id='word_1_384' title='bbox 1749 540 1836 557; x_wconf 85' lang='grc' dir='ltr'>σπου-</span> 
     </span>
    </p>
   </div>
   <div class='ocr_carea' id='block_1_55' title="bbox 1040 577 1836 612">
    <p class='ocr_par' dir='ltr' id='par_1_55' title="bbox 1040 577 1836 612">
     <span class='ocr_line' id='line_1_55' title="bbox 1040 577 1836 612; baseline -0.003 -7"><span class='ocrx_word' id='word_1_385' title='bbox 1040 578 1126 609; x_wconf 82' lang='grc' dir='ltr'>δαίοις</span> <span class='ocrx_word' id='word_1_386' title='bbox 1155 579 1309 612; x_wconf 77' lang='grc' dir='ltr'><strong>ἀγέραστον</strong></span> <span class='ocrx_word' id='word_1_387' title='bbox 1324 578 1353 604; x_wconf 78' lang='grc' dir='ltr'><strong>τὸ</strong></span> <span class='ocrx_word' id='word_1_388' title='bbox 1379 577 1536 609; x_wconf 81' lang='grc' dir='ltr'>σπουδαῖον,</span> <span class='ocrx_word' id='word_1_389' title='bbox 1553 577 1599 604; x_wconf 74' lang='grc' dir='ltr'>καὶ</span> <span class='ocrx_word' id='word_1_390' title='bbox 1627 577 1670 604; x_wconf 78' lang='grc' dir='ltr'>ἵνα</span> <span class='ocrx_word' id='word_1_391' title='bbox 1690 577 1738 603; x_wconf 82' lang='grc' dir='ltr'>ἐπὶ</span> <span class='ocrx_word' id='word_1_392' title='bbox 1751 577 1836 603; x_wconf 76' lang='grc' dir='ltr'>πλέον</span> 
     </span>
    </p>
   </div>
   <div class='ocr_carea' id='block_1_56' title="bbox 1040 621 1836 660">
    <p class='ocr_par' dir='ltr' id='par_1_56' title="bbox 1040 621 1836 660">
     <span class='ocr_line' id='line_1_56' title="bbox 1040 621 1836 660; baseline -0.003 -9"><span class='ocrx_word' id='word_1_393' title='bbox 1040 625 1139 651; x_wconf 77' lang='grc' dir='ltr'>ἐκεῖνοι</span> <span class='ocrx_word' id='word_1_394' title='bbox 1168 625 1217 660; x_wconf 79' lang='grc' dir='ltr'><strong>μὲν</strong></span> <span class='ocrx_word' id='word_1_395' title='bbox 1246 624 1424 659; x_wconf 75' lang='grc' dir='ltr'>φοϐηθῶσιν,</span> <span class='ocrx_word' id='word_1_396' title='bbox 1454 621 1527 650; x_wconf 74' lang='grc' dir='ltr'>οὗτοι</span> <span class='ocrx_word' id='word_1_397' title='bbox 1549 623 1578 649; x_wconf 86' lang='grc' dir='ltr'><strong>δὲ</strong></span> <span class='ocrx_word' id='word_1_398' title='bbox 1601 623 1836 659; x_wconf 81' lang='grc' dir='ltr'>παρηγορηθῶσι,</span> 
     </span>
    </p>
   </div>
   <div class='ocr_carea' id='block_1_57' title="bbox 1041 671 1128 706">
    <p class='ocr_par' dir='ltr' id='par_1_57' title="bbox 1041 671 1128 706">
     <span class='ocr_line' id='line_1_57' title="bbox 1041 671 1128 706; baseline 0.011 -1"><span class='ocrx_word' id='word_1_399' title='bbox 1041 671 1107 706; x_wconf 80' lang='grc' dir='ltr'><strong>φησί</strong></span> <span class='ocrx_word' id='word_1_400' title='bbox 1121 678 1128 685; x_wconf 84' lang='grc'><em>’</em></span> 
     </span>
    </p>
   </div>
   <div class='ocr_carea' id='block_1_58' title="bbox 1074 713 1835 749">
    <p class='ocr_par' dir='ltr' id='par_1_58' title="bbox 1074 713 1835 749">
     <span class='ocr_line' id='line_1_58' title="bbox 1074 713 1835 749; baseline -0.005 -6"><span class='ocrx_word' id='word_1_401' title='bbox 1074 716 1185 744; x_wconf 73' lang='grc' dir='ltr'>Μέλλει</span> <span class='ocrx_word' id='word_1_402' title='bbox 1203 731 1237 736; x_wconf 93' lang='grc'><strong>-</strong></span> <span class='ocrx_word' id='word_1_403' title='bbox 1260 717 1334 743; x_wconf 82' lang='grc' dir='ltr'>κατὰ</span> <span class='ocrx_word' id='word_1_404' title='bbox 1346 715 1402 749; x_wconf 80' lang='grc' dir='ltr'><strong>τὴν</strong></span> <span class='ocrx_word' id='word_1_405' title='bbox 1427 714 1536 749; x_wconf 78' lang='grc' dir='ltr'>,πρᾶξιν</span> <span class='ocrx_word' id='word_1_406' title='bbox 1549 713 1652 741; x_wconf 83' lang='grc' dir='ltr'>αὺτοῦ.</span> <span class='ocrx_word' id='word_1_407' title='bbox 1678 715 1755 748; x_wconf 73' lang='grc' dir='ltr'>’Ἅμα</span> <span class='ocrx_word' id='word_1_408' title='bbox 1789 715 1835 740; x_wconf 64' lang='grc' dir='ltr'><strong>ἔνι</strong></span> 
     </span>
    </p>
   </div>
   <div class='ocr_carea' id='block_1_59' title="bbox 1039 760 1832 797">
    <p class='ocr_par' dir='ltr' id='par_1_59' title="bbox 1039 760 1832 797">
     <span class='ocr_line' id='line_1_59' title="bbox 1039 760 1832 797; baseline -0.003 -9"><span class='ocrx_word' id='word_1_409' title='bbox 1039 762 1132 797; x_wconf 87' lang='grc' dir='ltr'>έφηνε,</span> <span class='ocrx_word' id='word_1_410' title='bbox 1163 762 1210 789; x_wconf 70' lang='grc' dir='ltr'>καὶ</span> <span class='ocrx_word' id='word_1_411' title='bbox 1223 762 1263 789; x_wconf 83' lang='grc' dir='ltr'>ὅτι</span> <span class='ocrx_word' id='word_1_412' title='bbox 1279 762 1328 796; x_wconf 80' lang='grc' dir='ltr'>τῆς</span> <span class='ocrx_word' id='word_1_413' title='bbox 1340 762 1424 795; x_wconf 69' lang='grc' dir='ltr'>αὐτῆς</span> <span class='ocrx_word' id='word_1_414' title='bbox 1435 762 1472 796; x_wconf 83' lang='grc' dir='ltr'>τῷ</span> <span class='ocrx_word' id='word_1_415' title='bbox 1481 761 1570 796; x_wconf 79' lang='grc' dir='ltr'>Πατρὶ</span> <span class='ocrx_word' id='word_1_416' title='bbox 1583 761 1661 795; x_wconf 79' lang='grc' dir='ltr'>δόξης</span> <span class='ocrx_word' id='word_1_417' title='bbox 1679 760 1764 787; x_wconf 75' lang='grc' dir='ltr'>ἐστίν.</span> <span class='ocrx_word' id='word_1_418' title='bbox 1773 760 1832 786; x_wconf 78' lang='grc' dir='ltr'><strong>Ἑν</strong></span> 
     </span>
    </p>
   </div>
   <div class='ocr_carea' id='block_1_60' title="bbox 1039 803 1834 841">
    <p class='ocr_par' dir='ltr' id='par_1_60' title="bbox 1039 803 1834 841">
     <span class='ocr_line' id='line_1_60' title="bbox 1039 803 1834 841; baseline -0.004 -9"><span class='ocrx_word' id='word_1_419' title='bbox 1039 805 1077 839; x_wconf 79' lang='grc' dir='ltr'>τῇ</span> <span class='ocrx_word' id='word_1_420' title='bbox 1091 806 1165 839; x_wconf 73' lang='grc' dir='ltr'><strong>δόξῃ</strong></span> <span class='ocrx_word' id='word_1_421' title='bbox 1190 807 1256 841; x_wconf 78' lang='grc' dir='ltr'>γὰρ,</span> <span class='ocrx_word' id='word_1_422' title='bbox 1268 807 1346 840; x_wconf 76' lang='grc' dir='ltr'>φησι,</span> <span class='ocrx_word' id='word_1_423' title='bbox 1362 806 1414 832; x_wconf 84' lang='grc' dir='ltr'>τοῦ</span> <span class='ocrx_word' id='word_1_424' title='bbox 1443 805 1557 838; x_wconf 78' lang='grc' dir='ltr'>Πατρὸς</span> <span class='ocrx_word' id='word_1_425' title='bbox 1573 803 1679 831; x_wconf 79' lang='grc' dir='ltr'>αὐτοῦ.</span> <span class='ocrx_word' id='word_1_426' title='bbox 1692 805 1723 830; x_wconf 80' lang='grc' dir='ltr'><strong>Εἰ</strong></span> <span class='ocrx_word' id='word_1_427' title='bbox 1738 804 1765 830; x_wconf 82' lang='grc' dir='ltr'><strong>δὲ</strong></span> <span class='ocrx_word' id='word_1_428' title='bbox 1781 805 1834 838; x_wconf 81' lang='grc' dir='ltr'>τῆς</span> 
     </span>
    </p>
   </div>
   <div class='ocr_carea' id='block_1_61' title="bbox 1039 848 1831 885">
    <p class='ocr_par' dir='ltr' id='par_1_61' title="bbox 1039 848 1831 885">
     <span class='ocr_line' id='line_1_61' title="bbox 1039 848 1831 885; baseline -0.005 -8"><span class='ocrx_word' id='word_1_429' title='bbox 1039 851 1125 885; x_wconf 81' lang='grc' dir='ltr'>αὐτῆς</span> <span class='ocrx_word' id='word_1_430' title='bbox 1141 851 1220 885; x_wconf 76' lang='grc' dir='ltr'>δόξης</span> <span class='ocrx_word' id='word_1_431' title='bbox 1248 852 1317 882; x_wconf 74' lang='grc' dir='ltr'>ἐστὶ,</span> <span class='ocrx_word' id='word_1_432' title='bbox 1331 850 1380 884; x_wconf 81' lang='grc' dir='ltr'>τῆς</span> <span class='ocrx_word' id='word_1_433' title='bbox 1395 850 1482 884; x_wconf 80' lang='grc' dir='ltr'>αὐτῆς</span> <span class='ocrx_word' id='word_1_434' title='bbox 1503 850 1557 884; x_wconf 83' lang='grc' dir='ltr'>ἄρα</span> <span class='ocrx_word' id='word_1_435' title='bbox 1574 849 1621 876; x_wconf 78' lang='grc' dir='ltr'><strong>καὶ</strong></span> <span class='ocrx_word' id='word_1_436' title='bbox 1639 848 1734 879; x_wconf 78' lang='grc' dir='ltr'>οὐσίας</span> <span class='ocrx_word' id='word_1_437' title='bbox 1757 848 1831 879; x_wconf 80' lang='grc' dir='ltr'>ἐστὶ,</span> 
     </span>
    </p>
   </div>
   <div class='ocr_carea' id='block_1_62' title="bbox 1040 892 1830 931">
    <p class='ocr_par' dir='ltr' id='par_1_62' title="bbox 1040 892 1830 931">
     <span class='ocr_line' id='line_1_62' title="bbox 1040 892 1830 931; baseline -0.005 -9"><span class='ocrx_word' id='word_1_438' title='bbox 1040 897 1251 931; x_wconf 74' lang='grc' dir='ltr'>καὶδυνάμεως,</span> <span class='ocrx_word' id='word_1_439' title='bbox 1267 895 1314 922; x_wconf 69' lang='grc' dir='ltr'>καὶ</span> <span class='ocrx_word' id='word_1_440' title='bbox 1332 895 1470 930; x_wconf 78' lang='grc' dir='ltr'><strong>θεότητος.</strong></span> <span class='ocrx_word' id='word_1_441' title='bbox 1499 892 1550 921; x_wconf 82' lang='grc' dir='ltr'><strong>’Ὧν</strong></span> <span class='ocrx_word' id='word_1_442' title='bbox 1565 894 1619 929; x_wconf 79' lang='grc' dir='ltr'>γὰρ</span> <span class='ocrx_word' id='word_1_443' title='bbox 1635 894 1697 926; x_wconf 78' lang='grc' dir='ltr'>δόξα</span> <span class='ocrx_word' id='word_1_444' title='bbox 1713 895 1731 928; x_wconf 78' lang='grc' dir='ltr'><strong>ἡ</strong></span> <span class='ocrx_word' id='word_1_445' title='bbox 1747 893 1830 928; x_wconf 82' lang='grc' dir='ltr'>αὐτὴ,</span> 
     </span>
    </p>
   </div>
   <div class='ocr_carea' id='block_1_63' title="bbox 1039 940 1511 976">
    <p class='ocr_par' dir='ltr' id='par_1_63' title="bbox 1039 940 1511 976">
     <span class='ocr_line' id='line_1_63' title="bbox 1039 940 1511 976; baseline -0.002 -9"><span class='ocrx_word' id='word_1_446' title='bbox 1039 941 1141 967; x_wconf 84' lang='grc' dir='ltr'>τούτων</span> <span class='ocrx_word' id='word_1_447' title='bbox 1158 940 1211 976; x_wconf 81' lang='grc' dir='ltr'>ἄρα</span> <span class='ocrx_word' id='word_1_448' title='bbox 1227 941 1274 967; x_wconf 80' lang='grc' dir='ltr'>καὶ</span> <span class='ocrx_word' id='word_1_449' title='bbox 1287 941 1370 967; x_wconf 80' lang='grc' dir='ltr'>τᾶλλα</span> <span class='ocrx_word' id='word_1_450' title='bbox 1385 941 1418 966; x_wconf 78' lang='grc' dir='ltr'>τὰ</span> <span class='ocrx_word' id='word_1_451' title='bbox 1431 940 1511 967; x_wconf 79' lang='grc' dir='ltr'>αὐτὰ.</span> 
     </span>
    </p>
   </div>
   <div class='ocr_carea' id='block_1_64' title="bbox 1081 985 1832 1021">
    <p class='ocr_par' dir='ltr' id='par_1_64' title="bbox 1081 985 1832 1021">
     <span class='ocr_line' id='line_1_64' title="bbox 1081 985 1832 1021; baseline 0 -8"><span class='ocrx_word' id='word_1_452' title='bbox 1081 986 1171 1021; x_wconf 80' lang='grc' dir='ltr'><strong>Ἀμὴν</strong></span> <span class='ocrx_word' id='word_1_453' title='bbox 1182 987 1251 1012; x_wconf 83' lang='grc' dir='ltr'><strong>-ἑν</strong></span> <span class='ocrx_word' id='word_1_454' title='bbox 1263 986 1299 1020; x_wconf 76' lang='grc' dir='ltr'>τῇ</span> <span class='ocrx_word' id='word_1_455' title='bbox 1310 986 1457 1019; x_wconf 53' lang='lat' dir='ltr'><strong>ﬂavae/gr,</strong></span> <span class='ocrx_word' id='word_1_456' title='bbox 1471 985 1575 1013; x_wconf 79' lang='grc' dir='ltr'>αὑτοῦ.</span> <span class='ocrx_word' id='word_1_457' title='bbox 1591 985 1683 1012; x_wconf 76' lang='grc' dir='ltr'>Εἰπὼν</span> <span class='ocrx_word' id='word_1_458' title='bbox 1698 986 1763 1021; x_wconf 78' lang='grc' dir='ltr'>περὶ</span> <span class='ocrx_word' id='word_1_459' title='bbox 1774 986 1832 1020; x_wconf 77' lang='grc'><strong>(51)</strong></span> 
     </span>
    </p>
   </div>
   <div class='ocr_carea' id='block_1_65' title="bbox 1041 1030 1833 1067">
    <p class='ocr_par' dir='ltr' id='par_1_65' title="bbox 1041 1030 1833 1067">
     <span class='ocr_line' id='line_1_65' title="bbox 1041 1030 1833 1067; baseline 0 -9"><span class='ocrx_word' id='word_1_460' title='bbox 1041 1032 1150 1063; x_wconf 78' lang='grc' dir='ltr'>ἑαυτοῦ,</span> <span class='ocrx_word' id='word_1_461' title='bbox 1161 1032 1201 1058; x_wconf 80' lang='grc' dir='ltr'>ὅτι</span> <span class='ocrx_word' id='word_1_462' title='bbox 1215 1032 1306 1066; x_wconf 81' lang='grc' dir='ltr'>μέλλει</span> <span class='ocrx_word' id='word_1_463' title='bbox 1322 1031 1451 1066; x_wconf 76' lang='grc' dir='ltr'>ἔρχεσθαι</span> <span class='ocrx_word' id='word_1_464' title='bbox 1465 1032 1493 1057; x_wconf 80' lang='grc' dir='ltr'>ἐν</span> <span class='ocrx_word' id='word_1_465' title='bbox 1507 1031 1571 1067; x_wconf 79' lang='grc' dir='ltr'>δόξῃ</span> <span class='ocrx_word' id='word_1_466' title='bbox 1584 1031 1653 1065; x_wconf 85' lang='grc' dir='ltr'>μετὰ</span> <span class='ocrx_word' id='word_1_467' title='bbox 1667 1030 1833 1066; x_wconf 76' lang='grc' dir='ltr'><strong>δορυφορίας</strong></span> 
     </span>
    </p>
   </div>
   <div class='ocr_carea' id='block_1_66' title="bbox 1041 1077 1832 1113">
    <p class='ocr_par' dir='ltr' id='par_1_66' title="bbox 1041 1077 1832 1113">
     <span class='ocr_line' id='line_1_66' title="bbox 1041 1077 1832 1113; baseline -0.001 -9"><span class='ocrx_word' id='word_1_468' title='bbox 1041 1078 1088 1104; x_wconf 80' lang='grc' dir='ltr'>καὶ</span> <span class='ocrx_word' id='word_1_469' title='bbox 1105 1079 1272 1113; x_wconf 72' lang='grc' dir='ltr'>προπομπῆς</span> <span class='ocrx_word' id='word_1_470' title='bbox 1288 1077 1342 1103; x_wconf 83' lang='grc' dir='ltr'><strong>τῶν</strong></span> <span class='ocrx_word' id='word_1_471' title='bbox 1357 1077 1546 1111; x_wconf 48' lang='grc' dir='ltr'>ἀγγέλων-,καὶ</span> <span class='ocrx_word' id='word_1_472' title='bbox 1567 1077 1647 1110; x_wconf 83' lang='grc' dir='ltr'>γνοὺς</span> <span class='ocrx_word' id='word_1_473' title='bbox 1662 1077 1724 1108; x_wconf 81' lang='grc' dir='ltr'>τοὺς</span> <span class='ocrx_word' id='word_1_474' title='bbox 1742 1078 1832 1112; x_wconf 84' lang='grc' dir='ltr'>μαθη-</span> 
     </span>
    </p>
   </div>
   <div class='ocr_carea' id='block_1_67' title="bbox 1041 1122 1832 1158">
    <p class='ocr_par' dir='ltr' id='par_1_67' title="bbox 1041 1122 1832 1158">
     <span class='ocr_line' id='line_1_67' title="bbox 1041 1122 1832 1158; baseline -0.003 -8"><span class='ocrx_word' id='word_1_475' title='bbox 1041 1124 1089 1154; x_wconf 85' lang='grc' dir='ltr'>τὰς</span> <span class='ocrx_word' id='word_1_476' title='bbox 1101 1122 1315 1154; x_wconf 81' lang='grc' dir='ltr'>δυσπιστοῦντας</span> <span class='ocrx_word' id='word_1_477' title='bbox 1331 1122 1370 1158; x_wconf 79' lang='grc' dir='ltr'>τῷ</span> <span class='ocrx_word' id='word_1_478' title='bbox 1384 1122 1498 1158; x_wconf 85' lang='grc' dir='ltr'>τοιούτῳ</span> <span class='ocrx_word' id='word_1_479' title='bbox 1513 1123 1596 1157; x_wconf 88' lang='grc' dir='ltr'>λόγῳ,</span> <span class='ocrx_word' id='word_1_480' title='bbox 1606 1123 1709 1158; x_wconf 63' lang='grc' dir='ltr'>βεϐαιοῖ</span> <span class='ocrx_word' id='word_1_481' title='bbox 1725 1122 1832 1154; x_wconf 81' lang='grc' dir='ltr'>τοῦτον,</span> 
     </span>
    </p>
   </div>
   <div class='ocr_carea' id='block_1_68' title="bbox 1041 1168 1832 1204">
    <p class='ocr_par' dir='ltr' id='par_1_68' title="bbox 1041 1168 1832 1204">
     <span class='ocr_line' id='line_1_68' title="bbox 1041 1168 1832 1204; baseline 0.001 -9"><span class='ocrx_word' id='word_1_482' title='bbox 1041 1168 1207 1202; x_wconf 76' lang='grc' dir='ltr'>προστιθεὶς,</span> <span class='ocrx_word' id='word_1_483' title='bbox 1217 1169 1256 1194; x_wconf 81' lang='grc' dir='ltr'>ὅτι</span> <span class='ocrx_word' id='word_1_484' title='bbox 1271 1169 1321 1194; x_wconf 74' lang='grc' dir='ltr'><strong>οὒκ</strong></span> <span class='ocrx_word' id='word_1_485' title='bbox 1338 1169 1378 1200; x_wconf 69' lang='grc' dir='ltr'><strong>εἰς</strong></span> <span class='ocrx_word' id='word_1_486' title='bbox 1395 1169 1505 1203; x_wconf 77' lang='grc' dir='ltr'>μακράν</span> <span class='ocrx_word' id='word_1_487' title='bbox 1521 1177 1594 1199; x_wconf 86' lang='grc' dir='ltr'>τινες</span> <span class='ocrx_word' id='word_1_488' title='bbox 1610 1169 1701 1195; x_wconf 77' lang='grc' dir='ltr'>αὐτῶν</span> <span class='ocrx_word' id='word_1_489' title='bbox 1718 1169 1832 1204; x_wconf 74' lang='grc' dir='ltr'>ὄψονται</span> 
     </span>
    </p>
   </div>
   <div class='ocr_carea' id='block_1_69' title="bbox 1040 1213 1831 1249">
    <p class='ocr_par' dir='ltr' id='par_1_69' title="bbox 1040 1213 1831 1249">
     <span class='ocr_line' id='line_1_69' title="bbox 1040 1213 1831 1249; baseline 0 -9"><span class='ocrx_word' id='word_1_490' title='bbox 1040 1215 1090 1249; x_wconf 83' lang='grc' dir='ltr'><strong>τὴν</strong></span> <span class='ocrx_word' id='word_1_491' title='bbox 1102 1214 1180 1246; x_wconf 82' lang='grc' dir='ltr'>δόξαν</span> <span class='ocrx_word' id='word_1_492' title='bbox 1196 1213 1289 1240; x_wconf 78' lang='grc' dir='ltr'>αὑτοῦ.</span> <span class='ocrx_word' id='word_1_493' title='bbox 1300 1214 1409 1248; x_wconf 83' lang='grc' dir='ltr'>Ταύτην</span> <span class='ocrx_word' id='word_1_494' title='bbox 1425 1213 1478 1248; x_wconf 77' lang='grc' dir='ltr'>γὰρ</span> <span class='ocrx_word' id='word_1_495' title='bbox 1490 1213 1537 1240; x_wconf 72' lang='grc' dir='ltr'>νῦν</span> <span class='ocrx_word' id='word_1_496' title='bbox 1547 1213 1670 1248; x_wconf 83' lang='grc' dir='ltr'>ὠνόμασε</span> <span class='ocrx_word' id='word_1_497' title='bbox 1681 1213 1831 1248; x_wconf 79' lang='grc' dir='ltr'>βασιλεῑαν.</span> 
     </span>
    </p>
   </div>
   <div class='ocr_carea' id='block_1_70' title="bbox 1047 1259 1832 1295">
    <p class='ocr_par' dir='ltr' id='par_1_70' title="bbox 1047 1259 1832 1295">
     <span class='ocr_line' id='line_1_70' title="bbox 1047 1259 1832 1295; baseline -0.001 -9"><span class='ocrx_word' id='word_1_498' title='bbox 1047 1260 1157 1294; x_wconf 80' lang='grc' dir='ltr'>Ἐδήλου</span> <span class='ocrx_word' id='word_1_499' title='bbox 1183 1259 1211 1285; x_wconf 85' lang='grc' dir='ltr'><strong>δὲ</strong></span> <span class='ocrx_word' id='word_1_500' title='bbox 1233 1259 1281 1295; x_wconf 82' lang='grc' dir='ltr'>τὴν</span> <span class='ocrx_word' id='word_1_501' title='bbox 1310 1259 1492 1294; x_wconf 80' lang='grc' dir='ltr'>λαμπρότητα</span> <span class='ocrx_word' id='word_1_502' title='bbox 1512 1259 1561 1293; x_wconf 77' lang='grc' dir='ltr'><strong>τῆς</strong></span> <span class='ocrx_word' id='word_1_503' title='bbox 1590 1259 1832 1295; x_wconf 74' lang='grc' dir='ltr'><strong>μεταμορφώσεως</strong></span> 
     </span>
    </p>
   </div>
   <div class='ocr_carea' id='block_1_71' title="bbox 1040 1304 1832 1340">
    <p class='ocr_par' dir='ltr' id='par_1_71' title="bbox 1040 1304 1832 1340">
     <span class='ocr_line' id='line_1_71' title="bbox 1040 1304 1832 1340; baseline 0 -9"><span class='ocrx_word' id='word_1_504' title='bbox 1040 1305 1134 1338; x_wconf 77' lang='grc' dir='ltr'>αὐτοῦ,</span> <span class='ocrx_word' id='word_1_505' title='bbox 1155 1305 1188 1339; x_wconf 83' lang='grc' dir='ltr'>ἢν</span> <span class='ocrx_word' id='word_1_506' title='bbox 1217 1305 1287 1340; x_wconf 74' lang='grc' dir='ltr'>μετὰ</span> <span class='ocrx_word' id='word_1_507' title='bbox 1316 1305 1411 1340; x_wconf 68' lang='grc' dir='ltr'>καιρῦν</span> <span class='ocrx_word' id='word_1_508' title='bbox 1433 1305 1523 1338; x_wconf 73' lang='grc' dir='ltr'>ὀλίγον</span> <span class='ocrx_word' id='word_1_509' title='bbox 1551 1305 1663 1339; x_wconf 76' lang='grc' dir='ltr'>ἔμελλεν</span> <span class='ocrx_word' id='word_1_510' title='bbox 1690 1304 1832 1336; x_wconf 78' lang='grc' dir='ltr'>ὑποδεῖξαι</span> 
     </span>
    </p>
   </div>
   <div class='ocr_carea' id='block_1_72' title="bbox 1041 1350 1830 1386">
    <p class='ocr_par' dir='ltr' id='par_1_72' title="bbox 1041 1350 1830 1386">
     <span class='ocr_line' id='line_1_72' title="bbox 1041 1350 1830 1386; baseline 0.001 -9"><span class='ocrx_word' id='word_1_511' title='bbox 1041 1352 1148 1386; x_wconf 80' lang='grc' dir='ltr'>Πέτρῳ,</span> <span class='ocrx_word' id='word_1_512' title='bbox 1158 1351 1204 1377; x_wconf 70' lang='grc' dir='ltr'>καὶ</span> <span class='ocrx_word' id='word_1_513' title='bbox 1222 1350 1353 1385; x_wconf 79' lang='grc' dir='ltr'>Ἰακώϐῳ,</span> <span class='ocrx_word' id='word_1_514' title='bbox 1376 1351 1422 1377; x_wconf 55' lang='grc' dir='ltr'><strong>κοιλ¹</strong></span> <span class='ocrx_word' id='word_1_515' title='bbox 1441 1350 1564 1386; x_wconf 81' lang='grc' dir='ltr'><strong>Ἰωάννῃ.</strong></span> <span class='ocrx_word' id='word_1_516' title='bbox 1579 1351 1645 1385; x_wconf 65' lang='grc' dir='ltr'>Περὶ</span> <span class='ocrx_word' id='word_1_517' title='bbox 1657 1350 1759 1376; x_wconf 77' lang='grc' dir='ltr'>τούτων</span> <span class='ocrx_word' id='word_1_518' title='bbox 1776 1352 1830 1385; x_wconf 75' lang='grc' dir='ltr'>γὰρ</span> 
     </span>
    </p>
   </div>
   <div class='ocr_carea' id='block_1_73' title="bbox 1040 1392 1830 1428">
    <p class='ocr_par' dir='ltr' id='par_1_73' title="bbox 1040 1392 1830 1428">
     <span class='ocr_line' id='line_1_73' title="bbox 1040 1392 1830 1428; baseline 0 -6"><span class='ocrx_word' id='word_1_519' title='bbox 1040 1395 1126 1428; x_wconf 77' lang='grc' dir='ltr'>εἶπεν,</span> <span class='ocrx_word' id='word_1_520' title='bbox 1142 1397 1183 1423; x_wconf 80' lang='grc' dir='ltr'>ὅτι</span> <span class='ocrx_word' id='word_1_521' title='bbox 1198 1397 1267 1422; x_wconf 83' lang='grc' dir='ltr'><strong>Εἱσί</strong></span> <span class='ocrx_word' id='word_1_522' title='bbox 1280 1404 1357 1428; x_wconf 74' lang='grc' dir='ltr'>τινες</span> <span class='ocrx_word' id='word_1_523' title='bbox 1375 1395 1433 1421; x_wconf 84' lang='grc' dir='ltr'>τῶν</span> <span class='ocrx_word' id='word_1_524' title='bbox 1445 1392 1502 1422; x_wconf 79' lang='grc' dir='ltr'><strong>ὦδε</strong></span> <span class='ocrx_word' id='word_1_525' title='bbox 1516 1395 1662 1422; x_wconf 77' lang='grc' dir='ltr'><strong>ἑστώτων.</strong></span> <span class='ocrx_word' id='word_1_526' title='bbox 1683 1397 1830 1422; x_wconf 83' lang='grc' dir='ltr'>Βασιλείαν</span> 
     </span>
    </p>
   </div>
   <div class='ocr_carea' id='block_1_74' title="bbox 1039 1441 1831 1477">
    <p class='ocr_par' dir='ltr' id='par_1_74' title="bbox 1039 1441 1831 1477">
     <span class='ocr_line' id='line_1_74' title="bbox 1039 1441 1831 1477; baseline 0 -9"><span class='ocrx_word' id='word_1_527' title='bbox 1039 1442 1068 1468; x_wconf 84' lang='grc' dir='ltr'><strong>δὲ</strong></span> <span class='ocrx_word' id='word_1_528' title='bbox 1095 1441 1188 1473; x_wconf 75' lang='grc' dir='ltr'>αὑτοῦ,</span> <span class='ocrx_word' id='word_1_529' title='bbox 1218 1442 1312 1476; x_wconf 77' lang='grc' dir='ltr'>ἤγουν,</span> <span class='ocrx_word' id='word_1_530' title='bbox 1336 1441 1426 1474; x_wconf 76' lang='grc' dir='ltr'>δόξαν,</span> <span class='ocrx_word' id='word_1_531' title='bbox 1451 1441 1500 1476; x_wconf 83' lang='grc' dir='ltr'><strong>τὴν</strong></span> <span class='ocrx_word' id='word_1_532' title='bbox 1524 1441 1705 1476; x_wconf 75' lang='grc' dir='ltr'>λαμπρότητα</span> <span class='ocrx_word' id='word_1_533' title='bbox 1728 1442 1831 1477; x_wconf 81' lang='grc' dir='ltr'>ταύτην</span> 
     </span>
    </p>
   </div>
   <div class='ocr_carea' id='block_1_75' title="bbox 1039 1485 1830 1522">
    <p class='ocr_par' dir='ltr' id='par_1_75' title="bbox 1039 1485 1830 1522">
     <span class='ocr_line' id='line_1_75' title="bbox 1039 1485 1830 1522; baseline 0.001 -9"><span class='ocrx_word' id='word_1_534' title='bbox 1039 1488 1193 1522; x_wconf 80' lang='grc' dir='ltr'>ὠνόμασεν,</span> <span class='ocrx_word' id='word_1_535' title='bbox 1209 1487 1246 1518; x_wconf 83' lang='grc' dir='ltr'>ὡς</span> <span class='ocrx_word' id='word_1_536' title='bbox 1271 1485 1354 1513; x_wconf 78' lang='grc' dir='ltr'>οὖσαν</span> <span class='ocrx_word' id='word_1_537' title='bbox 1379 1486 1548 1522; x_wconf 81' lang='grc' dir='ltr'>προμήνυμα</span> <span class='ocrx_word' id='word_1_538' title='bbox 1579 1487 1626 1512; x_wconf 74' lang='grc' dir='ltr'><strong>καὶ</strong></span> <span class='ocrx_word' id='word_1_539' title='bbox 1654 1488 1830 1522; x_wconf 79' lang='grc' dir='ltr'>παράδειγμα</span> 
     </span>
    </p>
   </div>
   <div class='ocr_carea' id='block_1_76' title="bbox 1040 1529 1828 1567">
    <p class='ocr_par' dir='ltr' id='par_1_76' title="bbox 1040 1529 1828 1567">
     <span class='ocr_line' id='line_1_76' title="bbox 1040 1529 1828 1567; baseline 0 -8"><span class='ocrx_word' id='word_1_540' title='bbox 1040 1533 1090 1567; x_wconf 77' lang='grc' dir='ltr'>τῆς</span> <span class='ocrx_word' id='word_1_541' title='bbox 1105 1533 1300 1567; x_wconf 75' lang='grc' dir='ltr'>λαμπρότητος</span> <span class='ocrx_word' id='word_1_542' title='bbox 1315 1533 1433 1566; x_wconf 77' lang='grc' dir='ltr'>ἐκείνης,</span> <span class='ocrx_word' id='word_1_543' title='bbox 1452 1532 1512 1566; x_wconf 84' lang='grc' dir='ltr'>μεθ’</span> <span class='ocrx_word' id='word_1_544' title='bbox 1528 1529 1561 1567; x_wconf 80' lang='grc' dir='ltr'>ἦς</span> <span class='ocrx_word' id='word_1_545' title='bbox 1582 1532 1674 1566; x_wconf 82' lang='grc' dir='ltr'>μέλλει</span> <span class='ocrx_word' id='word_1_546' title='bbox 1687 1533 1828 1559; x_wconf 82' lang='grc' dir='ltr'>κατελθεῖν</span> 
     </span>
    </p>
   </div>
   <div class='ocr_carea' id='block_1_77' title="bbox 1039 1575 1829 1613">
    <p class='ocr_par' dir='ltr' id='par_1_77' title="bbox 1039 1575 1829 1613">
     <span class='ocr_line' id='line_1_77' title="bbox 1039 1575 1829 1613; baseline -0.003 -8"><span class='ocrx_word' id='word_1_547' title='bbox 1039 1578 1163 1611; x_wconf 74' lang='grc' dir='ltr'>ὕστερον,</span> <span class='ocrx_word' id='word_1_548' title='bbox 1179 1578 1223 1604; x_wconf 80' lang='grc' dir='ltr'>ὅτε</span> <span class='ocrx_word' id='word_1_549' title='bbox 1251 1575 1387 1604; x_wconf 79' lang='grc' dir='ltr'>ἀποδώσει</span> <span class='ocrx_word' id='word_1_550' title='bbox 1417 1578 1526 1612; x_wconf 82' lang='grc' dir='ltr'><strong>ἑκάστῳ</strong></span> <span class='ocrx_word' id='word_1_551' title='bbox 1557 1578 1628 1604; x_wconf 78' lang='grc' dir='ltr'>κατὰ</span> <span class='ocrx_word' id='word_1_552' title='bbox 1653 1577 1702 1613; x_wconf 86' lang='grc' dir='ltr'><strong>τὴν</strong></span> <span class='ocrx_word' id='word_1_553' title='bbox 1730 1578 1829 1612; x_wconf 78' lang='grc' dir='ltr'>πρᾶξιν</span> 
     </span>
    </p>
   </div>
   <div class='ocr_carea' id='block_1_78' title="bbox 1038 1619 1828 1657">
    <p class='ocr_par' dir='ltr' id='par_1_78' title="bbox 1038 1619 1828 1657">
     <span class='ocr_line' id='line_1_78' title="bbox 1038 1619 1828 1657; baseline 0.001 -8"><span class='ocrx_word' id='word_1_554' title='bbox 1038 1624 1130 1650; x_wconf 64' lang='grc' dir='ltr'>αὐτοῦ.</span> <span class='ocrx_word' id='word_1_555' title='bbox 1150 1623 1333 1657; x_wconf 80' lang='grc' dir='ltr'>Ἐρχόμενον</span> <span class='ocrx_word' id='word_1_556' title='bbox 1345 1622 1372 1647; x_wconf 82' lang='grc' dir='ltr'><strong>δὲ</strong></span> <span class='ocrx_word' id='word_1_557' title='bbox 1388 1619 1477 1653; x_wconf 79' lang='grc' dir='ltr'>εἶπεν,</span> <span class='ocrx_word' id='word_1_558' title='bbox 1488 1622 1549 1648; x_wconf 79' lang='grc' dir='ltr'>ἀντὶ</span> <span class='ocrx_word' id='word_1_559' title='bbox 1570 1622 1629 1655; x_wconf 81' lang='grc' dir='ltr'>τοῦ,</span> <span class='ocrx_word' id='word_1_560' title='bbox 1653 1623 1828 1652; x_wconf 80' lang='grc' dir='ltr'>Φαινόμενον.</span> 
     </span>
    </p>
   </div>
   <div class='ocr_carea' id='block_1_79' title="bbox 1038 1679 1826 1714">
    <p class='ocr_par' dir='ltr' id='par_1_79' title="bbox 1038 1679 1826 1714">
     <span class='ocr_line' id='line_1_79' title="bbox 1038 1679 1826 1714; baseline 0.001 -7"><span class='ocrx_word' id='word_1_561' title='bbox 1038 1681 1116 1707; x_wconf 74' lang='grc' dir='ltr'><strong>ΚΕΦ.</strong></span> <span class='ocrx_word' id='word_1_562' title='bbox 1132 1679 1192 1707; x_wconf 89' lang='grc' dir='ltr'><strong>ΛΔ’.</strong></span> <span class='ocrx_word' id='word_1_563' title='bbox 1203 1679 1270 1713; x_wconf 77' lang='grc' dir='ltr'>Περὶ</span> <span class='ocrx_word' id='word_1_564' title='bbox 1282 1679 1337 1713; x_wconf 84' lang='grc' dir='ltr'>τῆς</span> <span class='ocrx_word' id='word_1_565' title='bbox 1347 1679 1603 1714; x_wconf 66' lang='grc' dir='ltr'>μεταμορφώσεως</span> <span class='ocrx_word' id='word_1_566' title='bbox 1618 1681 1671 1707; x_wconf 86' lang='grc' dir='ltr'>τοῦ</span> <span class='ocrx_word' id='word_1_567' title='bbox 1686 1681 1826 1712; x_wconf 84' lang='grc' dir='ltr'>Χριστοῦ.</span> 
     </span>
    </p>
   </div>
   <div class='ocr_carea' id='block_1_80' title="bbox 1091 1725 1828 1762">
    <p class='ocr_par' dir='ltr' id='par_1_80' title="bbox 1091 1725 1828 1762">
     <span class='ocr_line' id='line_1_80' title="bbox 1091 1725 1828 1762; baseline 0.001 -10"><span class='ocrx_word' id='word_1_568' title='bbox 1091 1726 1145 1752; x_wconf 77' lang='grc' dir='ltr'><strong>Καὶ</strong></span> <span class='ocrx_word' id='word_1_569' title='bbox 1160 1726 1222 1758; x_wconf 80' lang='grc' dir='ltr'>μεθ’</span> <span class='ocrx_word' id='word_1_570' title='bbox 1236 1739 1271 1744; x_wconf 87' lang='grc'><strong><em>-</em></strong></span> <span class='ocrx_word' id='word_1_571' title='bbox 1282 1725 1387 1752; x_wconf 78' lang='grc' dir='ltr'>αὐτοῦ.</span> <span class='ocrx_word' id='word_1_572' title='bbox 1397 1725 1503 1756; x_wconf 80' lang='grc' dir='ltr'>Λουκᾶς</span> <span class='ocrx_word' id='word_1_573' title='bbox 1516 1725 1543 1751; x_wconf 82' lang='grc' dir='ltr'><strong>δὲ</strong></span> <span class='ocrx_word' id='word_1_574' title='bbox 1552 1726 1632 1753; x_wconf 78' lang='grc' dir='ltr'>Μετὰ</span> <span class='ocrx_word' id='word_1_575' title='bbox 1649 1726 1724 1753; x_wconf 79' lang='grc' dir='ltr'>ὀκτώ</span> <span class='ocrx_word' id='word_1_576' title='bbox 1736 1735 1828 1762; x_wconf 84' lang='grc' dir='ltr'>φησιν,</span> 
     </span>
    </p>
   </div>
   <div class='ocr_carea' id='block_1_81' title="bbox 1038 1768 1829 1807">
    <p class='ocr_par' dir='ltr' id='par_1_81' title="bbox 1038 1768 1829 1807">
     <span class='ocr_line' id='line_1_81' title="bbox 1038 1768 1829 1807; baseline 0.004 -11"><span class='ocrx_word' id='word_1_577' title='bbox 1038 1771 1087 1797; x_wconf 74' lang='grc' dir='ltr'><strong>οὐκ</strong></span> <span class='ocrx_word' id='word_1_578' title='bbox 1111 1770 1315 1804; x_wconf 85' lang='grc' dir='ltr'>ὲναντιολογῶν.</span> <span class='ocrx_word' id='word_1_579' title='bbox 1328 1768 1412 1802; x_wconf 74' lang='grc' dir='ltr'>Οὗτος</span> <span class='ocrx_word' id='word_1_580' title='bbox 1434 1771 1483 1805; x_wconf 85' lang='grc' dir='ltr'><strong>μὲν</strong></span> <span class='ocrx_word' id='word_1_581' title='bbox 1498 1771 1552 1806; x_wconf 80' lang='grc' dir='ltr'>γὰρ</span> <span class='ocrx_word' id='word_1_582' title='bbox 1570 1772 1758 1807; x_wconf 77' lang='grc' dir='ltr'>συνηρίομησε</span> <span class='ocrx_word' id='word_1_583' title='bbox 1782 1775 1829 1800; x_wconf 82' lang='grc' dir='ltr'>καὶ</span> 
     </span>
    </p>
   </div>
   <div class='ocr_carea' id='block_1_82' title="bbox 1039 1815 1827 1851">
    <p class='ocr_par' dir='ltr' id='par_1_82' title="bbox 1039 1815 1827 1851">
     <span class='ocr_line' id='line_1_82' title="bbox 1039 1815 1827 1851; baseline 0.001 -8"><span class='ocrx_word' id='word_1_584' title='bbox 1039 1817 1124 1849; x_wconf 85' lang='grc' dir='ltr'>αὐτὰς</span> <span class='ocrx_word' id='word_1_585' title='bbox 1144 1817 1192 1847; x_wconf 83' lang='grc' dir='ltr'>τὰς</span> <span class='ocrx_word' id='word_1_586' title='bbox 1212 1818 1329 1851; x_wconf 70' lang='grc' dir='ltr'>ἡμέρας,</span> <span class='ocrx_word' id='word_1_587' title='bbox 1343 1817 1403 1842; x_wconf 80' lang='grc' dir='ltr'>καθ’</span> <span class='ocrx_word' id='word_1_588' title='bbox 1419 1816 1453 1850; x_wconf 73' lang='grc' dir='ltr'>ἢν</span> <span class='ocrx_word' id='word_1_589' title='bbox 1469 1824 1500 1842; x_wconf 79' lang='grc' dir='ltr'><strong>τε</strong></span> <span class='ocrx_word' id='word_1_590' title='bbox 1516 1817 1549 1843; x_wconf 82' lang='grc' dir='ltr'>τὰ</span> <span class='ocrx_word' id='word_1_591' title='bbox 1562 1816 1682 1851; x_wconf 79' lang='grc' dir='ltr'>ρηθέντα</span> <span class='ocrx_word' id='word_1_592' title='bbox 1694 1815 1755 1843; x_wconf 85' lang='grc' dir='ltr'>εἷπε</span> <span class='ocrx_word' id='word_1_593' title='bbox 1769 1819 1827 1848; x_wconf 80' lang='grc' dir='ltr'>τοῖς</span> 
     </span>
    </p>
   </div>
   <div class='ocr_carea' id='block_1_83' title="bbox 1041 1861 1826 1896">
    <p class='ocr_par' dir='ltr' id='par_1_83' title="bbox 1041 1861 1826 1896">
     <span class='ocr_line' id='line_1_83' title="bbox 1041 1861 1826 1896; baseline 0.001 -8"><span class='ocrx_word' id='word_1_594' title='bbox 1041 1862 1174 1896; x_wconf 77' lang='grc' dir='ltr'>μαθηταῖς</span> <span class='ocrx_word' id='word_1_595' title='bbox 1187 1863 1200 1888; x_wconf 88' lang='grc' dir='ltr'><strong>ό</strong></span> <span class='ocrx_word' id='word_1_596' title='bbox 1214 1863 1341 1896; x_wconf 82' lang='grc' dir='ltr'>Χριστὸς,</span> <span class='ocrx_word' id='word_1_597' title='bbox 1355 1862 1402 1888; x_wconf 80' lang='grc' dir='ltr'>καὶ</span> <span class='ocrx_word' id='word_1_598' title='bbox 1415 1861 1475 1888; x_wconf 85' lang='grc' dir='ltr'>καθ’</span> <span class='ocrx_word' id='word_1_599' title='bbox 1490 1861 1524 1896; x_wconf 84' lang='grc' dir='ltr'>ἢν</span> <span class='ocrx_word' id='word_1_600' title='bbox 1543 1861 1654 1892; x_wconf 82' lang='grc' dir='ltr'>τούτους</span> <span class='ocrx_word' id='word_1_601' title='bbox 1667 1862 1805 1895; x_wconf 75' lang='grc' dir='ltr'>παρέλαόε</span> <span class='ocrx_word' id='word_1_602' title='bbox 1819 1872 1826 1879; x_wconf 75' lang='grc'><strong><em>⁸</em></strong></span> 
     </span>
    </p>
   </div>
   <div class='ocr_carea' id='block_1_84' title="bbox 1039 1907 1829 1943">
    <p class='ocr_par' dir='ltr' id='par_1_84' title="bbox 1039 1907 1829 1943">
     <span class='ocr_line' id='line_1_84' title="bbox 1039 1907 1829 1943; baseline 0.003 -9"><span class='ocrx_word' id='word_1_603' title='bbox 1039 1907 1175 1939; x_wconf 84' lang='grc' dir='ltr'>Ματθαῖος</span> <span class='ocrx_word' id='word_1_604' title='bbox 1189 1908 1228 1941; x_wconf 77' lang='grc' dir='ltr'>δὲ,</span> <span class='ocrx_word' id='word_1_605' title='bbox 1244 1909 1291 1934; x_wconf 84' lang='grc' dir='ltr'><strong>καὶ</strong></span> <span class='ocrx_word' id='word_1_606' title='bbox 1313 1907 1470 1942; x_wconf 68' lang='grc' dir='ltr'>ἀμφοτέρας</span> <span class='ocrx_word' id='word_1_607' title='bbox 1487 1907 1589 1939; x_wconf 75' lang='grc' dir='ltr'>ταύτας</span> <span class='ocrx_word' id='word_1_608' title='bbox 1599 1908 1771 1943; x_wconf 86' lang='grc' dir='ltr'>παραλιπὼν,</span> <span class='ocrx_word' id='word_1_609' title='bbox 1781 1909 1829 1940; x_wconf 82' lang='grc' dir='ltr'>τὰς</span> 
     </span>
    </p>
   </div>
   <div class='ocr_carea' id='block_1_85' title="bbox 1041 1953 1826 1990">
    <p class='ocr_par' dir='ltr' id='par_1_85' title="bbox 1041 1953 1826 1990">
     <span class='ocr_line' id='line_1_85' title="bbox 1041 1953 1826 1990; baseline 0.001 -10"><span class='ocrx_word' id='word_1_610' title='bbox 1041 1953 1142 1990; x_wconf 80' lang='grc' dir='ltr'>μεταξὺ</span> <span class='ocrx_word' id='word_1_611' title='bbox 1170 1954 1253 1989; x_wconf 87' lang='grc' dir='ltr'>μόνας</span> <span class='ocrx_word' id='word_1_612' title='bbox 1275 1954 1500 1988; x_wconf 81' lang='grc' dir='ltr'>ἁπηριθμήσατο.</span> <span class='ocrx_word' id='word_1_613' title='bbox 1516 1953 1593 1980; x_wconf 85' lang='grc' dir='ltr'>Διατι</span> <span class='ocrx_word' id='word_1_614' title='bbox 1610 1953 1638 1980; x_wconf 81' lang='grc' dir='ltr'><strong>δὲ</strong></span> <span class='ocrx_word' id='word_1_615' title='bbox 1653 1954 1750 1988; x_wconf 81' lang='grc' dir='ltr'>μόνους</span> <span class='ocrx_word' id='word_1_616' title='bbox 1770 1954 1826 1990; x_wconf 70' lang='grc'>(52)</span> 
     </span>
    </p>
   </div>
   <div class='ocr_carea' id='block_1_86' title="bbox 1039 1998 1830 2034">
    <p class='ocr_par' dir='ltr' id='par_1_86' title="bbox 1039 1998 1830 2034">
     <span class='ocr_line' id='line_1_86' title="bbox 1039 1998 1830 2034; baseline 0.001 -8"><span class='ocrx_word' id='word_1_617' title='bbox 1039 1999 1103 2031; x_wconf 80' lang='grc' dir='ltr'>τοὺς</span> <span class='ocrx_word' id='word_1_618' title='bbox 1114 2000 1186 2034; x_wconf 74' lang='grc' dir='ltr'>τρεῖς</span> <span class='ocrx_word' id='word_1_619' title='bbox 1198 2000 1310 2031; x_wconf 79' lang='grc' dir='ltr'>τούτους</span> <span class='ocrx_word' id='word_1_620' title='bbox 1325 1998 1544 2034; x_wconf 74' lang='grc' dir='ltr'>παραλαμϐάνει,</span> <span class='ocrx_word' id='word_1_621' title='bbox 1557 1999 1606 2026; x_wconf 79' lang='grc' dir='ltr'>καὶ</span> <span class='ocrx_word' id='word_1_622' title='bbox 1622 1999 1651 2025; x_wconf 81' lang='grc' dir='ltr'>οὐ</span> <span class='ocrx_word' id='word_1_623' title='bbox 1665 1999 1711 2025; x_wconf 85' lang='grc' dir='ltr'>νῦν</span> <span class='ocrx_word' id='word_1_624' title='bbox 1735 2000 1830 2034; x_wconf 59' lang='grc' dir='ltr'>μόνον,</span> 
     </span>
    </p>
   </div>
   <div class='ocr_carea' id='block_1_87' title="bbox 1039 2044 1828 2080">
    <p class='ocr_par' dir='ltr' id='par_1_87' title="bbox 1039 2044 1828 2080">
     <span class='ocr_line' id='line_1_87' title="bbox 1039 2044 1828 2080; baseline 0 -9"><span class='ocrx_word' id='word_1_625' title='bbox 1039 2045 1108 2071; x_wconf 79' lang='grc' dir='ltr'>ἀλλὰ</span> <span class='ocrx_word' id='word_1_626' title='bbox 1132 2045 1179 2071; x_wconf 75' lang='grc' dir='ltr'>καὶ</span> <span class='ocrx_word' id='word_1_627' title='bbox 1203 2045 1343 2077; x_wconf 78' lang='grc' dir='ltr'>πολλάκις,</span> <span class='ocrx_word' id='word_1_628' title='bbox 1357 2044 1394 2075; x_wconf 85' lang='grc' dir='ltr'>ὡς</span> <span class='ocrx_word' id='word_1_629' title='bbox 1412 2044 1552 2080; x_wconf 83' lang='grc' dir='ltr'>προϊόντες</span> <span class='ocrx_word' id='word_1_630' title='bbox 1569 2045 1738 2079; x_wconf 80' lang='grc' dir='ltr'>εὖρήσομεν;</span> <span class='ocrx_word' id='word_1_631' title='bbox 1756 2045 1828 2071; x_wconf 86' lang='grc' dir='ltr'>Διότι</span> 
     </span>
    </p>
   </div>
   <div class='ocr_carea' id='block_1_88' title="bbox 1039 2089 1826 2125">
    <p class='ocr_par' dir='ltr' id='par_1_88' title="bbox 1039 2089 1826 2125">
     <span class='ocr_line' id='line_1_88' title="bbox 1039 2089 1826 2125; baseline 0.003 -10"><span class='ocrx_word' id='word_1_632' title='bbox 1039 2090 1093 2115; x_wconf 86' lang='grc' dir='ltr'><strong>τῶν</strong></span> <span class='ocrx_word' id='word_1_633' title='bbox 1114 2090 1201 2116; x_wconf 81' lang='grc' dir='ltr'>ἄλλων</span> <span class='ocrx_word' id='word_1_634' title='bbox 1217 2090 1346 2124; x_wconf 84' lang='grc' dir='ltr'>μαθητῶν</span> <span class='ocrx_word' id='word_1_635' title='bbox 1371 2090 1515 2124; x_wconf 81' lang='grc' dir='ltr'>ὑπερεῖχον</span> <span class='ocrx_word' id='word_1_636' title='bbox 1539 2089 1630 2116; x_wconf 71' lang='grc' dir='ltr'>οὗτοι·</span> <span class='ocrx_word' id='word_1_637' title='bbox 1650 2091 1751 2123; x_wconf 82' lang='grc' dir='ltr'>Πέτρος</span> <span class='ocrx_word' id='word_1_638' title='bbox 1767 2092 1826 2125; x_wconf 82' lang='grc' dir='ltr'>μὲν,</span> 
     </span>
    </p>
   </div>
   <div class='ocr_carea' id='block_1_89' title="bbox 1040 2135 1827 2170">
    <p class='ocr_par' dir='ltr' id='par_1_89' title="bbox 1040 2135 1827 2170">
     <span class='ocr_line' id='line_1_89' title="bbox 1040 2135 1827 2170; baseline 0.001 -9"><span class='ocrx_word' id='word_1_639' title='bbox 1040 2136 1093 2161; x_wconf 79' lang='grc' dir='ltr'>ἀπὸ</span> <span class='ocrx_word' id='word_1_640' title='bbox 1104 2136 1150 2161; x_wconf 83' lang='grc' dir='ltr'>τοῦ</span> <span class='ocrx_word' id='word_1_641' title='bbox 1161 2136 1264 2170; x_wconf 87' lang='grc' dir='ltr'>σφόδρα</span> <span class='ocrx_word' id='word_1_642' title='bbox 1275 2136 1360 2169; x_wconf 80' lang='grc' dir='ltr'>φιλεῖν</span> <span class='ocrx_word' id='word_1_643' title='bbox 1372 2136 1462 2166; x_wconf 78' lang='grc' dir='ltr'>αὑτὸν,</span> <span class='ocrx_word' id='word_1_644' title='bbox 1473 2135 1517 2161; x_wconf 85' lang='grc' dir='ltr'><strong>διὰ</strong></span> <span class='ocrx_word' id='word_1_645' title='bbox 1525 2135 1682 2170; x_wconf 79' lang='grc' dir='ltr'>θερμότητα</span> <span class='ocrx_word' id='word_1_646' title='bbox 1692 2137 1809 2167; x_wconf 82' lang='grc' dir='ltr'>πίστεως</span> <span class='ocrx_word' id='word_1_647' title='bbox 1819 2143 1827 2151; x_wconf 81' lang='grc'><em>”</em></span> 
     </span>
    </p>
   </div>
   <div class='ocr_carea' id='block_1_90' title="bbox 1046 2181 1827 2216">
    <p class='ocr_par' dir='ltr' id='par_1_90' title="bbox 1046 2181 1827 2216">
     <span class='ocr_line' id='line_1_90' title="bbox 1046 2181 1827 2216; baseline 0 -9"><span class='ocrx_word' id='word_1_648' title='bbox 1046 2181 1172 2216; x_wconf 73' lang='grc' dir='ltr'>Ἰωάννης</span> <span class='ocrx_word' id='word_1_649' title='bbox 1186 2181 1224 2214; x_wconf 68' lang='grc' dir='ltr'>δὲ,</span> <span class='ocrx_word' id='word_1_650' title='bbox 1240 2181 1292 2207; x_wconf 77' lang='grc' dir='ltr'><strong>ἀπὸ</strong></span> <span class='ocrx_word' id='word_1_651' title='bbox 1307 2181 1354 2207; x_wconf 84' lang='grc' dir='ltr'>τοῦ</span> <span class='ocrx_word' id='word_1_652' title='bbox 1371 2181 1471 2216; x_wconf 84' lang='grc' dir='ltr'>σφόδρα</span> <span class='ocrx_word' id='word_1_653' title='bbox 1485 2182 1619 2215; x_wconf 79' lang='grc' dir='ltr'>φιλεῖσθαι</span> <span class='ocrx_word' id='word_1_654' title='bbox 1632 2181 1678 2208; x_wconf 83' lang='grc' dir='ltr'><strong>ὑπ’</strong></span> <span class='ocrx_word' id='word_1_655' title='bbox 1690 2182 1782 2211; x_wconf 79' lang='grc' dir='ltr'>αὐτοῦ,</span> <span class='ocrx_word' id='word_1_656' title='bbox 1794 2182 1827 2208; x_wconf 84' lang='grc' dir='ltr'><strong>δι’</strong></span> 
     </span>
    </p>
   </div>
   <div class='ocr_carea' id='block_1_91' title="bbox 197 2223 987 2264">
    <p class='ocr_par' dir='ltr' id='par_1_91' title="bbox 197 2223 986 2264">
     <span class='ocr_line' id='line_1_91' title="bbox 197 2223 986 2264; baseline 0.008 -13"><span class='ocrx_word' id='word_1_657' title='bbox 197 2223 360 2259; x_wconf 74' lang='lat' dir='ltr'><strong>diligebatur</strong></span> <span class='ocrx_word' id='word_1_658' title='bbox 373 2226 406 2253; x_wconf 89' lang='lat' dir='ltr'><strong>ab</strong></span> <span class='ocrx_word' id='word_1_659' title='bbox 422 2226 477 2258; x_wconf 91' lang='lat' dir='ltr'><strong>illo,</strong></span> <span class='ocrx_word' id='word_1_660' title='bbox 495 2231 603 2262; x_wconf 91' lang='lat' dir='ltr'><strong>propter</strong></span> <span class='ocrx_word' id='word_1_661' title='bbox 620 2228 749 2255; x_wconf 89' lang='lat' dir='ltr'><strong>virtutum</strong></span> <span class='ocrx_word' id='word_1_662' title='bbox 778 2230 964 2257; x_wconf 81' lang='lat' dir='ltr'><strong>excellentiam</strong></span> <span class='ocrx_word' id='word_1_663' title='bbox 978 2239 986 2264; x_wconf 88' lang='lat'><strong>;</strong></span> 
     </span>
    </p>
   </div>
   <div class='ocr_carea' id='block_1_92' title="bbox 1043 2223 1826 2264">
    <p class='ocr_par' dir='ltr' id='par_1_92' title="bbox 1043 2227 1826 2262">
     <span class='ocr_line' id='line_1_92' title="bbox 1043 2227 1826 2262; baseline -0.001 -8"><span class='ocrx_word' id='word_1_664' title='bbox 1043 2228 1193 2262; x_wconf 75' lang='grc' dir='ltr'>ὑπερϐολὴν</span> <span class='ocrx_word' id='word_1_665' title='bbox 1221 2228 1341 2262; x_wconf 80' lang='grc' dir='ltr'>ἀρετῶν·</span> <span class='ocrx_word' id='word_1_666' title='bbox 1365 2227 1490 2258; x_wconf 81' lang='grc' dir='ltr'>Ἰάκωόος</span> <span class='ocrx_word' id='word_1_667' title='bbox 1523 2228 1562 2258; x_wconf 75' lang='grc' dir='ltr'>δὲ,</span> <span class='ocrx_word' id='word_1_668' title='bbox 1588 2228 1641 2254; x_wconf 74' lang='grc' dir='ltr'><strong>ἀπὺ</strong></span> <span class='ocrx_word' id='word_1_669' title='bbox 1662 2227 1707 2253; x_wconf 81' lang='grc' dir='ltr'>τοῦ</span> <span class='ocrx_word' id='word_1_670' title='bbox 1726 2228 1826 2262; x_wconf 78' lang='grc' dir='ltr'>σφόδρα</span> 
     </span>
    </p>
   </div>
   <div class='ocr_carea' id='block_1_93' title="bbox 196 2268 985 2309">
    <p class='ocr_par' dir='ltr' id='par_1_93' title="bbox 196 2268 985 2309">
     <span class='ocr_line' id='line_1_93' title="bbox 196 2268 985 2309; baseline 0.009 -14"><span class='ocrx_word' id='word_1_671' title='bbox 196 2268 315 2297; x_wconf 72' lang='lat' dir='ltr'><strong>Iacobus</strong></span> <span class='ocrx_word' id='word_1_672' title='bbox 333 2276 424 2298; x_wconf 73' lang='lat' dir='ltr'><strong>autem</strong></span> <span class='ocrx_word' id='word_1_673' title='bbox 440 2271 502 2306; x_wconf 86' lang='lat' dir='ltr'><strong>quia</strong></span> <span class='ocrx_word' id='word_1_674' title='bbox 521 2272 609 2307; x_wconf 84' lang='lat' dir='ltr'><strong>gravis</strong></span> <span class='ocrx_word' id='word_1_675' title='bbox 637 2273 782 2301; x_wconf 85' lang='lat' dir='ltr'><strong>admodum</strong></span> <span class='ocrx_word' id='word_1_676' title='bbox 802 2279 861 2301; x_wconf 90' lang='lat' dir='ltr'><strong>erat</strong></span> <span class='ocrx_word' id='word_1_677' title='bbox 874 2275 985 2309; x_wconf 74' lang='lat' dir='ltr'><strong>Judreis,</strong></span> 
     </span>
    </p>
   </div>
   <div class='ocr_carea' id='block_1_94' title="bbox 196 2315 985 2356">
    <p class='ocr_par' dir='ltr' id='par_1_94' title="bbox 196 2315 985 2356">
     <span class='ocr_line' id='line_1_94' title="bbox 196 2315 985 2356; baseline 0.009 -15"><span class='ocrx_word' id='word_1_678' title='bbox 196 2315 225 2342; x_wconf 93' lang='lat' dir='ltr'><strong>in</strong></span> <span class='ocrx_word' id='word_1_679' title='bbox 240 2319 343 2342; x_wconf 89' lang='lat' dir='ltr'><strong>tantum</strong></span> <span class='ocrx_word' id='word_1_680' title='bbox 360 2321 389 2343; x_wconf 90' lang='lat' dir='ltr'><strong>ut</strong></span> <span class='ocrx_word' id='word_1_681' title='bbox 408 2316 528 2344; x_wconf 81' lang='lat' dir='ltr'><strong>Herodes</strong></span> <span class='ocrx_word' id='word_1_682' title='bbox 544 2318 634 2345; x_wconf 88' lang='lat' dir='ltr'><strong>occiso</strong></span> <span class='ocrx_word' id='word_1_683' title='bbox 650 2318 695 2346; x_wconf 88' lang='lat' dir='ltr'><strong>illo</strong></span> <span class='ocrx_word' id='word_1_684' title='bbox 711 2320 856 2347; x_wconf 76' lang='lat' dir='ltr'><strong>maximam</strong></span> <span class='ocrx_word' id='word_1_685' title='bbox 878 2321 985 2356; x_wconf 67' lang='lat' dir='ltr'><strong>prwsti-</strong></span> 
     </span>
    </p>
   </div>
   <div class='ocr_carea' id='block_1_95' title="bbox 200 2361 517 2395">
    <p class='ocr_par' dir='ltr' id='par_1_95' title="bbox 200 2361 517 2395">
     <span class='ocr_line' id='line_1_95' title="bbox 200 2361 517 2395; baseline 0.006 -9"><span class='ocrx_word' id='word_1_686' title='bbox 200 2362 265 2387; x_wconf 91' lang='lat' dir='ltr'><strong>terit</strong></span> <span class='ocrx_word' id='word_1_687' title='bbox 280 2361 393 2395; x_wconf 84' lang='lat' dir='ltr'><strong>gratiam</strong></span> <span class='ocrx_word' id='word_1_688' title='bbox 407 2361 517 2389; x_wconf 64' lang='lat' dir='ltr'><strong>Judaeis.</strong></span> 
     </span>
    </p>
   </div>
   <div class='ocr_carea' id='block_1_96' title="bbox 233 2406 984 2441">
    <p class='ocr_par' dir='ltr' id='par_1_96' title="bbox 233 2406 984 2441">
     <span class='ocr_line' id='line_1_96' title="bbox 233 2406 984 2441; baseline 0.009 -10"><span class='ocrx_word' id='word_1_689' title='bbox 233 2406 300 2433; x_wconf 83' lang='lat' dir='ltr'><strong>Vide</strong></span> <span class='ocrx_word' id='word_1_690' title='bbox 321 2408 410 2433; x_wconf 76' lang='lat' dir='ltr'><strong>autem</strong></span> <span class='ocrx_word' id='word_1_691' title='bbox 446 2407 584 2441; x_wconf 90' lang='lat' dir='ltr'><strong>quomodo</strong></span> <span class='ocrx_word' id='word_1_692' title='bbox 600 2407 742 2436; x_wconf 75' lang='lat' dir='ltr'><strong>Matthaaus</strong></span> <span class='ocrx_word' id='word_1_693' title='bbox 759 2417 811 2437; x_wconf 93' lang='lat' dir='ltr'><strong>non</strong></span> <span class='ocrx_word' id='word_1_694' title='bbox 830 2411 984 2438; x_wconf 86' lang='lat' dir='ltr'><strong>occultave-</strong></span> 
     </span>
    </p>
   </div>
   <div class='ocr_carea' id='block_1_97' title="bbox 196 2453 984 2488">
    <p class='ocr_par' dir='ltr' id='par_1_97' title="bbox 196 2453 984 2488">
     <span class='ocr_line' id='line_1_97' title="bbox 196 2453 984 2488; baseline 0.006 -9"><span class='ocrx_word' id='word_1_695' title='bbox 196 2453 233 2479; x_wconf 90' lang='lat' dir='ltr'><strong>rit</strong></span> <span class='ocrx_word' id='word_1_696' title='bbox 255 2453 314 2480; x_wconf 93' lang='lat' dir='ltr'><strong>illos</strong></span> <span class='ocrx_word' id='word_1_697' title='bbox 334 2453 379 2487; x_wconf 90' lang='lat' dir='ltr'><strong>qui</strong></span> <span class='ocrx_word' id='word_1_698' title='bbox 407 2453 458 2480; x_wconf 91' lang='lat' dir='ltr'><strong>sibi</strong></span> <span class='ocrx_word' id='word_1_699' title='bbox 489 2455 625 2488; x_wconf 64' lang='lat' dir='ltr'><strong>pracpositi</strong></span> <span class='ocrx_word' id='word_1_700' title='bbox 657 2460 732 2482; x_wconf 89' lang='lat' dir='ltr'><strong>sunt.</strong></span> <span class='ocrx_word' id='word_1_701' title='bbox 762 2455 818 2483; x_wconf 86' lang='lat' dir='ltr'><strong>Hoc</strong></span> <span class='ocrx_word' id='word_1_702' title='bbox 839 2462 928 2484; x_wconf 85' lang='lat' dir='ltr'><strong>autem</strong></span> <span class='ocrx_word' id='word_1_703' title='bbox 956 2462 984 2484; x_wconf 89' lang='lat' dir='ltr'><strong>et</strong></span> 
     </span>
    </p>
   </div>
   <div class='ocr_carea' id='block_1_98' title="bbox 194 2496 982 2536">
    <p class='ocr_par' dir='ltr' id='par_1_98' title="bbox 194 2496 982 2536">
     <span class='ocr_line' id='line_1_98' title="bbox 194 2496 982 2536; baseline 0.008 -11"><span class='ocrx_word' id='word_1_704' title='bbox 194 2496 313 2526; x_wconf 78' lang='lat' dir='ltr'><strong>Joannes</strong></span> <span class='ocrx_word' id='word_1_705' title='bbox 330 2498 466 2534; x_wconf 87' lang='lat' dir='ltr'><strong>plerisque</strong></span> <span class='ocrx_word' id='word_1_706' title='bbox 480 2499 507 2526; x_wconf 89' lang='lat' dir='ltr'><strong>iu</strong></span> <span class='ocrx_word' id='word_1_707' title='bbox 521 2499 588 2527; x_wconf 91' lang='lat' dir='ltr'><strong>locis</strong></span> <span class='ocrx_word' id='word_1_708' title='bbox 605 2499 679 2532; x_wconf 83' lang='lat' dir='ltr'><strong>facit,</strong></span> <span class='ocrx_word' id='word_1_709' title='bbox 698 2502 833 2536; x_wconf 62' lang='lat' dir='ltr'><strong>prmcipna</strong></span> <span class='ocrx_word' id='word_1_710' title='bbox 847 2503 919 2530; x_wconf 84' lang='lat' dir='ltr'><strong>Petri</strong></span> <span class='ocrx_word' id='word_1_711' title='bbox 933 2511 982 2530; x_wconf 89' lang='lat' dir='ltr'><strong>en-</strong></span> 
     </span>
    </p>
   </div>
   <div class='ocr_carea' id='block_1_99' title="bbox 249 2575 461 2609">
    <p class='ocr_par' dir='ltr' id='par_1_99' title="bbox 249 2575 461 2609">
     <span class='ocr_line' id='line_1_99' title="bbox 249 2575 461 2609; baseline 0.005 -7"><span class='ocrx_word' id='word_1_712' title='bbox 249 2576 272 2592; x_wconf 85' lang='lat'><strong>&quot;</strong></span> <span class='ocrx_word' id='word_1_713' title='bbox 285 2575 352 2603; x_wconf 91' lang='lat' dir='ltr'><strong>Luc.</strong></span> <span class='ocrx_word' id='word_1_714' title='bbox 365 2584 403 2609; x_wconf 77' lang='lat' dir='ltr'><strong>ix,</strong></span> <span class='ocrx_word' id='word_1_715' title='bbox 416 2577 461 2604; x_wconf 70' lang='lat'><strong>28.</strong></span> 
     </span>
    </p>
   </div>
   <div class='ocr_carea' id='block_1_100' title="bbox 1040 2270 1825 2307">
    <p class='ocr_par' dir='ltr' id='par_1_100' title="bbox 1040 2270 1825 2307">
     <span class='ocr_line' id='line_1_100' title="bbox 1040 2270 1825 2307; baseline -0.003 -8"><span class='ocrx_word' id='word_1_716' title='bbox 1040 2272 1126 2307; x_wconf 83' lang='grc' dir='ltr'>βαρὺς</span> <span class='ocrx_word' id='word_1_717' title='bbox 1146 2270 1216 2299; x_wconf 77' lang='grc' dir='ltr'>εἷναι</span> <span class='ocrx_word' id='word_1_718' title='bbox 1235 2273 1290 2303; x_wconf 84' lang='grc' dir='ltr'>τοῖς</span> <span class='ocrx_word' id='word_1_719' title='bbox 1307 2271 1456 2303; x_wconf 79' lang='grc' dir='ltr'>Ἰουδαίοις,</span> <span class='ocrx_word' id='word_1_720' title='bbox 1469 2272 1524 2307; x_wconf 81' lang='grc'><strong>(55)</strong></span> <span class='ocrx_word' id='word_1_721' title='bbox 1550 2271 1598 2307; x_wconf 82' lang='grc' dir='ltr'><strong>[ὡς</strong></span> <span class='ocrx_word' id='word_1_722' title='bbox 1612 2272 1659 2301; x_wconf 70' lang='grc' dir='ltr'><strong>καὶ</strong></span> <span class='ocrx_word' id='word_1_723' title='bbox 1670 2272 1716 2298; x_wconf 75' lang='grc' dir='ltr'><strong>τὸν</strong></span> <span class='ocrx_word' id='word_1_724' title='bbox 1736 2272 1825 2306; x_wconf 78' lang='grc' dir='ltr'><strong>Ἡρώ-</strong></span> 
     </span>
    </p>
   </div>
   <div class='ocr_carea' id='block_1_101' title="bbox 1038 2317 1826 2354">
    <p class='ocr_par' dir='ltr' id='par_1_101' title="bbox 1038 2317 1826 2354">
     <span class='ocr_line' id='line_1_101' title="bbox 1038 2317 1826 2354; baseline 0 -10"><span class='ocrx_word' id='word_1_725' title='bbox 1038 2318 1096 2352; x_wconf 86' lang='grc' dir='ltr'>δην,</span> <span class='ocrx_word' id='word_1_726' title='bbox 1115 2318 1227 2352; x_wconf 80' lang='grc' dir='ltr'>ῢστερον</span> <span class='ocrx_word' id='word_1_727' title='bbox 1243 2318 1370 2344; x_wconf 80' lang='grc' dir='ltr'>ἀνελόντα</span> <span class='ocrx_word' id='word_1_728' title='bbox 1387 2317 1492 2349; x_wconf 79' lang='grc' dir='ltr'>τοῦτον,</span> <span class='ocrx_word' id='word_1_729' title='bbox 1514 2318 1593 2353; x_wconf 74' lang='grc' dir='ltr'>χάριν</span> <span class='ocrx_word' id='word_1_730' title='bbox 1612 2318 1744 2354; x_wconf 79' lang='grc' dir='ltr'>μεγίστην</span> <span class='ocrx_word' id='word_1_731' title='bbox 1762 2318 1826 2344; x_wconf 62' lang='grc' dir='ltr'>ἀπο.</span> 
     </span>
    </p>
   </div>
   <div class='ocr_carea' id='block_1_102' title="bbox 1038 2363 1378 2400">
    <p class='ocr_par' dir='ltr' id='par_1_102' title="bbox 1038 2363 1378 2400">
     <span class='ocr_line' id='line_1_102' title="bbox 1038 2363 1378 2400; baseline 0 -10"><span class='ocrx_word' id='word_1_732' title='bbox 1038 2366 1129 2399; x_wconf 85' lang='grc' dir='ltr'>νεῖμαι</span> <span class='ocrx_word' id='word_1_733' title='bbox 1144 2365 1200 2396; x_wconf 87' lang='grc' dir='ltr'>τοῖς</span> <span class='ocrx_word' id='word_1_734' title='bbox 1216 2363 1378 2400; x_wconf 61' lang='grc' dir='ltr'>Ἰουδαίοις]</span> 
     </span>
    </p>
   </div>
   <div class='ocr_carea' id='block_1_103' title="bbox 1074 2409 1825 2444">
    <p class='ocr_par' dir='ltr' id='par_1_103' title="bbox 1074 2409 1825 2444">
     <span class='ocr_line' id='line_1_103' title="bbox 1074 2409 1825 2444; baseline -0.003 -7"><span class='ocrx_word' id='word_1_735' title='bbox 1074 2411 1177 2437; x_wconf 79' lang='grc' dir='ltr'>Σκόπει</span> <span class='ocrx_word' id='word_1_736' title='bbox 1190 2411 1230 2443; x_wconf 80' lang='grc' dir='ltr'><strong>δὲ,</strong></span> <span class='ocrx_word' id='word_1_737' title='bbox 1241 2410 1298 2442; x_wconf 84' lang='grc' dir='ltr'><strong>πῶς</strong></span> <span class='ocrx_word' id='word_1_738' title='bbox 1309 2410 1322 2436; x_wconf 87' lang='grc' dir='ltr'><strong>ὁ</strong></span> <span class='ocrx_word' id='word_1_739' title='bbox 1337 2410 1478 2441; x_wconf 86' lang='grc' dir='ltr'>Ματοαίος</span> <span class='ocrx_word' id='word_1_740' title='bbox 1499 2410 1549 2436; x_wconf 71' lang='grc' dir='ltr'><strong>οὐκ</strong></span> <span class='ocrx_word' id='word_1_741' title='bbox 1564 2409 1745 2444; x_wconf 74' lang='grc' dir='ltr'>ἀπεκρύψατο</span> <span class='ocrx_word' id='word_1_742' title='bbox 1762 2410 1825 2441; x_wconf 83' lang='grc' dir='ltr'>τοὺς</span> 
     </span>
    </p>
   </div>
   <div class='ocr_carea' id='block_1_104' title="bbox 1036 2455 1823 2492">
    <p class='ocr_par' dir='ltr' id='par_1_104' title="bbox 1036 2455 1823 2492">
     <span class='ocr_line' id='line_1_104' title="bbox 1036 2455 1823 2492; baseline -0.004 -8"><span class='ocrx_word' id='word_1_743' title='bbox 1036 2457 1258 2492; x_wconf 79' lang='grc' dir='ltr'>προτιμηθέντας</span> <span class='ocrx_word' id='word_1_744' title='bbox 1273 2456 1370 2483; x_wconf 79' lang='grc' dir='ltr'>αὑτοῦ.</span> <span class='ocrx_word' id='word_1_745' title='bbox 1396 2456 1482 2482; x_wconf 77' lang='grc' dir='ltr'>Τοῦτο</span> <span class='ocrx_word' id='word_1_746' title='bbox 1497 2456 1524 2481; x_wconf 77' lang='grc' dir='ltr'><strong>δὲ</strong></span> <span class='ocrx_word' id='word_1_747' title='bbox 1540 2456 1587 2482; x_wconf 79' lang='grc' dir='ltr'><strong>καὶ</strong></span> <span class='ocrx_word' id='word_1_748' title='bbox 1614 2455 1741 2490; x_wconf 83' lang='grc' dir='ltr'>Ἰωάννης</span> <span class='ocrx_word' id='word_1_749' title='bbox 1759 2455 1823 2482; x_wconf 82' lang='grc' dir='ltr'>πολ.-</span> 
     </span>
    </p>
   </div>
   <div class='ocr_carea' id='block_1_105' title="bbox 1035 2501 1819 2539">
    <p class='ocr_par' dir='ltr' id='par_1_105' title="bbox 1035 2501 1819 2539">
     <span class='ocr_line' id='line_1_105' title="bbox 1035 2501 1819 2539; baseline -0.003 -9"><span class='ocrx_word' id='word_1_750' title='bbox 1035 2503 1118 2539; x_wconf 85' lang='grc' dir='ltr'><strong>λαχοῦ</strong></span> <span class='ocrx_word' id='word_1_751' title='bbox 1132 2504 1214 2537; x_wconf 81' lang='grc' dir='ltr'>ποιεῖ,</span> <span class='ocrx_word' id='word_1_752' title='bbox 1225 2503 1259 2530; x_wconf 82' lang='grc' dir='ltr'><strong>τὰ</strong></span> <span class='ocrx_word' id='word_1_753' title='bbox 1275 2503 1403 2539; x_wconf 79' lang='grc' dir='ltr'>ἐξαίρετα</span> <span class='ocrx_word' id='word_1_754' title='bbox 1420 2502 1467 2528; x_wconf 83' lang='grc' dir='ltr'>τοῦ</span> <span class='ocrx_word' id='word_1_755' title='bbox 1481 2503 1585 2538; x_wconf 81' lang='grc' dir='ltr'>Πέτρου</span> <span class='ocrx_word' id='word_1_756' title='bbox 1602 2501 1727 2537; x_wconf 73' lang='grc' dir='ltr'>ἐγκώμια</span> <span class='ocrx_word' id='word_1_757' title='bbox 1747 2501 1819 2536; x_wconf 80' lang='grc' dir='ltr'>φιλα-</span> 
     </span>
    </p>
   </div>
   <div class='ocr_carea' id='block_1_106' title="bbox 785 2613 1223 2646">
    <p class='ocr_par' dir='ltr' id='par_1_106' title="bbox 785 2613 1223 2646">
     <span class='ocr_line' id='line_1_106' title="bbox 785 2613 1223 2646; baseline 0.007 -4"><span class='ocrx_word' id='word_1_758' title='bbox 785 2613 882 2644; x_wconf 70' lang='lat' dir='ltr'><strong>Varize</strong></span> <span class='ocrx_word' id='word_1_759' title='bbox 912 2614 1064 2646; x_wconf 85' lang='lat' dir='ltr'><strong>lectiones</strong></span> <span class='ocrx_word' id='word_1_760' title='bbox 1080 2618 1110 2645; x_wconf 90' lang='lat' dir='ltr'><strong>et</strong></span> <span class='ocrx_word' id='word_1_761' title='bbox 1127 2613 1223 2645; x_wconf 57' lang='lat' dir='ltr'><strong>notae;</strong></span> 
     </span>
    </p>
   </div>
   <div class='ocr_carea' id='block_1_107' title="bbox 233 2692 532 2727">
    <p class='ocr_par' dir='ltr' id='par_1_107' title="bbox 233 2692 532 2727">
     <span class='ocr_line' id='line_1_107' title="bbox 233 2692 532 2727; baseline 0.01 -9"><span class='ocrx_word' id='word_1_762' title='bbox 233 2692 371 2727; x_wconf 73' lang='grc' dir='ltr'><strong>(51)Περὶ</strong></span> <span class='ocrx_word' id='word_1_763' title='bbox 389 2693 484 2726; x_wconf 80' lang='grc' dir='ltr'>αὑτοῦ,</span> <span class='ocrx_word' id='word_1_764' title='bbox 500 2698 532 2722; x_wconf 83' lang='grc' dir='ltr'><strong>Α.</strong></span> 
     </span>
    </p>
   </div>
   <div class='ocr_carea' id='block_1_108' title="bbox 233 2728 758 2764">
    <p class='ocr_par' dir='ltr' id='par_1_108' title="bbox 233 2728 758 2764">
     <span class='ocr_line' id='line_1_108' title="bbox 233 2728 758 2764; baseline 0.004 -10"><span class='ocrx_word' id='word_1_765' title='bbox 233 2728 288 2763; x_wconf 77' lang='lat'><strong>(52)</strong></span> <span class='ocrx_word' id='word_1_766' title='bbox 306 2728 411 2760; x_wconf 83' lang='grc' dir='ltr'>Μόνους</span> <span class='ocrx_word' id='word_1_767' title='bbox 426 2728 538 2760; x_wconf 82' lang='grc' dir='ltr'>τούτους</span> <span class='ocrx_word' id='word_1_768' title='bbox 555 2729 618 2761; x_wconf 77' lang='grc' dir='ltr'>τοὺς</span> <span class='ocrx_word' id='word_1_769' title='bbox 628 2730 714 2764; x_wconf 84' lang='grc' dir='ltr'>τρεῖς.</span> <span class='ocrx_word' id='word_1_770' title='bbox 727 2730 758 2756; x_wconf 80' lang='grc' dir='ltr'><strong>Α.</strong></span> 
     </span>
    </p>
   </div>
   <div class='ocr_carea' id='block_1_109' title="bbox 1045 2697 1826 2757">
    <p class='ocr_par' dir='ltr' id='par_1_109' title="bbox 1045 2697 1826 2757">
     <span class='ocr_line' id='line_1_109' title="bbox 1054 2697 1826 2757; baseline 0.003 -33"><span class='ocrx_word' id='word_1_771' title='bbox 1054 2731 1061 2757; x_wconf 68' lang='grc' dir='ltr'><strong>Ι</strong></span> <span class='ocrx_word' id='word_1_772' title='bbox 1073 2697 1248 2757; x_wconf 51' lang='grc' dir='ltr'>(δίἣίιηςιυεο</span> <span class='ocrx_word' id='word_1_773' title='bbox 1262 2697 1420 2724; x_wconf 85' lang='lat' dir='ltr'><strong>exciderant</strong></span> <span class='ocrx_word' id='word_1_774' title='bbox 1435 2705 1467 2724; x_wconf 80' lang='lat' dir='ltr'><strong>ex</strong></span> <span class='ocrx_word' id='word_1_775' title='bbox 1480 2697 1574 2725; x_wconf 82' lang='lat' dir='ltr'><strong>codice</strong></span> <span class='ocrx_word' id='word_1_776' title='bbox 1589 2697 1618 2725; x_wconf 84' lang='grc' dir='ltr'><strong>Β.</strong></span> <span class='ocrx_word' id='word_1_777' title='bbox 1631 2697 1666 2725; x_wconf 87' lang='lat' dir='ltr'><strong>ob</strong></span> <span class='ocrx_word' id='word_1_778' title='bbox 1677 2698 1826 2731; x_wconf 64' lang='lat' dir='ltr'><strong>repetituu</strong></span> 
     </span>
     <span class='ocr_line' id='line_1_110' title="bbox 1045 2732 1192 2757; baseline 0 0"><span class='ocrx_word' id='word_1_779' title='bbox 1045 2732 1052 2741; x_wconf 86' lang='grc'>’</span> <span class='ocrx_word' id='word_1_780' title='bbox 1065 2733 1129 2757; x_wconf 82' lang='grc' dir='ltr'>ουδα</span> <span class='ocrx_word' id='word_1_781' title='bbox 1143 2741 1192 2757; x_wconf 72' lang='grc' dir='ltr'>οις.</span> 
     </span>
    </p>
   </div>
   <div class='ocr_carea' id='block_1_110' title="bbox 1065 2740 1192 2763">
    <p class='ocr_par' dir='ltr' id='par_1_110' title="bbox 1065 2740 1192 2763">
     <span class='ocr_line' id='line_1_111' title="bbox 1065 2740 1192 2763; baseline 0.024 -6"><span class='ocrx_word' id='word_1_782' title='bbox 1065 2740 1192 2763; x_wconf 82' lang='grc' dir='ltr'>ουοαιοις.</span> 
     </span>
    </p>
   </div>
   <div class='ocr_carea' id='block_1_111' title="bbox 235 2822 987 2865">
    <p class='ocr_par' dir='ltr' id='par_1_111' title="bbox 235 2822 981 2860">
     <span class='ocr_line' id='line_1_112' title="bbox 235 2822 981 2860; baseline 0.004 -11"><span class='ocrx_word' id='word_1_783' title='bbox 235 2822 284 2858; x_wconf 81' lang='lat' dir='ltr'><strong>(cc)</strong></span> <span class='ocrx_word' id='word_1_784' title='bbox 304 2823 478 2851; x_wconf 71' lang='lat' dir='ltr'><strong>Pra&#39;miuens.</strong></span> <span class='ocrx_word' id='word_1_785' title='bbox 495 2824 616 2852; x_wconf 76' lang='lat' dir='ltr'><strong>Addens.</strong></span> <span class='ocrx_word' id='word_1_786' title='bbox 635 2823 716 2852; x_wconf 83' lang='lat' dir='ltr'><strong>Forte</strong></span> <span class='ocrx_word' id='word_1_787' title='bbox 741 2824 804 2859; x_wconf 67' lang='lat' dir='ltr'><strong>legit</strong></span> <span class='ocrx_word' id='word_1_788' title='bbox 834 2825 981 2860; x_wconf 76' lang='grc' dir='ltr'>προτιθείς.</span> 
     </span>
    </p>
   </div>
   <div class='ocr_carea' id='block_1_112' title="bbox 1043 2822 1770 2865">
    <p class='ocr_par' dir='ltr' id='par_1_112' title="bbox 1043 2827 1770 2865">
     <span class='ocr_line' id='line_1_113' title="bbox 1043 2827 1770 2865; baseline 0.006 -13"><span class='ocrx_word' id='word_1_789' title='bbox 1043 2831 1056 2852; x_wconf 85' lang='lat' dir='ltr'><strong>li</strong></span> <span class='ocrx_word' id='word_1_790' title='bbox 1075 2827 1167 2862; x_wconf 63' lang='lat' dir='ltr'><strong>siglum</strong></span> <span class='ocrx_word' id='word_1_791' title='bbox 1187 2828 1290 2855; x_wconf 76' lang='lat' dir='ltr'><strong>invenit</strong></span> <span class='ocrx_word' id='word_1_792' title='bbox 1308 2828 1439 2863; x_wconf 72' lang='grc' dir='ltr'>πρτιοείς,</span> <span class='ocrx_word' id='word_1_793' title='bbox 1453 2837 1512 2862; x_wconf 69' lang='lat' dir='ltr'><strong>qua:</strong></span> <span class='ocrx_word' id='word_1_794' title='bbox 1528 2830 1664 2865; x_wconf 56' lang='lat' dir='ltr'><strong>nporﬁai;</strong></span> <span class='ocrx_word' id='word_1_795' title='bbox 1683 2835 1770 2857; x_wconf 70' lang='lat' dir='ltr'><strong>quat.</strong></span> 
     </span>
    </p>
   </div>
  </div>
