1937 3072
202 81 252 112 48⁵1

812 83 1001 113 EU'I‘llYMII
1032 84 1211 115 ZlGABENl

1773 81 1828 113 488

236 139 269 165 Et
283 137 382 174 prioris
399 137 509 172 quidem
527 137 616 164 factus
624 141 665 164 est
681 135 800 164 Joannes
813 145 900 172 praecu
907 145 965 165 rsor
981 147 984 165 :

1076 138 1127 165 Καὶ
1143 140 1192 173 τῆς
1209 139 1258 174 μὲν
1275 137 1387 173 πρώτης
1403 137 1498 172 γέγονε
1525 136 1677 173 πρόδρομος
1699 137 1713 163 ὁ
1735 136 1828 164 Ἰωάν-

203 184 363 217 posterioris
379 191 444 210 vero
461 183 506 209 ﬁet
521 190 672 217 praecursor
689 181 772 215 Elias,
787 182 821 209 de
838 191 891 217 quo
921 184 987 211 dicit

201 231 332 265 propheta
347 228 491 255 Malachias
509 237 515 255 :
533 227 642 255 Mittam
658 229 728 255 vobis
740 228 827 255 Etiam
839 229 986 259 Thesbiten.

199 277 243 310 qui
271 275 388 302 restituet
418 282 461 300 cor
487 274 571 308 patris
601 275 636 301 ad
664 274 762 308 ﬁlium,
796 274 846 301 hoc
873 279 914 301 est
941 275 987 309 qui

199 324 340 347 convertet
352 319 433 346 corda
447 318 614 350 Judaeorum,
632 318 678 352 qui
699 323 764 345 tunc
789 318 986 352 superiuerint,

199 366 232 392 ad
249 365 397 399 apostolos,
414 368 443 390 ut
457 364 588 391 obediant
600 363 731 391 doctrinis
743 371 850 395 eorum,
862 365 988 405 credant-

200 419 254 446 que
295 410 418 437 Christo.
458 409 554 438 Patres
597 410 674 437 enim
689 410 884 445 Apostolorum
909 415 988 437 erant

198 456 295 484 Judaei.

236 549 290 576 Sed
303 548 417 581 Scriba),
429 548 498 575 duos
512 547 612 575 Christi
628 548 762 575 adventus
773 548 801 575 in
820 555 904 575 unum
914 539 987 575 Icon—

199 595 357 627 fundentes,
374 599 402 622 et
414 593 593 628 posteriorem
607 593 633 620 in
648 594 765 628 priorem
783 593 986 626 contrahentes,

199 643 232 669 de
248 642 307 670 solo
321 642 467 677 posteriori
484 639 754 675 docebantpopulum
772 648 779 666 :
797 643 824 667 et
844 644 987 674 propterea

199 688 340 716 Christum
358 696 413 715 non
436 688 621 723 suscipiebant
639 687 773 719 dicentes,
802 686 873 721 quod
899 685 986 712 Etiam

199 739 308 769 oportet
332 736 425 761 venire
449 734 578 768 primum,
612 739 640 761 et
669 741 731 760 mox
757 733 908 759 Christum.
933 731 985 758 Sed

199 789 273 808 nunc
285 781 412 808 Christus
429 781 463 808 de
490 780 597 807 duobus
625 785 720 814 aperte
747 779 837 806 docet.
868 778 986 805 Adverte

199 835 277 863 ergo.

237 872 312 899 νοτε.
335 872 378 899 Η,
392 871 467 898 Iesus
476 876 565 898 autem
576 885 610 892 -—-
619 870 652 897 V.
665 871 709 898 η.
720 869 905 905 Cognoverunt
915 877 986 896 eum.

199 919 272 946 Elias
287 918 398 954 quidem
415 918 538 953 proprior
549 917 606 944 sive
621 916 779 944 Thcshistes
794 916 916 943 nondum
939 923 988 943 ve-

198 963 262 994 nit;
279 963 370 990 veniet
399 967 490 989 autem
505 962 578 989 circa
609 962 759 989 secundum
779 968 869 988 meum
884 961 987 988 adven-

201 1013 278 1036 tum:
300 1011 327 1036 et
345 1008 473 1035 restituet
491 1015 598 1034 omnem
610 1007 656 1042 qui
674 1008 698 1034 ei
709 1006 867 1037 crediderit.
882 1006 933 1033 hoc
945 1009 988 1033 est

199 1057 342 1081 convertet
375 1062 424 1082 cor
450 1053 535 1088 patris
557 1054 590 1080 ad
607 1053 706 1085 tilium,
735 1056 766 1079 ut
790 1052 828 1079 ait
853 1052 987 1087 propheta

200 1099 357 1127 Malachias.
374 1100 438 1127 Dico
460 1104 552 1126 autem
569 1099 648 1126 vobis
663 1099 744 1134 Iquod
764 1098 836 1126 Elias
848 1098 987 1126 secundus

199 1145 257 1172 sive
269 1144 390 1180 Baptista
404 1145 460 1179 jam
476 1144 553 1171 venit
578 1144 651 1171 circa
676 1144 796 1180 primum
822 1151 913 1171 meum
938 1143 987 1171 ad-

200 1197 324 1224 ventum,
336 1195 366 1218 ut
382 1191 478 1218 dicunt
492 1190 641 1226 Scriptura:
663 1199 670 1217 :
688 1195 716 1218 et
731 1198 786 1218 non
800 1194 987 1226 cognoverunt

199 1237 301 1265 Scribzr
316 1237 482 1273 quodetiam
502 1238 546 1264 hic
574 1241 648 1264 esset
673 1236 749 1264 Elias
761 1241 890 1271 tanquam
915 1243 986 1271 prte-

199 1292 305 1312 cursor.
321 1283 380 1311 Non
396 1287 585 1319 cognoverunt
597 1289 688 1311 autem
714 1290 776 1311 eum
791 1287 887 1317 utpote
916 1281 987 1309 male

201 1328 385 1364 intelligente:
398 1328 565 1362 Scripturas.

235 1423 315 1450 Vcrs.
338 1423 382 1450 1'2.
404 1422 457 1450 Sed
472 1437 508 1443 -—
521 1422 671 1449 voluerunt.
697 1421 815 1450 Herodes
832 1422 959 1450 videlicet
975 1431 983 1455 ;

201 1470 287 1496 multa
301 1468 375 1496 enim
392 1468 419 1495 in
433 1476 496 1495 eum
511 1467 587 1500 fecit,
615 1468 643 1494 in
661 1475 799 1495 carcerem
833 1468 910 1495 illum
943 1469 984 1495 in-

197 1513 317 1547 jiciens;
332 1512 431 1539 deinde
452 1515 621 1546 amputatum
636 1517 718 1547 caput
730 1511 831 1540 deferri
846 1512 947 1547 juhens
958 1512 986 1539 in

199 1558 288 1584 lance.

238 1603 314 1632 νει-ε.
336 1604 380 1631 12.
397 1603 439 1631 Ita
455 1603 532 1630 ——ab
548 1604 595 1630 eis.
627 1603 665 1631 ita
678 1611 806 1639 quoque,
818 1612 873 1632 non
895 1605 987 1641 cogni-

199 1653 243 1675 tus
253 1648 358 1675 scilicet
371 1648 442 1682 quod
453 1648 489 1674 sit
500 1648 626 1675 Christus
643 1655 650 1674 :
679 1655 734 1675 non
753 1649 878 1682 cognitus
892 1653 985 1676 autem

199 1697 312 1728 propter
346 1699 457 1726 pravam
484 1695 602 1719 mentem
631 1693 761 1727 ipsorum.
793 1692 845 1720 Sed
867 1701 985 1728 quonam

200 1737 280 1763 modo
297 1736 353 1768 liet,
382 1741 412 1762 ut
424 1743 486 1762 cum
505 1740 656 1770 [innitentes
671 1735 776 1764 llehrmi
798 1737 909 1764 Christo
930 1745 985 1764 non

199 1781 377 1813 crediderint,
407 1781 453 1815 qui
477 1785 543 1808 tunc
555 1785 647 1814 erunt,
668 1782 782 1810 credant
801 1783 885 1810 Elite?
916 1783 984 1816 Quia

198 1832 351 1863 agnoscunt
367 1835 442 1858 eum,
454 1828 598 1862 sciuntquo
609 1828 644 1855 de
668 1828 715 1856 illo
733 1829 890 1863 praedixisse
903 1829 986 1857 Mala-

198 1873 298 1899 chiam.
313 1871 397 1899 Simul
414 1873 495 1899 etiam
519 1877 573 1899 tam
590 1873 699 1908 longum
723 1878 832 1909 tempus
855 1875 929 1909 quod
956 1875 983 1902 in

199 1919 290 1945 medio
308 1918 466 1950 intercidet,
497 1923 626 1953 tantaque
655 1919 742 1946 virtus
770 1920 982 1954 przedicationis,

200 1964 341 1990 cmollient
359 1964 487 1990 duritiem
506 1965 594 1992 cordis
617 1972 723 1991 eorum.

237 2010 311 2037 Vors.
332 2011 374 2038 15.
403 2010 524 2037 Tunc—
551 2012 597 2038 eis.
624 2011 691 2038 Nam
721 2012 851 2040 vicesimo
876 2022 984 2049 quoque

198 2059 286 2091 capite
314 2057 476 2091 przedixerat
509 2059 549 2085 eis
583 2059 616 2092 “,
642 2059 713 2093 quod
733 2059 779 2086 ille
798 2059 833 2087 sit
850 2059 920 2088 Elias
937 2062 983 2095 qui

198 2108 330 2131 venturus
345 2111 404 2131 esse
418 2104 528 2131 dicitur.

388 2160 465 2188 CAP.
489 2160 598 2188 XXXV.
617 2162 652 2188 lle
667 2162 793 2189 lunatico.

235 2205 366 2233 Vers.t4.
392 2206 473 2233 Et—
503 2206 534 2233 V.
558 2207 600 2234 15.
631 2208 771 2242 Aﬂliyitur.
804 2208 841 2235 De
864 2209 983 2235 Iunatico

198 2252 356 2286 praedictum
372 2253 480 2286 quidem
494 2257 535 2279 est
551 2254 629 2279 modo
645 2253 805 2280 naturaliori
819 2254 981 2286 insistendo,

197 2305 294 2332 quarto
306 2298 413 2332 capite;
430 2299 536 2325 dicetur
553 2303 643 2325 autent
680 2303 706 2325 et
738 2307 811 2325 nunc
836 2299 984 2333 perfectius

197 2346 268 2379 quod
317 2345 471 2372 dtemonuui
508 2344 616 2378 quidam
648 2345 815 2376 secedentes,
852 2347 982 2372 adversus

196 2391 327 2425 quasdam
340 2390 463 2416 homines
479 2393 585 2423 tempus
594 2393 696 2416 certum
709 2389 778 2416 lunae
790 2390 981 2423 observabant,

197 2441 225 2462 ct
241 2440 305 2462 tunc
330 2435 460 2461 insultum
483 2434 510 2460 in
527 2435 588 2461 illos
604 2434 750 2466 iaciebant,
773 2440 803 2462 ut
831 2436 894 2462 dum
915 2436 980 2463 luna

197 2482 262 2508 mali
282 2488 363 2507 causa
379 2480 529 2513 videretur,
553 2480 613 2515 ejus
630 2485 735 2508 creator
758 2481 900 2508 calumniae
930 2489 980 2509 cx-

197 2531 357 2562 poneretur.

252 2584 275 2602 "
292 2582 409 2611 Malach.
426 2591 464 2616 tv,
479 2584 506 2616 4,
522 2583 550 2610 5.
606 2583 627 2600 ⁸⁸
646 2583 741 2612 Matth.
759 2593 797 2618 xt,
814 2586 857 2613 M.

1038 193 1097 218 νης·
1111 185 1160 218 τῆς
1172 184 1301 219 δευτέρας
1315 184 1343 210 δὲ
1357 185 1502 219 γενήσεται
1516 184 1668 219 πρόδρομος
1691 185 1704 210 ὁ
1721 183 1826 214 ῚΙλίας·

1039 230 1105 264 περὶ
1131 228 1164 265 ἦς
1181 232 1248 264 φησι
1274 229 1418 264 Μαλαχίας
1443 230 1457 255 6
1474 229 1628 264 προφήτης·
1659 228 1829 255 Ἀποστελῶ

1037 276 1109 309 ὑμῖν
1137 274 1244 301 Ἠλίαν
1267 275 1320 302 τὸν
1344 276 1500 309 Θεσϐίτην,
1524 275 1558 307 ὃς
1580 273 1828 306 ἀποκαταστήσει

1039 321 1165 354 καρδίαν
1180 322 1292 354 πατρὸς
1309 322 1384 356 πρὸς
1398 321 1478 352 υἱὸν,
1491 321 1640 351 τουτέστιν,
1657 320 1686 351 ὃς
1700 320 1832 356 ἐπιστρέ-

1037 367 1082 400 ψει
1099 367 1154 401 (50)
1170 368 1218 398 τὰς
1236 367 1350 402 καρδίας
1366 367 1422 393 τῶν
1435 366 1585 402 τηνικαῦτα
1604 366 1741 393 Ἰουδαίων
1758 366 1830 400 πρὸς

1038 414 1099 442 τοὺς
1112 412 1289 444 ἀποστόλοω,
1306 412 1377 439 ὥστε
1395 413 1540 447 πεισθῆναι
1554 414 1616 444 ταῖς
1641 412 1829 442 διδασκαλίαις

1037 457 1137 488 αὐτῶν,
1156 458 1202 484 καὶ
1218 459 1363 485 πιστεῦσαι
1378 458 1418 494 τῷ
1433 459 1552 493 Χριστῷ.
1571 458 1691 492 Πατέρες
1702 459 1757 493 γὰρ
1772 456 1829 483 τῶν

1037 503 1195 530 ἀποστόλων
1209 504 1233 530 οἱ
1256 503 1388 530 Ἰουδαῖοι.

1079 547 1150 573 Ἀλλ’
1166 548 1191 574 οι
1209 547 1397 582 Γραμματεῖς,
1409 547 1458 579 τὰς
1468 547 1514 574 δύο
1527 547 1573 574 τοῦ
1588 547 1708 582 Χριστοῦ
1723 555 1829 582 παρου-

1039 593 1097 624 σίας
1115 593 1155 624 εἰς
1175 593 1240 627 μίαν
1258 592 1436 628 συγχέοντες,
1453 593 1501 619 καὶ
1527 595 1575 626 τὴν
1591 591 1704 627 πρώτην
1723 593 1762 624 είς
1778 592 1829 627 τὴν

1037 639 1169 674 δευτέραν
1190 639 1365 673 συνάγοντες,
1382 638 1448 674 περὶ
1462 639 1512 674 τῆς
1528 639 1657 674 δευτέρας
1673 640 1758 674 μόνης
1774 639 1830 665 ὲδί-

1037 684 1135 710 δασκον
1149 684 1195 710 τὶν
1209 684 1283 711 λλόν.
1297 684 1352 710 Καὶ
1365 684 1408 711 διὰ
1423 684 1501 711 τοῦτο
1517 684 1562 710 τὸν
1576 684 1694 719 Χριστὸν
1706 685 1756 711 οὐκ
1771 684 1831 710 ὲδέ-

1037 739 1126 766 χυντο,
1141 731 1279 764 λέγοντες,
1298 731 1338 757 ὅτι
1353 731 1398 756 τὸν
1419 730 1512 756 Ἠλίαν
1533 730 1585 765 χρὴ
1605 730 1693 756 ἐλθεῖν
1706 730 1827 765 πρῶτον,

1038 775 1096 802 εἶτα
1117 776 1163 802 τὸν
1189 776 1320 812 Χριστόν.
1351 776 1431 803 Ἀλλὰ
1456 776 1503 802 νῦν
1528 779 1542 802 ὁ
1564 776 1682 812 Χριστὸς
1706 776 1828 803 διδάσκει

1004 818 1024 845 Β
1040 823 1104 858 περὶ
1121 823 1175 849 τῶν
1190 823 1237 849 δύο
1255 823 1360 857 σαφῶς.
1377 823 1499 858 Πρόσχες
1515 823 1587 859 γάρ·

1079 868 1110 895 '0
1137 869 1172 895 δὲ
1196 869 1312 902 Ἰησοῦς
1337 884 1370 890 -
1391 869 1569 904 ἐπέγνωσαν
1591 869 1696 897 αὐτόν.
1732 869 1828 900 Ἠλίας

1040 914 1090 949 μὲν
1109 915 1123 940 ὁ
1152 915 1271 949 πρῶτος,
1300 915 1397 950 ἠγουν,
1420 916 1434 942 6
1460 915 1603 950 Θεσῦίτης,
1630 914 1705 941 οὔπω
1733 912 1828 950 ἦλθεν

1038 961 1149 996 ἔρχεται
1173 960 1201 987 δὲ
1222 961 1291 988 κατὰ
1309 962 1360 996 τὴν
1377 961 1508 996 δευτέραν
1528 969 1579 996 μου
1599 961 1764 996 παρουσίαν,
1780 961 1829 988 καὶ

1038 1006 1261 1041 ἀποκαταστήσει
1278 1006 1366 1033 πάντα
1381 1007 1427 1032 τὸν
1444 1006 1606 1040 πειθόμενον
1620 1006 1694 1041 αὑτῷ
1706 1026 1713 1038 ,
1731 1007 1829 1032 τουτέ-

1039 1061 1108 1084 στιν,
1137 1053 1297 1087 ἐπιστρέψει
1325 1053 1439 1088 καρδίαν
1467 1053 1571 1087 πατρὸς
1598 1053 1668 1089 πρὸς
1691 1053 1759 1085 υίὺν,
1788 1053 1829 1084 ὡς

1038 1099 1052 1125 6
1076 1100 1219 1134 προφήτης
1243 1099 1383 1134 Μαλαχίας
1408 1100 1485 1134 φησί.
1514 1100 1593 1134 Λέγω
1618 1100 1646 1126 δδ
1674 1100 1757 1134 ὑμῖν,
1785 1099 1828 1125 ὃτι

1044 1144 1139 1176 Ἠλίας
1155 1146 1170 1171 6
1184 1145 1329 1180 δεύτερος,
1349 1146 1455 1178 εῑτουν,
1473 1148 1487 1173 6
1507 1146 1661 1182 Βαπτιστὴς
1671 1166 1678 1177 ,
1694 1146 1745 1180 ἠδη
1760 1143 1828 1181 ἦλθε

1037 1189 1108 1216 κατὰ
1130 1190 1179 1225 τὴν
1202 1190 1314 1226 πρώτην
1341 1200 1393 1226 μου
1419 1192 1523 1226 ταύτην
1550 1192 1714 1227 παρουσίαν,
1737 1191 1773 1222 ὡς
1798 1191 1828 1217 αι

1038 1236 1146 1271 Γραφαί
1165 1245 1240 1271 ςασι.
1260 1238 1313 1264 Καὶ
1332 1238 1382 1264 οὐκ
1406 1238 1566 1272 ἐπέγνωσαν
1589 1239 1613 1265 οἱ
1631 1238 1827 1274 Γραμματιῖς,

1037 1283 1078 1309 ὅτι
1101 1283 1147 1309 καὶ
1171 1278 1248 1314 οὗτος
1278 1283 1371 1315 Ἠλίας
1396 1284 1480 1314 ἐστὶν,
1506 1281 1550 1310 οἷα
1577 1283 1749 1319 πρόδρομος·
1775 1283 1828 1309 οὐκ

1037 1327 1196 1362 ἐπέγνωσαν
1227 1329 1257 1355 δὲ
1291 1329 1390 1361 αὑτὸν,
1420 1329 1459 1361 ὡς
1490 1329 1583 1361 κακῶς
1619 1329 1742 1360 νοοῦντες
1775 1329 1827 1361 τὰς

1037 1375 1160 1410 Γραφάς.

1079 1421 1161 1448 Ἀλλ’
1177 1436 1212 1441 -—
1233 1420 1402 1456 ἠθέλησαν,
1419 1421 1451 1448 Οἱ
1474 1422 1539 1456 περὶ
1554 1419 1599 1447 τὸν
1628 1419 1751 1456 Ἡρώδην
1775 1419 1826 1454 δη-

1038 1466 1125 1492 λονότι
1136 1473 1143 1482 ο
1165 1466 1250 1493 πολλὰ.
1267 1468 1322 1502 γὰρ
1339 1467 1379 1498 είς
1396 1467 1477 1493 αὑτὸν
1491 1466 1642 1501 ἐποίησαν,
1659 1466 1826 1500 ἐμϐαλόντες

1037 1513 1077 1543 εἰς
1100 1513 1232 1547 φυλακὴν,
1251 1512 1513 1547 ἀποκεφαλίσαντες,
1533 1513 1690 1546 ἐνεγκόντες
1711 1512 1761 1547 τὴν
1780 1519 1828 1538 κε-

1038 1558 1126 1593 φαλὴν
1142 1558 1225 1585 αὐτοῦ
1241 1559 1287 1585 ἐπὶ
1301 1559 1426 1590 πίνακος.

1075 1603 1174 1637 Οὕτως
1185 1619 1221 1624 -
1233 1604 1283 1632 ὑπ’
1297 1603 1406 1632 αὐτῶν.
1422 1604 1499 1631 Οὕτω
1511 1604 1559 1631 καὶ
1570 1604 1661 1638 αὐτὸς,
1675 1603 1827 1639 ἀγνοούμε-

1037 1658 1094 1683 νος,
1109 1650 1150 1676 ὅτι
1167 1651 1182 1677 6
1197 1651 1315 1685 Χριστός
1329 1652 1404 1678 ἐστιν
1421 1659 1434 1670 ·ι
1453 1651 1635 1686 ἀγνοούμενος
1653 1651 1681 1677 δὲ
1706 1650 1750 1677 διὰ
1773 1651 1825 1685 τὴν

1038 1697 1182 1723 κακόνοιαν
1196 1697 1297 1725 αὐτῶν.
1324 1698 1402 1725 Ἀλλὰ
1416 1699 1486 1732 πῶς,
1501 1698 1555 1725 τῶν
1569 1697 1617 1725 νῦν
1635 1698 1769 1732 Ἑϐραίων
1786 1696 1826 1732 μὴ

1036 1743 1240 1770 πιστευσάντων
1251 1743 1290 1779 τῷ
1301 1744 1423 1779 Χριστῷ,
1440 1745 1464 1771 oi
1479 1744 1542 1771 τότε
1553 1743 1593 1779 τῷ
1612 1743 1692 1778 Ἠλίᾳ
1707 1742 1826 1778 πεισθή-

1037 1795 1149 1821 σονται;
1166 1789 1240 1816 Διότι
1260 1789 1441 1825 γνωρίζουσιν
1455 1790 1548 1822 αὐτὸν,
1564 1790 1612 1817 καὶ
1628 1790 1824 1824 γινώσκουσιν,

1035 1832 1050 1859 6
1065 1834 1128 1868 περὶ
1140 1834 1223 1861 αὐτοῦ
1238 1837 1370 1869 προεῖπεν
1382 1837 1397 1861 6
1410 1836 1564 1870 Μαλαχίας
1579 1837 1637 1870 ἅμα
1652 1835 1681 1862 δὲ
1694 1836 1741 1862 καὶ
1754 1836 1769 1862 6
1779 1843 1826 1861 το-

1037 1878 1130 1911 σοῦτος
1156 1880 1185 1905 ἐν
1203 1880 1241 1915 τῷ
1260 1882 1334 1916 μέσῳ
1355 1881 1459 1916 χρόνος,
1485 1882 1532 1908 καὶ
1557 1882 1572 1916 ή
1595 1882 1745 1916 τηλικαύτη
1775 1880 1823 1907 τοῦ

1035 1926 1212 1960 κηρύγματος
1227 1926 1352 1962 δύναμις,
1370 1927 1519 1962 μαλάξουσι
1536 1927 1586 1960 τὴν
1603 1928 1824 1963 σκληροκαρδίαν

1035 1971 1137 1999 αὺ·.ῶν.

1075 2018 1144 2044 Τότε
1161 2034 1194 2038 -—-
1215 2019 1329 2051 αὐτοῖς.
1351 2020 1468 2054 “postne
1490 2019 1544 2054 γὰρ
1561 2019 1652 2049 αὐτοῖς
1676 2020 1721 2045 καὶ
1738 2020 1765 2044 ἐν
1784 2019 1824 2053 τῷ

1036 2064 1150 2098 εἰκοστῷ
1166 2065 1315 2099 κεφαλαίῳ,
1332 2065 1372 2091 ὅτι
1390 2066 1471 2096 αὐτός
1487 2066 1560 2091 ἐστιν
1581 2066 1673 2096 Ἠλίας
1688 2067 1702 2091 6
1717 2065 1822 2100 μέλλων

1036 2110 1178 2145 ἔρχεσθαι.

1140 2166 1218 2192 ΚΕΦ.
1229 2167 1247 2192 Λ
1255 2167 1289 2193 E'.
1303 2168 1370 2201 Περὶ
1383 2176 1435 2194 του
1448 2168 1712 2202 (relatura-percu.

1074 2210 1127 2237 Kal
1138 2225 1173 2230 —
1186 2211 1307 2245 πάσχει.
1324 2213 1390 2247 Περὶ
1403 2214 1449 2239 τοῦ
1462 2213 1644 2248 σεληνιασμοῦ
1659 2214 1821 2249 προείρηται

1038 2257 1087 2291 μὲν
1111 2258 1157 2283 καὶ
1183 2259 1212 2283 ὲν
1240 2258 1279 2292 τῷ
1304 2259 1427 2293 τετάρτῳ
1451 2261 1591 2294 κεφαλαίῳ
1623 2261 1822 2293 φυσιολογικώ-

1035 2311 1130 2336 τερον
1149 2303 1297 2338 ῥηθήσεται
1317 2304 1346 2330 δὲ
1363 2306 1408 2331 καὶ
1425 2306 1471 2331 νῦν
1487 2306 1692 2342 ἀκριόέστερον,
1708 2307 1747 2333 ὅτι
1766 2308 1822 2333 τῶν

1035 2348 1168 2382 δαιμόνων
1182 2350 1254 2381 τινὲς
1270 2353 1512 2386 παραχωρούμενοι
1528 2353 1583 2387 (51)
1596 2353 1667 2379 κατὰ
1681 2362 1761 2379 τινων
1774 2354 1823 2379 ἀν-

1037 2393 1165 2428 θρώπων,
1180 2395 1330 2430 ἐπετήρουν
1351 2398 1447 2431 καιρόν
1466 2407 1525 2424 τινα
1550 2398 1600 2432 τῆς
1627 2400 1753 2434 σελήνης,
1773 2401 1821 2426 καὶ

1034 2441 1094 2466 τότε
1108 2441 1212 2472 τούτοις
1228 2443 1370 2478 ἐπεπήδων
1382 2464 1389 2474 ,
1404 2445 1463 2476 ἵνα,
1480 2445 1517 2475 ὼς
1532 2447 1580 2479 τῆς
1598 2446 1712 2480 σελήνης
1730 2446 1820 2477 αἰτίας

1034 2487 1178 2522 δοκούσης,
1193 2489 1207 2515 6
1222 2489 1391 2524 Δημιουργὸς
1408 2490 1492 2524 αὐτῆς
1505 2491 1675 2526 διαῦὰληται.

787 2645 886 2676 \‘arite
905 2645 1056 2678 lectiones
1072 2650 1102 2678 et
1124 2653 1218 2680 noun.

233 2709 289 2744 (50)
306 2708 352 2736 Uti
369 2707 486 2743 explicat
500 2708 565 2734 Luc.
580 2715 599 2739 ι,
620 2708 662 2735 t7.

234 2744 290 2781 (51)
307 2745 488 2778 Παραχωρεῖν
509 2751 588 2781 _nunc
613 2751 666 2769 non
698 2748 742 2781 est
768 2744 903 2781 comitere,
929 2746 976 2772 sed

197 2779 331 2812 erumpere
345 2780 371 2804 in
382 2785 484 2805 eontra.
504 2779 643 2812 Chrysost.
660 2783 678 2804 t.
698 2779 751 2810 VII,
767 2787 793 2812 ν.
814 2779 865 2805 579
881 2779 910 2810 κ,
927 2781 976 2806 lia-

1097 2713 1275 2742 ἐπιτίθεσθαι.
1293 2715 1373 2743 Forte
1388 2722 1476 2744 tamen
1488 2719 1549 2752 quis
1563 2718 1688 2746 maluerit
1705 2728 1817 2757 προχω-

1039 2759 1047 2772 Α
1085 2757 1171 2781 μενοι.

1039 2757 1171 2782 οουμενοι.
