1937 3072
55 178 114 211 505

481 174 674 205 COMMENT.
693 173 734 203 IN
755 172 991 203 MATTHIEUM.
1010 185 1045 190 -
1065 172 1144 203 CAP.
1163 171 1276 204 XVIII.

1639 171 1690 203 506

55 233 184 263 τίνεσθαι
206 231 311 264 τοῦτον,
336 231 442 266 μήποτε
464 229 654 264 διμοσιευθεὶς
687 227 854 264 ίταμώτερος

919 227 990 262 ‘ccipi
1011 228 1098 263 possit
1114 228 1262 263 correptio,
1280 228 1440 255 exhortatur
1456 231 1483 254 ut
1497 227 1543 254 fiat
1555 226 1628 254 inter
1639 227 1693 254 duo

58 281 178 315 γένηται
193 279 240 305 καὶ
253 276 458 312 δυσδιόροωτο;.

102 369 177 398 Ἐὰν
193 386 227 392 -
242 377 311 396 σου.
332 367 395 394 Ἐάν
413 375 452 393 σοι
473 367 570 401 πεισθῇ
592 365 791 401 διορθουμένῳ,
807 364 854 391 καῖ

63 416 241 452 μετανοήσῃ,
263 415 310 440 καὶ
328 412 457 447 καταγνῷ
477 412 592 444 ἑαυτοῦ,
612 411 762 447 ἐκέρδησας
781 411 852 446 μέγα

61 463 171 496 >έρδος,
192 461 273 487 αὑτὸν
296 460 342 486 τὺν
363 458 478 492 ἀδελφόν
501 467 558 490 σου,
581 457 612 483 τὺ
640 457 718 492 μέλος
743 456 773 482 τδ
797 456 851 482 σόν.

61 507 178 542 Πρῶτον
197 507 252 541 γὰρ
268 504 382 540 ἐζημιοῦ
400 503 504 535 τοῦτον,
522 503 566 528 διὰ
575 501 622 528 τοῦ
641 501 789 528 σκανδάλου
806 501 854 535 ῥη-

62 555 200 590 γνύμενον
225 553 279 580 ἀπὸ
294 552 343 586 τῆς
368 550 518 584 ἀδελφικῆς
535 544 582 575 σου
604 547 761 581 συναφείας,
787 547 855 580 ὅπερ

65 601 173 636 μεγάλη
190 598 277 633 ζημία
291 599 346 628 τοῖς
363 596 471 630 ἀληθῶς
488 595 621 629 ἀδελφοῖς.

97 644 311 678 Ἐὰν-ρῆμιι,
332 642 441 676 Ἐπειδὴ
456 642 533 676 μόνος
551 641 683 676 ἠτόνηπας
702 639 852 675 ίιτρεῦσαι,

64 691 207 726 παράλαϐε
230 689 298 724 μετὰ
319 688 364 714 cro-3
384 688 423 714 ἔτι
443 687 480 722 μὴ
500 687 613 718 πολλοῦς
627 707 633 717 ,
654 687 697 712 ἵνα
716 687 752 720 μὴ
773 685 853 711 πάλιν

64 738 180 766 ἐκεῖνος,
200 734 278 766 δόξας
298 732 534 768 ἑκπομπεύεσοαι,
553 730 734 766 σκληρότερος
752 729 852 764 ἀποϐῇ,

64 783 124 811 ἀλλ’
138 783 187 810 ἕνα
199 782 214 817 ἣ
228 782 273 808 δύο
289 781 411 816 βοηθοὺς,
431 781 487 810 ἵνα,
502 780 524 805 εί
540 779 666 814 ὲπιμείνῃ
700 777 737 812 μὴ
753 777 853 812 μαλασ-

66 831 198 864 σόμενος,
212 825 260 855 ὦσι
277 828 323 854 καὶ
341 827 478 862 μάρτυρες
494 826 542 859 τῆς
558 833 587 850 τε
605 825 655 859 σῆς
670 823 854 859 χρηστότητος

66 877 115 902 καὶ
126 876 176 910 τῆς
193 875 298 901 ἐκείνου
316 872 511 908 σκληρότητος,
533 870 579 897 καὶ
594 870 637 896 ἴνα
653 869 722 896 κατὰ
738 868 787 903 τὴν
804 869 854 904 τῆς

66 921 186 951 παλαιᾶς
204 919 364 954 νομοθεσίας
383 916 521 951 ἀπόφασιν
537 916 583 942 ἐπὶ
602 915 752 949 στόματος,
768 913 852 948 ἤγουν

66 967 112 995 διὰ
127 967 270 1002 στόματος,
282 965 328 992 δύο
341 963 488 1001 pagatim
500 961 611 999 ῆτρυέιν
621 960 719 996 σταθῇ,
730 959 854 987 τουτέστι

69 1013 205 1050 βεϐαιωθῇ
222 1014 275 1040 πᾶν
290 1012 376 1049 ῥῆμα,
388 1011 402 1038 ὅ
414 1013 499 1043 ἐστιν,
512 1011 552 1037 ὅτι
564 1009 596 1035 σὺ
611 1008 641 1035 τὸ
654 1008 699 1034 σὺν
711 1007 855 1040 ἐποίησας,

68 1061 116 1086 καὶ
142 1059 220 1085 οὐδὲν
247 1058 381 1090 ἐνέλιπες,
409 1057 505 1092 πρῶτα
533 1055 582 1090 μὲν
608 1054 688 1090 μόνος
716 1051 854 1086 ἀπελθὼν,

68 1105 164 1131 ἔπειτα
178 1105 205 1131 δὲ
222 1104 269 1130 καὶ
282 1103 378 1134 ἄλλους
395 1100 626 1137 συμπαραλαϐών.
769 1095 771 1097 ’

110 1151 181 1178 Ἐἱιν
195 1165 229 1171 --
250 1149 425 1182 Ἐκκλησίᾳ.
448 1146 611 1182 Ἐκκλησίαν
625 1145 701 1180 λέγει
717 1144 764 1171 νῦν
790 1143 856 1175 τοὺς

70 1197 245 1232 προεστῶτας
260 1195 310 1230 τῆς
328 1194 490 1228 Ἐκκλῃσεας
506 1193 560 1219 τῷν
576 1191 689 1219 πιστῶν.
712 1189 858 1223 Ἀνάγγει-

69 1245 115 1271 λον
134 1244 224 1275 αὐτοῖς
239 1243 274 1268 τὰ
291 1242 355 1276 περὶ
371 1240 464 1267 αὑτοῦ·
484 1240 549 1270 ἴσως
566 1237 644 1264 αὐτοὶ
662 1235 758 1263 τοῦτον
773 1242 858 1270 μετα-

69 1291 220 1321 πείσουςιν,
233 1288 389 1323 αἰδούμενον
402 1286 449 1321 τὴν
464 1284 599 1320 ὑπεροχὴν
614 1283 713 1310 αὐτῶν.

112 1337 183 1363 Ἐὰν
195 1352 228 1355 -
240 1334 383 1366 τελώνης.
398 1333 488 1359 Ἔστω
501 1340 543 1357 σοι
556 1330 649 1356 λοιπὸν
665 1327 857 1362 ἀκοινώνητος,

70 1384 108 1415 ὡς
137 1382 257 1412 ἀνίατος.
277 1380 337 1411 Τοῖς
357 1379 472 1410 ἑθνικοῖς
496 1378 535 1410 δὲ,
556 1377 613 1408 τοῖς
637 1375 772 1409 ἀπίστοις,
794 1374 858 1406 τοὺς

70 1428 190 1460 τελώνας
211 1426 354 1459 συνέζευξε
372 1425 416 1451 διὰ
436 1425 466 1450 τὸ
488 1423 692 1458 φιλοχρήματον
712 1422 760 1449 καὶ
780 1419 859 1447 πλεο-

72 1475 206 1508 νεκτικδν,
225 1473 271 1500 καὶ
285 1470 457 1507 ἅσυμπαθὲς,
474 1470 521 1497 καὶ
535 1469 640 1496 ἄδικον.

113 1610 291 1645 Ἀκούσωμεν
307 1610 332 1635 οἱ
343 1609 400 1639 τοῖς
416 1613 548 1637 τοιουτιις
561 1605 677 1631 πάθεσιν
691 1602 860 1638 ὲνεχόμενοι.

73 1656 147 1688 Ὀρσ.
174 1655 213 1686 δὲ,
233 1655 320 1689 πόσην
345 1652 462 1687 στενουδὴν
482 1649 670 1683 ἐπιδείξασθαι
693 1647 862 1684 προσέταξεν

74 1701 143 1737 ὑπὲρ
152 1701 196 1727 τοῦ
205 1700 373 1736 διορθοῦσθαι
383 1699 443 1729 τοὺς
454 1697 681 1727 σκανδαλίσαντας
690 1695 774 1730 ἡμᾶς*
784 1694 864 1729 ἡμεῖς

75 1747 104 1774 δὲ
117 1747 210 1774 λοιπὸν
221 1746 282 1772 οὐδὲ
296 1746 357 1776 τοὺς
373 1745 417 1778 ὑφ’
428 1743 506 1779 ἡμῶν
521 1741 767 1771 σκανδαλισθέντας
782 1739 864 1775 Θερα-

76 1794 173 1819 πεύειν
203 1790 416 1824 καταδεχόμεθα,
439 1789 471 1815 Τί
499 1786 563 1820 οὗν;
581 1786 661 1813 τοῦτο
688 1786 769 1821 μόνον
787 1784 864 1811 ἔσται

77 1837 188 1869 κόλασις
214 1838 253 1872 τῷ
276 1837 397 1870 ὰνιὰτῳς
424 1835 501 1869 Οὐχὶ,
531 1833 588 1861 αλλ’
620 1834 704 1860 ἄκουε
733 1831 782 1859 καὶ
809 1831 864 1857 τῶν

76 1886 151 1919 ἑξῆς-

119 1931 209 1964 Ἆμὴν
218 1945 253 1950 —-
264 1927 391 1963 οὐρανῷ.
406 1926 544 1956 Κεὶεὺσας
565 1925 718 1951 τελευταῖον
731 1924 817 1950 εἰπεῖν
830 1923 864 1958 τῇ

83 1977 242 2012 Ἐκκλησία,
258 1975 358 2010 δηλαδὴ
378 1975 434 2005 τοῖς
450 1971 602 2008 προεστῶσι
627 1969 864 2004 τῆςἙκκλησίας,

75 2023 172 2051 λοιπὸν
195 2023 262 2057 πρὸς
287 2021 384 2052 αὐτοὺς
402 2019 574 2047 ἀποτείνεται
598 2017 697 2050 λέγων·
722 2015 802 2041 Ὀσα
827 2014 866 2041 ἂν

75 2071 192 2104 δήσητε
211 2069 259 2095 ἐπὶ
277 2068 332 2102 τῆς
353 2067 419 2102 γῆς,
438 2067 485 2092 καὶ
509 2065 543 2091 τὰ
566 2064 641 2099 ἑξῆς.
659 2062 746 2089 Τοῦτο
765 2062 794 2088 δὲ
818 2060 866 2088 καὶ

77 2116 148 2151 πρὸς
162 2115 208 2141 τὸν
226 2115 328 2148 Πέτρον
344 2111 431 2144 εἶπεν,
452 2113 481 2138 ὲν
495 2111 533 2145 τῷ
549 2109 703 2145 τριακοστῷ
718 2108 802 2144 τρίτῳ
818 2115 866 2134 κε-

77 2162 197 2197 φαλαίῳ,
211 2163 258 2187 καὶ
275 2159 391 2195 ζήτησον
409 2159 466 2184 ἐκεῖ
482 2158 530 2192 τὴν
547 2155 689 2191 ἐξήγησιν.

117 2209 196 2235 Ἔστι
214 2207 242 2233 δὲ
265 2206 312 2232 νῦν
335 2206 350 2240 ή
369 2203 474 2231 διάνοια
498 2202 545 2229 τοῦ
572 2201 654 2237 ῥητοῦ
678 2198 801 2234 τοιαύτη,
825 2197 867 2225 ὅτι

906 279 1059 306 tantum,ne
1068 274 1136 302 forte
1144 273 1452 309 publicatusimprobior
1462 272 1507 300 ﬁat
1513 281 1544 300 ac
1551 273 1695 308 incorrigi-

906 321 981 348 bilis.

941 366 1016 393 Vers.
1038 366 1080 393 15.
1098 364 1127 393 Si
1140 380 1173 386 --
1186 370 1270 392 tuum.
1286 364 1313 392 Si
1330 365 1377 392 libi
1392 364 1524 392 Oberlierit
1547 364 1693 399 corrigenti

906 412 1117 447 resipueritque.
1134 419 1168 439 ac
1176 412 1296 447 seipsum
1309 411 1545 443 condemnaverit,
1564 419 1691 447 maguum

906 458 993 485 fecisti
1007 457 1123 489 lucrum,
1135 456 1224 491 ipsum
1240 457 1363 484 videlicet
1379 457 1490 484 fratrem
1504 462 1590 490 tuum,
1606 465 1694 484 mem-

905 504 984 530 brum
1001 507 1089 530 tuum.
1109 502 1185 530 llunc
1200 503 1274 530 enim
1296 502 1454 537 perdideras
1478 508 1590 538 propter
1605 502 1693 529 ofL-n-

905 548 1037 579 diculum,
1048 547 1182 574 divulsum
1199 555 1213 574 a
1224 547 1341 574 fraterna
1352 547 1544 581 conjunctione
1557 551 1613 579 tua,
1623 546 1694 581 quod

904 593 1004 630 grande
1017 593 1145 620 damnum
1154 597 1195 620 est
1210 593 1251 620 his
1265 593 1311 628 qui
1324 600 1386 619 vere
1403 593 1500 620 fratres
1516 597 1589 621 sunt.

942 638 1019 666 Vers.
1032 639 1072 665 lb‘.
1085 639 1115 666 Si
1130 654 1164 658 —
1183 639 1301 665 verbum.
1324 640 1392 671 Quia
1407 639 1480 666 solus
1501 647 1555 665 non
1585 638 1693 665 valuisti

906 692 1021 717 curare,
1043 691 1152 712 assume
1169 689 1258 711 tecum
1275 685 1365 712 adhuc
1394 693 1447 711 non
1464 685 1576 716 multos,
1596 692 1630 711 ne
1647 685 1693 711 ille

909 730 1042 765 publicari
1068 738 1098 757 se
1121 736 1260 764 reputans,
1278 730 1371 757 durior
1386 729 1595 763 efficiatur;sed
1611 737 1694 756 unum

904 781 950 803 aut
964 775 1031 804 duos
1042 775 1227 806 auxiliatores.
1240 780 1270 802 ut
1285 775 1307 802 si
1326 775 1512 810 perduraverit
1530 783 1584 802 non
1603 775 1697 802 mulle-

904 830 980 854 ccns.
995 822 1050 850 sint
1063 823 1144 849 etiam
1157 827 1239 849 testes
1251 827 1304 849 tunc
1326 821 1546 849 mansuetudinis
1580 827 1607 848 et
1623 821 1697 848 duri-

907 868 951 896 tiei
968 868 1051 901 illius,
1069 872 1153 903 utque
1172 868 1250 902 juxta
1273 868 1373 896 veteris
1392 868 1458 903 legis
1476 867 1641 894 sententiam
1670 867 1697 893 in

906 920 953 940 ore
966 913 1024 941 sive
1040 921 1088 948 per
1102 920 1134 941 os
1144 913 1259 940 duorum
1277 913 1389 940 testium
1406 913 1447 940 vel
1461 912 1553 944 trium,
1569 917 1633 944 stet,
1647 912 1698 938 hoc

907 963 962 994 est,
978 959 1156 988 conﬁrmetur
1170 966 1251 986 omne
1264 960 1389 989 verbum.
1402 963 1465 994 puta
1475 963 1500 985 te
1515 958 1611 985 fecisse
1627 957 1698 992 quod

907 1006 936 1033 in
959 1011 986 1034 te
1011 1012 1064 1038 est,
1081 1007 1205 1042 nihilque
1223 1006 1432 1041 praztermisisse
1463 1005 1601 1040 :primum
1623 1004 1696 1030 cnim

907 1050 981 1078 solus
996 1050 1087 1078 abiisti
1103 1049 1138 1077 ad
1154 1057 1232 1081 eum,
1257 1049 1357 1076 deinde
1386 1049 1447 1076 aliis
1466 1056 1575 1082 quoque
1595 1055 1701 1074 assum-

907 1097 974 1131 ptis.

943 1142 1021 1169 Vers.
1030 1141 1073 1168 l7.
1083 1140 1158 1173 Quod
1169 1139 1363 1168 ci—Ecclesire.
1380 1139 1525 1167 Ecclesium
1541 1147 1613 1166 nunc
1623 1144 1702 1166 vocat

907 1187 1037 1223 praesides
1047 1185 1167 1213 ﬁdelium
1184 1184 1323 1213 Ecclesia.
1340 1183 1477 1210 Renuntia
1500 1184 1552 1210 illis
1572 1191 1632 1218 qnze
1645 1184 1700 1210 cir-

908 1239 938 1260 ca
949 1232 1023 1259 hunc
1035 1235 1163 1266 aguntur.
1179 1228 1313 1257 Fortassis
1327 1228 1364 1255 illi
1377 1228 1565 1256 imnmtabunt
1581 1236 1643 1255 eum
1658 1235 1703 1255 rc-

914 1279 1000 1307 ritum
1019 1278 1178 1314 dignitatem
1194 1277 1326 1312 ipsorum.

943 1323 1023 1351 νει-ε.
1040 1324 1084 1350 l7.
1106 1322 1191 1349 Porro
1205 1322 1228 1349 si
1248 1321 1457 1357 ——publicanus.
1474 1319 1515 1347 Sit
1546 1319 1591 1346 tibi
1618 1319 1700 1346 deiu-

908 1377 974 1405 ceps
990 1367 1270 1400 incommunicabilis,
1285 1374 1346 1394 cum
1359 1374 1412 1401 quo
1422 1366 1523 1393 nullam
1539 1365 1616 1392 ineas
1632 1365 1697 1392 vitm

909 1416 1078 1448 societatem,
1108 1419 1236 1448 tanquam
1255 1412 1456 1440 immedicabili.
1473 1411 1595 1438 Ethnicis
1615 1415 1706 1438 autem

910 1461 1067 1490 inﬁdelibus
1085 1460 1226 1495 conjunxit
1242 1459 1412 1493 publicanos,
1445 1461 1556 1492 propter
1580 1456 1705 1491 pecuniae

909 1514 1030 1536 amorem
1045 1509 1073 1533 et
1088 1504 1240 1536 avaritiam,
1260 1501 1558 1537 incompassibilitatem
1575 1504 1602 1528 et
1633 1499 1708 1535 inju-

873 1567 897 1596 α
913 1553 1026 1581 slitiam.

951 1597 1101 1624 Audiamus
1111 1603 1176 1631 ergo
1186 1593 1233 1629 qui
1246 1593 1402 1628 bujusmodi
1413 1592 1604 1620 aﬂcctionibus
1612 1598 1708 1618 sumus

916 1643 1037 1672 obnoxii.
1062 1642 1129 1670 Vide
1145 1645 1237 1669 autem
1251 1646 1383 1674 quantum
1399 1639 1522 1666 adhiberi
1552 1638 1665 1673 jusserit
1679 1642 1708 1663 ut

916 1688 1087 1724 corrigantur
1110 1686 1138 1713 hi
1153 1686 1199 1721 qui
1216 1685 1317 1712 fuerint
1336 1683 1501 1711 oﬁendiculo
1516 1691 1524 1710 :
1543 1690 1605 1710 cum
1618 1688 1709 1715 neque

917 1735 979 1762 illos
994 1740 1091 1762 curare
1107 1732 1302 1764 sustineamus,
1313 1730 1413 1765 quibus
1427 1729 1604 1764 praestitimus
1616 1727 1702 1755 olIen-

917 1780 1048 1808 diculum.
1058 1778 1128 1811 Quid
1139 1777 1290 1812 ergo?h:ec
1304 1775 1359 1803 sola
1375 1775 1426 1802 erit
1442 1774 1509 1802 ultio
1534 1774 1640 1800 illorum
1660 1772 1707 1808 qul

918 1831 982 1854 sunt
996 1823 1184 1852 incurabilesl
1201 1822 1389 1857 Nequaquam,
1409 1820 1458 1847 sed
1475 1819 1538 1847 audi
1553 1819 1635 1846 etiam
1646 1826 1708 1853 quae

918 1875 1080 1906 sequuntur.

955 1914 1078 1944 Vers.l8.
1092 1912 1286 1940 Amen-caelo.
1301 1910 1351 1938 Ubi
1367 1910 1475 1938 tandem
1495 1908 1622 1936 Ecclesiae
1634 1908 1708 1935 dice-

919 1969 948 1990 re
963 1961 1100 1996 iussisset,
1117 1958 1278 1994 praesidibus
1288 1956 1414 1984 videlicet
1430 1954 1568 1986 Ecclesiae,
1587 1961 1661 1980 nunc
1674 1953 1709 1980 ad

918 2015 966 2035 eos
975 2013 1130 2035 sermonem
1140 2003 1267 2034 intendit.
1279 2003 1373 2031 dicens
1387 2010 1395 2030 :
1411 2000 1710 2035 Quwcunqueligaveri-

925 2053 959 2080 ιίε
987 2053 1015 2079 in
1041 2057 1123 2083 terra,
1148 2055 1201 2077 etc.
1228 2049 1284 2076 Hoc
1308 2053 1399 2075 autem
1423 2053 1450 2074 et
1464 2047 1498 2074 ad
1515 2046 1624 2073 Petrum
1642 2045 1711 2073 dixit

921 2098 1062 2126 tricesimo
1079 2096 1159 2125 tertio
1171 2096 1270 2131 caplte,
1289 2095 1326 2122 ibi
1343 2101 1409 2130 ergo
1439 2100 1532 2128 qurere
1551 2091 1710 2120 enarratio-

920 2151 996 2172 08111.

954 2191 1002 2218 Est
1017 2194 1106 2217 autem
1123 2195 1198 2216 nunc
1212 2187 1343 2215 orationis
1363 2194 1462 2214 sensus
1479 2186 1530 2213 iste
1547 2193 1554 2212 :
1576 2184 1711 2220 Quidquid

81 2256 115 2280 '0
126 2254 159 2280 ἂν
175 2253 254 2287 ὑμεῖς
277 2251 324 2277 ἐπὶ
337 2230 385 2285 τῆς
399 2251 450 2285 γῆς
470 2230 657 2282 ἀποφήνησθε,
677 2244 759 2272 τοῦτο
782 2230 830 2270 ita).
854 2242 869 2269 ὀ

925 2242 975 2264 Vos
985 2236 1013 2263 in
1030 2241 1102 2263 terra
1121 2233 1293 2266 censueritis,
1311 2238 1358 2260 aut
1375 2232 1509 2260 sententia
1526 2230 1712 2263 decreveritis,

78 2299 146 2330 Θεὸς
160 2299 189 2324 ἐν
198 2298 238 2332 τῷ
248 2295 354 2331 οὐρανῷ
365 2294 494 2329 κυρώσει.
507 2294 558 2320 κᾶν
568 2301 597 2318 τε
609 2292 726 2322 ἀνιάτως
742 2289 865 2324 ἔχοντας,

78 2344 216 2378 ὲκκδψητε
231 2341 341 2372 τούτους
354 2338 584 2376 τῆςἙκκλησίας,
599 2337 650 2364 κᾶν
662 2345 692 2363 τε
708 2334 867 2370 μετανοοῦν-

77 2399 130 2422 τας
145 2390 258 2424 ὕστερον
281 2386 481 2423 παραδέξησθε.
497 2385 590 2412 Ταῦτα
602 2384 630 2410 δὲ
646 2382 805 2418 ἠπείλησεν,
823 2380 868 2407 ἵνα

82 2438 122 2473 μὴ
133 2437 219 2463 ταῦτα
233 2436 377 2470 γένωνται,
390 2433 446 2459 ἀλλ’
457 2433 511 2465 ἵνα,
525 2430 606 2466 φοδού
613 2429 690 2465 μενός
702 2436 745 2459 τις
759 2427 806 2454 καὶ
818 2426 867 2462 τὴν

79 2485 220 2511 ἔκπτωσιν
234 2483 283 2516 τῆς
305 2481 479 2514 Ἐκκλησίας,
494 2478 541 2505 καὶ
554 2478 605 2510 τὴν
619 2477 710 2511 ψῆφον
726 2474 773 2501 τοῦ
787 2472 866 2505 Θεοῦ,

80 2529 286 2563 διαλλάττηται.
304 2526 355 2553 Διὰ
370 2525 448 2552 τοῦτο
463 2525 519 2558 γὰρ
534 2523 581 2550 καὶ
599 2522 707 2556 πρῶτον
717 2541 724 2553 ,
743 2519 790 2546 καὶ
805 2517 867 2545 δεύ-

80 2585 172 2611 τερον,
187 2575 235 2601 καὶ
249 2574 341 2608 τρίτον
355 2573 489 2606 ἐπέστησε
506 2570 661 2605 κριτήριον,
678 2568 725 2594 καὶ
741 2567 802 2593 τότε
819 2574 869 2592 πι-

82 2622 198 2656 ποΞηκεν
211 2621 292 2646 αὑτὸν
303 2619 466 2653 ἀπόϐλητον,
479 2617 533 2650 ἵνα,
543 2616 591 2642 ἐὰν
601 2614 647 2641 τοῦ
659 2614 768 2649 πρώτου
782 2620 869 2646 παρα-

83 2668 180 2704 κούσῃ,
211 2666 250 2701 τῷ
277 2665 395 2700 δευτέρῳ
422 2664 521 2698 πεισθῇ
540 2668 548 2677 '
580 2662 629 2687 ἐὰν
655 2661 683 2687 δὲ
703 2660 751 2686 καὶ
773 2658 869 2685 τούτου

83 2713 293 2748 καταφρονήσῃ,
311 2711 372 2738 τότε
391 2709 484 2737 λοιπὸν
497 2709 548 2744 τὴν
562 2706 698 2742 ἁποὸολὴν
714 2704 868 2740 ὑποπτήεη,

83 2759 189 2794 πικρὰν
212 2755 306 2789 οὖσαν,
330 2753 389 2782 εἶτα
414 2755 462 2781 καὶ
488 2755 537 2788 τὴν
562 2751 667 2779 ἄνωθεν
693 2750 796 2785 ψῆφον,
823 2757 871 2782 φο-

85 2803 244 2838 ϐερωτέραν
260 2800 362 2835 ταύτης
379 2800 584 2835 τυγχάνουσαν,
605 2796 651 2823 καὶ
671 2795 780 2826 πάντως
797 2793 871 2825 διορ-

87 2848 172 2883 θωθῇ.

123 2894 220 2922 Πάλιν
240 2909 274 2914 -
289 2894 340 2922 τοῦ
360 2893 393 2919 ἐν
407 2891 468 2924 τοῖς
482 2887 632 2923 οὐρανοῖς.
655 2886 755 2913 Βαῆαεί
785 2885 870 2920 πότην

923 2282 976 2310 hoc
991 2281 1064 2308 Deus
1080 2280 1109 2307 in
1117 2279 1186 2307 cmlo
1202 2283 1292 2306 ratum
1307 2278 1417 2305 habebit
1431 2287 1437 2305 :
1454 2278 1512 2305 sive
1520 2284 1568 2304 eos
1588 2277 1633 2311 qui
1650 2281 1714 2304 sunt

920 2327 1088 2355 incurabiles
1101 2326 1135 2354 ab
1147 2324 1269 2353 Ecclesia
1284 2323 1500 2359 amputaveritis,
1518 2322 1575 2349 sive
1592 2326 1714 2357 postmo-

920 2374 985 2402 dum
1001 2373 1190 2408 resiplscentes
1217 2370 1384 2405 receperitis.
1405 2369 1468 2396 Haec
1487 2373 1577 2395 autem
1601 2368 1714 2395 commi-

921 2423 1002 2447 natus
1014 2422 1068 2451 est,
1081 2425 1137 2445 non
1150 2420 1180 2444 ut
1191 2417 1249 2444 haec
1258 2415 1334 2447 ﬁant,
1359 2415 1408 2442 sed
1429 2420 1459 2441 ut
1468 2413 1584 2449 quisque
1600 2413 1714 2440 territus

921 2470 949 2493 et
964 2465 1091 2493 Ecclesia;
1103 2464 1318 2499 ampulationem
1330 2467 1356 2489 et
1377 2461 1422 2489 Dei
1436 2459 1605 2487 sententiam
1622 2463 1713 2485 mutet

923 2520 955 2540 ac
969 2513 1115 2544 liberetur,
1147 2516 1240 2538 eteam
1257 2508 1367 2536 evadat.
1388 2506 1454 2533 Nam
1468 2511 1496 2532 et
1509 2509 1620 2540 propter
1643 2502 1715 2534 hec,

925 2558 1054 2593 primum,
1070 2556 1232 2589 secundum,
1248 2562 1280 2582 ac
1292 2553 1401 2581 tertium
1417 2551 1536 2579 tribunal
1562 2548 1715 2581 constituit,

924 2609 951 2631 et
962 2602 1208 2638 tandemjudicavit
1217 2608 1279 2629 eum
1296 2598 1480 2634 abjiciendum
1501 2606 1508 2623 :
1522 2596 1582 2623 utsi
1598 2596 1715 2631 primum

924 2658 979 2678 non
995 2649 1112 2680 audiret,
1125 2647 1248 2675 obediret
1257 2645 1378 2674 secundo
1392 2653 1399 2677 ;
1413 2644 1434 2671 si
1445 2649 1535 2670 autem
1549 2646 1577 2669 et
1590 2642 1642 2668 hoc
1664 2641 1713 2668 de—

925 2697 1051 2732 spiceret,
1062 2696 1169 2724 timeret
1178 2694 1220 2722 vel
1230 2693 1339 2721 tertium
1351 2700 1358 2724 ;
1371 2690 1444 2726 quod
1457 2690 1479 2717 si
1494 2689 1574 2717 etiam
1588 2688 1639 2715 hoc
1648 2695 1716 2714 con-

926 2747 1070 2773 temneret,
1080 2741 1134 2776 jam
1147 2744 1212 2767 tunc
1223 2737 1404 2772 abjectionem
1417 2734 1575 2762 formidaret
1596 2740 1715 2759 amaram

925 2795 1126 2824 supernamque
1140 2785 1318 2816 sententiam.
1327 2791 1388 2819 quae
1402 2783 1453 2810 hac
1463 2780 1617 2816 abjectione
1626 2778 1712 2814 magis

927 2834 1095 2863 formidanda
1105 2838 1166 2860 est:
1183 2836 1211 2859 et
1227 2831 1262 2858 ita
1277 2830 1389 2857 omnino
1406 2827 1597 2863 corrigeretur.

962 2881 1038 2908 Vers.
1055 2880 1095 2906 l9.
1113 2878 1260 2906 Rursum—
1273 2877 1319 2912 qui
1334 2877 1361 2903 in
1372 2876 1441 2903 caelis
1449 2878 1487 2901 est
1513 2873 1592 2908 1‘..sz
1609 2872 1615 2899 !
1630 2880 1716 2907 quatt-
