  <div class='ocr_page' id='page_1' title='image "/cluster/home/n/w/nwhite01/storage/ocr_20150623/129/njp.32101077773065/281.png"; bbox 0 0 1937 3072; ppageno 0'>
   <div class='ocr_carea' id='block_1_1' title="bbox 258 128 1084 161">
    <p class='ocr_par' dir='ltr' id='par_1_1' title="bbox 258 128 1084 161">
     <span class='ocr_line' id='line_1_1' title="bbox 258 128 1084 161; baseline -0.004 -1"><span class='ocrx_word' id='word_1_1' title='bbox 258 128 310 161; x_wconf 72' lang='lat'><strong>519</strong></span> <span class='ocrx_word' id='word_1_2' title='bbox 891 128 1084 160; x_wconf 83' lang='lat' dir='ltr'><strong>EUTHYMII</strong></span> 
     </span>
    </p>
   </div>
   <div class='ocr_carea' id='block_1_2' title="bbox 290 181 1090 218">
    <p class='ocr_par' dir='ltr' id='par_1_2' title="bbox 290 181 1090 218">
     <span class='ocr_line' id='line_1_2' title="bbox 290 181 1090 218; baseline -0.004 -7"><span class='ocrx_word' id='word_1_3' title='bbox 290 184 369 211; x_wconf 69' lang='grc' dir='ltr'>νει-ε.</span> <span class='ocrx_word' id='word_1_4' title='bbox 384 183 427 211; x_wconf 83' lang='grc' dir='ltr'><strong>Η.</strong></span> <span class='ocrx_word' id='word_1_5' title='bbox 442 183 492 210; x_wconf 73' lang='lat' dir='ltr'><strong>Ille</strong></span> <span class='ocrx_word' id='word_1_6' title='bbox 505 198 538 204; x_wconf 90' lang='lat'><strong>—--</strong></span> <span class='ocrx_word' id='word_1_7' title='bbox 549 182 628 218; x_wconf 73' lang='lat' dir='ltr'><strong>hujus</strong></span> <span class='ocrx_word' id='word_1_8' title='bbox 636 182 709 209; x_wconf 81' lang='lat' dir='ltr'><strong>dicti.</strong></span> <span class='ocrx_word' id='word_1_9' title='bbox 721 182 780 209; x_wconf 86' lang='lat' dir='ltr'><strong>Non</strong></span> <span class='ocrx_word' id='word_1_10' title='bbox 793 189 888 210; x_wconf 81' lang='lat' dir='ltr'><strong>omnes</strong></span> <span class='ocrx_word' id='word_1_11' title='bbox 899 181 1054 217; x_wconf 85' lang='lat' dir='ltr'><strong>suscipiunt</strong></span> <span class='ocrx_word' id='word_1_12' title='bbox 1068 185 1090 212; x_wconf 78' lang='grc' dir='ltr'><strong>Α</strong></span> 
     </span>
    </p>
   </div>
   <div class='ocr_carea' id='block_1_3' title="bbox 255 228 1051 260">
    <p class='ocr_par' dir='ltr' id='par_1_3' title="bbox 255 228 1051 260">
     <span class='ocr_line' id='line_1_3' title="bbox 255 228 1051 260; baseline -0.005 -2"><span class='ocrx_word' id='word_1_13' title='bbox 255 230 331 258; x_wconf 85' lang='lat' dir='ltr'><strong>hunc</strong></span> <span class='ocrx_word' id='word_1_14' title='bbox 358 237 511 257; x_wconf 85' lang='lat' dir='ltr'><strong>sermonem</strong></span> <span class='ocrx_word' id='word_1_15' title='bbox 527 229 561 256; x_wconf 88' lang='lat' dir='ltr'><strong>de</strong></span> <span class='ocrx_word' id='word_1_16' title='bbox 586 237 641 255; x_wconf 92' lang='lat' dir='ltr'><strong>non</strong></span> <span class='ocrx_word' id='word_1_17' title='bbox 659 228 848 255; x_wconf 86' lang='lat' dir='ltr'><strong>contrahendo</strong></span> <span class='ocrx_word' id='word_1_18' title='bbox 859 228 1051 260; x_wconf 81' lang='lat' dir='ltr'><strong>mairimonio;</strong></span> 
     </span>
    </p>
   </div>
   <div class='ocr_carea' id='block_1_4' title="bbox 256 274 1051 310">
    <p class='ocr_par' dir='ltr' id='par_1_4' title="bbox 256 274 1051 310">
     <span class='ocr_line' id='line_1_4' title="bbox 256 274 1051 310; baseline -0.005 -5"><span class='ocrx_word' id='word_1_19' title='bbox 256 285 312 305; x_wconf 86' lang='lat' dir='ltr'><strong>non</strong></span> <span class='ocrx_word' id='word_1_20' title='bbox 328 284 424 304; x_wconf 90' lang='lat' dir='ltr'><strong>omnes</strong></span> <span class='ocrx_word' id='word_1_21' title='bbox 443 277 545 302; x_wconf 83' lang='lat' dir='ltr'><strong>t&#39;erunt.</strong></span> <span class='ocrx_word' id='word_1_22' title='bbox 567 275 663 310; x_wconf 77' lang='lat' dir='ltr'><strong>Magna</strong></span> <span class='ocrx_word' id='word_1_23' title='bbox 690 275 763 302; x_wconf 80' lang='lat' dir='ltr'><strong>enim</strong></span> <span class='ocrx_word' id='word_1_24' title='bbox 781 282 823 302; x_wconf 89' lang='lat' dir='ltr'><strong>res</strong></span> <span class='ocrx_word' id='word_1_25' title='bbox 839 279 881 302; x_wconf 87' lang='lat' dir='ltr'><strong>est</strong></span> <span class='ocrx_word' id='word_1_26' title='bbox 896 274 1051 308; x_wconf 62' lang='lat' dir='ltr'><strong>caelibatus,</strong></span> 
     </span>
    </p>
   </div>
   <div class='ocr_carea' id='block_1_5' title="bbox 257 321 689 355">
    <p class='ocr_par' dir='ltr' id='par_1_5' title="bbox 257 321 689 355">
     <span class='ocr_line' id='line_1_5' title="bbox 257 321 689 355; baseline -0.009 -4"><span class='ocrx_word' id='word_1_27' title='bbox 257 331 307 351; x_wconf 89' lang='lat' dir='ltr'><strong>nec</strong></span> <span class='ocrx_word' id='word_1_28' title='bbox 322 323 356 350; x_wconf 86' lang='lat' dir='ltr'><strong>ab</strong></span> <span class='ocrx_word' id='word_1_29' title='bbox 369 321 497 349; x_wconf 82' lang='lat' dir='ltr'><strong>omnibus</strong></span> <span class='ocrx_word' id='word_1_30' title='bbox 511 321 577 348; x_wconf 84' lang='lat' dir='ltr'><strong>ferri</strong></span> <span class='ocrx_word' id='word_1_31' title='bbox 590 325 689 355; x_wconf 86' lang='lat' dir='ltr'><strong>potest.</strong></span> 
     </span>
    </p>
   </div>
   <div class='ocr_carea' id='block_1_6' title="bbox 293 364 1051 401">
    <p class='ocr_par' dir='ltr' id='par_1_6' title="bbox 293 364 1051 401">
     <span class='ocr_line' id='line_1_6' title="bbox 293 364 1051 401; baseline -0.005 -6"><span class='ocrx_word' id='word_1_32' title='bbox 293 367 371 395; x_wconf 83' lang='lat' dir='ltr'><strong>Vers.</strong></span> <span class='ocrx_word' id='word_1_33' title='bbox 396 366 436 394; x_wconf 84' lang='grc' dir='ltr'>Η.</span> <span class='ocrx_word' id='word_1_34' title='bbox 456 365 509 393; x_wconf 77' lang='lat' dir='ltr'><strong>Sed</strong></span> <span class='ocrx_word' id='word_1_35' title='bbox 520 366 613 401; x_wconf 67' lang='lat' dir='ltr'><strong>quibus</strong></span> <span class='ocrx_word' id='word_1_36' title='bbox 628 366 719 392; x_wconf 82' lang='lat' dir='ltr'><strong>datum</strong></span> <span class='ocrx_word' id='word_1_37' title='bbox 738 369 787 392; x_wconf 76' lang='lat' dir='ltr'><strong>est.</strong></span> <span class='ocrx_word' id='word_1_38' title='bbox 814 364 869 392; x_wconf 84' lang='lat' dir='ltr'><strong>Soli</strong></span> <span class='ocrx_word' id='word_1_39' title='bbox 891 364 929 392; x_wconf 85' lang='lat' dir='ltr'><strong>illi</strong></span> <span class='ocrx_word' id='word_1_40' title='bbox 944 371 1051 392; x_wconf 76' lang='lat' dir='ltr'><strong>sermo-</strong></span> 
     </span>
    </p>
   </div>
   <div class='ocr_carea' id='block_1_7' title="bbox 256 411 1052 447">
    <p class='ocr_par' dir='ltr' id='par_1_7' title="bbox 256 411 1052 447">
     <span class='ocr_line' id='line_1_7' title="bbox 256 411 1052 447; baseline -0.004 -7"><span class='ocrx_word' id='word_1_41' title='bbox 256 421 319 440; x_wconf 87' lang='lat' dir='ltr'><strong>nem</strong></span> <span class='ocrx_word' id='word_1_42' title='bbox 341 414 415 440; x_wconf 86' lang='lat' dir='ltr'><strong>hunc</strong></span> <span class='ocrx_word' id='word_1_43' title='bbox 432 412 587 447; x_wconf 85' lang='lat' dir='ltr'><strong>suscipiunt</strong></span> <span class='ocrx_word' id='word_1_44' title='bbox 612 416 639 438; x_wconf 86' lang='lat' dir='ltr'><strong>et</strong></span> <span class='ocrx_word' id='word_1_45' title='bbox 655 412 758 444; x_wconf 79' lang='lat' dir='ltr'><strong>lerunt,</strong></span> <span class='ocrx_word' id='word_1_46' title='bbox 780 411 880 446; x_wconf 85' lang='lat' dir='ltr'><strong>quibus</strong></span> <span class='ocrx_word' id='word_1_47' title='bbox 893 411 984 438; x_wconf 89' lang='lat' dir='ltr'><strong>datum</strong></span> <span class='ocrx_word' id='word_1_48' title='bbox 1009 414 1052 438; x_wconf 86' lang='lat' dir='ltr'><strong>est</strong></span> 
     </span>
    </p>
   </div>
   <div class='ocr_carea' id='block_1_8' title="bbox 255 457 1050 492">
    <p class='ocr_par' dir='ltr' id='par_1_8' title="bbox 255 457 1050 492">
     <span class='ocr_line' id='line_1_8' title="bbox 255 457 1050 492; baseline -0.001 -6"><span class='ocrx_word' id='word_1_49' title='bbox 255 461 306 486; x_wconf 82' lang='lat' dir='ltr'><strong>hoc</strong></span> <span class='ocrx_word' id='word_1_50' title='bbox 326 459 427 486; x_wconf 84' lang='lat' dir='ltr'><strong>donum</strong></span> <span class='ocrx_word' id='word_1_51' title='bbox 443 467 458 485; x_wconf 85' lang='lat' dir='ltr'><strong>a</strong></span> <span class='ocrx_word' id='word_1_52' title='bbox 474 458 543 491; x_wconf 84' lang='lat' dir='ltr'><strong>Deo;</strong></span> <span class='ocrx_word' id='word_1_53' title='bbox 561 458 654 485; x_wconf 86' lang='lat' dir='ltr'><strong>datum</strong></span> <span class='ocrx_word' id='word_1_54' title='bbox 667 463 710 484; x_wconf 88' lang='lat' dir='ltr'><strong>est</strong></span> <span class='ocrx_word' id='word_1_55' title='bbox 724 462 814 485; x_wconf 83' lang='lat' dir='ltr'><strong>autem</strong></span> <span class='ocrx_word' id='word_1_56' title='bbox 832 457 874 485; x_wconf 84' lang='lat' dir='ltr'><strong>his</strong></span> <span class='ocrx_word' id='word_1_57' title='bbox 887 457 932 492; x_wconf 90' lang='lat' dir='ltr'><strong>qui</strong></span> <span class='ocrx_word' id='word_1_58' title='bbox 947 458 1050 491; x_wconf 83' lang='lat' dir='ltr'><strong>petive-</strong></span> 
     </span>
    </p>
   </div>
   <div class='ocr_carea' id='block_1_9' title="bbox 255 503 1050 538">
    <p class='ocr_par' dir='ltr' id='par_1_9' title="bbox 255 503 1050 538">
     <span class='ocr_line' id='line_1_9' title="bbox 255 503 1050 538; baseline -0.004 -6"><span class='ocrx_word' id='word_1_59' title='bbox 255 510 328 532; x_wconf 72' lang='lat' dir='ltr'><strong>runt.</strong></span> <span class='ocrx_word' id='word_1_60' title='bbox 348 505 432 531; x_wconf 66' lang='lat' dir='ltr'><strong>Petita</strong></span> <span class='ocrx_word' id='word_1_61' title='bbox 445 505 529 537; x_wconf 84' lang='lat' dir='ltr'><strong>enim,</strong></span> <span class='ocrx_word' id='word_1_62' title='bbox 543 504 592 536; x_wconf 86' lang='lat' dir='ltr'><strong>ait,</strong></span> <span class='ocrx_word' id='word_1_63' title='bbox 607 509 632 530; x_wconf 85' lang='lat' dir='ltr'><strong>et</strong></span> <span class='ocrx_word' id='word_1_64' title='bbox 651 504 760 530; x_wconf 78' lang='lat' dir='ltr'><strong>dabitur</strong></span> <span class='ocrx_word' id='word_1_65' title='bbox 774 504 844 531; x_wconf 69' lang='lat' dir='ltr'><strong>vobis</strong></span> <span class='ocrx_word' id='word_1_66' title='bbox 860 504 882 519; x_wconf 82' lang='grc'><strong>⁸⁸</strong></span> <span class='ocrx_word' id='word_1_67' title='bbox 897 512 904 537; x_wconf 88' lang='grc'>;</span> <span class='ocrx_word' id='word_1_68' title='bbox 929 503 1050 538; x_wconf 85' lang='lat' dir='ltr'><strong>petenti-</strong></span> 
     </span>
    </p>
   </div>
   <div class='ocr_carea' id='block_1_10' title="bbox 255 548 1050 584">
    <p class='ocr_par' dir='ltr' id='par_1_10' title="bbox 255 548 1050 584">
     <span class='ocr_line' id='line_1_10' title="bbox 255 548 1050 584; baseline -0.001 -8"><span class='ocrx_word' id='word_1_69' title='bbox 255 549 317 582; x_wconf 91' lang='lat' dir='ltr'><strong>bus,</strong></span> <span class='ocrx_word' id='word_1_70' title='bbox 347 549 469 584; x_wconf 87' lang='lat' dir='ltr'><strong>inquam,</strong></span> <span class='ocrx_word' id='word_1_71' title='bbox 497 557 552 576; x_wconf 90' lang='lat' dir='ltr'><strong>non</strong></span> <span class='ocrx_word' id='word_1_72' title='bbox 575 549 746 584; x_wconf 85' lang='lat' dir='ltr'><strong>simpliciter.</strong></span> <span class='ocrx_word' id='word_1_73' title='bbox 777 548 823 576; x_wconf 86' lang='lat' dir='ltr'><strong>sed</strong></span> <span class='ocrx_word' id='word_1_74' title='bbox 852 548 992 576; x_wconf 74' lang='lat' dir='ltr'><strong>ferventer</strong></span> <span class='ocrx_word' id='word_1_75' title='bbox 1022 552 1050 575; x_wconf 86' lang='lat' dir='ltr'><strong>et</strong></span> 
     </span>
    </p>
   </div>
   <div class='ocr_carea' id='block_1_11' title="bbox 254 595 1048 629">
    <p class='ocr_par' dir='ltr' id='par_1_11' title="bbox 254 595 1048 629">
     <span class='ocr_line' id='line_1_11' title="bbox 254 595 1048 629; baseline 0 -8"><span class='ocrx_word' id='word_1_76' title='bbox 254 601 461 629; x_wconf 73' lang='lat' dir='ltr'><strong>perseveranter</strong></span> <span class='ocrx_word' id='word_1_77' title='bbox 475 604 482 622; x_wconf 89' lang='lat'><strong>:</strong></span> <span class='ocrx_word' id='word_1_78' title='bbox 497 600 540 628; x_wconf 89' lang='lat' dir='ltr'><strong>et,</strong></span> <span class='ocrx_word' id='word_1_79' title='bbox 561 599 590 622; x_wconf 86' lang='grc' dir='ltr'><strong>ιιι</strong></span> <span class='ocrx_word' id='word_1_80' title='bbox 619 595 702 622; x_wconf 84' lang='lat' dir='ltr'><strong>semel</strong></span> <span class='ocrx_word' id='word_1_81' title='bbox 725 595 824 628; x_wconf 83' lang='lat' dir='ltr'><strong>dicam,</strong></span> <span class='ocrx_word' id='word_1_82' title='bbox 841 599 912 622; x_wconf 76' lang='lat' dir='ltr'><strong>srcut</strong></span> <span class='ocrx_word' id='word_1_83' title='bbox 930 599 1048 629; x_wconf 86' lang='lat' dir='ltr'><strong>oportet.</strong></span> 
     </span>
    </p>
   </div>
   <div class='ocr_carea' id='block_1_12' title="bbox 254 641 1049 678">
    <p class='ocr_par' dir='ltr' id='par_1_12' title="bbox 254 641 1049 678">
     <span class='ocr_line' id='line_1_12' title="bbox 254 641 1049 678; baseline 0 -10"><span class='ocrx_word' id='word_1_84' title='bbox 254 641 442 676; x_wconf 77' lang='lat' dir='ltr'><strong>Signiﬁcatum</strong></span> <span class='ocrx_word' id='word_1_85' title='bbox 458 647 499 670; x_wconf 84' lang='lat' dir='ltr'><strong>est</strong></span> <span class='ocrx_word' id='word_1_86' title='bbox 510 649 576 678; x_wconf 77' lang='lat' dir='ltr'><strong>ergo</strong></span> <span class='ocrx_word' id='word_1_87' title='bbox 589 642 774 678; x_wconf 75' lang='lat' dir='ltr'><strong>virginitatem</strong></span> <span class='ocrx_word' id='word_1_88' title='bbox 798 641 846 669; x_wconf 86' lang='lat' dir='ltr'><strong>Dei</strong></span> <span class='ocrx_word' id='word_1_89' title='bbox 858 641 959 668; x_wconf 88' lang='lat' dir='ltr'><strong>donum</strong></span> <span class='ocrx_word' id='word_1_90' title='bbox 976 648 1049 673; x_wconf 82' lang='lat' dir='ltr'><strong>esse.</strong></span> 
     </span>
    </p>
   </div>
   <div class='ocr_carea' id='block_1_13' title="bbox 254 689 949 725">
    <p class='ocr_par' dir='ltr' id='par_1_13' title="bbox 254 689 949 725">
     <span class='ocr_line' id='line_1_13' title="bbox 254 689 949 725; baseline 0.001 -9"><span class='ocrx_word' id='word_1_91' title='bbox 254 690 345 716; x_wconf 73' lang='lat' dir='ltr'><strong>datum</strong></span> <span class='ocrx_word' id='word_1_92' title='bbox 366 689 409 716; x_wconf 88' lang='lat' dir='ltr'><strong>his</strong></span> <span class='ocrx_word' id='word_1_93' title='bbox 428 689 473 724; x_wconf 89' lang='lat' dir='ltr'><strong>qui</strong></span> <span class='ocrx_word' id='word_1_94' title='bbox 490 694 598 725; x_wconf 87' lang='lat' dir='ltr'><strong>petunt,</strong></span> <span class='ocrx_word' id='word_1_95' title='bbox 620 694 649 716; x_wconf 92' lang='lat' dir='ltr'><strong>ut</strong></span> <span class='ocrx_word' id='word_1_96' title='bbox 666 693 782 724; x_wconf 89' lang='lat' dir='ltr'><strong>oportet.</strong></span> <span class='ocrx_word' id='word_1_97' title='bbox 944 714 949 720; x_wconf 88' lang='lat'><strong>,</strong></span> 
     </span>
    </p>
   </div>
   <div class='ocr_carea' id='block_1_14' title="bbox 291 734 1050 769">
    <p class='ocr_par' dir='ltr' id='par_1_14' title="bbox 291 734 1050 769">
     <span class='ocr_line' id='line_1_14' title="bbox 291 734 1050 769; baseline -0.005 -5"><span class='ocrx_word' id='word_1_98' title='bbox 291 735 370 764; x_wconf 70' lang='lat' dir='ltr'><strong>Vera.</strong></span> <span class='ocrx_word' id='word_1_99' title='bbox 388 735 433 764; x_wconf 74' lang='lat' dir='ltr'><strong>l2.</strong></span> <span class='ocrx_word' id='word_1_100' title='bbox 448 735 515 763; x_wconf 79' lang='lat' dir='ltr'><strong>Sunt</strong></span> <span class='ocrx_word' id='word_1_101' title='bbox 533 751 567 756; x_wconf 90' lang='lat'><strong>-—</strong></span> <span class='ocrx_word' id='word_1_102' title='bbox 579 736 715 764; x_wconf 67' lang='lat' dir='ltr'><strong>calorum.</strong></span> <span class='ocrx_word' id='word_1_103' title='bbox 741 735 811 769; x_wconf 83' lang='lat' dir='ltr'><strong>Quia</strong></span> <span class='ocrx_word' id='word_1_104' title='bbox 822 735 855 763; x_wconf 87' lang='lat' dir='ltr'><strong>dc</strong></span> <span class='ocrx_word' id='word_1_105' title='bbox 871 734 996 763; x_wconf 61' lang='lat' dir='ltr'><strong>caelibatu</strong></span> <span class='ocrx_word' id='word_1_106' title='bbox 1008 734 1050 761; x_wconf 91' lang='lat' dir='ltr'><strong>in-</strong></span> 
     </span>
    </p>
   </div>
   <div class='ocr_carea' id='block_1_15' title="bbox 254 780 1048 816">
    <p class='ocr_par' dir='ltr' id='par_1_15' title="bbox 254 780 1048 816">
     <span class='ocr_line' id='line_1_15' title="bbox 254 780 1048 816; baseline -0.004 -7"><span class='ocrx_word' id='word_1_107' title='bbox 254 781 321 809; x_wconf 89' lang='lat' dir='ltr'><strong>cidit</strong></span> <span class='ocrx_word' id='word_1_108' title='bbox 335 789 437 814; x_wconf 86' lang='lat' dir='ltr'><strong>sermo,</strong></span> <span class='ocrx_word' id='word_1_109' title='bbox 454 781 533 809; x_wconf 83' lang='lat' dir='ltr'><strong>docet</strong></span> <span class='ocrx_word' id='word_1_110' title='bbox 551 789 624 809; x_wconf 88' lang='lat' dir='ltr'><strong>nunc</strong></span> <span class='ocrx_word' id='word_1_111' title='bbox 638 782 673 809; x_wconf 86' lang='lat' dir='ltr'><strong>de</strong></span> <span class='ocrx_word' id='word_1_112' title='bbox 692 781 816 816; x_wconf 82' lang='lat' dir='ltr'><strong>innuptis</strong></span> <span class='ocrx_word' id='word_1_113' title='bbox 832 789 840 813; x_wconf 85' lang='lat'><strong>;</strong></span> <span class='ocrx_word' id='word_1_114' title='bbox 868 785 896 808; x_wconf 89' lang='lat' dir='ltr'><strong>et</strong></span> <span class='ocrx_word' id='word_1_115' title='bbox 911 780 962 807; x_wconf 87' lang='lat' dir='ltr'><strong>tria</strong></span> <span class='ocrx_word' id='word_1_116' title='bbox 979 787 1048 807; x_wconf 90' lang='lat' dir='ltr'><strong>enu-</strong></span> 
     </span>
    </p>
   </div>
   <div class='ocr_carea' id='block_1_16' title="bbox 254 825 1047 863">
    <p class='ocr_par' dir='ltr' id='par_1_16' title="bbox 254 825 1047 863">
     <span class='ocr_line' id='line_1_16' title="bbox 254 825 1047 863; baseline -0.004 -9"><span class='ocrx_word' id='word_1_117' title='bbox 254 831 342 854; x_wconf 86' lang='lat' dir='ltr'><strong>merat</strong></span> <span class='ocrx_word' id='word_1_118' title='bbox 354 835 455 863; x_wconf 78' lang='lat' dir='ltr'><strong>genera</strong></span> <span class='ocrx_word' id='word_1_119' title='bbox 464 827 664 860; x_wconf 88' lang='lat' dir='ltr'><strong>eunuchorum,</strong></span> <span class='ocrx_word' id='word_1_120' title='bbox 680 834 795 862; x_wconf 89' lang='lat' dir='ltr'><strong>quorum</strong></span> <span class='ocrx_word' id='word_1_121' title='bbox 815 825 933 860; x_wconf 87' lang='lat' dir='ltr'><strong>primum</strong></span> <span class='ocrx_word' id='word_1_122' title='bbox 946 825 1047 851; x_wconf 90' lang='lat' dir='ltr'><strong>nullam</strong></span> 
     </span>
    </p>
   </div>
   <div class='ocr_carea' id='block_1_17' title="bbox 254 871 1047 905">
    <p class='ocr_par' dir='ltr' id='par_1_17' title="bbox 254 871 1047 905">
     <span class='ocr_line' id='line_1_17' title="bbox 254 871 1047 905; baseline -0.003 -6"><span class='ocrx_word' id='word_1_123' title='bbox 254 871 374 899; x_wconf 85' lang='lat' dir='ltr'><strong>sustinet</strong></span> <span class='ocrx_word' id='word_1_124' title='bbox 393 872 570 904; x_wconf 80' lang='lat' dir='ltr'><strong>calumniam,</strong></span> <span class='ocrx_word' id='word_1_125' title='bbox 587 871 739 899; x_wconf 83' lang='lat' dir='ltr'><strong>secundum</strong></span> <span class='ocrx_word' id='word_1_126' title='bbox 751 875 843 898; x_wconf 88' lang='lat' dir='ltr'><strong>autem</strong></span> <span class='ocrx_word' id='word_1_127' title='bbox 864 871 1047 905; x_wconf 85' lang='lat' dir='ltr'><strong>vituperatur,</strong></span> 
     </span>
    </p>
   </div>
   <div class='ocr_carea' id='block_1_18' title="bbox 253 915 1048 951">
    <p class='ocr_par' dir='ltr' id='par_1_18' title="bbox 253 915 1048 951">
     <span class='ocr_line' id='line_1_18' title="bbox 253 915 1048 951; baseline -0.001 -7"><span class='ocrx_word' id='word_1_128' title='bbox 253 917 364 945; x_wconf 91' lang='lat' dir='ltr'><strong>tertium</strong></span> <span class='ocrx_word' id='word_1_129' title='bbox 392 925 458 945; x_wconf 82' lang='lat' dir='ltr'><strong>vero</strong></span> <span class='ocrx_word' id='word_1_130' title='bbox 477 917 611 945; x_wconf 83' lang='lat' dir='ltr'><strong>laudabile</strong></span> <span class='ocrx_word' id='word_1_131' title='bbox 635 923 677 945; x_wconf 80' lang='lat' dir='ltr'><strong>est</strong></span> <span class='ocrx_word' id='word_1_132' title='bbox 694 925 700 944; x_wconf 94' lang='lat'>:</span> <span class='ocrx_word' id='word_1_133' title='bbox 716 925 811 945; x_wconf 86' lang='lat' dir='ltr'><strong>eorum</strong></span> <span class='ocrx_word' id='word_1_134' title='bbox 849 916 977 944; x_wconf 84' lang='lat' dir='ltr'><strong>videlicet</strong></span> <span class='ocrx_word' id='word_1_135' title='bbox 1002 915 1048 951; x_wconf 88' lang='lat' dir='ltr'><strong>qui</strong></span> 
     </span>
    </p>
   </div>
   <div class='ocr_carea' id='block_1_19' title="bbox 1063 857 1085 884">
    <p class='ocr_par' dir='ltr' id='par_1_19' title="bbox 1063 857 1085 884">
     <span class='ocr_line' id='line_1_19' title="bbox 1063 857 1085 884; baseline 0 0"><span class='ocrx_word' id='word_1_136' title='bbox 1063 857 1085 884; x_wconf 81' lang='grc' dir='ltr'><strong><em>Β</em></strong></span> 
     </span>
    </p>
   </div>
   <div class='ocr_carea' id='block_1_20' title="bbox 252 964 1047 1000">
    <p class='ocr_par' dir='ltr' id='par_1_20' title="bbox 252 964 1047 1000">
     <span class='ocr_line' id='line_1_20' title="bbox 252 964 1047 1000; baseline 0 -10"><span class='ocrx_word' id='word_1_137' title='bbox 252 964 360 999; x_wconf 84' lang='lat' dir='ltr'><strong>seipsos</strong></span> <span class='ocrx_word' id='word_1_138' title='bbox 388 969 591 996; x_wconf 84' lang='lat' dir='ltr'><strong>eastraverunt.</strong></span> <span class='ocrx_word' id='word_1_139' title='bbox 617 970 647 993; x_wconf 81' lang='lat' dir='ltr'><strong>ut</strong></span> <span class='ocrx_word' id='word_1_140' title='bbox 660 973 774 1000; x_wconf 79' lang='lat' dir='ltr'><strong>regnum</strong></span> <span class='ocrx_word' id='word_1_141' title='bbox 791 965 923 992; x_wconf 67' lang='lat' dir='ltr'><strong>caelorum</strong></span> <span class='ocrx_word' id='word_1_142' title='bbox 945 970 1047 991; x_wconf 87' lang='lat' dir='ltr'><strong>conse-</strong></span> 
     </span>
    </p>
   </div>
   <div class='ocr_carea' id='block_1_21' title="bbox 251 1007 1048 1043">
    <p class='ocr_par' dir='ltr' id='par_1_21' title="bbox 251 1007 1048 1043">
     <span class='ocr_line' id='line_1_21' title="bbox 251 1007 1048 1043; baseline -0.001 -8"><span class='ocrx_word' id='word_1_143' title='bbox 251 1013 412 1043; x_wconf 87' lang='lat' dir='ltr'><strong>querentur,</strong></span> <span class='ocrx_word' id='word_1_144' title='bbox 429 1016 484 1036; x_wconf 94' lang='lat' dir='ltr'><strong>non</strong></span> <span class='ocrx_word' id='word_1_145' title='bbox 500 1008 632 1036; x_wconf 85' lang='lat' dir='ltr'><strong>novacula</strong></span> <span class='ocrx_word' id='word_1_146' title='bbox 659 1009 748 1036; x_wconf 80' lang='lat' dir='ltr'><strong>ferrea</strong></span> <span class='ocrx_word' id='word_1_147' title='bbox 774 1013 935 1036; x_wconf 81' lang='lat' dir='ltr'><strong>exsccantes</strong></span> <span class='ocrx_word' id='word_1_148' title='bbox 945 1007 1048 1043; x_wconf 78' lang='lat' dir='ltr'><strong>genita-</strong></span> 
     </span>
    </p>
   </div>
   <div class='ocr_carea' id='block_1_22' title="bbox 252 1055 1048 1090">
    <p class='ocr_par' dir='ltr' id='par_1_22' title="bbox 252 1055 1048 1090">
     <span class='ocr_line' id='line_1_22' title="bbox 252 1055 1048 1090; baseline -0.001 -9"><span class='ocrx_word' id='word_1_149' title='bbox 252 1055 304 1086; x_wconf 90' lang='lat' dir='ltr'><strong>lia,</strong></span> <span class='ocrx_word' id='word_1_150' title='bbox 321 1055 368 1082; x_wconf 85' lang='lat' dir='ltr'><strong>sed</strong></span> <span class='ocrx_word' id='word_1_151' title='bbox 389 1055 558 1083; x_wconf 83' lang='lat' dir='ltr'><strong>continentia</strong></span> <span class='ocrx_word' id='word_1_152' title='bbox 582 1055 718 1082; x_wconf 89' lang='lat' dir='ltr'><strong>insaniam</strong></span> <span class='ocrx_word' id='word_1_153' title='bbox 733 1055 964 1090; x_wconf 62' lang='lat' dir='ltr'><strong>concupiscentia</strong></span> <span class='ocrx_word' id='word_1_154' title='bbox 988 1061 1048 1080; x_wconf 89' lang='lat' dir='ltr'><strong>am-</strong></span> 
     </span>
    </p>
   </div>
   <div class='ocr_carea' id='block_1_23' title="bbox 253 1101 1046 1136">
    <p class='ocr_par' dir='ltr' id='par_1_23' title="bbox 253 1101 1046 1136">
     <span class='ocr_line' id='line_1_23' title="bbox 253 1101 1046 1136; baseline -0.001 -9"><span class='ocrx_word' id='word_1_155' title='bbox 253 1105 393 1135; x_wconf 82' lang='lat' dir='ltr'><strong>putantes.</strong></span> <span class='ocrx_word' id='word_1_156' title='bbox 423 1106 450 1128; x_wconf 92' lang='lat' dir='ltr'><strong>et</strong></span> <span class='ocrx_word' id='word_1_157' title='bbox 480 1109 573 1128; x_wconf 89' lang='lat' dir='ltr'><strong>amore</strong></span> <span class='ocrx_word' id='word_1_158' title='bbox 610 1101 784 1136; x_wconf 74' lang='lat' dir='ltr'><strong>virginitatis,</strong></span> <span class='ocrx_word' id='word_1_159' title='bbox 808 1101 897 1128; x_wconf 86' lang='lat' dir='ltr'><strong>coitus</strong></span> <span class='ocrx_word' id='word_1_160' title='bbox 926 1107 1046 1127; x_wconf 91' lang='lat' dir='ltr'><strong>amorem</strong></span> 
     </span>
    </p>
   </div>
   <div class='ocr_carea' id='block_1_24' title="bbox 250 1144 1047 1177">
    <p class='ocr_par' dir='ltr' id='par_1_24' title="bbox 250 1144 1047 1177">
     <span class='ocr_line' id='line_1_24' title="bbox 250 1144 1047 1177; baseline 0 -7"><span class='ocrx_word' id='word_1_161' title='bbox 250 1152 436 1172; x_wconf 86' lang='lat' dir='ltr'><strong>emarcescere</strong></span> <span class='ocrx_word' id='word_1_162' title='bbox 452 1144 586 1172; x_wconf 77' lang='lat' dir='ltr'><strong>sitientes.</strong></span> <span class='ocrx_word' id='word_1_163' title='bbox 607 1144 731 1177; x_wconf 82' lang='lat' dir='ltr'><strong>Quorum</strong></span> <span class='ocrx_word' id='word_1_164' title='bbox 751 1145 824 1172; x_wconf 86' lang='lat' dir='ltr'><strong>enim</strong></span> <span class='ocrx_word' id='word_1_165' title='bbox 848 1149 972 1171; x_wconf 85' lang='lat' dir='ltr'><strong>naturam</strong></span> <span class='ocrx_word' id='word_1_166' title='bbox 988 1151 1047 1170; x_wconf 90' lang='lat' dir='ltr'><strong>ma-</strong></span> 
     </span>
    </p>
   </div>
   <div class='ocr_carea' id='block_1_25' title="bbox 250 1189 1046 1225">
    <p class='ocr_par' dir='ltr' id='par_1_25' title="bbox 250 1189 1046 1225">
     <span class='ocr_line' id='line_1_25' title="bbox 250 1189 1046 1225; baseline 0 -9"><span class='ocrx_word' id='word_1_167' title='bbox 250 1197 304 1217; x_wconf 83' lang='lat' dir='ltr'><strong>nus</strong></span> <span class='ocrx_word' id='word_1_168' title='bbox 321 1189 440 1217; x_wconf 87' lang='lat' dir='ltr'><strong>humana</strong></span> <span class='ocrx_word' id='word_1_169' title='bbox 461 1190 673 1223; x_wconf 82' lang='lat' dir='ltr'><strong>transformavit,</strong></span> <span class='ocrx_word' id='word_1_170' title='bbox 696 1190 852 1225; x_wconf 80' lang='lat' dir='ltr'><strong>ferrumque</strong></span> <span class='ocrx_word' id='word_1_171' title='bbox 877 1189 1046 1224; x_wconf 79' lang='lat' dir='ltr'><strong>depravavit,</strong></span> 
     </span>
    </p>
   </div>
   <div class='ocr_carea' id='block_1_26' title="bbox 250 1233 1046 1269">
    <p class='ocr_par' dir='ltr' id='par_1_26' title="bbox 250 1233 1046 1269">
     <span class='ocr_line' id='line_1_26' title="bbox 250 1233 1046 1269; baseline -0.001 -9"><span class='ocrx_word' id='word_1_172' title='bbox 250 1241 305 1260; x_wconf 92' lang='lat' dir='ltr'><strong>non</strong></span> <span class='ocrx_word' id='word_1_173' title='bbox 338 1238 443 1260; x_wconf 84' lang='lat' dir='ltr'><strong>tantum</strong></span> <span class='ocrx_word' id='word_1_174' title='bbox 459 1233 495 1260; x_wconf 80' lang='lat' dir='ltr'><strong>ob</strong></span> <span class='ocrx_word' id='word_1_175' title='bbox 511 1238 647 1261; x_wconf 86' lang='lat' dir='ltr'><strong>servatam</strong></span> <span class='ocrx_word' id='word_1_176' title='bbox 676 1233 862 1269; x_wconf 73' lang='lat' dir='ltr'><strong>virginitatem</strong></span> <span class='ocrx_word' id='word_1_177' title='bbox 886 1233 1046 1266; x_wconf 83' lang='lat' dir='ltr'><strong>laudantur,</strong></span> 
     </span>
    </p>
   </div>
   <div class='ocr_carea' id='block_1_27' title="bbox 249 1278 1046 1313">
    <p class='ocr_par' dir='ltr' id='par_1_27' title="bbox 249 1278 1046 1313">
     <span class='ocr_line' id='line_1_27' title="bbox 249 1278 1046 1313; baseline 0 -8"><span class='ocrx_word' id='word_1_178' title='bbox 249 1283 382 1313; x_wconf 88' lang='lat' dir='ltr'><strong>quantum</strong></span> <span class='ocrx_word' id='word_1_179' title='bbox 398 1278 426 1306; x_wconf 93' lang='lat' dir='ltr'><strong>hi</strong></span> <span class='ocrx_word' id='word_1_180' title='bbox 444 1279 491 1313; x_wconf 91' lang='lat' dir='ltr'><strong>qui</strong></span> <span class='ocrx_word' id='word_1_181' title='bbox 506 1279 591 1306; x_wconf 81' lang='lat' dir='ltr'><strong>veluti</strong></span> <span class='ocrx_word' id='word_1_182' title='bbox 617 1279 739 1307; x_wconf 78' lang='lat' dir='ltr'><strong>libidinis</strong></span> <span class='ocrx_word' id='word_1_183' title='bbox 759 1279 890 1310; x_wconf 80' lang='lat' dir='ltr'><strong>accusati,</strong></span> <span class='ocrx_word' id='word_1_184' title='bbox 915 1278 1046 1306; x_wconf 85' lang='lat' dir='ltr'><strong>ultionem</strong></span> 
     </span>
    </p>
   </div>
   <div class='ocr_carea' id='block_1_28' title="bbox 248 1324 1045 1360">
    <p class='ocr_par' dir='ltr' id='par_1_28' title="bbox 248 1324 1045 1360">
     <span class='ocr_line' id='line_1_28' title="bbox 248 1324 1045 1360; baseline 0 -9"><span class='ocrx_word' id='word_1_185' title='bbox 248 1329 433 1360; x_wconf 84' lang='lat' dir='ltr'><strong>susceperunt</strong></span> <span class='ocrx_word' id='word_1_186' title='bbox 451 1325 538 1359; x_wconf 85' lang='lat' dir='ltr'><strong>(mm),</strong></span> <span class='ocrx_word' id='word_1_187' title='bbox 561 1333 622 1360; x_wconf 76' lang='lat' dir='ltr'><strong>quae</strong></span> <span class='ocrx_word' id='word_1_188' title='bbox 647 1325 675 1352; x_wconf 89' lang='lat' dir='ltr'><strong>id</strong></span> <span class='ocrx_word' id='word_1_189' title='bbox 697 1326 781 1353; x_wconf 89' lang='lat' dir='ltr'><strong>etiam</strong></span> <span class='ocrx_word' id='word_1_190' title='bbox 807 1325 909 1358; x_wconf 90' lang='lat' dir='ltr'><strong>vincat,</strong></span> <span class='ocrx_word' id='word_1_191' title='bbox 937 1324 1009 1359; x_wconf 88' lang='lat' dir='ltr'><strong>quod</strong></span> <span class='ocrx_word' id='word_1_192' title='bbox 1030 1331 1045 1351; x_wconf 89' lang='lat' dir='ltr'><strong>a</strong></span> 
     </span>
    </p>
   </div>
   <div class='ocr_carea' id='block_1_29' title="bbox 249 1371 534 1399">
    <p class='ocr_par' dir='ltr' id='par_1_29' title="bbox 249 1371 534 1399">
     <span class='ocr_line' id='line_1_29' title="bbox 249 1371 534 1399; baseline 0 -1"><span class='ocrx_word' id='word_1_193' title='bbox 249 1371 322 1398; x_wconf 76' lang='lat' dir='ltr'><strong>ferro</strong></span> <span class='ocrx_word' id='word_1_194' title='bbox 336 1376 379 1399; x_wconf 88' lang='lat' dir='ltr'><strong>est</strong></span> <span class='ocrx_word' id='word_1_195' title='bbox 391 1371 534 1398; x_wconf 77' lang='lat' dir='ltr'><strong>auxilium.</strong></span> 
     </span>
    </p>
   </div>
   <div class='ocr_carea' id='block_1_30' title="bbox 282 1426 1044 1463">
    <p class='ocr_par' dir='ltr' id='par_1_30' title="bbox 282 1426 1044 1463">
     <span class='ocr_line' id='line_1_30' title="bbox 282 1426 1044 1463; baseline 0.004 -10"><span class='ocrx_word' id='word_1_196' title='bbox 282 1426 301 1461; x_wconf 68' lang='lat'>1&#39;</span> <span class='ocrx_word' id='word_1_197' title='bbox 317 1426 462 1462; x_wconf 77' lang='lat' dir='ltr'><strong>Gregorius</strong></span> <span class='ocrx_word' id='word_1_198' title='bbox 474 1427 629 1463; x_wconf 73' lang='lat' dir='ltr'><strong>Theologus</strong></span> <span class='ocrx_word' id='word_1_199' title='bbox 646 1436 652 1454; x_wconf 87' lang='lat'><strong>:</strong></span> <span class='ocrx_word' id='word_1_200' title='bbox 671 1427 703 1455; x_wconf 85' lang='lat' dir='ltr'><strong>lli</strong></span> <span class='ocrx_word' id='word_1_201' title='bbox 721 1428 832 1463; x_wconf 87' lang='lat' dir='ltr'><strong>quidem</strong></span> <span class='ocrx_word' id='word_1_202' title='bbox 850 1433 947 1456; x_wconf 86' lang='lat' dir='ltr'><strong>natura</strong></span> <span class='ocrx_word' id='word_1_203' title='bbox 964 1428 1044 1456; x_wconf 70' lang='lat' dir='ltr'><strong>incli&lt;</strong></span> 
     </span>
    </p>
   </div>
   <div class='ocr_carea' id='block_1_31' title="bbox 248 1473 1041 1507">
    <p class='ocr_par' dir='ltr' id='par_1_31' title="bbox 248 1473 1041 1507">
     <span class='ocr_line' id='line_1_31' title="bbox 248 1473 1041 1507; baseline 0.006 -9"><span class='ocrx_word' id='word_1_204' title='bbox 248 1478 349 1499; x_wconf 89' lang='lat' dir='ltr'><strong>nantur</strong></span> <span class='ocrx_word' id='word_1_205' title='bbox 368 1473 401 1500; x_wconf 91' lang='lat' dir='ltr'><strong>ad</strong></span> <span class='ocrx_word' id='word_1_206' title='bbox 413 1473 528 1501; x_wconf 87' lang='lat' dir='ltr'><strong>bonum.</strong></span> <span class='ocrx_word' id='word_1_207' title='bbox 555 1473 623 1501; x_wconf 90' lang='lat' dir='ltr'><strong>Cum</strong></span> <span class='ocrx_word' id='word_1_208' title='bbox 642 1479 733 1501; x_wconf 88' lang='lat' dir='ltr'><strong>autem</strong></span> <span class='ocrx_word' id='word_1_209' title='bbox 751 1475 812 1502; x_wconf 86' lang='lat' dir='ltr'><strong>dico</strong></span> <span class='ocrx_word' id='word_1_210' title='bbox 827 1479 963 1507; x_wconf 83' lang='lat' dir='ltr'><strong>naturam,</strong></span> <span class='ocrx_word' id='word_1_211' title='bbox 988 1483 1041 1503; x_wconf 85' lang='lat' dir='ltr'><strong>nnn</strong></span> 
     </span>
    </p>
   </div>
   <div class='ocr_carea' id='block_1_32' title="bbox 251 1517 1078 1559">
    <p class='ocr_par' dir='ltr' id='par_1_32' title="bbox 251 1517 1078 1559">
     <span class='ocr_line' id='line_1_32' title="bbox 251 1517 1078 1559; baseline 0.004 -15"><span class='ocrx_word' id='word_1_212' title='bbox 251 1517 351 1553; x_wconf 80' lang='lat' dir='ltr'><strong>ahjicio</strong></span> <span class='ocrx_word' id='word_1_213' title='bbox 367 1517 548 1550; x_wconf 84' lang='lat' dir='ltr'><strong>voluntatem,</strong></span> <span class='ocrx_word' id='word_1_214' title='bbox 571 1519 623 1546; x_wconf 89' lang='lat' dir='ltr'><strong>sed</strong></span> <span class='ocrx_word' id='word_1_215' title='bbox 644 1523 789 1554; x_wconf 87' lang='lat' dir='ltr'><strong>utrumque</strong></span> <span class='ocrx_word' id='word_1_216' title='bbox 805 1527 895 1554; x_wconf 82' lang='lat' dir='ltr'><strong>pono:</strong></span> <span class='ocrx_word' id='word_1_217' title='bbox 913 1525 940 1547; x_wconf 88' lang='lat' dir='ltr'><strong>et</strong></span> <span class='ocrx_word' id='word_1_218' title='bbox 965 1520 1043 1548; x_wconf 88' lang='lat' dir='ltr'><strong>incli-</strong></span> <span class='ocrx_word' id='word_1_219' title='bbox 1057 1528 1078 1559; x_wconf 71' lang='grc' dir='ltr'>α</span> 
     </span>
    </p>
   </div>
   <div class='ocr_carea' id='block_1_33' title="bbox 247 1562 1040 1599">
    <p class='ocr_par' dir='ltr' id='par_1_33' title="bbox 247 1562 1040 1599">
     <span class='ocr_line' id='line_1_33' title="bbox 247 1562 1040 1599; baseline 0.004 -10"><span class='ocrx_word' id='word_1_220' title='bbox 247 1563 385 1590; x_wconf 83' lang='lat' dir='ltr'><strong>nationem</strong></span> <span class='ocrx_word' id='word_1_221' title='bbox 398 1562 432 1590; x_wconf 89' lang='lat' dir='ltr'><strong>ad</strong></span> <span class='ocrx_word' id='word_1_222' title='bbox 450 1562 478 1589; x_wconf 79' lang='lat' dir='ltr'><strong>id</strong></span> <span class='ocrx_word' id='word_1_223' title='bbox 493 1563 566 1597; x_wconf 87' lang='lat' dir='ltr'><strong>quod</strong></span> <span class='ocrx_word' id='word_1_224' title='bbox 582 1563 726 1591; x_wconf 89' lang='lat' dir='ltr'><strong>honestum</strong></span> <span class='ocrx_word' id='word_1_225' title='bbox 739 1569 790 1594; x_wconf 83' lang='lat' dir='ltr'><strong>est,</strong></span> <span class='ocrx_word' id='word_1_226' title='bbox 808 1569 836 1590; x_wconf 92' lang='lat' dir='ltr'><strong>et</strong></span> <span class='ocrx_word' id='word_1_227' title='bbox 854 1572 914 1598; x_wconf 69' lang='lat' dir='ltr'><strong>quae</strong></span> <span class='ocrx_word' id='word_1_228' title='bbox 929 1565 963 1591; x_wconf 91' lang='lat' dir='ltr'><strong>ad</strong></span> <span class='ocrx_word' id='word_1_229' title='bbox 972 1572 1040 1599; x_wconf 87' lang='lat' dir='ltr'><strong>opus</strong></span> 
     </span>
    </p>
   </div>
   <div class='ocr_carea' id='block_1_34' title="bbox 247 1607 1040 1646">
    <p class='ocr_par' dir='ltr' id='par_1_34' title="bbox 247 1607 1040 1646">
     <span class='ocr_line' id='line_1_34' title="bbox 247 1607 1040 1646; baseline 0.004 -11"><span class='ocrx_word' id='word_1_230' title='bbox 247 1607 350 1636; x_wconf 91' lang='lat' dir='ltr'><strong>bonum</strong></span> <span class='ocrx_word' id='word_1_231' title='bbox 362 1608 437 1636; x_wconf 90' lang='lat' dir='ltr'><strong>ducit</strong></span> <span class='ocrx_word' id='word_1_232' title='bbox 450 1613 588 1636; x_wconf 87' lang='lat' dir='ltr'><strong>naturam.</strong></span> <span class='ocrx_word' id='word_1_233' title='bbox 603 1609 770 1642; x_wconf 83' lang='lat' dir='ltr'><strong>Quibusdam</strong></span> <span class='ocrx_word' id='word_1_234' title='bbox 785 1617 850 1636; x_wconf 82' lang='lat' dir='ltr'><strong>vero</strong></span> <span class='ocrx_word' id='word_1_235' title='bbox 863 1617 876 1636; x_wconf 87' lang='lat' dir='ltr'><strong>a</strong></span> <span class='ocrx_word' id='word_1_236' title='bbox 889 1615 1040 1646; x_wconf 61' lang='lat' dir='ltr'><strong>praecepto-</strong></span> 
     </span>
    </p>
   </div>
   <div class='ocr_carea' id='block_1_35' title="bbox 246 1653 1041 1690">
    <p class='ocr_par' dir='ltr' id='par_1_35' title="bbox 246 1653 1041 1690">
     <span class='ocr_line' id='line_1_35' title="bbox 246 1653 1041 1690; baseline 0.001 -9"><span class='ocrx_word' id='word_1_237' title='bbox 246 1654 325 1681; x_wconf 81' lang='lat' dir='ltr'><strong>ribus</strong></span> <span class='ocrx_word' id='word_1_238' title='bbox 343 1658 521 1689; x_wconf 85' lang='lat' dir='ltr'><strong>amputantur</strong></span> <span class='ocrx_word' id='word_1_239' title='bbox 547 1653 716 1686; x_wconf 81' lang='lat' dir='ltr'><strong>allectiones,</strong></span> <span class='ocrx_word' id='word_1_240' title='bbox 740 1655 851 1689; x_wconf 87' lang='lat' dir='ltr'><strong>quidam</strong></span> <span class='ocrx_word' id='word_1_241' title='bbox 880 1659 971 1682; x_wconf 84' lang='lat' dir='ltr'><strong>autem</strong></span> <span class='ocrx_word' id='word_1_242' title='bbox 992 1663 1041 1690; x_wconf 86' lang='lat' dir='ltr'><strong>per</strong></span> 
     </span>
    </p>
   </div>
   <div class='ocr_carea' id='block_1_36' title="bbox 247 1699 1040 1736">
    <p class='ocr_par' dir='ltr' id='par_1_36' title="bbox 247 1699 1040 1736">
     <span class='ocr_line' id='line_1_36' title="bbox 247 1699 1040 1736; baseline 0.004 -11"><span class='ocrx_word' id='word_1_243' title='bbox 247 1699 352 1733; x_wconf 76' lang='lat' dir='ltr'><strong>seipsos</strong></span> <span class='ocrx_word' id='word_1_244' title='bbox 364 1699 422 1726; x_wconf 88' lang='lat' dir='ltr'><strong>illas</strong></span> <span class='ocrx_word' id='word_1_245' title='bbox 437 1705 589 1734; x_wconf 86' lang='lat' dir='ltr'><strong>amputant,</strong></span> <span class='ocrx_word' id='word_1_246' title='bbox 606 1705 636 1727; x_wconf 90' lang='lat' dir='ltr'><strong>ut</strong></span> <span class='ocrx_word' id='word_1_247' title='bbox 656 1700 701 1735; x_wconf 93' lang='lat' dir='ltr'><strong>qui</strong></span> <span class='ocrx_word' id='word_1_248' title='bbox 719 1706 901 1736; x_wconf 57' lang='lat' dir='ltr'><strong>praeceptores</strong></span> <span class='ocrx_word' id='word_1_249' title='bbox 923 1709 976 1728; x_wconf 88' lang='lat' dir='ltr'><strong>non</strong></span> <span class='ocrx_word' id='word_1_250' title='bbox 996 1709 1040 1729; x_wconf 83' lang='lat' dir='ltr'><strong>as-</strong></span> 
     </span>
    </p>
   </div>
   <div class='ocr_carea' id='block_1_37' title="bbox 247 1746 1038 1783">
    <p class='ocr_par' dir='ltr' id='par_1_37' title="bbox 247 1746 1038 1783">
     <span class='ocr_line' id='line_1_37' title="bbox 247 1746 1038 1783; baseline 0.008 -11"><span class='ocrx_word' id='word_1_251' title='bbox 247 1746 344 1779; x_wconf 86' lang='lat' dir='ltr'><strong>secuti,</strong></span> <span class='ocrx_word' id='word_1_252' title='bbox 358 1746 463 1782; x_wconf 87' lang='lat' dir='ltr'><strong>seipsos</strong></span> <span class='ocrx_word' id='word_1_253' title='bbox 479 1750 651 1783; x_wconf 71' lang='lat' dir='ltr'><strong>docentqum</strong></span> <span class='ocrx_word' id='word_1_254' title='bbox 666 1756 836 1776; x_wconf 89' lang='lat' dir='ltr'><strong>convemunt</strong></span> <span class='ocrx_word' id='word_1_255' title='bbox 852 1758 859 1776; x_wconf 86' lang='lat'>:</span> <span class='ocrx_word' id='word_1_256' title='bbox 877 1755 904 1778; x_wconf 88' lang='lat' dir='ltr'><strong>et</strong></span> <span class='ocrx_word' id='word_1_257' title='bbox 920 1749 1038 1778; x_wconf 87' lang='lat' dir='ltr'><strong>radicem</strong></span> 
     </span>
    </p>
   </div>
   <div class='ocr_carea' id='block_1_38' title="bbox 246 1790 1040 1829">
    <p class='ocr_par' dir='ltr' id='par_1_38' title="bbox 246 1790 1040 1829">
     <span class='ocr_line' id='line_1_38' title="bbox 246 1790 1040 1829; baseline 0.008 -12"><span class='ocrx_word' id='word_1_258' title='bbox 246 1790 374 1818; x_wconf 81' lang='lat' dir='ltr'><strong>vitiorum</strong></span> <span class='ocrx_word' id='word_1_259' title='bbox 383 1792 546 1826; x_wconf 80' lang='lat' dir='ltr'><strong>excidentes,</strong></span> <span class='ocrx_word' id='word_1_260' title='bbox 563 1798 590 1820; x_wconf 89' lang='lat' dir='ltr'><strong>et</strong></span> <span class='ocrx_word' id='word_1_261' title='bbox 607 1794 727 1821; x_wconf 83' lang='lat' dir='ltr'><strong>membra</strong></span> <span class='ocrx_word' id='word_1_262' title='bbox 749 1794 891 1829; x_wconf 81' lang='lat' dir='ltr'><strong>pravitatis</strong></span> <span class='ocrx_word' id='word_1_263' title='bbox 908 1795 1040 1823; x_wconf 75' lang='lat' dir='ltr'><strong>extermi-</strong></span> 
     </span>
    </p>
   </div>
   <div class='ocr_carea' id='block_1_39' title="bbox 246 1841 355 1865">
    <p class='ocr_par' dir='ltr' id='par_1_39' title="bbox 246 1841 355 1865">
     <span class='ocr_line' id='line_1_39' title="bbox 246 1841 355 1865; baseline 0.018 -2"><span class='ocrx_word' id='word_1_264' title='bbox 246 1841 355 1865; x_wconf 84' lang='lat' dir='ltr'><strong>nantes.</strong></span> 
     </span>
    </p>
   </div>
   <div class='ocr_carea' id='block_1_40' title="bbox 284 1879 1035 1917">
    <p class='ocr_par' dir='ltr' id='par_1_40' title="bbox 284 1879 1035 1917">
     <span class='ocr_line' id='line_1_40' title="bbox 284 1879 1035 1917; baseline 0.008 -10"><span class='ocrx_word' id='word_1_265' title='bbox 284 1879 364 1908; x_wconf 78' lang='lat' dir='ltr'><strong>Vers.</strong></span> <span class='ocrx_word' id='word_1_266' title='bbox 397 1881 440 1908; x_wconf 78' lang='lat' dir='ltr'><strong>l2.</strong></span> <span class='ocrx_word' id='word_1_267' title='bbox 463 1882 678 1917; x_wconf 69' lang='lat' dir='ltr'><strong>Qui—capiat.</strong></span> <span class='ocrx_word' id='word_1_268' title='bbox 704 1883 825 1911; x_wconf 84' lang='lat' dir='ltr'><strong>Tandem</strong></span> <span class='ocrx_word' id='word_1_269' title='bbox 852 1884 897 1912; x_wconf 91' lang='lat' dir='ltr'><strong>ubi</strong></span> <span class='ocrx_word' id='word_1_270' title='bbox 925 1885 1035 1913; x_wconf 59' lang='lat' dir='ltr'><strong>caelibes</strong></span> 
     </span>
    </p>
   </div>
   <div class='ocr_carea' id='block_1_41' title="bbox 248 1926 1038 1963">
    <p class='ocr_par' dir='ltr' id='par_1_41' title="bbox 248 1926 1038 1963">
     <span class='ocr_line' id='line_1_41' title="bbox 248 1926 1038 1963; baseline 0.005 -9"><span class='ocrx_word' id='word_1_271' title='bbox 248 1926 328 1954; x_wconf 62' lang='lat' dir='ltr'><strong>laude</strong></span> <span class='ocrx_word' id='word_1_272' title='bbox 344 1928 442 1963; x_wconf 68' lang='lat' dir='ltr'><strong>dignos</strong></span> <span class='ocrx_word' id='word_1_273' title='bbox 454 1928 677 1961; x_wconf 85' lang='lat' dir='ltr'><strong>demonstrasset,</strong></span> <span class='ocrx_word' id='word_1_274' title='bbox 690 1934 717 1956; x_wconf 88' lang='lat' dir='ltr'><strong>et</strong></span> <span class='ocrx_word' id='word_1_275' title='bbox 734 1930 769 1957; x_wconf 88' lang='lat' dir='ltr'><strong>ita</strong></span> <span class='ocrx_word' id='word_1_276' title='bbox 783 1930 863 1958; x_wconf 87' lang='lat' dir='ltr'><strong>talem</strong></span> <span class='ocrx_word' id='word_1_277' title='bbox 882 1930 1038 1958; x_wconf 66' lang='lat' dir='ltr'><strong>caelibatum</strong></span> 
     </span>
    </p>
   </div>
   <div class='ocr_carea' id='block_1_42' title="bbox 245 1972 1038 2013">
    <p class='ocr_par' dir='ltr' id='par_1_42' title="bbox 245 1972 1038 2013">
     <span class='ocr_line' id='line_1_42' title="bbox 245 1972 1038 2013; baseline 0.006 -14"><span class='ocrx_word' id='word_1_278' title='bbox 245 1972 392 2007; x_wconf 73' lang='lat' dir='ltr'><strong>laudasset,</strong></span> <span class='ocrx_word' id='word_1_279' title='bbox 412 1981 444 2000; x_wconf 91' lang='lat' dir='ltr'><strong>ac</strong></span> <span class='ocrx_word' id='word_1_280' title='bbox 460 1981 494 2002; x_wconf 88' lang='lat' dir='ltr'><strong>eo</strong></span> <span class='ocrx_word' id='word_1_281' title='bbox 506 1975 585 2002; x_wconf 90' lang='lat' dir='ltr'><strong>modo</strong></span> <span class='ocrx_word' id='word_1_282' title='bbox 601 1975 717 2003; x_wconf 87' lang='lat' dir='ltr'><strong>latenter</strong></span> <span class='ocrx_word' id='word_1_283' title='bbox 728 1977 866 2004; x_wconf 82' lang='lat' dir='ltr'><strong>auditores</strong></span> <span class='ocrx_word' id='word_1_284' title='bbox 877 1976 910 2004; x_wconf 86' lang='lat' dir='ltr'><strong>ad</strong></span> <span class='ocrx_word' id='word_1_285' title='bbox 926 1977 1038 2013; x_wconf 72' lang='lat' dir='ltr'><strong>virgini-</strong></span> 
     </span>
    </p>
   </div>
   <div class='ocr_carea' id='block_1_43' title="bbox 245 2021 1040 2058">
    <p class='ocr_par' dir='ltr' id='par_1_43' title="bbox 245 2021 1040 2058">
     <span class='ocr_line' id='line_1_43' title="bbox 245 2021 1040 2058; baseline 0.008 -13"><span class='ocrx_word' id='word_1_286' title='bbox 245 2022 328 2046; x_wconf 77' lang='lat' dir='ltr'><strong>tatem</strong></span> <span class='ocrx_word' id='word_1_287' title='bbox 341 2025 530 2054; x_wconf 82' lang='lat' dir='ltr'><strong>provocasset;</strong></span> <span class='ocrx_word' id='word_1_288' title='bbox 544 2021 632 2048; x_wconf 65' lang='lat' dir='ltr'><strong>sciens</strong></span> <span class='ocrx_word' id='word_1_289' title='bbox 645 2021 669 2048; x_wconf 89' lang='lat' dir='ltr'><strong>id</strong></span> <span class='ocrx_word' id='word_1_290' title='bbox 679 2029 806 2057; x_wconf 78' lang='lat' dir='ltr'><strong>magnum</strong></span> <span class='ocrx_word' id='word_1_291' title='bbox 819 2030 890 2056; x_wconf 87' lang='lat' dir='ltr'><strong>esse,</strong></span> <span class='ocrx_word' id='word_1_292' title='bbox 901 2026 928 2050; x_wconf 89' lang='lat' dir='ltr'><strong>et</strong></span> <span class='ocrx_word' id='word_1_293' title='bbox 942 2031 956 2050; x_wconf 95' lang='lat' dir='ltr'><strong>a</strong></span> <span class='ocrx_word' id='word_1_294' title='bbox 972 2031 1040 2058; x_wconf 85' lang='lat' dir='ltr'><strong>pau-</strong></span> 
     </span>
    </p>
   </div>
   <div class='ocr_carea' id='block_1_44' title="bbox 245 2064 1036 2102">
    <p class='ocr_par' dir='ltr' id='par_1_44' title="bbox 245 2064 1036 2102">
     <span class='ocr_line' id='line_1_44' title="bbox 245 2064 1036 2102; baseline 0.004 -10"><span class='ocrx_word' id='word_1_295' title='bbox 245 2064 286 2092; x_wconf 78' lang='lat' dir='ltr'><strong>cis</strong></span> <span class='ocrx_word' id='word_1_296' title='bbox 302 2064 392 2100; x_wconf 76' lang='lat' dir='ltr'><strong>deligi.</strong></span> <span class='ocrx_word' id='word_1_297' title='bbox 407 2065 536 2101; x_wconf 86' lang='lat' dir='ltr'><strong>relinquit</strong></span> <span class='ocrx_word' id='word_1_298' title='bbox 555 2074 613 2094; x_wconf 86' lang='lat' dir='ltr'><strong>rem</strong></span> <span class='ocrx_word' id='word_1_299' title='bbox 622 2066 650 2093; x_wconf 93' lang='lat' dir='ltr'><strong>in</strong></span> <span class='ocrx_word' id='word_1_300' title='bbox 666 2067 809 2094; x_wconf 90' lang='lat' dir='ltr'><strong>hominum</strong></span> <span class='ocrx_word' id='word_1_301' title='bbox 823 2068 973 2095; x_wconf 87' lang='lat' dir='ltr'><strong>voluntate.</strong></span> <span class='ocrx_word' id='word_1_302' title='bbox 985 2068 1036 2102; x_wconf 83' lang='lat' dir='ltr'><strong>Qui</strong></span> 
     </span>
    </p>
   </div>
   <div class='ocr_carea' id='block_1_45' title="bbox 246 2110 1037 2148">
    <p class='ocr_par' dir='ltr' id='par_1_45' title="bbox 246 2110 1037 2148">
     <span class='ocr_line' id='line_1_45' title="bbox 246 2110 1037 2148; baseline 0.008 -12"><span class='ocrx_word' id='word_1_303' title='bbox 246 2115 345 2145; x_wconf 73' lang='lat' dir='ltr'><strong>potest.</strong></span> <span class='ocrx_word' id='word_1_304' title='bbox 366 2110 467 2146; x_wconf 84' lang='lat' dir='ltr'><strong>inquit,</strong></span> <span class='ocrx_word' id='word_1_305' title='bbox 481 2119 580 2147; x_wconf 79' lang='lat' dir='ltr'><strong>capere</strong></span> <span class='ocrx_word' id='word_1_306' title='bbox 597 2112 660 2145; x_wconf 88' lang='lat' dir='ltr'><strong>hoc,</strong></span> <span class='ocrx_word' id='word_1_307' title='bbox 683 2117 731 2140; x_wconf 87' lang='lat' dir='ltr'><strong>aut</strong></span> <span class='ocrx_word' id='word_1_308' title='bbox 755 2114 899 2148; x_wconf 84' lang='lat' dir='ltr'><strong>pervenire</strong></span> <span class='ocrx_word' id='word_1_309' title='bbox 916 2114 950 2142; x_wconf 89' lang='lat' dir='ltr'><strong>ad</strong></span> <span class='ocrx_word' id='word_1_310' title='bbox 975 2114 1037 2146; x_wconf 81' lang='lat' dir='ltr'><strong>hcc,</strong></span> 
     </span>
    </p>
   </div>
   <div class='ocr_carea' id='block_1_46' title="bbox 245 2156 346 2190">
    <p class='ocr_par' dir='ltr' id='par_1_46' title="bbox 245 2156 346 2190">
     <span class='ocr_line' id='line_1_46' title="bbox 245 2156 346 2190; baseline 0.01 -7"><span class='ocrx_word' id='word_1_311' title='bbox 245 2156 346 2190; x_wconf 76' lang='lat' dir='ltr'><strong>capiat.</strong></span> 
     </span>
    </p>
   </div>
   <div class='ocr_carea' id='block_1_47' title="bbox 1051 2207 1073 2234">
    <p class='ocr_par' dir='ltr' id='par_1_47' title="bbox 1051 2207 1073 2234">
     <span class='ocr_line' id='line_1_47' title="bbox 1051 2207 1073 2234; baseline 0 0"><span class='ocrx_word' id='word_1_312' title='bbox 1051 2207 1073 2234; x_wconf 85' lang='grc' dir='ltr'><strong>Ι)</strong></span> 
     </span>
    </p>
   </div>
   <div class='ocr_carea' id='block_1_48' title="bbox 283 2255 1039 2294">
    <p class='ocr_par' dir='ltr' id='par_1_48' title="bbox 283 2255 1039 2294">
     <span class='ocr_line' id='line_1_48' title="bbox 283 2255 1039 2294; baseline 0.005 -12"><span class='ocrx_word' id='word_1_313' title='bbox 283 2255 362 2283; x_wconf 70' lang='lat' dir='ltr'><strong>Vers.</strong></span> <span class='ocrx_word' id='word_1_314' title='bbox 379 2256 421 2283; x_wconf 78' lang='grc'><strong>15.</strong></span> <span class='ocrx_word' id='word_1_315' title='bbox 436 2256 506 2282; x_wconf 82' lang='lat' dir='ltr'><strong>Tunc</strong></span> <span class='ocrx_word' id='word_1_316' title='bbox 520 2271 554 2276; x_wconf 95' lang='lat'><strong><em>—</em></strong></span> <span class='ocrx_word' id='word_1_317' title='bbox 569 2257 639 2284; x_wconf 79' lang='lat' dir='ltr'><strong>illos.</strong></span> <span class='ocrx_word' id='word_1_318' title='bbox 659 2257 778 2285; x_wconf 77' lang='lat' dir='ltr'><strong>Infantes</strong></span> <span class='ocrx_word' id='word_1_319' title='bbox 795 2258 862 2286; x_wconf 69' lang='lat' dir='ltr'><strong>dixit</strong></span> <span class='ocrx_word' id='word_1_320' title='bbox 877 2258 974 2290; x_wconf 79' lang='lat' dir='ltr'><strong>Lucas,</strong></span> <span class='ocrx_word' id='word_1_321' title='bbox 993 2259 1039 2294; x_wconf 88' lang='lat' dir='ltr'><strong>qui</strong></span> 
     </span>
    </p>
   </div>
   <div class='ocr_carea' id='block_1_49' title="bbox 245 2301 1040 2338">
    <p class='ocr_par' dir='ltr' id='par_1_49' title="bbox 245 2301 1040 2338">
     <span class='ocr_line' id='line_1_49' title="bbox 245 2301 1040 2338; baseline 0.008 -11"><span class='ocrx_word' id='word_1_322' title='bbox 245 2301 430 2328; x_wconf 76' lang='lat' dir='ltr'><strong>otl&#39;erebautur</strong></span> <span class='ocrx_word' id='word_1_323' title='bbox 444 2302 471 2328; x_wconf 93' lang='lat' dir='ltr'><strong>in</strong></span> <span class='ocrx_word' id='word_1_324' title='bbox 489 2301 541 2328; x_wconf 76' lang='lat' dir='ltr'><strong>[ide</strong></span> <span class='ocrx_word' id='word_1_325' title='bbox 551 2308 694 2336; x_wconf 74' lang='lat' dir='ltr'><strong>parentum</strong></span> <span class='ocrx_word' id='word_1_326' title='bbox 710 2303 741 2329; x_wconf 85' lang='lat'><strong>&quot;.</strong></span> <span class='ocrx_word' id='word_1_327' title='bbox 764 2303 894 2338; x_wconf 60' lang='lat' dir='ltr'><strong>Diaeipuli</strong></span> <span class='ocrx_word' id='word_1_328' title='bbox 915 2312 980 2331; x_wconf 81' lang='lat' dir='ltr'><strong>vero</strong></span> <span class='ocrx_word' id='word_1_329' title='bbox 993 2313 1040 2333; x_wconf 83' lang='lat' dir='ltr'><strong>eos</strong></span> 
     </span>
    </p>
   </div>
   <div class='ocr_carea' id='block_1_50' title="bbox 246 2347 1038 2384">
    <p class='ocr_par' dir='ltr' id='par_1_50' title="bbox 246 2347 1038 2384">
     <span class='ocr_line' id='line_1_50' title="bbox 246 2347 1038 2384; baseline 0.008 -12"><span class='ocrx_word' id='word_1_330' title='bbox 246 2347 422 2381; x_wconf 73' lang='lat' dir='ltr'><strong>increpabant</strong></span> <span class='ocrx_word' id='word_1_331' title='bbox 436 2347 481 2381; x_wconf 88' lang='lat' dir='ltr'><strong>qui</strong></span> <span class='ocrx_word' id='word_1_332' title='bbox 500 2348 659 2379; x_wconf 78' lang='lat' dir='ltr'><strong>ollerebant.</strong></span> <span class='ocrx_word' id='word_1_333' title='bbox 677 2349 747 2376; x_wconf 87' lang='lat' dir='ltr'><strong>sicut</strong></span> <span class='ocrx_word' id='word_1_334' title='bbox 767 2350 876 2384; x_wconf 66' lang='lat' dir='ltr'><strong>si-ripsit</strong></span> <span class='ocrx_word' id='word_1_335' title='bbox 889 2350 993 2377; x_wconf 81' lang='lat' dir='ltr'><strong>Marcus</strong></span> <span class='ocrx_word' id='word_1_336' title='bbox 1005 2351 1038 2383; x_wconf 83' lang='grc'><strong>³⁷,</strong></span> 
     </span>
    </p>
   </div>
   <div class='ocr_carea' id='block_1_51' title="bbox 244 2393 1040 2430">
    <p class='ocr_par' dir='ltr' id='par_1_51' title="bbox 244 2393 1040 2430">
     <span class='ocr_line' id='line_1_51' title="bbox 244 2393 1040 2430; baseline 0.005 -11"><span class='ocrx_word' id='word_1_337' title='bbox 244 2393 298 2419; x_wconf 78' lang='lat' dir='ltr'><strong>hoc</strong></span> <span class='ocrx_word' id='word_1_338' title='bbox 311 2397 355 2419; x_wconf 81' lang='lat' dir='ltr'><strong>est</strong></span> <span class='ocrx_word' id='word_1_339' title='bbox 371 2393 561 2426; x_wconf 87' lang='lat' dir='ltr'><strong>prohibebant.</strong></span> <span class='ocrx_word' id='word_1_340' title='bbox 583 2394 734 2422; x_wconf 69' lang='lat' dir='ltr'><strong>Verisimile</strong></span> <span class='ocrx_word' id='word_1_341' title='bbox 754 2399 796 2421; x_wconf 69' lang='lat' dir='ltr'><strong>est</strong></span> <span class='ocrx_word' id='word_1_342' title='bbox 813 2400 903 2421; x_wconf 84' lang='lat' dir='ltr'><strong>autem</strong></span> <span class='ocrx_word' id='word_1_343' title='bbox 927 2396 997 2430; x_wconf 85' lang='lat' dir='ltr'><strong>quod</strong></span> <span class='ocrx_word' id='word_1_344' title='bbox 1012 2401 1040 2423; x_wconf 88' lang='lat' dir='ltr'><strong>ct</strong></span> 
     </span>
    </p>
   </div>
   <div class='ocr_carea' id='block_1_52' title="bbox 246 2437 1036 2474">
    <p class='ocr_par' dir='ltr' id='par_1_52' title="bbox 246 2437 1036 2474">
     <span class='ocr_line' id='line_1_52' title="bbox 246 2437 1036 2474; baseline 0.009 -12"><span class='ocrx_word' id='word_1_345' title='bbox 246 2444 345 2471; x_wconf 77' lang='lat' dir='ltr'><strong>puIcrOs</strong></span> <span class='ocrx_word' id='word_1_346' title='bbox 363 2437 551 2471; x_wconf 87' lang='lat' dir='ltr'><strong>increpabant.</strong></span> <span class='ocrx_word' id='word_1_347' title='bbox 569 2437 633 2465; x_wconf 86' lang='lat' dir='ltr'><strong>Nam</strong></span> <span class='ocrx_word' id='word_1_348' title='bbox 653 2443 680 2465; x_wconf 81' lang='lat' dir='ltr'><strong>et</strong></span> <span class='ocrx_word' id='word_1_349' title='bbox 695 2438 745 2466; x_wconf 84' lang='lat' dir='ltr'><strong>hos</strong></span> <span class='ocrx_word' id='word_1_350' title='bbox 762 2444 789 2466; x_wconf 87' lang='lat' dir='ltr'><strong>et</strong></span> <span class='ocrx_word' id='word_1_351' title='bbox 803 2439 871 2470; x_wconf 87' lang='lat' dir='ltr'><strong>illos,</strong></span> <span class='ocrx_word' id='word_1_352' title='bbox 887 2446 1036 2474; x_wconf 55' lang='lat' dir='ltr'><strong>pracepto-</strong></span> 
     </span>
    </p>
   </div>
   <div class='ocr_carea' id='block_1_53' title="bbox 243 2481 693 2516">
    <p class='ocr_par' dir='ltr' id='par_1_53' title="bbox 243 2481 693 2516">
     <span class='ocr_line' id='line_1_53' title="bbox 243 2481 693 2516; baseline 0.004 -9"><span class='ocrx_word' id='word_1_353' title='bbox 243 2488 301 2507; x_wconf 76' lang='lat' dir='ltr'><strong>rem</strong></span> <span class='ocrx_word' id='word_1_354' title='bbox 316 2481 488 2513; x_wconf 85' lang='lat' dir='ltr'><strong>honorando,</strong></span> <span class='ocrx_word' id='word_1_355' title='bbox 503 2482 693 2516; x_wconf 83' lang='lat' dir='ltr'><strong>prohibebant.</strong></span> 
     </span>
    </p>
   </div>
   <div class='ocr_carea' id='block_1_54' title="bbox 297 2548 1068 2585">
    <p class='ocr_par' dir='ltr' id='par_1_54' title="bbox 297 2548 1068 2585">
     <span class='ocr_line' id='line_1_54' title="bbox 297 2548 1068 2585; baseline 0.006 -11"><span class='ocrx_word' id='word_1_356' title='bbox 297 2549 318 2564; x_wconf 85' lang='grc'><em>³⁸</em></span> <span class='ocrx_word' id='word_1_357' title='bbox 335 2548 432 2576; x_wconf 86' lang='lat' dir='ltr'><strong>Matth.</strong></span> <span class='ocrx_word' id='word_1_358' title='bbox 450 2557 497 2582; x_wconf 83' lang='lat' dir='ltr'><strong>vn,</strong></span> <span class='ocrx_word' id='word_1_359' title='bbox 509 2549 537 2577; x_wconf 79' lang='grc'><strong>7.</strong></span> <span class='ocrx_word' id='word_1_360' title='bbox 595 2550 618 2566; x_wconf 81' lang='grc'><strong>⁸⁸</strong></span> <span class='ocrx_word' id='word_1_361' title='bbox 635 2550 702 2578; x_wconf 88' lang='lat' dir='ltr'><strong>Luc.</strong></span> <span class='ocrx_word' id='word_1_362' title='bbox 717 2559 793 2582; x_wconf 82' lang='lat' dir='ltr'><strong>xvut.</strong></span> <span class='ocrx_word' id='word_1_363' title='bbox 808 2551 851 2578; x_wconf 78' lang='grc'><strong>15.</strong></span> <span class='ocrx_word' id='word_1_364' title='bbox 906 2552 927 2568; x_wconf 88' lang='grc'><strong>³⁷</strong></span> <span class='ocrx_word' id='word_1_365' title='bbox 940 2551 1026 2579; x_wconf 75' lang='lat' dir='ltr'><strong>Marc.</strong></span> <span class='ocrx_word' id='word_1_366' title='bbox 1040 2560 1068 2585; x_wconf 82' lang='lat' dir='ltr'><strong>x,</strong></span> 
     </span>
    </p>
   </div>
   <div class='ocr_carea' id='block_1_55' title="bbox 1104 127 1903 159">
    <p class='ocr_par' dir='ltr' id='par_1_55' title="bbox 1104 127 1903 159">
     <span class='ocr_line' id='line_1_55' title="bbox 1104 127 1903 159; baseline 0.001 -1"><span class='ocrx_word' id='word_1_367' title='bbox 1104 128 1287 158; x_wconf 84' lang='lat' dir='ltr'><strong>ZlGABENI</strong></span> <span class='ocrx_word' id='word_1_368' title='bbox 1851 127 1903 159; x_wconf 79' lang='grc' dir='ltr'><strong>5Ξο</strong></span> 
     </span>
    </p>
   </div>
   <div class='ocr_carea' id='block_1_56' title="bbox 1146 181 1903 218">
    <p class='ocr_par' dir='ltr' id='par_1_56' title="bbox 1146 181 1903 218">
     <span class='ocr_line' id='line_1_56' title="bbox 1146 181 1903 218; baseline 0 -10"><span class='ocrx_word' id='word_1_369' title='bbox 1146 182 1179 208; x_wconf 84' lang='lat'><strong><em>&#39;0</em></strong></span> <span class='ocrx_word' id='word_1_370' title='bbox 1193 198 1229 202; x_wconf 91' lang='lat'><strong>——-</strong></span> <span class='ocrx_word' id='word_1_371' title='bbox 1241 182 1295 209; x_wconf 83' lang='grc' dir='ltr'><strong>τὸν</strong></span> <span class='ocrx_word' id='word_1_372' title='bbox 1310 182 1405 216; x_wconf 66' lang='grc' dir='ltr'><strong>λόγον</strong></span> <span class='ocrx_word' id='word_1_373' title='bbox 1415 181 1535 209; x_wconf 77' lang='grc' dir='ltr'>τοῦτον.</span> <span class='ocrx_word' id='word_1_374' title='bbox 1551 182 1588 209; x_wconf 82' lang='grc' dir='ltr'>Οὐ</span> <span class='ocrx_word' id='word_1_375' title='bbox 1605 183 1705 213; x_wconf 75' lang='grc' dir='ltr'>πάντες</span> <span class='ocrx_word' id='word_1_376' title='bbox 1728 182 1903 218; x_wconf 77' lang='grc' dir='ltr'>παραδέχον-</span> 
     </span>
    </p>
   </div>
   <div class='ocr_carea' id='block_1_57' title="bbox 1105 228 1903 264">
    <p class='ocr_par' dir='ltr' id='par_1_57' title="bbox 1105 228 1903 264">
     <span class='ocr_line' id='line_1_57' title="bbox 1105 228 1903 264; baseline 0.001 -10"><span class='ocrx_word' id='word_1_377' title='bbox 1105 236 1150 254; x_wconf 82' lang='grc' dir='ltr'><strong>ται</strong></span> <span class='ocrx_word' id='word_1_378' title='bbox 1164 228 1210 255; x_wconf 72' lang='grc' dir='ltr'><strong>τὸν</strong></span> <span class='ocrx_word' id='word_1_379' title='bbox 1238 228 1318 262; x_wconf 81' lang='grc' dir='ltr'>λόγον</span> <span class='ocrx_word' id='word_1_380' title='bbox 1337 228 1442 260; x_wconf 83' lang='grc' dir='ltr'>τοῦτον,</span> <span class='ocrx_word' id='word_1_381' title='bbox 1467 228 1513 254; x_wconf 74' lang='grc' dir='ltr'><strong>τὸν</strong></span> <span class='ocrx_word' id='word_1_382' title='bbox 1538 228 1604 263; x_wconf 78' lang='grc' dir='ltr'>περὶ</span> <span class='ocrx_word' id='word_1_383' title='bbox 1624 228 1672 254; x_wconf 77' lang='grc' dir='ltr'>τοῦ</span> <span class='ocrx_word' id='word_1_384' title='bbox 1696 228 1733 264; x_wconf 83' lang='grc' dir='ltr'><strong>μὴ</strong></span> <span class='ocrx_word' id='word_1_385' title='bbox 1748 230 1849 263; x_wconf 78' lang='grc' dir='ltr'>γῆμαι,</span> <span class='ocrx_word' id='word_1_386' title='bbox 1871 229 1903 255; x_wconf 79' lang='grc' dir='ltr'><strong>οὐ</strong></span> 
     </span>
    </p>
   </div>
   <div class='ocr_carea' id='block_1_58' title="bbox 1104 274 1905 310">
    <p class='ocr_par' dir='ltr' id='par_1_58' title="bbox 1104 274 1905 310">
     <span class='ocr_line' id='line_1_58' title="bbox 1104 274 1905 310; baseline 0 -10"><span class='ocrx_word' id='word_1_387' title='bbox 1104 275 1206 306; x_wconf 82' lang='grc' dir='ltr'>πάντες</span> <span class='ocrx_word' id='word_1_388' title='bbox 1219 274 1397 309; x_wconf 79' lang='grc' dir='ltr'>βαστάξουσι.</span> <span class='ocrx_word' id='word_1_389' title='bbox 1412 274 1493 308; x_wconf 50' lang='lat' dir='ltr'><strong>Illi-La</strong></span> <span class='ocrx_word' id='word_1_390' title='bbox 1504 274 1558 309; x_wconf 69' lang='grc' dir='ltr'>γὰρ</span> <span class='ocrx_word' id='word_1_391' title='bbox 1573 275 1589 310; x_wconf 78' lang='grc' dir='ltr'><strong>ὴ</strong></span> <span class='ocrx_word' id='word_1_392' title='bbox 1602 275 1719 309; x_wconf 79' lang='grc' dir='ltr'>ἁγαμία,</span> <span class='ocrx_word' id='word_1_393' title='bbox 1739 275 1787 302; x_wconf 82' lang='grc' dir='ltr'>καὶ</span> <span class='ocrx_word' id='word_1_394' title='bbox 1798 275 1905 309; x_wconf 62' lang='grc' dir='ltr'>ἐλίγοις</span> 
     </span>
    </p>
   </div>
   <div class='ocr_carea' id='block_1_59' title="bbox 1104 321 1234 356">
    <p class='ocr_par' dir='ltr' id='par_1_59' title="bbox 1104 321 1234 356">
     <span class='ocr_line' id='line_1_59' title="bbox 1104 321 1234 356; baseline 0.008 -10"><span class='ocrx_word' id='word_1_395' title='bbox 1104 321 1234 356; x_wconf 68' lang='grc' dir='ltr'>φορητόν.</span> 
     </span>
    </p>
   </div>
   <div class='ocr_carea' id='block_1_60' title="bbox 1145 364 1905 402">
    <p class='ocr_par' dir='ltr' id='par_1_60' title="bbox 1145 364 1905 402">
     <span class='ocr_line' id='line_1_60' title="bbox 1145 364 1905 402; baseline 0.001 -10"><span class='ocrx_word' id='word_1_396' title='bbox 1145 364 1285 398; x_wconf 74' lang='grc' dir='ltr'><strong>Ἀλλ⁹οἶς</strong></span> <span class='ocrx_word' id='word_1_397' title='bbox 1294 364 1425 393; x_wconf 69' lang='grc' dir='ltr'>δέδοται.</span> <span class='ocrx_word' id='word_1_398' title='bbox 1447 365 1562 393; x_wconf 82' lang='grc' dir='ltr'>Ἐκεῖνοι</span> <span class='ocrx_word' id='word_1_399' title='bbox 1588 366 1664 402; x_wconf 77' lang='grc' dir='ltr'>μόνοι</span> <span class='ocrx_word' id='word_1_400' title='bbox 1678 366 1724 392; x_wconf 80' lang='grc' dir='ltr'><strong>τὸν</strong></span> <span class='ocrx_word' id='word_1_401' title='bbox 1744 367 1824 399; x_wconf 63' lang='grc' dir='ltr'>λότνν</span> <span class='ocrx_word' id='word_1_402' title='bbox 1843 367 1905 393; x_wconf 87' lang='grc' dir='ltr'>τοῦ-</span> 
     </span>
    </p>
   </div>
   <div class='ocr_carea' id='block_1_61' title="bbox 1103 409 1903 446">
    <p class='ocr_par' dir='ltr' id='par_1_61' title="bbox 1103 409 1903 446">
     <span class='ocr_line' id='line_1_61' title="bbox 1103 409 1903 446; baseline 0 -8"><span class='ocrx_word' id='word_1_403' title='bbox 1103 420 1149 438; x_wconf 78' lang='grc' dir='ltr'><strong>τον</strong></span> <span class='ocrx_word' id='word_1_404' title='bbox 1160 411 1360 446; x_wconf 71' lang='grc' dir='ltr'><strong>παραδέχονται</strong></span> <span class='ocrx_word' id='word_1_405' title='bbox 1377 412 1423 437; x_wconf 79' lang='grc' dir='ltr'>καὶ</span> <span class='ocrx_word' id='word_1_406' title='bbox 1439 411 1635 446; x_wconf 70' lang='grc' dir='ltr'><strong>βαστάζουσιν,</strong></span> <span class='ocrx_word' id='word_1_407' title='bbox 1648 409 1688 442; x_wconf 81' lang='grc' dir='ltr'>οἷς</span> <span class='ocrx_word' id='word_1_408' title='bbox 1703 411 1903 439; x_wconf 73' lang='grc' dir='ltr'>δέδοταιτοῠτο</span> 
     </span>
    </p>
   </div>
   <div class='ocr_carea' id='block_1_62' title="bbox 1102 455 1901 492">
    <p class='ocr_par' dir='ltr' id='par_1_62' title="bbox 1102 455 1901 492">
     <span class='ocr_line' id='line_1_62' title="bbox 1102 455 1901 492; baseline 0.004 -12"><span class='ocrx_word' id='word_1_409' title='bbox 1102 458 1133 480; x_wconf 76' lang='grc' dir='ltr'><strong>το</strong></span> <span class='ocrx_word' id='word_1_410' title='bbox 1147 459 1234 491; x_wconf 71' lang='grc' dir='ltr'>δωρον</span> <span class='ocrx_word' id='word_1_411' title='bbox 1249 455 1325 492; x_wconf 71' lang='grc' dir='ltr'>παρᾲ</span> <span class='ocrx_word' id='word_1_412' title='bbox 1341 456 1408 483; x_wconf 86' lang='grc' dir='ltr'><strong>Θεοῦ</strong></span> <span class='ocrx_word' id='word_1_413' title='bbox 1421 464 1427 471; x_wconf 92' lang='grc'>·</span> <span class='ocrx_word' id='word_1_414' title='bbox 1443 456 1548 483; x_wconf 76' lang='grc' dir='ltr'>δέδοται</span> <span class='ocrx_word' id='word_1_415' title='bbox 1566 456 1595 482; x_wconf 83' lang='grc' dir='ltr'>δὲ</span> <span class='ocrx_word' id='word_1_416' title='bbox 1613 457 1772 491; x_wconf 75' lang='grc' dir='ltr'>αἰτήσασιν.</span> <span class='ocrx_word' id='word_1_417' title='bbox 1783 457 1901 484; x_wconf 79' lang='grc' dir='ltr'><strong>Αἰτεῖτε</strong></span> 
     </span>
    </p>
   </div>
   <div class='ocr_carea' id='block_1_63' title="bbox 1102 500 1902 537">
    <p class='ocr_par' dir='ltr' id='par_1_63' title="bbox 1102 500 1902 537">
     <span class='ocr_line' id='line_1_63' title="bbox 1102 500 1902 537; baseline 0.003 -11"><span class='ocrx_word' id='word_1_418' title='bbox 1102 501 1156 534; x_wconf 72' lang='grc' dir='ltr'><strong>γὰρ</strong></span> <span class='ocrx_word' id='word_1_419' title='bbox 1168 520 1174 532; x_wconf 89' lang='grc'><strong>,</strong></span> <span class='ocrx_word' id='word_1_420' title='bbox 1192 501 1260 535; x_wconf 74' lang='grc' dir='ltr'>φησὶ</span> <span class='ocrx_word' id='word_1_421' title='bbox 1271 521 1278 534; x_wconf 85' lang='grc'><strong>,</strong></span> <span class='ocrx_word' id='word_1_422' title='bbox 1294 501 1344 528; x_wconf 80' lang='grc' dir='ltr'><strong>καί</strong></span> <span class='ocrx_word' id='word_1_423' title='bbox 1361 500 1525 533; x_wconf 76' lang='grc' dir='ltr'><strong>δοθήσεται</strong></span> <span class='ocrx_word' id='word_1_424' title='bbox 1542 500 1614 535; x_wconf 80' lang='grc' dir='ltr'><strong>ὑμῖν</strong></span> <span class='ocrx_word' id='word_1_425' title='bbox 1627 509 1633 516; x_wconf 81' lang='grc'><em>’</em></span> <span class='ocrx_word' id='word_1_426' title='bbox 1649 502 1782 537; x_wconf 77' lang='grc' dir='ltr'><strong>αἰτήσασι</strong></span> <span class='ocrx_word' id='word_1_427' title='bbox 1800 502 1830 528; x_wconf 79' lang='grc' dir='ltr'>δὲ</span> <span class='ocrx_word' id='word_1_428' title='bbox 1853 503 1902 536; x_wconf 74' lang='grc' dir='ltr'>οὐχ</span> 
     </span>
    </p>
   </div>
   <div class='ocr_carea' id='block_1_64' title="bbox 1102 546 1901 581">
    <p class='ocr_par' dir='ltr' id='par_1_64' title="bbox 1102 546 1901 581">
     <span class='ocr_line' id='line_1_64' title="bbox 1102 546 1901 581; baseline 0 -8"><span class='ocrx_word' id='word_1_429' title='bbox 1102 546 1206 577; x_wconf 79' lang='grc' dir='ltr'>ἁπλῶς,</span> <span class='ocrx_word' id='word_1_430' title='bbox 1224 546 1292 573; x_wconf 78' lang='grc' dir='ltr'>ἀλλὰ</span> <span class='ocrx_word' id='word_1_431' title='bbox 1309 546 1418 581; x_wconf 77' lang='grc' dir='ltr'><strong>θερμῶς</strong></span> <span class='ocrx_word' id='word_1_432' title='bbox 1440 547 1486 573; x_wconf 67' lang='grc' dir='ltr'>καὶ</span> <span class='ocrx_word' id='word_1_433' title='bbox 1502 547 1653 581; x_wconf 76' lang='grc' dir='ltr'>ἑπιμόνως,</span> <span class='ocrx_word' id='word_1_434' title='bbox 1670 547 1718 574; x_wconf 82' lang='grc' dir='ltr'>καὶ</span> <span class='ocrx_word' id='word_1_435' title='bbox 1748 547 1846 579; x_wconf 82' lang='grc' dir='ltr'>ἁπλῶς</span> <span class='ocrx_word' id='word_1_436' title='bbox 1861 549 1901 573; x_wconf 84' lang='grc' dir='ltr'>εί-</span> 
     </span>
    </p>
   </div>
   <div class='ocr_carea' id='block_1_65' title="bbox 1102 593 1899 628">
    <p class='ocr_par' dir='ltr' id='par_1_65' title="bbox 1102 593 1899 628">
     <span class='ocr_line' id='line_1_65' title="bbox 1102 593 1899 628; baseline 0.003 -11"><span class='ocrx_word' id='word_1_437' title='bbox 1102 600 1175 623; x_wconf 81' lang='grc' dir='ltr'>πειν,</span> <span class='ocrx_word' id='word_1_438' title='bbox 1208 600 1246 624; x_wconf 88' lang='grc' dir='ltr'><strong>ως</strong></span> <span class='ocrx_word' id='word_1_439' title='bbox 1273 593 1337 628; x_wconf 81' lang='grc' dir='ltr'>χρή.</span> <span class='ocrx_word' id='word_1_440' title='bbox 1363 593 1522 627; x_wconf 82' lang='grc' dir='ltr'>Σημείωσαι</span> <span class='ocrx_word' id='word_1_441' title='bbox 1554 593 1594 624; x_wconf 79' lang='grc' dir='ltr'>δὲ,</span> <span class='ocrx_word' id='word_1_442' title='bbox 1621 593 1663 620; x_wconf 82' lang='grc' dir='ltr'><strong>δτι</strong></span> <span class='ocrx_word' id='word_1_443' title='bbox 1685 593 1753 620; x_wconf 79' lang='grc' dir='ltr'>Θεοῦ</span> <span class='ocrx_word' id='word_1_444' title='bbox 1777 593 1899 628; x_wconf 82' lang='grc' dir='ltr'>δῶρονή</span> 
     </span>
    </p>
   </div>
   <div class='ocr_carea' id='block_1_66' title="bbox 1101 636 1753 673">
    <p class='ocr_par' dir='ltr' id='par_1_66' title="bbox 1101 636 1753 673">
     <span class='ocr_line' id='line_1_66' title="bbox 1101 636 1753 673; baseline 0.002 -10"><span class='ocrx_word' id='word_1_445' title='bbox 1101 636 1247 672; x_wconf 84' lang='grc' dir='ltr'>παρθενία,</span> <span class='ocrx_word' id='word_1_446' title='bbox 1271 637 1399 672; x_wconf 83' lang='grc' dir='ltr'><strong>διδομένη</strong></span> <span class='ocrx_word' id='word_1_447' title='bbox 1413 638 1469 670; x_wconf 83' lang='grc' dir='ltr'>τοῖς</span> <span class='ocrx_word' id='word_1_448' title='bbox 1484 637 1617 671; x_wconf 79' lang='grc' dir='ltr'>αίτοῦσιν,</span> <span class='ocrx_word' id='word_1_449' title='bbox 1636 638 1674 669; x_wconf 83' lang='grc' dir='ltr'>ὡς</span> <span class='ocrx_word' id='word_1_450' title='bbox 1689 638 1753 673; x_wconf 84' lang='grc' dir='ltr'>χρή.</span> 
     </span>
    </p>
   </div>
   <div class='ocr_carea' id='block_1_67' title="bbox 1136 729 1897 765">
    <p class='ocr_par' dir='ltr' id='par_1_67' title="bbox 1136 729 1897 765">
     <span class='ocr_line' id='line_1_67' title="bbox 1136 729 1897 765; baseline 0 -9"><span class='ocrx_word' id='word_1_451' title='bbox 1136 729 1203 756; x_wconf 76' lang='grc' dir='ltr'>Εἰσί</span> <span class='ocrx_word' id='word_1_452' title='bbox 1224 744 1260 750; x_wconf 88' lang='lat'><strong>-—-</strong></span> <span class='ocrx_word' id='word_1_453' title='bbox 1280 729 1429 763; x_wconf 69' lang='grc' dir='ltr'>οἰφιινὼν.</span> <span class='ocrx_word' id='word_1_454' title='bbox 1453 729 1564 765; x_wconf 80' lang='grc' dir='ltr'>Ἐπειδὴ</span> <span class='ocrx_word' id='word_1_455' title='bbox 1594 729 1660 765; x_wconf 79' lang='grc' dir='ltr'>περὶ</span> <span class='ocrx_word' id='word_1_456' title='bbox 1696 730 1820 765; x_wconf 82' lang='grc' dir='ltr'>ἀγαμίας</span> <span class='ocrx_word' id='word_1_457' title='bbox 1855 731 1897 758; x_wconf 79' lang='grc' dir='ltr'><strong>ἐν·</strong></span> 
     </span>
    </p>
   </div>
   <div class='ocr_carea' id='block_1_68' title="bbox 1100 775 1894 813">
    <p class='ocr_par' dir='ltr' id='par_1_68' title="bbox 1100 775 1894 813">
     <span class='ocr_line' id='line_1_68' title="bbox 1100 775 1894 813; baseline 0.001 -10"><span class='ocrx_word' id='word_1_458' title='bbox 1100 776 1183 803; x_wconf 80' lang='grc' dir='ltr'>έπεσε</span> <span class='ocrx_word' id='word_1_459' title='bbox 1198 775 1278 810; x_wconf 77' lang='grc' dir='ltr'>λόγος</span> <span class='ocrx_word' id='word_1_460' title='bbox 1293 776 1362 811; x_wconf 78' lang='grc'>(91),</span> <span class='ocrx_word' id='word_1_461' title='bbox 1379 776 1500 803; x_wconf 78' lang='grc' dir='ltr'><strong>διδάσκει</strong></span> <span class='ocrx_word' id='word_1_462' title='bbox 1512 776 1606 804; x_wconf 76' lang='grc' dir='ltr'>λοιπὸν</span> <span class='ocrx_word' id='word_1_463' title='bbox 1620 777 1684 812; x_wconf 79' lang='grc' dir='ltr'>περὶ</span> <span class='ocrx_word' id='word_1_464' title='bbox 1699 777 1753 803; x_wconf 82' lang='grc' dir='ltr'>τῶν</span> <span class='ocrx_word' id='word_1_465' title='bbox 1767 778 1894 813; x_wconf 75' lang='grc' dir='ltr'>ἀγάμων,</span> 
     </span>
    </p>
   </div>
   <div class='ocr_carea' id='block_1_69' title="bbox 1099 822 1891 859">
    <p class='ocr_par' dir='ltr' id='par_1_69' title="bbox 1099 822 1891 859">
     <span class='ocr_line' id='line_1_69' title="bbox 1099 822 1891 859; baseline 0.004 -11"><span class='ocrx_word' id='word_1_466' title='bbox 1099 823 1148 849; x_wconf 72' lang='grc' dir='ltr'>καὶ</span> <span class='ocrx_word' id='word_1_467' title='bbox 1178 822 1376 858; x_wconf 77' lang='grc' dir='ltr'>ἁπαριθμεῖται</span> <span class='ocrx_word' id='word_1_468' title='bbox 1398 823 1462 857; x_wconf 76' lang='grc' dir='ltr'>τρία</span> <span class='ocrx_word' id='word_1_469' title='bbox 1488 823 1546 859; x_wconf 77' lang='grc' dir='ltr'>εἴδη</span> <span class='ocrx_word' id='word_1_470' title='bbox 1570 823 1625 850; x_wconf 79' lang='grc' dir='ltr'>τῶν</span> <span class='ocrx_word' id='word_1_471' title='bbox 1642 824 1789 859; x_wconf 78' lang='grc' dir='ltr'><strong>εὐνούχων,</strong></span> <span class='ocrx_word' id='word_1_472' title='bbox 1808 833 1847 851; x_wconf 88' lang='grc' dir='ltr'><strong>ων</strong></span> <span class='ocrx_word' id='word_1_473' title='bbox 1863 825 1891 851; x_wconf 59' lang='grc' dir='ltr'><strong>τὺ</strong></span> 
     </span>
    </p>
   </div>
   <div class='ocr_carea' id='block_1_70' title="bbox 1101 868 1894 906">
    <p class='ocr_par' dir='ltr' id='par_1_70' title="bbox 1101 868 1894 906">
     <span class='ocr_line' id='line_1_70' title="bbox 1101 868 1894 906; baseline 0.003 -11"><span class='ocrx_word' id='word_1_474' title='bbox 1101 868 1210 904; x_wconf 80' lang='grc' dir='ltr'>πρῶτον</span> <span class='ocrx_word' id='word_1_475' title='bbox 1235 869 1284 904; x_wconf 71' lang='grc' dir='ltr'><strong>μὲν</strong></span> <span class='ocrx_word' id='word_1_476' title='bbox 1307 869 1469 904; x_wconf 77' lang='grc' dir='ltr'>ἀδιάσλητόν</span> <span class='ocrx_word' id='word_1_477' title='bbox 1492 870 1552 897; x_wconf 74' lang='grc' dir='ltr'>ἐστι</span> <span class='ocrx_word' id='word_1_478' title='bbox 1575 870 1606 896; x_wconf 80' lang='grc' dir='ltr'>τὸ</span> <span class='ocrx_word' id='word_1_479' title='bbox 1630 870 1759 906; x_wconf 77' lang='grc' dir='ltr'>δεύτερον</span> <span class='ocrx_word' id='word_1_480' title='bbox 1780 871 1809 898; x_wconf 70' lang='grc' dir='ltr'>δὲ</span> <span class='ocrx_word' id='word_1_481' title='bbox 1835 871 1894 897; x_wconf 75' lang='grc' dir='ltr'>δια-</span> 
     </span>
    </p>
   </div>
   <div class='ocr_carea' id='block_1_71' title="bbox 1101 915 1894 952">
    <p class='ocr_par' dir='ltr' id='par_1_71' title="bbox 1101 915 1894 952">
     <span class='ocr_line' id='line_1_71' title="bbox 1101 915 1894 952; baseline 0.005 -11"><span class='ocrx_word' id='word_1_482' title='bbox 1101 915 1269 950; x_wconf 77' lang='grc' dir='ltr'>δεὸλημὲνον</span> <span class='ocrx_word' id='word_1_483' title='bbox 1280 923 1287 930; x_wconf 94' lang='grc'><strong>·</strong></span> <span class='ocrx_word' id='word_1_484' title='bbox 1303 915 1334 942; x_wconf 82' lang='grc' dir='ltr'><strong>τὸ</strong></span> <span class='ocrx_word' id='word_1_485' title='bbox 1349 915 1378 942; x_wconf 79' lang='grc' dir='ltr'>δὲ</span> <span class='ocrx_word' id='word_1_486' title='bbox 1394 917 1487 952; x_wconf 84' lang='grc' dir='ltr'>τρίτον</span> <span class='ocrx_word' id='word_1_487' title='bbox 1503 917 1649 944; x_wconf 78' lang='grc' dir='ltr'>ἐπαινετὸν</span> <span class='ocrx_word' id='word_1_488' title='bbox 1659 939 1667 950; x_wconf 91' lang='grc'><strong>,</strong></span> <span class='ocrx_word' id='word_1_489' title='bbox 1683 918 1783 950; x_wconf 77' lang='grc' dir='ltr'>οἵτινες</span> <span class='ocrx_word' id='word_1_490' title='bbox 1799 918 1894 945; x_wconf 82' lang='grc' dir='ltr'>εὐνού-</span> 
     </span>
    </p>
   </div>
   <div class='ocr_carea' id='block_1_72' title="bbox 1100 962 1895 1000">
    <p class='ocr_par' dir='ltr' id='par_1_72' title="bbox 1100 962 1895 1000">
     <span class='ocr_line' id='line_1_72' title="bbox 1100 962 1895 1000; baseline 0.005 -13"><span class='ocrx_word' id='word_1_491' title='bbox 1100 969 1180 996; x_wconf 81' lang='grc' dir='ltr'>χισαν</span> <span class='ocrx_word' id='word_1_492' title='bbox 1195 962 1320 994; x_wconf 79' lang='grc' dir='ltr'>ἑαυτοὺς,</span> <span class='ocrx_word' id='word_1_493' title='bbox 1335 962 1378 988; x_wconf 81' lang='grc' dir='ltr'>ἵνα</span> <span class='ocrx_word' id='word_1_494' title='bbox 1393 962 1499 997; x_wconf 81' lang='grc' dir='ltr'>τύχωσι</span> <span class='ocrx_word' id='word_1_495' title='bbox 1519 963 1570 998; x_wconf 80' lang='grc' dir='ltr'>τῆς</span> <span class='ocrx_word' id='word_1_496' title='bbox 1585 963 1725 998; x_wconf 70' lang='grc' dir='ltr'><strong>βασιλείας</strong></span> <span class='ocrx_word' id='word_1_497' title='bbox 1741 964 1795 990; x_wconf 84' lang='grc' dir='ltr'><strong>τῶν</strong></span> <span class='ocrx_word' id='word_1_498' title='bbox 1808 965 1895 1000; x_wconf 70' lang='grc' dir='ltr'>οὑραο</span> 
     </span>
    </p>
   </div>
   <div class='ocr_carea' id='block_1_73' title="bbox 1100 1007 1893 1046">
    <p class='ocr_par' dir='ltr' id='par_1_73' title="bbox 1100 1007 1893 1046">
     <span class='ocr_line' id='line_1_73' title="bbox 1100 1007 1893 1046; baseline 0.004 -12"><span class='ocrx_word' id='word_1_499' title='bbox 1100 1008 1166 1040; x_wconf 88' lang='grc' dir='ltr'>νῶν,</span> <span class='ocrx_word' id='word_1_500' title='bbox 1174 1007 1205 1034; x_wconf 79' lang='grc' dir='ltr'>οὐ</span> <span class='ocrx_word' id='word_1_501' title='bbox 1215 1008 1288 1044; x_wconf 75' lang='grc' dir='ltr'>ξυρῷ</span> <span class='ocrx_word' id='word_1_502' title='bbox 1296 1008 1407 1043; x_wconf 83' lang='grc' dir='ltr'>σιδήρου</span> <span class='ocrx_word' id='word_1_503' title='bbox 1418 1009 1452 1035; x_wconf 79' lang='grc' dir='ltr'>τὰ</span> <span class='ocrx_word' id='word_1_504' title='bbox 1464 1009 1612 1044; x_wconf 75' lang='grc' dir='ltr'>παιδογόνα</span> <span class='ocrx_word' id='word_1_505' title='bbox 1624 1010 1706 1046; x_wconf 80' lang='grc' dir='ltr'>μόρια</span> <span class='ocrx_word' id='word_1_506' title='bbox 1717 1010 1893 1045; x_wconf 78' lang='grc' dir='ltr'>ἐκτεμόντες,</span> 
     </span>
    </p>
   </div>
   <div class='ocr_carea' id='block_1_74' title="bbox 1101 1054 1895 1092">
    <p class='ocr_par' dir='ltr' id='par_1_74' title="bbox 1101 1054 1895 1092">
     <span class='ocr_line' id='line_1_74' title="bbox 1101 1054 1895 1092; baseline 0.004 -12"><span class='ocrx_word' id='word_1_507' title='bbox 1101 1054 1170 1081; x_wconf 64' lang='grc' dir='ltr'>ἀλλὰ</span> <span class='ocrx_word' id='word_1_508' title='bbox 1187 1055 1262 1090; x_wconf 84' lang='grc' dir='ltr'>ξυρῷ</span> <span class='ocrx_word' id='word_1_509' title='bbox 1277 1055 1456 1090; x_wconf 72' lang='grc' dir='ltr'><strong>σωφροσύνης</strong></span> <span class='ocrx_word' id='word_1_510' title='bbox 1476 1056 1523 1082; x_wconf 70' lang='grc' dir='ltr'>τιν</span> <span class='ocrx_word' id='word_1_511' title='bbox 1537 1054 1647 1092; x_wconf 78' lang='grc' dir='ltr'>οίατρον</span> <span class='ocrx_word' id='word_1_512' title='bbox 1664 1057 1714 1092; x_wconf 80' lang='grc' dir='ltr'>τῆς</span> <span class='ocrx_word' id='word_1_513' title='bbox 1741 1057 1895 1092; x_wconf 76' lang='grc' dir='ltr'><strong>ἐπιθυμίας</strong></span> 
     </span>
    </p>
   </div>
   <div class='ocr_carea' id='block_1_75' title="bbox 1098 1101 1894 1140">
    <p class='ocr_par' dir='ltr' id='par_1_75' title="bbox 1098 1101 1894 1140">
     <span class='ocr_line' id='line_1_75' title="bbox 1098 1101 1894 1140; baseline 0.003 -12"><span class='ocrx_word' id='word_1_514' title='bbox 1098 1101 1298 1136; x_wconf 67' lang='grc' dir='ltr'>ἁποκάψαντες.</span> <span class='ocrx_word' id='word_1_515' title='bbox 1321 1103 1369 1128; x_wconf 76' lang='grc' dir='ltr'><strong>καὶ</strong></span> <span class='ocrx_word' id='word_1_516' title='bbox 1387 1102 1470 1137; x_wconf 75' lang='grc' dir='ltr'>ἔρωτι</span> <span class='ocrx_word' id='word_1_517' title='bbox 1487 1103 1640 1138; x_wconf 81' lang='grc' dir='ltr'><strong>παρθενίας</strong></span> <span class='ocrx_word' id='word_1_518' title='bbox 1656 1105 1702 1131; x_wconf 72' lang='grc' dir='ltr'>τὸν</span> <span class='ocrx_word' id='word_1_519' title='bbox 1725 1104 1816 1140; x_wconf 78' lang='grc' dir='ltr'>ἔρωτα</span> <span class='ocrx_word' id='word_1_520' title='bbox 1843 1104 1894 1138; x_wconf 76' lang='grc' dir='ltr'>τῆς</span> 
     </span>
    </p>
   </div>
   <div class='ocr_carea' id='block_1_76' title="bbox 1099 1147 1894 1185">
    <p class='ocr_par' dir='ltr' id='par_1_76' title="bbox 1099 1147 1894 1185">
     <span class='ocr_line' id='line_1_76' title="bbox 1099 1147 1894 1185; baseline 0.003 -11"><span class='ocrx_word' id='word_1_521' title='bbox 1099 1148 1240 1179; x_wconf 72' lang='grc' dir='ltr'>συνουσίας</span> <span class='ocrx_word' id='word_1_522' title='bbox 1266 1149 1521 1184; x_wconf 68' lang='grc' dir='ltr'>καταμαρᾶναντες.</span> <span class='ocrx_word' id='word_1_523' title='bbox 1555 1147 1606 1176; x_wconf 82' lang='grc' dir='ltr'>Ὧν</span> <span class='ocrx_word' id='word_1_524' title='bbox 1639 1150 1694 1184; x_wconf 71' lang='grc' dir='ltr'>γὰρ</span> <span class='ocrx_word' id='word_1_525' title='bbox 1733 1150 1783 1185; x_wconf 81' lang='grc' dir='ltr'>τὴν</span> <span class='ocrx_word' id='word_1_526' title='bbox 1811 1150 1894 1184; x_wconf 74' lang='grc' dir='ltr'>φύσιν</span> 
     </span>
    </p>
   </div>
   <div class='ocr_carea' id='block_1_77' title="bbox 1098 1194 1893 1231">
    <p class='ocr_par' dir='ltr' id='par_1_77' title="bbox 1098 1194 1893 1231">
     <span class='ocr_line' id='line_1_77' title="bbox 1098 1194 1893 1231; baseline 0.003 -11"><span class='ocrx_word' id='word_1_527' title='bbox 1098 1194 1258 1229; x_wconf 78' lang='grc' dir='ltr'>ἀνθρωπίνη</span> <span class='ocrx_word' id='word_1_528' title='bbox 1283 1195 1437 1230; x_wconf 77' lang='grc' dir='ltr'>μετέπλασι</span> <span class='ocrx_word' id='word_1_529' title='bbox 1463 1196 1537 1231; x_wconf 68' lang='grc' dir='ltr'>χεὶρ,</span> <span class='ocrx_word' id='word_1_530' title='bbox 1560 1197 1607 1222; x_wconf 77' lang='grc' dir='ltr'><strong>καὶ</strong></span> <span class='ocrx_word' id='word_1_531' title='bbox 1633 1197 1742 1231; x_wconf 80' lang='grc' dir='ltr'>σίδηρος</span> <span class='ocrx_word' id='word_1_532' title='bbox 1769 1197 1893 1231; x_wconf 79' lang='grc' dir='ltr'>παρεχά-</span> 
     </span>
    </p>
   </div>
   <div class='ocr_carea' id='block_1_78' title="bbox 1099 1241 1892 1277">
    <p class='ocr_par' dir='ltr' id='par_1_78' title="bbox 1099 1241 1892 1277">
     <span class='ocr_line' id='line_1_78' title="bbox 1099 1241 1892 1277; baseline 0 -9"><span class='ocrx_word' id='word_1_533' title='bbox 1099 1241 1205 1276; x_wconf 64' lang='grc' dir='ltr'>ραξεν,</span> <span class='ocrx_word' id='word_1_534' title='bbox 1238 1242 1269 1268; x_wconf 89' lang='grc' dir='ltr'>οὺ</span> <span class='ocrx_word' id='word_1_535' title='bbox 1296 1241 1427 1268; x_wconf 77' lang='grc' dir='ltr'>τοσοῦτον</span> <span class='ocrx_word' id='word_1_536' title='bbox 1466 1243 1614 1268; x_wconf 79' lang='grc' dir='ltr'>ἀπόδεκτοι</span> <span class='ocrx_word' id='word_1_537' title='bbox 1662 1242 1892 1277; x_wconf 83' lang='grc' dir='ltr'>παρθενεύοντες,</span> 
     </span>
    </p>
   </div>
   <div class='ocr_carea' id='block_1_79' title="bbox 1096 1287 1892 1322">
    <p class='ocr_par' dir='ltr' id='par_1_79' title="bbox 1096 1287 1892 1322">
     <span class='ocr_line' id='line_1_79' title="bbox 1096 1287 1892 1322; baseline 0.001 -9"><span class='ocrx_word' id='word_1_538' title='bbox 1096 1287 1159 1313; x_wconf 79' lang='grc' dir='ltr'>ὅσον</span> <span class='ocrx_word' id='word_1_539' title='bbox 1194 1287 1382 1321; x_wconf 77' lang='grc' dir='ltr'>κατηγορητοὶ</span> <span class='ocrx_word' id='word_1_540' title='bbox 1399 1307 1407 1320; x_wconf 89' lang='grc'><strong>,</strong></span> <span class='ocrx_word' id='word_1_541' title='bbox 1436 1287 1636 1322; x_wconf 74' lang='grc' dir='ltr'>λαγνεῦοντες,</span> <span class='ocrx_word' id='word_1_542' title='bbox 1677 1288 1715 1319; x_wconf 81' lang='grc' dir='ltr'>ὡς</span> <span class='ocrx_word' id='word_1_543' title='bbox 1745 1287 1794 1322; x_wconf 82' lang='grc' dir='ltr'>τῆς</span> <span class='ocrx_word' id='word_1_544' title='bbox 1826 1289 1892 1315; x_wconf 77' lang='grc' dir='ltr'>ἀκο-</span> 
     </span>
    </p>
   </div>
   <div class='ocr_carea' id='block_1_80' title="bbox 1097 1333 1890 1370">
    <p class='ocr_par' dir='ltr' id='par_1_80' title="bbox 1097 1333 1890 1370">
     <span class='ocr_line' id='line_1_80' title="bbox 1097 1333 1890 1370; baseline 0.003 -11"><span class='ocrx_word' id='word_1_545' title='bbox 1097 1333 1194 1365; x_wconf 80' lang='grc' dir='ltr'>λασίας</span> <span class='ocrx_word' id='word_1_546' title='bbox 1221 1333 1374 1369; x_wconf 75' lang='grc' dir='ltr'>νικησάσης</span> <span class='ocrx_word' id='word_1_547' title='bbox 1396 1335 1443 1361; x_wconf 78' lang='grc' dir='ltr'>καὶ</span> <span class='ocrx_word' id='word_1_548' title='bbox 1470 1334 1519 1369; x_wconf 83' lang='grc' dir='ltr'>τὴν</span> <span class='ocrx_word' id='word_1_549' title='bbox 1542 1334 1596 1360; x_wconf 81' lang='grc' dir='ltr'>ἀπὺ</span> <span class='ocrx_word' id='word_1_550' title='bbox 1622 1333 1669 1360; x_wconf 82' lang='grc' dir='ltr'>τοῦ</span> <span class='ocrx_word' id='word_1_551' title='bbox 1691 1334 1804 1370; x_wconf 80' lang='grc' dir='ltr'>σιδήρου</span> <span class='ocrx_word' id='word_1_552' title='bbox 1827 1334 1890 1370; x_wconf 74' lang='grc' dir='ltr'>βοή-</span> 
     </span>
    </p>
   </div>
   <div class='ocr_carea' id='block_1_81' title="bbox 1096 1381 1183 1408">
    <p class='ocr_par' dir='ltr' id='par_1_81' title="bbox 1096 1381 1183 1408">
     <span class='ocr_line' id='line_1_81' title="bbox 1096 1381 1183 1408; baseline 0 0"><span class='ocrx_word' id='word_1_553' title='bbox 1096 1381 1183 1408; x_wconf 80' lang='grc' dir='ltr'>θειαν.</span> 
     </span>
    </p>
   </div>
   <div class='ocr_carea' id='block_1_82' title="bbox 1130 1427 1890 1463">
    <p class='ocr_par' dir='ltr' id='par_1_82' title="bbox 1130 1427 1890 1463">
     <span class='ocr_line' id='line_1_82' title="bbox 1130 1427 1890 1463; baseline 0.003 -9"><span class='ocrx_word' id='word_1_554' title='bbox 1130 1427 1196 1463; x_wconf 62' lang='grc' dir='ltr'><strong>(Τοῦ</strong></span> <span class='ocrx_word' id='word_1_555' title='bbox 1212 1427 1269 1463; x_wconf 75' lang='grc'><strong>(92)</strong></span> <span class='ocrx_word' id='word_1_556' title='bbox 1287 1428 1434 1462; x_wconf 80' lang='grc' dir='ltr'>Θεολόγου·</span> <span class='ocrx_word' id='word_1_557' title='bbox 1463 1428 1497 1455; x_wconf 90' lang='lat' dir='ltr'><strong>Ol</strong></span> <span class='ocrx_word' id='word_1_558' title='bbox 1512 1427 1564 1463; x_wconf 79' lang='grc' dir='ltr'><strong>μὲν</strong></span> <span class='ocrx_word' id='word_1_559' title='bbox 1588 1427 1620 1454; x_wconf 78' lang='grc' dir='ltr'>ἐκ</span> <span class='ocrx_word' id='word_1_560' title='bbox 1641 1427 1750 1462; x_wconf 77' lang='grc' dir='ltr'>φύσεως</span> <span class='ocrx_word' id='word_1_561' title='bbox 1783 1428 1890 1456; x_wconf 82' lang='grc' dir='ltr'><strong>νεύουσι</strong></span> 
     </span>
    </p>
   </div>
   <div class='ocr_carea' id='block_1_83' title="bbox 1095 1474 1888 1510">
    <p class='ocr_par' dir='ltr' id='par_1_83' title="bbox 1095 1474 1888 1510">
     <span class='ocr_line' id='line_1_83' title="bbox 1095 1474 1888 1510; baseline 0.003 -10"><span class='ocrx_word' id='word_1_562' title='bbox 1095 1474 1163 1510; x_wconf 72' lang='grc' dir='ltr'>πρὸς</span> <span class='ocrx_word' id='word_1_563' title='bbox 1177 1475 1207 1500; x_wconf 68' lang='grc' dir='ltr'><strong>τὸ</strong></span> <span class='ocrx_word' id='word_1_564' title='bbox 1222 1474 1325 1508; x_wconf 82' lang='grc' dir='ltr'>ἀγαθόν</span> <span class='ocrx_word' id='word_1_565' title='bbox 1335 1482 1342 1489; x_wconf 93' lang='grc'><strong>·</strong></span> <span class='ocrx_word' id='word_1_566' title='bbox 1356 1474 1465 1509; x_wconf 83' lang='grc' dir='ltr'>φύσεως</span> <span class='ocrx_word' id='word_1_567' title='bbox 1480 1474 1508 1501; x_wconf 81' lang='grc' dir='ltr'>δὲ</span> <span class='ocrx_word' id='word_1_568' title='bbox 1523 1474 1587 1501; x_wconf 85' lang='grc' dir='ltr'>ὅταν</span> <span class='ocrx_word' id='word_1_569' title='bbox 1601 1474 1683 1506; x_wconf 83' lang='grc' dir='ltr'>εἴπω.</span> <span class='ocrx_word' id='word_1_570' title='bbox 1697 1475 1747 1501; x_wconf 84' lang='grc' dir='ltr'>οὐκ</span> <span class='ocrx_word' id='word_1_571' title='bbox 1762 1475 1888 1510; x_wconf 83' lang='grc' dir='ltr'>ἀτιμὰζω</span> 
     </span>
    </p>
   </div>
   <div class='ocr_carea' id='block_1_84' title="bbox 1096 1520 1888 1557">
    <p class='ocr_par' dir='ltr' id='par_1_84' title="bbox 1096 1520 1888 1557">
     <span class='ocr_line' id='line_1_84' title="bbox 1096 1520 1888 1557; baseline 0 -10"><span class='ocrx_word' id='word_1_572' title='bbox 1096 1521 1145 1556; x_wconf 84' lang='grc' dir='ltr'>τὴν</span> <span class='ocrx_word' id='word_1_573' title='bbox 1158 1520 1332 1555; x_wconf 74' lang='grc' dir='ltr'>προαίρεσιν,</span> <span class='ocrx_word' id='word_1_574' title='bbox 1349 1520 1406 1547; x_wconf 81' lang='grc' dir='ltr'>ἀλλ’</span> <span class='ocrx_word' id='word_1_575' title='bbox 1419 1520 1564 1556; x_wconf 72' lang='grc' dir='ltr'>ἀμφότερα</span> <span class='ocrx_word' id='word_1_576' title='bbox 1576 1520 1685 1555; x_wconf 77' lang='grc' dir='ltr'>τίθημι,</span> <span class='ocrx_word' id='word_1_577' title='bbox 1699 1521 1750 1556; x_wconf 83' lang='grc' dir='ltr'>τήν</span> <span class='ocrx_word' id='word_1_578' title='bbox 1766 1529 1798 1555; x_wconf 86' lang='grc' dir='ltr'>γε</span> <span class='ocrx_word' id='word_1_579' title='bbox 1820 1522 1888 1557; x_wconf 61' lang='lat' dir='ltr'><strong>rupit:</strong></span> 
     </span>
    </p>
   </div>
   <div class='ocr_carea' id='block_1_85' title="bbox 1095 1566 1888 1602">
    <p class='ocr_par' dir='ltr' id='par_1_85' title="bbox 1095 1566 1888 1602">
     <span class='ocr_line' id='line_1_85' title="bbox 1095 1566 1888 1602; baseline 0.001 -10"><span class='ocrx_word' id='word_1_580' title='bbox 1095 1567 1125 1593; x_wconf 72' lang='grc' dir='ltr'>τὸ</span> <span class='ocrx_word' id='word_1_581' title='bbox 1144 1567 1227 1593; x_wconf 81' lang='grc' dir='ltr'>καλὸν</span> <span class='ocrx_word' id='word_1_582' title='bbox 1252 1566 1474 1602; x_wconf 75' lang='grc' dir='ltr'><strong>ἐπιτηδειότητα,</strong></span> <span class='ocrx_word' id='word_1_583' title='bbox 1491 1567 1539 1593; x_wconf 79' lang='grc' dir='ltr'>καὶ</span> <span class='ocrx_word' id='word_1_584' title='bbox 1553 1567 1604 1600; x_wconf 84' lang='grc' dir='ltr'><strong>τὴν</strong></span> <span class='ocrx_word' id='word_1_585' title='bbox 1619 1567 1660 1598; x_wconf 87' lang='grc' dir='ltr'><strong>είς</strong></span> <span class='ocrx_word' id='word_1_586' title='bbox 1674 1567 1754 1601; x_wconf 79' lang='grc' dir='ltr'>ἔργον</span> <span class='ocrx_word' id='word_1_587' title='bbox 1767 1567 1888 1601; x_wconf 69' lang='grc' dir='ltr'>ἄγουσαν</span> 
     </span>
    </p>
   </div>
   <div class='ocr_carea' id='block_1_86' title="bbox 1093 1613 1887 1648">
    <p class='ocr_par' dir='ltr' id='par_1_86' title="bbox 1093 1613 1887 1648">
     <span class='ocr_line' id='line_1_86' title="bbox 1093 1613 1887 1648; baseline 0.001 -8"><span class='ocrx_word' id='word_1_588' title='bbox 1093 1615 1124 1640; x_wconf 72' lang='grc' dir='ltr'><strong>τὸ</strong></span> <span class='ocrx_word' id='word_1_589' title='bbox 1150 1615 1182 1639; x_wconf 76' lang='grc' dir='ltr'>ὲκ</span> <span class='ocrx_word' id='word_1_590' title='bbox 1208 1613 1317 1647; x_wconf 86' lang='grc' dir='ltr'>φύσεως</span> <span class='ocrx_word' id='word_1_591' title='bbox 1343 1614 1514 1648; x_wconf 62' lang='grc' dir='ltr'>ἐπιτήδειον</span> <span class='ocrx_word' id='word_1_592' title='bbox 1535 1614 1560 1640; x_wconf 76' lang='grc' dir='ltr'>οἱ</span> <span class='ocrx_word' id='word_1_593' title='bbox 1585 1613 1614 1640; x_wconf 74' lang='grc' dir='ltr'>δὲ</span> <span class='ocrx_word' id='word_1_594' title='bbox 1640 1614 1693 1640; x_wconf 73' lang='grc' dir='ltr'>ὑπὸ</span> <span class='ocrx_word' id='word_1_595' title='bbox 1717 1614 1887 1641; x_wconf 72' lang='grc' dir='ltr'><strong>διδασκάλων</strong></span> 
     </span>
    </p>
   </div>
   <div class='ocr_carea' id='block_1_87' title="bbox 1094 1659 1887 1695">
    <p class='ocr_par' dir='ltr' id='par_1_87' title="bbox 1094 1659 1887 1695">
     <span class='ocr_line' id='line_1_87' title="bbox 1094 1659 1887 1695; baseline 0.001 -9"><span class='ocrx_word' id='word_1_596' title='bbox 1094 1661 1274 1695; x_wconf 79' lang='grc' dir='ltr'>ὲκτέμνονται</span> <span class='ocrx_word' id='word_1_597' title='bbox 1291 1668 1324 1686; x_wconf 86' lang='grc' dir='ltr'><strong>τα</strong></span> <span class='ocrx_word' id='word_1_598' title='bbox 1342 1659 1434 1695; x_wconf 80' lang='grc' dir='ltr'>πάθη·</span> <span class='ocrx_word' id='word_1_599' title='bbox 1464 1660 1489 1686; x_wconf 83' lang='grc' dir='ltr'><strong>οί</strong></span> <span class='ocrx_word' id='word_1_600' title='bbox 1509 1660 1538 1686; x_wconf 83' lang='grc' dir='ltr'>δὲ</span> <span class='ocrx_word' id='word_1_601' title='bbox 1556 1660 1590 1687; x_wconf 88' lang='grc' dir='ltr'>δι’</span> <span class='ocrx_word' id='word_1_602' title='bbox 1607 1660 1712 1687; x_wconf 69' lang='grc' dir='ltr'>ἑαυτῶν</span> <span class='ocrx_word' id='word_1_603' title='bbox 1723 1661 1887 1695; x_wconf 80' lang='grc' dir='ltr'>ὲκτέμνουσι</span> 
     </span>
    </p>
   </div>
   <div class='ocr_carea' id='block_1_88' title="bbox 1094 1706 1886 1742">
    <p class='ocr_par' dir='ltr' id='par_1_88' title="bbox 1094 1706 1886 1742">
     <span class='ocr_line' id='line_1_88' title="bbox 1094 1706 1886 1742; baseline 0 -9"><span class='ocrx_word' id='word_1_604' title='bbox 1094 1706 1193 1738; x_wconf 84' lang='grc' dir='ltr'>ταῦτα,</span> <span class='ocrx_word' id='word_1_605' title='bbox 1210 1706 1382 1734; x_wconf 78' lang='grc' dir='ltr'>διδασκάλων</span> <span class='ocrx_word' id='word_1_606' title='bbox 1407 1706 1457 1741; x_wconf 84' lang='grc' dir='ltr'><strong>μὲν</strong></span> <span class='ocrx_word' id='word_1_607' title='bbox 1483 1707 1533 1732; x_wconf 80' lang='grc' dir='ltr'>οὐκ</span> <span class='ocrx_word' id='word_1_608' title='bbox 1558 1707 1749 1742; x_wconf 80' lang='grc' dir='ltr'>ἐπιτυχόντες,</span> <span class='ocrx_word' id='word_1_609' title='bbox 1773 1707 1886 1738; x_wconf 75' lang='grc' dir='ltr'>ἑαυτοὺς</span> 
     </span>
    </p>
   </div>
   <div class='ocr_carea' id='block_1_89' title="bbox 1093 1751 1886 1789">
    <p class='ocr_par' dir='ltr' id='par_1_89' title="bbox 1093 1751 1886 1789">
     <span class='ocr_line' id='line_1_89' title="bbox 1093 1751 1886 1789; baseline 0.001 -11"><span class='ocrx_word' id='word_1_610' title='bbox 1093 1752 1121 1778; x_wconf 83' lang='grc' dir='ltr'>δὲ</span> <span class='ocrx_word' id='word_1_611' title='bbox 1141 1751 1298 1784; x_wconf 75' lang='grc' dir='ltr'>διδάξαντες</span> <span class='ocrx_word' id='word_1_612' title='bbox 1312 1753 1346 1778; x_wconf 76' lang='grc' dir='ltr'>τὰ</span> <span class='ocrx_word' id='word_1_613' title='bbox 1362 1753 1550 1787; x_wconf 85' lang='grc' dir='ltr'>προσήκοντα,</span> <span class='ocrx_word' id='word_1_614' title='bbox 1561 1752 1606 1779; x_wconf 70' lang='grc' dir='ltr'>καὶ</span> <span class='ocrx_word' id='word_1_615' title='bbox 1622 1753 1673 1788; x_wconf 82' lang='grc' dir='ltr'>τήν</span> <span class='ocrx_word' id='word_1_616' title='bbox 1692 1761 1722 1779; x_wconf 89' lang='grc' dir='ltr'><strong>τε</strong></span> <span class='ocrx_word' id='word_1_617' title='bbox 1745 1753 1824 1789; x_wconf 75' lang='grc' dir='ltr'>ῥίζαν</span> <span class='ocrx_word' id='word_1_618' title='bbox 1837 1755 1886 1787; x_wconf 75' lang='grc' dir='ltr'>τῆς</span> 
     </span>
    </p>
   </div>
   <div class='ocr_carea' id='block_1_90' title="bbox 1093 1797 1885 1834">
    <p class='ocr_par' dir='ltr' id='par_1_90' title="bbox 1093 1797 1885 1834">
     <span class='ocr_line' id='line_1_90' title="bbox 1093 1797 1885 1834; baseline 0.003 -11"><span class='ocrx_word' id='word_1_619' title='bbox 1093 1797 1193 1828; x_wconf 75' lang='grc' dir='ltr'>κακίας</span> <span class='ocrx_word' id='word_1_620' title='bbox 1224 1797 1400 1831; x_wconf 72' lang='grc' dir='ltr'>ἐκτεμόντες,</span> <span class='ocrx_word' id='word_1_621' title='bbox 1427 1797 1476 1824; x_wconf 79' lang='grc' dir='ltr'>καὶ</span> <span class='ocrx_word' id='word_1_622' title='bbox 1506 1797 1540 1834; x_wconf 66' lang='grc' dir='ltr'>τὰ</span> <span class='ocrx_word' id='word_1_623' title='bbox 1562 1797 1668 1832; x_wconf 75' lang='grc' dir='ltr'>ὄργανα</span> <span class='ocrx_word' id='word_1_624' title='bbox 1686 1798 1736 1833; x_wconf 86' lang='grc' dir='ltr'>τῆς</span> <span class='ocrx_word' id='word_1_625' title='bbox 1752 1799 1885 1834; x_wconf 78' lang='grc' dir='ltr'>πονηρίας</span> 
     </span>
    </p>
   </div>
   <div class='ocr_carea' id='block_1_91' title="bbox 1093 1841 1292 1877">
    <p class='ocr_par' dir='ltr' id='par_1_91' title="bbox 1093 1841 1292 1877">
     <span class='ocr_line' id='line_1_91' title="bbox 1093 1841 1292 1877; baseline 0 -9"><span class='ocrx_word' id='word_1_626' title='bbox 1093 1841 1292 1877; x_wconf 67' lang='grc' dir='ltr'>ὲξορίσαντες.]</span> 
     </span>
    </p>
   </div>
   <div class='ocr_carea' id='block_1_92' title="bbox 1136 1887 1884 1923">
    <p class='ocr_par' dir='ltr' id='par_1_92' title="bbox 1136 1887 1884 1923">
     <span class='ocr_line' id='line_1_92' title="bbox 1136 1887 1884 1923; baseline 0.003 -9"><span class='ocrx_word' id='word_1_627' title='bbox 1136 1889 1168 1914; x_wconf 93' lang='lat'><strong>&#39;0</strong></span> <span class='ocrx_word' id='word_1_628' title='bbox 1182 1902 1217 1908; x_wconf 91' lang='lat'><strong>——</strong></span> <span class='ocrx_word' id='word_1_629' title='bbox 1230 1887 1369 1922; x_wconf 81' lang='grc' dir='ltr'>χωρείτω.</span> <span class='ocrx_word' id='word_1_630' title='bbox 1383 1888 1555 1918; x_wconf 78' lang='grc' dir='ltr'>Τελευταῖον,</span> <span class='ocrx_word' id='word_1_631' title='bbox 1573 1888 1718 1922; x_wconf 62' lang='grc' dir='ltr'>ὑποδείξας</span> <span class='ocrx_word' id='word_1_632' title='bbox 1735 1889 1799 1920; x_wconf 74' lang='grc' dir='ltr'>τοὺς</span> <span class='ocrx_word' id='word_1_633' title='bbox 1816 1889 1884 1923; x_wconf 73' lang='grc' dir='ltr'><strong>ἁγα-</strong></span> 
     </span>
    </p>
   </div>
   <div class='ocr_carea' id='block_1_93' title="bbox 1094 1932 1884 1969">
    <p class='ocr_par' dir='ltr' id='par_1_93' title="bbox 1094 1932 1884 1969">
     <span class='ocr_line' id='line_1_93' title="bbox 1094 1932 1884 1969; baseline -0.003 -9"><span class='ocrx_word' id='word_1_634' title='bbox 1094 1942 1162 1969; x_wconf 81' lang='grc' dir='ltr'>μους</span> <span class='ocrx_word' id='word_1_635' title='bbox 1189 1934 1253 1964; x_wconf 76' lang='grc' dir='ltr'>τοὺς</span> <span class='ocrx_word' id='word_1_636' title='bbox 1286 1933 1512 1968; x_wconf 71' lang='grc' dir='ltr'>ἐπαινουμένους,</span> <span class='ocrx_word' id='word_1_637' title='bbox 1536 1932 1584 1960; x_wconf 80' lang='grc' dir='ltr'>καὶ</span> <span class='ocrx_word' id='word_1_638' title='bbox 1597 1933 1669 1960; x_wconf 81' lang='grc' dir='ltr'>οὕτω</span> <span class='ocrx_word' id='word_1_639' title='bbox 1690 1937 1740 1963; x_wconf 83' lang='grc' dir='ltr'>τὴν</span> <span class='ocrx_word' id='word_1_640' title='bbox 1754 1933 1884 1967; x_wconf 75' lang='grc' dir='ltr'>τοιαύτην</span> 
     </span>
    </p>
   </div>
   <div class='ocr_carea' id='block_1_94' title="bbox 1092 1978 1884 2014">
    <p class='ocr_par' dir='ltr' id='par_1_94' title="bbox 1092 1978 1884 2014">
     <span class='ocr_line' id='line_1_94' title="bbox 1092 1978 1884 2014; baseline 0 -8"><span class='ocrx_word' id='word_1_641' title='bbox 1092 1979 1216 2014; x_wconf 82' lang='grc' dir='ltr'>ἀγαμίαν</span> <span class='ocrx_word' id='word_1_642' title='bbox 1229 1978 1386 2011; x_wconf 69' lang='grc' dir='ltr'>ἐπαινέσας,</span> <span class='ocrx_word' id='word_1_643' title='bbox 1407 1979 1452 2005; x_wconf 73' lang='grc' dir='ltr'>καὶ</span> <span class='ocrx_word' id='word_1_644' title='bbox 1466 1978 1618 2014; x_wconf 76' lang='grc' dir='ltr'><strong>λεληθότως</strong></span> <span class='ocrx_word' id='word_1_645' title='bbox 1632 1980 1681 2014; x_wconf 75' lang='grc' dir='ltr'><strong>μὲν</strong></span> <span class='ocrx_word' id='word_1_646' title='bbox 1698 1981 1761 2011; x_wconf 66' lang='grc' dir='ltr'>τοὺς</span> <span class='ocrx_word' id='word_1_647' title='bbox 1781 1981 1884 2014; x_wconf 75' lang='grc' dir='ltr'>ἀκροα-</span> 
     </span>
    </p>
   </div>
   <div class='ocr_carea' id='block_1_95' title="bbox 1092 2025 1882 2061">
    <p class='ocr_par' dir='ltr' id='par_1_95' title="bbox 1092 2025 1882 2061">
     <span class='ocr_line' id='line_1_95' title="bbox 1092 2025 1882 2061; baseline 0.003 -10"><span class='ocrx_word' id='word_1_648' title='bbox 1092 2027 1142 2057; x_wconf 79' lang='grc' dir='ltr'>τὰς</span> <span class='ocrx_word' id='word_1_649' title='bbox 1155 2026 1195 2057; x_wconf 82' lang='grc' dir='ltr'><strong>εἰς</strong></span> <span class='ocrx_word' id='word_1_650' title='bbox 1205 2025 1236 2051; x_wconf 78' lang='grc' dir='ltr'>τὸ</span> <span class='ocrx_word' id='word_1_651' title='bbox 1247 2025 1427 2061; x_wconf 73' lang='grc' dir='ltr'>παρθενεύειν</span> <span class='ocrx_word' id='word_1_652' title='bbox 1442 2025 1530 2057; x_wconf 75' lang='grc' dir='ltr'>οὕτως</span> <span class='ocrx_word' id='word_1_653' title='bbox 1546 2026 1766 2061; x_wconf 63' lang='grc' dir='ltr'>ἐπικαλεσάμενος</span> <span class='ocrx_word' id='word_1_654' title='bbox 1779 2034 1785 2041; x_wconf 93' lang='lat'><strong>&#39;</strong></span> <span class='ocrx_word' id='word_1_655' title='bbox 1804 2026 1882 2058; x_wconf 84' lang='grc' dir='ltr'>εἰδὼς</span> 
     </span>
    </p>
   </div>
   <div class='ocr_carea' id='block_1_96' title="bbox 1091 2070 1882 2108">
    <p class='ocr_par' dir='ltr' id='par_1_96' title="bbox 1091 2070 1882 2108">
     <span class='ocr_line' id='line_1_96' title="bbox 1091 2070 1882 2108; baseline 0 -10"><span class='ocrx_word' id='word_1_656' title='bbox 1091 2071 1120 2098; x_wconf 69' lang='grc' dir='ltr'>δὲ</span> <span class='ocrx_word' id='word_1_657' title='bbox 1155 2071 1227 2106; x_wconf 52' lang='grc' dir='ltr'>μέτα</span> <span class='ocrx_word' id='word_1_658' title='bbox 1242 2070 1322 2098; x_wconf 73' lang='grc' dir='ltr'>τοῦτο</span> <span class='ocrx_word' id='word_1_659' title='bbox 1351 2071 1398 2098; x_wconf 81' lang='grc' dir='ltr'>καὶ</span> <span class='ocrx_word' id='word_1_660' title='bbox 1413 2071 1514 2105; x_wconf 83' lang='grc' dir='ltr'>ὀλίγοις</span> <span class='ocrx_word' id='word_1_661' title='bbox 1535 2072 1654 2107; x_wconf 72' lang='grc' dir='ltr'>αίρετὺν,</span> <span class='ocrx_word' id='word_1_662' title='bbox 1682 2072 1882 2108; x_wconf 76' lang='grc' dir='ltr'>καταλιμπάνει</span> 
     </span>
    </p>
   </div>
   <div class='ocr_carea' id='block_1_97' title="bbox 1091 2117 1884 2154">
    <p class='ocr_par' dir='ltr' id='par_1_97' title="bbox 1091 2117 1884 2154">
     <span class='ocr_line' id='line_1_97' title="bbox 1091 2117 1884 2154; baseline 0.001 -10"><span class='ocrx_word' id='word_1_663' title='bbox 1091 2119 1122 2144; x_wconf 82' lang='grc' dir='ltr'>τὸ</span> <span class='ocrx_word' id='word_1_664' title='bbox 1141 2117 1263 2152; x_wconf 79' lang='grc' dir='ltr'>πρᾶγμα</span> <span class='ocrx_word' id='word_1_665' title='bbox 1279 2118 1309 2152; x_wconf 83' lang='grc' dir='ltr'>τῇ</span> <span class='ocrx_word' id='word_1_666' title='bbox 1325 2117 1486 2152; x_wconf 76' lang='grc' dir='ltr'>προαιρέσει</span> <span class='ocrx_word' id='word_1_667' title='bbox 1500 2117 1553 2144; x_wconf 85' lang='grc' dir='ltr'>τῶν</span> <span class='ocrx_word' id='word_1_668' title='bbox 1567 2118 1731 2154; x_wconf 71' lang='grc' dir='ltr'>ἀνθρώπιον.</span> <span class='ocrx_word' id='word_1_669' title='bbox 1763 2119 1792 2146; x_wconf 69' lang='grc' dir='ltr'><strong>ΤΟ</strong></span> <span class='ocrx_word' id='word_1_670' title='bbox 1805 2119 1884 2145; x_wconf 79' lang='grc' dir='ltr'>δυνά-</span> 
     </span>
    </p>
   </div>
   <div class='ocr_carea' id='block_1_98' title="bbox 1094 2161 1881 2198">
    <p class='ocr_par' dir='ltr' id='par_1_98' title="bbox 1094 2161 1881 2198">
     <span class='ocr_line' id='line_1_98' title="bbox 1094 2161 1881 2198; baseline 0.001 -11"><span class='ocrx_word' id='word_1_671' title='bbox 1094 2170 1174 2196; x_wconf 78' lang='grc' dir='ltr'>μενος</span> <span class='ocrx_word' id='word_1_672' title='bbox 1185 2161 1250 2196; x_wconf 80' lang='grc' dir='ltr'>γὰρ.</span> <span class='ocrx_word' id='word_1_673' title='bbox 1263 2162 1342 2195; x_wconf 72' lang='grc' dir='ltr'>φησὶ,</span> <span class='ocrx_word' id='word_1_674' title='bbox 1367 2162 1469 2197; x_wconf 85' lang='grc' dir='ltr'>χωρεῖν</span> <span class='ocrx_word' id='word_1_675' title='bbox 1482 2161 1570 2196; x_wconf 82' lang='grc' dir='ltr'>τοῦτο,</span> <span class='ocrx_word' id='word_1_676' title='bbox 1604 2162 1631 2198; x_wconf 80' lang='grc' dir='ltr'><strong>[ἢ</strong></span> <span class='ocrx_word' id='word_1_677' title='bbox 1648 2164 1749 2198; x_wconf 80' lang='grc' dir='ltr'>χωρεῖν</span> <span class='ocrx_word' id='word_1_678' title='bbox 1768 2162 1826 2197; x_wconf 85' lang='lat'><strong>(95)</strong></span> <span class='ocrx_word' id='word_1_679' title='bbox 1840 2163 1881 2194; x_wconf 85' lang='grc' dir='ltr'>εἰς</span> 
     </span>
    </p>
   </div>
   <div class='ocr_carea' id='block_1_99' title="bbox 1088 2207 1348 2243">
    <p class='ocr_par' dir='ltr' id='par_1_99' title="bbox 1088 2207 1348 2243">
     <span class='ocr_line' id='line_1_99' title="bbox 1088 2207 1348 2243; baseline 0.004 -10"><span class='ocrx_word' id='word_1_680' title='bbox 1088 2207 1191 2243; x_wconf 52' lang='lat' dir='ltr'><strong>tabem]</strong></span> <span class='ocrx_word' id='word_1_681' title='bbox 1213 2207 1348 2243; x_wconf 73' lang='grc' dir='ltr'>χωρείτω.</span> 
     </span>
    </p>
   </div>
   <div class='ocr_carea' id='block_1_100' title="bbox 1128 2253 1881 2290">
    <p class='ocr_par' dir='ltr' id='par_1_100' title="bbox 1128 2253 1881 2290">
     <span class='ocr_line' id='line_1_100' title="bbox 1128 2253 1881 2290; baseline 0 -10"><span class='ocrx_word' id='word_1_682' title='bbox 1128 2253 1199 2280; x_wconf 77' lang='grc' dir='ltr'>Τότε</span> <span class='ocrx_word' id='word_1_683' title='bbox 1226 2268 1246 2274; x_wconf 82' lang='grc'><strong><em>-</em></strong></span> <span class='ocrx_word' id='word_1_684' title='bbox 1267 2253 1384 2288; x_wconf 81' lang='grc' dir='ltr'>αὐτοῖς.</span> <span class='ocrx_word' id='word_1_685' title='bbox 1418 2255 1511 2290; x_wconf 81' lang='grc' dir='ltr'>Βρέφη</span> <span class='ocrx_word' id='word_1_686' title='bbox 1540 2253 1645 2282; x_wconf 76' lang='grc' dir='ltr'>εἶπενὸ</span> <span class='ocrx_word' id='word_1_687' title='bbox 1660 2256 1778 2287; x_wconf 78' lang='grc' dir='ltr'>Λουκᾶς,</span> <span class='ocrx_word' id='word_1_688' title='bbox 1801 2255 1881 2281; x_wconf 76' lang='grc' dir='ltr'>ἅτινα</span> 
     </span>
    </p>
   </div>
   <div class='ocr_carea' id='block_1_101' title="bbox 1090 2299 1880 2335">
    <p class='ocr_par' dir='ltr' id='par_1_101' title="bbox 1090 2299 1880 2335">
     <span class='ocr_line' id='line_1_101' title="bbox 1090 2299 1880 2335; baseline 0.001 -10"><span class='ocrx_word' id='word_1_689' title='bbox 1090 2299 1320 2335; x_wconf 81' lang='grc' dir='ltr'>προσηνέχθησαν</span> <span class='ocrx_word' id='word_1_690' title='bbox 1341 2300 1390 2335; x_wconf 77' lang='grc' dir='ltr'><strong>μὲν</strong></span> <span class='ocrx_word' id='word_1_691' title='bbox 1406 2301 1438 2327; x_wconf 80' lang='grc' dir='ltr'>ἐκ</span> <span class='ocrx_word' id='word_1_692' title='bbox 1456 2301 1574 2333; x_wconf 83' lang='grc' dir='ltr'>πίστεως</span> <span class='ocrx_word' id='word_1_693' title='bbox 1590 2301 1644 2327; x_wconf 82' lang='grc' dir='ltr'>τῶν</span> <span class='ocrx_word' id='word_1_694' title='bbox 1670 2302 1786 2335; x_wconf 84' lang='grc' dir='ltr'>γονέων·</span> <span class='ocrx_word' id='word_1_695' title='bbox 1815 2301 1839 2326; x_wconf 85' lang='grc' dir='ltr'>οἱ</span> <span class='ocrx_word' id='word_1_696' title='bbox 1851 2300 1880 2326; x_wconf 74' lang='grc' dir='ltr'>δὲ</span> 
     </span>
    </p>
   </div>
   <div class='ocr_carea' id='block_1_102' title="bbox 1090 2346 1879 2382">
    <p class='ocr_par' dir='ltr' id='par_1_102' title="bbox 1090 2346 1879 2382">
     <span class='ocr_line' id='line_1_102' title="bbox 1090 2346 1879 2382; baseline -0.001 -10"><span class='ocrx_word' id='word_1_697' title='bbox 1090 2347 1211 2381; x_wconf 77' lang='grc' dir='ltr'>μαθηταὶ</span> <span class='ocrx_word' id='word_1_698' title='bbox 1230 2347 1369 2381; x_wconf 80' lang='grc' dir='ltr'>ἐπετίμων</span> <span class='ocrx_word' id='word_1_699' title='bbox 1386 2348 1442 2376; x_wconf 83' lang='grc' dir='ltr'>τοῖς</span> <span class='ocrx_word' id='word_1_700' title='bbox 1459 2347 1672 2382; x_wconf 66' lang='grc' dir='ltr'>προσφέρουσιν,</span> <span class='ocrx_word' id='word_1_701' title='bbox 1689 2346 1725 2377; x_wconf 85' lang='grc' dir='ltr'>ὡς</span> <span class='ocrx_word' id='word_1_702' title='bbox 1736 2347 1750 2372; x_wconf 76' lang='grc' dir='ltr'>ὁ</span> <span class='ocrx_word' id='word_1_703' title='bbox 1764 2346 1879 2381; x_wconf 80' lang='grc' dir='ltr'>Μάρκος</span> 
     </span>
    </p>
   </div>
   <div class='ocr_carea' id='block_1_103' title="bbox 1088 2392 1877 2426">
    <p class='ocr_par' dir='ltr' id='par_1_103' title="bbox 1088 2392 1877 2426">
     <span class='ocr_line' id='line_1_103' title="bbox 1088 2392 1877 2426; baseline 0.001 -9"><span class='ocrx_word' id='word_1_704' title='bbox 1088 2392 1192 2426; x_wconf 75' lang='grc' dir='ltr'>ἔγραψε</span> <span class='ocrx_word' id='word_1_705' title='bbox 1203 2413 1210 2424; x_wconf 82' lang='grc'><strong>,</strong></span> <span class='ocrx_word' id='word_1_706' title='bbox 1228 2392 1368 2418; x_wconf 79' lang='grc' dir='ltr'>τουτέστιν</span> <span class='ocrx_word' id='word_1_707' title='bbox 1385 2392 1513 2419; x_wconf 76' lang='grc' dir='ltr'>ἐκώλυον.</span> <span class='ocrx_word' id='word_1_708' title='bbox 1532 2393 1613 2424; x_wconf 77' lang='grc' dir='ltr'>Είκὺς</span> <span class='ocrx_word' id='word_1_709' title='bbox 1629 2393 1659 2419; x_wconf 80' lang='grc' dir='ltr'>δὲ</span> <span class='ocrx_word' id='word_1_710' title='bbox 1677 2393 1724 2419; x_wconf 83' lang='grc' dir='ltr'>καὶ</span> <span class='ocrx_word' id='word_1_711' title='bbox 1740 2393 1796 2423; x_wconf 73' lang='grc' dir='ltr'>τοῖς</span> <span class='ocrx_word' id='word_1_712' title='bbox 1819 2400 1877 2418; x_wconf 72' lang='grc' dir='ltr'>παι-</span> 
     </span>
    </p>
   </div>
   <div class='ocr_carea' id='block_1_104' title="bbox 1091 2438 1877 2473">
    <p class='ocr_par' dir='ltr' id='par_1_104' title="bbox 1091 2438 1877 2473">
     <span class='ocr_line' id='line_1_104' title="bbox 1091 2438 1877 2473; baseline 0.001 -9"><span class='ocrx_word' id='word_1_713' title='bbox 1091 2439 1134 2464; x_wconf 77' lang='grc' dir='ltr'>σὶν</span> <span class='ocrx_word' id='word_1_714' title='bbox 1163 2439 1303 2473; x_wconf 73' lang='grc' dir='ltr'>ἐπιτιμᾷν.</span> <span class='ocrx_word' id='word_1_715' title='bbox 1327 2438 1460 2465; x_wconf 77' lang='grc' dir='ltr'>Ἐκώλυον</span> <span class='ocrx_word' id='word_1_716' title='bbox 1489 2439 1516 2465; x_wconf 79' lang='grc' dir='ltr'>δὲ</span> <span class='ocrx_word' id='word_1_717' title='bbox 1547 2439 1691 2471; x_wconf 77' lang='grc' dir='ltr'>κάκείνους</span> <span class='ocrx_word' id='word_1_718' title='bbox 1722 2438 1877 2470; x_wconf 72' lang='grc' dir='ltr'>καὶταῦτα.</span> 
     </span>
    </p>
   </div>
   <div class='ocr_carea' id='block_1_105' title="bbox 1089 2482 1463 2517">
    <p class='ocr_par' dir='ltr' id='par_1_105' title="bbox 1089 2482 1463 2517">
     <span class='ocr_line' id='line_1_105' title="bbox 1089 2482 1463 2517; baseline 0.005 -9"><span class='ocrx_word' id='word_1_719' title='bbox 1089 2483 1222 2517; x_wconf 72' lang='grc' dir='ltr'>τιμῶντες</span> <span class='ocrx_word' id='word_1_720' title='bbox 1237 2484 1282 2508; x_wconf 71' lang='grc' dir='ltr'>τὸν</span> <span class='ocrx_word' id='word_1_721' title='bbox 1293 2482 1463 2511; x_wconf 70' lang='grc' dir='ltr'>διδάσκαλον.</span> 
     </span>
    </p>
   </div>
   <div class='ocr_carea' id='block_1_106' title="bbox 1085 2553 1127 2580">
    <p class='ocr_par' dir='ltr' id='par_1_106' title="bbox 1085 2553 1127 2580">
     <span class='ocr_line' id='line_1_106' title="bbox 1085 2553 1127 2580; baseline -0.048 0"><span class='ocrx_word' id='word_1_722' title='bbox 1085 2553 1127 2580; x_wconf 80' lang='grc'><strong>15.</strong></span> 
     </span>
    </p>
   </div>
   <div class='ocr_carea' id='block_1_107' title="bbox 854 2623 1285 2656">
    <p class='ocr_par' dir='ltr' id='par_1_107' title="bbox 854 2623 1285 2656">
     <span class='ocr_line' id='line_1_107' title="bbox 854 2623 1285 2656; baseline 0.007 -3"><span class='ocrx_word' id='word_1_723' title='bbox 854 2623 952 2654; x_wconf 64' lang='lat' dir='ltr'><strong>Varia)</strong></span> <span class='ocrx_word' id='word_1_724' title='bbox 972 2623 1125 2656; x_wconf 84' lang='lat' dir='ltr'><strong>lectiones</strong></span> <span class='ocrx_word' id='word_1_725' title='bbox 1142 2628 1173 2656; x_wconf 85' lang='lat' dir='ltr'><strong>et</strong></span> <span class='ocrx_word' id='word_1_726' title='bbox 1189 2629 1285 2656; x_wconf 74' lang='lat' dir='ltr'><strong>notae.</strong></span> 
     </span>
    </p>
   </div>
   <div class='ocr_carea' id='block_1_108' title="bbox 281 2683 667 2720">
    <p class='ocr_par' dir='ltr' id='par_1_108' title="bbox 281 2683 667 2720">
     <span class='ocr_line' id='line_1_108' title="bbox 281 2683 667 2720; baseline 0.005 -10"><span class='ocrx_word' id='word_1_727' title='bbox 281 2683 336 2720; x_wconf 78' lang='lat' dir='ltr'><strong>(9i)</strong></span> <span class='ocrx_word' id='word_1_728' title='bbox 359 2684 501 2711; x_wconf 79' lang='grc' dir='ltr'>Ἐνέπεσεν</span> <span class='ocrx_word' id='word_1_729' title='bbox 517 2686 531 2711; x_wconf 83' lang='grc' dir='ltr'>ὁ</span> <span class='ocrx_word' id='word_1_730' title='bbox 547 2685 624 2718; x_wconf 70' lang='grc' dir='ltr'>λόγος</span> <span class='ocrx_word' id='word_1_731' title='bbox 638 2686 667 2712; x_wconf 84' lang='grc' dir='ltr'><strong>Β.</strong></span> 
     </span>
    </p>
   </div>
   <div class='ocr_carea' id='block_1_109' title="bbox 281 2720 1028 2756">
    <p class='ocr_par' dir='ltr' id='par_1_109' title="bbox 281 2720 1028 2756">
     <span class='ocr_line' id='line_1_109' title="bbox 281 2720 1028 2756; baseline 0.004 -10"><span class='ocrx_word' id='word_1_732' title='bbox 281 2721 336 2755; x_wconf 77' lang='lat'><strong>(92)</strong></span> <span class='ocrx_word' id='word_1_733' title='bbox 351 2720 463 2756; x_wconf 73' lang='lat' dir='ltr'><strong>Gregor.</strong></span> <span class='ocrx_word' id='word_1_734' title='bbox 481 2720 608 2748; x_wconf 76' lang='lat' dir='ltr'><strong>Nazianz.</strong></span> <span class='ocrx_word' id='word_1_735' title='bbox 631 2730 658 2756; x_wconf 94' lang='lat' dir='ltr'><strong>p.</strong></span> <span class='ocrx_word' id='word_1_736' title='bbox 680 2722 738 2755; x_wconf 66' lang='lat'><strong>19:2,</strong></span> <span class='ocrx_word' id='word_1_737' title='bbox 755 2722 815 2750; x_wconf 79' lang='lat' dir='ltr'><strong>I93.</strong></span> <span class='ocrx_word' id='word_1_738' title='bbox 837 2721 923 2749; x_wconf 88' lang='lat' dir='ltr'><strong>llabct</strong></span> <span class='ocrx_word' id='word_1_739' title='bbox 936 2727 1028 2750; x_wconf 87' lang='lat' dir='ltr'><strong>autem</strong></span> 
     </span>
    </p>
   </div>
   <div class='ocr_carea' id='block_1_110' title="bbox 1086 2688 1396 2723">
    <p class='ocr_par' dir='ltr' id='par_1_110' title="bbox 1086 2688 1396 2723">
     <span class='ocr_line' id='line_1_110' title="bbox 1086 2688 1396 2723; baseline -0.006 -7"><span class='ocrx_word' id='word_1_740' title='bbox 1086 2688 1143 2716; x_wconf 64' lang='lat' dir='ltr'><strong>haec</strong></span> <span class='ocrx_word' id='word_1_741' title='bbox 1159 2688 1185 2715; x_wconf 92' lang='lat' dir='ltr'><strong>in</strong></span> <span class='ocrx_word' id='word_1_742' title='bbox 1201 2689 1321 2723; x_wconf 71' lang='lat' dir='ltr'><strong>margine</strong></span> <span class='ocrx_word' id='word_1_743' title='bbox 1337 2689 1355 2714; x_wconf 71' lang='lat' dir='ltr'><strong>ll</strong></span> <span class='ocrx_word' id='word_1_744' title='bbox 1393 2701 1396 2704; x_wconf 94' lang='lat'><strong><em>-</em></strong></span> 
     </span>
    </p>
   </div>
   <div class='ocr_carea' id='block_1_111' title="bbox 1118 2724 1464 2758">
    <p class='ocr_par' dir='ltr' id='par_1_111' title="bbox 1118 2724 1464 2758">
     <span class='ocr_line' id='line_1_111' title="bbox 1118 2724 1464 2758; baseline 0.006 -8"><span class='ocrx_word' id='word_1_745' title='bbox 1118 2724 1175 2758; x_wconf 66' lang='grc'><strong>(93)</strong></span> <span class='ocrx_word' id='word_1_746' title='bbox 1195 2724 1301 2751; x_wconf 79' lang='lat' dir='ltr'><strong>Inclusa</strong></span> <span class='ocrx_word' id='word_1_747' title='bbox 1315 2725 1416 2751; x_wconf 80' lang='lat' dir='ltr'><strong>absunt</strong></span> <span class='ocrx_word' id='word_1_748' title='bbox 1432 2724 1464 2752; x_wconf 81' lang='grc' dir='ltr'><strong>Α.</strong></span> 
     </span>
    </p>
   </div>
   <div class='ocr_carea' id='block_1_112' title="bbox 282 2799 1874 2842">
    <p class='ocr_par' dir='ltr' id='par_1_112' title="bbox 282 2799 1874 2842">
     <span class='ocr_line' id='line_1_112' title="bbox 282 2799 1874 2842; baseline 0.004 -16"><span class='ocrx_word' id='word_1_749' title='bbox 282 2801 358 2834; x_wconf 86' lang='lat' dir='ltr'><strong>(mm)</strong></span> <span class='ocrx_word' id='word_1_750' title='bbox 376 2799 756 2842; x_wconf 62' lang='lat' dir='ltr'><strong>Quantum—susceperunt.</strong></span> <span class='ocrx_word' id='word_1_751' title='bbox 786 2802 923 2836; x_wconf 83' lang='lat' dir='ltr'><strong>Quantum</strong></span> <span class='ocrx_word' id='word_1_752' title='bbox 955 2803 990 2831; x_wconf 88' lang='lat' dir='ltr'><strong>ob</strong></span> <span class='ocrx_word' id='word_1_753' title='bbox 1017 2802 1155 2831; x_wconf 77' lang='lat' dir='ltr'><strong>libidinem</strong></span> <span class='ocrx_word' id='word_1_754' title='bbox 1183 2803 1435 2838; x_wconf 81' lang='lat' dir='ltr'><strong>reprehenduntur.</strong></span> <span class='ocrx_word' id='word_1_755' title='bbox 1459 2805 1512 2831; x_wconf 88' lang='lat' dir='ltr'><strong>vim</strong></span> <span class='ocrx_word' id='word_1_756' title='bbox 1540 2804 1604 2832; x_wconf 74' lang='lat' dir='ltr'><strong>ferri</strong></span> <span class='ocrx_word' id='word_1_757' title='bbox 1627 2803 1769 2840; x_wconf 72' lang='lat' dir='ltr'><strong>(auxilium</strong></span> <span class='ocrx_word' id='word_1_758' title='bbox 1796 2803 1874 2842; x_wconf 77' lang='lat' dir='ltr'><strong>ferri)</strong></span> 
     </span>
    </p>
   </div>
   <div class='ocr_carea' id='block_1_113' title="bbox 246 2837 716 2873">
    <p class='ocr_par' dir='ltr' id='par_1_113' title="bbox 246 2837 716 2873">
     <span class='ocr_line' id='line_1_113' title="bbox 246 2837 716 2873; baseline 0.006 -11"><span class='ocrx_word' id='word_1_759' title='bbox 246 2841 392 2870; x_wconf 75' lang='lat' dir='ltr'><strong>superante</strong></span> <span class='ocrx_word' id='word_1_760' title='bbox 403 2837 484 2864; x_wconf 85' lang='lat' dir='ltr'><strong>etiam</strong></span> <span class='ocrx_word' id='word_1_761' title='bbox 498 2838 716 2873; x_wconf 72' lang='lat' dir='ltr'><strong>intemperantia.</strong></span> 
     </span>
    </p>
   </div>
  </div>
