1937 3072
111 136 167 166 531

548 137 743 168 COMMENT.
769 137 809 167 ΙΝ
829 138 1064 168 MATTH/EUM.
1081 151 1114 155 —
1135 137 1213 168 CAP.
1234 137 1299 167 XX.

1691 138 1743 170 531

110 192 210 222 θεῖσας
224 191 343 220 ἐντολάς-
359 191 438 227 τρίτη
450 192 478 219 δὲ
491 193 560 228 ὥρα,
577 195 594 229 ἡ
607 195 700 228 ἡλικία
712 195 767 220 τῶν
782 194 900 229 ὲφὴὃων·

960 194 1069 221 inl‘antia
1083 194 1169 221 vocati
1189 197 1253 221 sunt
1265 193 1299 220 ad
1313 193 1385 220 dicta
1400 195 1547 228 praecepta.
1565 193 1656 220 Tertia
1693 202 1742 220 an-

112 238 180 272 ἕκτη
199 238 238 269 δὲ,
255 239 271 272 ἡ
288 237 343 264 τῶν
360 238 473 272 ἀνδρῶν·
490 240 572 273 ἐνάτη
593 239 630 272 δὲ,
648 241 664 275 ἡ
685 240 738 266 τῶν
755 240 900 275 γερόντων·

115 285 248 319 ἑνδεκάτη
277 284 316 316 δὲ,
347 285 363 320 ή
391 284 446 310 τῶν
475 284 691 320 βαθυγερόντων,
723 287 821 318 εῐτουν,
849 286 903 312 τῶν

115 330 235 364 ἐχόντων
274 330 361 365 βραχὺ
397 330 523 365 λείψανον
559 332 655 367 χρόνου
693 331 766 367 ζωῆς
800 332 905 358 ὑπολε-

114 375 277 409 λειμμένον.
891 395 908 406 κ

158 420 285 454 Ἐξῆλθεν
298 418 344 447 οὖν
357 422 370 446 ό
385 421 504 455 Χριστὸς
517 423 557 453 εἰς
568 422 617 457 τὴν
634 423 810 458 οἰκουμένην,
826 423 905 450 τοῦτο

113 468 177 501 μὲν,
196 467 231 493 δι’
248 468 356 500 ἑαυτοῦ,
382 469 461 495 τοῦτο
476 469 515 500 δὲ,
537 470 581 496 διὰ
597 469 650 496 τῶν
672 470 842 501 ἀποστόλων,
857 470 905 496 καὶ

113 513 160 539 διὰ
171 514 225 540 τῶν
239 514 298 547 μετ’
310 515 409 546 αὐτοὺς
424 515 603 547 διδασκάλων,
619 516 808 550 μισθώσασθαι
821 516 905 550 ἐργά-

113 564 165 587 τας
186 557 226 587 εἰς
247 557 293 583 τὸν
317 558 469 592 ἀμπελῶνα
493 560 588 590 αὑτοῦ,
610 561 656 586 τὸν
678 561 906 595 καρποφοροῦντα

115 601 233 636 βότρυας
262 603 380 638 ἀρετῶν,
409 605 606 641 εὐφραίνοντας
629 606 674 632 τὸν
701 607 904 642 οἰκοδεσπότην,

116 648 163 674 τὸν
180 649 230 681 τῆς
252 650 416 686 οἰκουμένης
432 652 581 687 Δεσπότην.
599 652 717 684 Εἰκότως
728 653 758 680 δὲ
770 652 841 685 εἶπε,
859 663 906 688 μι-

118 692 308 722 σθώσασθαι.
317 695 421 726 Μισθὸς
428 696 482 730 γὰρ
492 697 636 724 ἀπόκειται
646 698 702 729 τοῖς
711 698 841 732 ἐργάταις
852 699 906 726 τῶν

116 738 242 771 ἐντολῶν,
270 740 286 774 ἡ
301 740 416 767 ἑκάστου
432 743 566 776 σωτηρία,
583 743 692 778 Ταύτην
719 744 774 779 γὰρ
791 744 906 780 νοοῦμεν

116 785 256 820 δηνάριον.
273 788 387 815 nasum
398 789 427 815 δὲ
438 790 502 820 τοὺς
518 790 642 824 πρώτους
653 792 670 826 ἡ
685 792 827 828 παραϐολὴ
840 800 907 826 γογ-

116 832 259 865 γύζοντας,
276 834 322 860 καὶ
337 835 605 870 ὲπιστομιζομένους,
623 837 672 872 οὐχ
682 838 723 863 ὅτι
734 838 763 864 ὲν
779 840 811 874 τῇ
831 839 907 873 βασι-

116 877 177 913 λείᾳ.
186 879 239 905 τῶν
254 880 376 915 οὐρανῶν
387 881 463 908 ἔσται
477 882 585 915 φθόνος·
602 883 625 909 cl
638 883 692 918 γὰρ
702 884 818 911 ἐνταῦθα
831 885 907 918 ὀντες

116 924 141 949 οι
170 924 269 952 δίκαιοι
285 926 334 957 τὰς
358 926 462 954 ἑαυτῶν
477 927 566 962 ψυχὰς
582 928 652 963 ὑπὲρ
671 930 726 956 τῶν
753 930 906 965 ἀνθρώπων

116 969 233 999 τιθέασι,
245 971 334 1006 πολλῷ
350 972 451 1006 μᾶλλον
465 973 524 999 ἐκεῖ
535 972 646 1004 τούτους
659 973 803 1008 βλέποντες
820 975 906 1007 σωζο-

118 1015 217 1049 μένους
245 1017 397 1051 χαίρουσιν·
427 1018 486 1045 ἀλλ’
515 1020 528 1045 ὁ
556 1019 677 1050 τοιοῦτος
705 1021 906 1056 ἐσχημάτισται

117 1063 284 1096 γογγυσμὸς,
297 1063 343 1090 καὶ
356 1065 372 1099 ἡ
386 1065 569 1100 ὲπιστόμισις,
583 1067 622 1097 εἰς
636 1067 755 1102 ἔμφασιν
766 1069 845 1103 μόνον
857 1069 908 1103 τῆς

115 1107 164 1132 τοῦ
180 1107 246 1134 Θεοῦ
262 1111 325 1145 περὶ
342 1110 405 1141 τοὺς
423 1110 536 1146 ἔσχατον
554 1115 906 1149 προσερχομένουςμφιλαν-

117 1153 250 1188 Θρωπίας,
272 1156 315 1182 ἴνα
329 1156 478 1191 θαρρῶσιν,
499 1158 536 1190 ὡς
552 1159 628 1185 οὐδὲν
644 1160 843 1196 ἐμποδιζούσης
858 1162 907 1197 τῆς

116 1199 301 1235 ὑστερήσεως,
323 1203 370 1228 ἐὰν
388 1205 428 1234 εἰς
443 1204 473 1230 τὸ
488 1204 551 1240 ἑξῆς
569 1205 751 1240 ἐργάζωνται.

152 1248 207 1272 Καὶ
235 1249 315 1282 ἡμεῖς
344 1249 409 1285 γὰρ,
438 1250 502 1277 ὅταν
529 1251 591 1278 τινὰ
620 1252 720 1286 πολλῆς
744 1252 907 1288 ἀξιώσωμεν

116 1294 211 1327 τιμῆς,
239 1294 298 1322 εἶτα
314 1295 490 1332 βουληθῶμεν
507 1297 628 1332 ἐμφῆναι
646 1299 695 1334 τὴν
708 1299 810 1334 ταύτης
823 1299 906 1335 ὑπερ-

116 1337 212 1374 ϐολὴν,
227 1340 364 1376 εἰώθαμεν
379 1342 479 1376 λέγειν,
494 1342 555 1370 ὃτιῢ
565 1343 638 1370 δεῖνα
652 1343 786 1378 ὲγόγγυσε
800 1344 844 1372 διὰ
857 1345 907 1380 τὴν

117 1385 253 1420 τοσαύτην
281 1388 373 1423 τιμήν.
397 1388 483 1415 Τοῦτο
512 1388 540 1415 δὲ
565 1389 693 1425 λέγομεν,
722 1391 773 1418 οὐκ
802 1392 906 1419 ἐκεῖνον

116 1431 318 1465 διαϐάλλοντες,
353 1433 422 1461 ἀλλὰ
453 1434 549 1462 τοῦτον
575 1435 758 1471 διεγείροντες
792 1438 834 1470 είς
859 1438 906 1465 εὑ-

116 1478 273 1512 χαριστίαν,

956 244 1009 267 tem
1024 240 1099 270 hora.
1117 246 1183 267 tetas
1206 239 1473 274 epheborum.Sexta
1497 246 1572 270 vero,
1599 239 1721 266 virorum
1735 259 1742 266 .

954 285 1042 315 Nona.
1057 292 1171 318 senum;
1191 289 1218 312 et
1232 285 1387 317 undecima,
1405 283 1619 318 decrepitorum,
1645 283 1744 319 quibus

955 331 1038 358 breve
1056 335 1097 358 est
1115 331 1248 365 reliquum
1268 331 1329 358 vilze
1346 334 1463 365 tempus.

992 422 1063 449 Exiit
1075 430 1142 457 ergo
1152 421 1315 448 Christusin
1329 420 1472 452 mundum,
1487 425 1542 446 tum
1555 426 1605 454 per
1620 418 1741 453 seipsum

957 474 1071 503 tumper
1086 468 1234 503 apostolos,
1264 474 1365 502 eosque
1395 470 1578 501 praeceptores
1609 466 1655 499 qni
1684 464 1744 491 illos

957 513 1042 540 secuti
1057 518 1132 544 sum,
1154 517 1184 540 ut
1204 511 1329 538 mercede
1352 510 1518 538 conduceret
1546 510 1687 544 operarios
1716 509 1744 536 in

957 559 1065 586 vineam
1085 567 1171 590 suam,
1190 565 1250 593 quia
1263 558 1357 585 hotros
1374 556 1519 584 fructiﬁcat
1537 556 1681 587 virtutum,
1700 556 1746 582 lat-

957 605 1092 632 tilicantes
1100 604 1331 639 patremfamilias.
1347 603 1393 638 qui
1411 603 1541 630 Dominus
1559 606 1601 629 est
1610 602 1743 629 universi.

956 651 1053 678 Merito
1070 654 1162 678 autent
1176 650 1252 681 dixit,
1267 655 1295 677 ut
1306 650 1425 677 mercede
1442 649 1595 676 conduceret
1608 657 1616 675 :
1639 655 1744 675 merces

957 697 1029 724 enim
1044 697 1164 731 reposita
1179 701 1221 724 est
1233 700 1431 732 praeceptorum
1450 695 1596 730 operariis,
1609 699 1673 729 puta
1700 702 1748 721 cu-

956 743 1056 778 jusque
1073 742 1167 770 salus:
1185 743 1256 769 hanc
1285 743 1358 769 enim
1374 741 1551 776 intelligimus
1577 748 1639 768 esse
1660 741 1746 767 dena-

959 790 1038 817 rium.
1057 789 1166 824 Ellingit
1193 794 1284 816 autem
1305 789 1434 824 parabola
1456 788 1561 822 primos
1572 794 1747 814 murmuran-

959 841 1011 868 tes,
1037 837 1257 870 lmpositumque
1273 836 1327 863 illis
1358 835 1520 863 silentium:
1541 843 1595 862 non
1623 834 1695 869 quod
1720 835 1746 860 in

960 889 1042 917 regno
1057 883 1189 910 caelorum
1199 882 1290 909 futura
1306 882 1343 909 sit
1356 881 1476 914 invidia;
1490 889 1551 908 nam
1566 881 1588 907 si
1603 881 1646 908 hic
1658 880 1748 907 adhuc

958 929 1082 955 viventes
1095 928 1161 962 justi
1188 935 1251 955 suas
1268 927 1374 955 animas
1387 935 1437 962 pro
1453 926 1613 954 hominibus
1628 929 1747 962 ponunt,

959 974 1045 1001 multo
1057 974 1143 1009 magis
1157 974 1206 1007 ibi,
1220 973 1343 1002 videntes
1358 981 1406 1001 eos
1420 973 1510 1001 salvos
1521 980 1582 1000 esse
1594 992 1601 1005 ,
1618 972 1747 1007 gaudent.

959 1020 1012 1048 Sed
1037 1020 1090 1048 tale
1121 1020 1265 1056 ﬁguratum
1293 1024 1336 1047 est
1373 1027 1509 1050 murmur.
1534 1019 1749 1054 impositnmque

959 1067 1109 1099 silentium,
1125 1067 1158 1094 ad
1177 1067 1261 1094 solam
1275 1066 1544 1094 demonstrationem
1570 1064 1669 1091 divinae
1700 1064 1749 1090 be-

959 1113 1099 1147 nignitatis
1128 1120 1190 1147 erga
1232 1120 1279 1140 eos
1311 1112 1356 1146 qui
1387 1111 1521 1146 postremi
1551 1110 1677 1139 veniunt.
1719 1113 1749 1135 ut

958 1159 1096 1186 confidant
1111 1159 1181 1193 quod
1195 1158 1263 1186 nihil
1279 1158 1332 1185 illis
1349 1158 1438 1185 oberit
1453 1161 1608 1195 postremos
1622 1156 1742 1188 venisse,

958 1206 980 1233 si
995 1205 1126 1239 deinceps
1141 1205 1249 1240 operati
1264 1204 1377 1231 fuerint.

1009 1252 1042 1279 Et
1056 1259 1105 1279 nos
1120 1251 1253 1286 siquidem
1271 1251 1316 1278 ubi
1330 1251 1449 1286 aliquem
1470 1251 1555 1278 multo
1569 1249 1670 1285 dignati
1688 1249 1748 1276 fue-

959 1298 1046 1324 rimus
1062 1297 1175 1328 honore,
1187 1301 1215 1324 et
1230 1297 1403 1332 postmodum
1418 1297 1586 1324 voluerimus
1605 1295 1748 1331 hujusmo-

959 1344 986 1371 di
1021 1343 1239 1379 magnitudinem
1264 1343 1465 1374 demonstrare,
1507 1342 1627 1370 solemus
1654 1341 1747 1368 dicere

957 1390 1031 1425 quod
1043 1390 1152 1425 quidam
1171 1390 1206 1417 ob
1220 1393 1326 1417 tantum
1361 1388 1493 1416 honorem
1525 1387 1746 1415 murmurabant.

959 1437 1016 1464 Hoc
1046 1441 1137 1464 autem
1154 1436 1271 1464 dicimus
1311 1442 1367 1463 non
1394 1434 1470 1462 illum
1502 1434 1747 1469 reprehendentes.

959 1483 1008 1512 sed
1024 1483 1097 1510 hunc
1113 1483 1147 1510 ad
1160 1482 1309 1518 gratiarum
1323 1482 1458 1510 actionem
1478 1481 1640 1509 excitantes.

153 1525 230 1551 Διατί
244 1526 273 1573 δε
287 1527 336 1562 οὐχ
349 1527 419 1562 ὁμοῦ
435 1528 540 1561 πάντας
555 1530 685 1558 ἐκάλεσεν
700 1532 740 1563 εἰς
753 1531 798 1558 τὺν
813 1531 904 1567 ἀμπε-

993 1529 1083 1563 Quare
1117 1534 1208 1557 autem
1238 1537 1292 1556 non
1329 1536 1425 1556 omnes
1456 1529 1536 1556 simul
1571 1527 1679 1555 vocavit
1715 1527 1750 1554 ad

117 1569 206 1602 λῶνας
225 1572 296 1599 Διότι
314 1573 364 1609 οὺχ
376 1574 444 1609 ὁμοῦ
460 1577 565 1607 πάντας
579 1573 669 1612 εὗρεν.
691 1577 834 1604 Ἀδύνατον
848 1578 903 1612 γὰρ

116 1617 186 1643 κατὰ
198 1618 244 1644 τὸν
258 1620 340 1646 αὐτον
356 1621 462 1656 χρόνον,
481 1623 518 1654 ὡς
534 1624 751 1659 προειρήκαμεν,
768 1625 815 1650 καὶ
833 1625 904 1652 κατὰ

115 1662 168 1697 τὴν
180 1664 266 1699 αὐτὴν
281 1666 389 1700 ἡλικίαν
400 1668 504 1700 πάντας
519 1669 689 1704 προσελθεῖν.
706 1670 773 1696 Τότε
786 1670 814 1696 δὲ
829 1670 903 1705 εὑρι-

117 1717 177 1735 σκει
204 1709 329 1744 ἕκαστον,
355 1713 418 1740 ὅταν
441 1711 519 1745 οὗτος
539 1715 695 1743 ὑπακοῦσαι
722 1716 816 1752 μέλλῃ·
836 1716 904 1751 φησὶ

116 1754 171 1789 γὰρ
186 1756 201 1782 ὁ
221 1756 335 1789 Παῦλος,
354 1759 423 1786 ’Ὅτε
436 1759 471 1786 δὲ
485 1761 654 1795 εὐδόκησεν
673 1763 689 1788 ό
708 1762 856 1796 ἀφορίσας
866 1770 905 1796 με

117 1801 151 1826 ἐκ
177 1803 294 1836 κοιλίας
314 1806 427 1838 μητρός
446 1815 516 1840 μου’
539 1806 598 1833 τότε
622 1807 649 1834 δὲ
675 1807 833 1843 εὐδόκησεν,
859 1809 904 1834 ὅτε

115 1845 196 1880 οὗτος
213 1850 325 1884 ἔμελλεν
340 1852 499 1882 ὑπακούειν.
527 1854 558 1881 Ἣ
579 1855 628 1890 μὲν
644 1854 692 1882 οὖν
707 1856 849 1891 παραϐολὴ
864 1857 904 1883 δι-

115 1893 221 1926 δασκει,
253 1898 317 1928 τοὺς
331 1898 358 1924 ὲν
381 1899 490 1934 ἐσχάτῳ
512 1902 586 1935 γήρᾳ
605 1901 841 1937 προσερχομένους
867 1901 904 1938 μὴ

119 1941 337 1975 ἀπογινώσκειν,
370 1944 438 1972 ἀλλὰ
465 1946 620 1979 γινώσκειν,
651 1947 692 1973 ὅτι
720 1946 833 1973 δυνατὸν
858 1947 906 1973 καὶ

118 1987 148 2012 ἐν
168 1987 282 2024 βραχείᾳ
300 1991 402 2026 σπουδῇ
427 1992 558 2026 σωθῆναι.
580 1992 665 2018 Τοῦτο
687 1992 741 2027 γὰρ
767 1993 781 2018 ὁ
803 1992 906 2028 ταύτης

119 2033 231 2064 σκοπός.
251 2034 311 2070 Χρὴ
329 2035 356 2061 δὲ
373 2036 447 2071 ἡμᾶς
462 2036 508 2062 τὸν
530 2037 631 2064 σκοπὸν
649 2037 729 2071 μόνον
746 2037 830 2072 αὐτῆς
843 2037 906 2072 δρε-

117 2078 266 2113 ψαμένους,
293 2081 377 2108 τᾶλλα
408 2082 444 2117 μὴ
471 2082 724 2118 πολυπραγμονεῖν.
737 2083 828 2109 Τᾶλλα
852 2084 907 2118 γὰρ

118 2126 208 2152 πάντα
218 2127 261 2153 διὰ
272 2127 318 2154 τὸν
330 2129 430 2154 σκοπὸν
441 2129 636 2164 συνετέθησαν,
650 2129 693 2156 ἵνα
706 2129 818 2160 πιθανὸς
831 2129 908 2164 γένη.

118 2181 175 2204 ται,
193 2173 240 2200 καὶ
255 2174 304 2200 οὐκ
319 2175 459 2202 ἀκίνδυνον
478 2175 507 2202 τὺ
522 2176 570 2202 καὶ
592 2176 656 2211 περὶ
675 2175 778 2202 τούτων
795 2175 905 2211 ζητεῖν,

958 1576 1066 1604 vineam
1076 1576 1088 1603 τ
1097 1576 1165 1609 Quia
1179 1576 1327 1608 non'simul
1340 1583 1436 1603 omnes
1449 1575 1552 1602 invertit
1563 1583 1569 1607 ;
1581 1573 1751 1608 impossibile

959 1623 1034 1650 enim
1050 1627 1111 1651 erat
1133 1624 1230 1651 eodem
1260 1627 1394 1658 tempore.
1425 1626 1456 1649 ut
1485 1621 1672 1656 pra-diximus,
1699 1628 1748 1647 ca-

954 1669 1071 1704 demque
1082 1674 1162 1697 aatate
1175 1677 1270 1697 omnes
1281 1669 1421 1696 accedere.
1448 1667 1525 1694 Tunc
1539 1671 1628 1693 autem
1645 1674 1746 1692 unum<

954 1723 1090 1751 quemque
1117 1715 1234 1748 invenit,
1268 1722 1331 1742 cum
1375 1714 1420 1741 ille
1451 1713 1581 1741 obediens
1618 1712 1747 1739 edicitur.

954 1762 1001 1789 Ait
1016 1762 1088 1789 enim
1109 1761 1210 1789 Paulus
1228 1771 1234 1789 :
1255 1762 1301 1789 Ubi
1326 1769 1386 1788 vero
1411 1759 1620 1793 beneplacuitei,
1651 1763 1680 1784 ut
1709 1765 1749 1784 mc

954 1813 1091 1843 separaret
1109 1808 1141 1835 ab
1153 1813 1228 1836 utero
1242 1808 1335 1835 matria
1347 1816 1411 1834 mea:
1429 1806 1461 1833 ".
1479 1805 1558 1833 Nunc
1579 1809 1670 1832 autem
1696 1805 1744 1832 be-

955 1854 1103 1889 neplacuit,
1120 1855 1230 1889 quando
1246 1855 1289 1881 hic
1303 1854 1434 1881 obedivit.
1452 1853 1538 1880 Docet
1554 1852 1646 1885 itaque
1664 1858 1745 1885 para-

955 1901 1028 1931 bola.
1042 1909 1077 1928 ne
1097 1908 1145 1928 eos
1161 1901 1206 1935 qui
1237 1905 1359 1928 extrema
1375 1903 1518 1927 senectute
1545 1898 1680 1925 accedunt
1704 1905 1748 1923 τος

957 1947 1114 1982 probemus,
1142 1947 1189 1974 sed
1214 1946 1333 1973 sciamus
1353 1945 1427 1981 quod
1455 1944 1586 1980 possibile
1610 1943 1645 1970 sit
1669 1942 1744 1970 brevi

956 1993 1038 2020 etiam
1063 1994 1196 2021 studioac
1226 1992 1364 2028 diligentia
1392 1991 1503 2020 salvari.
1534 1989 1583 2018 Hic
1610 1989 1744 2024 siquidem

957 2047 1057 2074 scopus
1073 2040 1134 2075 ejus
1147 2043 1199 2066 est.
1217 2037 1331 2073 Oportet
1366 2042 1458 2065 autem
1480 2043 1542 2068 nos,
1575 2035 1632 2063 solo
1663 2035 1749 2070 ipsius

958 2093 1042 2120 scopo
1071 2085 1171 2120 adepto
1195 2084 1264 2119 (pp),
1292 2087 1390 2111 caetera
1420 2089 1475 2109 non
1504 2080 1747 2116 magnipendere:

959 2130 1063 2165 reliqua
1078 2130 1152 2158 enim
1168 2130 1258 2157 omnia
1275 2133 1387 2164 propter
1417 2127 1498 2155 linale
1517 2127 1652 2154 intentum
1672 2133 1748 2153 com-

959 2176 1048 2211 posita
1064 2181 1138 2209 sunt,
1152 2180 1183 2203 ut
1195 2175 1302 2203 facilius
1315 2175 1485 2210 excipiatur;
1502 2180 1592 2208 neque
1625 2171 1746 2207 periculo

118 2220 156 2250 ὡς
171 2221 184 2246 ὁ
197 2221 387 2255 Χρυσόστομος
401 2222 430 2247 ὲν
443 2221 482 2257 τῷ
495 2221 532 2257 (7)
548 2222 616 2256 Περὶ
633 2220 810 2256 παραϐολῶν
823 2230 906 2256 κεφα-

961 2227 1046 2254 vacat,
1062 2223 1145 2250 etiam
1160 2222 1203 2249 illa
1218 2222 1346 2254 scrutari,
1360 2221 1443 2250 veluti
1459 2220 1748 2256 traditChysusttmus

118 2266 188 2301 λαὶῳ
208 2268 410 2302 παραδέδωκεν.

155 2313 262 2349 [Noui-ro
274 2313 312 2348 (8)
326 2313 349 2340 δ’
363 2314 397 2340 ἂν
411 2313 494 2349 βάρος
507 2314 553 2340 καὶ
564 2313 675 2341 καύσων
684 2314 735 2349 τῆς
748 2314 857 2350 ἡμέρας
876 2314 907 2341 τὸ

118 2358 202 2393 βάρος
217 2359 271 2385 τῶν
289 2360 452 2395 πειρασμῶν
472 2360 520 2386 καὶ
545 2360 576 2387 τδ
598 2360 653 2396 πῦρ
676 2360 731 2387 τῶν
751 2361 907 2389 ἀτιθάσσων

118 2404 220 2439 ἡδονῶν
233 2405 281 2432 καὶ
294 2405 400 2440 ἀγρίων
415 2404 518 2437 παθῶν,
536 2404 607 2441 ἃπερ
622 2405 788 2440 ἐϐάστασαν,
803 2407 905 2439 εῐτουν,

118 2451 282 2486 ὑπέμειναν,
303 2453 342 2488 μὴ
358 2451 478 2484 ἐνδόντες
492 2450 606 2487 αὐτοῖς.)

173 2543 197 2559 ³⁸
211 2543 300 2571 Galat.
313 2544 340 2576 ‘l,
355 2544 398 2571 l5.

958 2269 1048 2304 capite
1062 2270 1095 2297 de
1105 2269 1253 2303 parabolis.

995 2315 1016 2351 -ι-
1034 2315 1149 2351 lntelligi
1164 2319 1254 2350 potest
1283 2315 1390 2350 pondus
1416 2318 1445 2342 et
1455 2319 1539 2342 aestus
1564 2312 1629 2347 diei,
1654 2314 1746 2348 gravi-

960 2365 1002 2389 tas
1016 2361 1208 2394 tentationum,
1233 2365 1261 2388 et
1274 2360 1345 2397 ignis
1363 2361 1561 2389 indomitarum
1576 2361 1746 2396 voluptatum

961 2414 994 2434 ac
1018 2407 1150 2435 ferocium
1180 2407 1354 2435 all'ectionum
1384 2415 1452 2442 quas
1478 2410 1657 2443 portaverant
1691 2406 1749 2434 sive

962 2452 1164 2483 sustinuerunt.
1182 2460 1217 2481 ne
1231 2453 1265 2482 ab
1284 2453 1324 2481 eis
1345 2453 1535 2483 vincerentur.

719 2580 815 2611 Variae
836 2579 990 2612 lectiones
1007 2585 1038 2612 et
1057 2584 1151 2611 notae.

155 2664 195 2701 (7_)
212 2664 348 2701 Multoties
362 2665 396 2701 de
411 2664 453 2692 his
473 2664 596 2700 prmcipit
614 2664 906 2701 CllrysoslomusaSed

118 2699 294 2736 Euthymius,
311 2704 342 2727 ut
355 2699 480 2733 videtur,
495 2701 523 2727 in
539 2699 631 2728 mente
647 2699 752 2735 habuit,
771 2704 790 2728 t.
807 2700 862 2733 VII,
878 2709 905 2736 p.

158 2779 314 2817 (ρρὶεεορο
329 2785 433 2815 aaepto.
451 2781 544 2810 Solum
562 2782 621 2817 ejus
637 2789 749 2817 scopum
770 2789 904 2810 consecu-

119 2819 175 2843 tos.
204 2816 285 2844 Forte
303 2816 385 2852 etiam
415 2825 463 2851 pro
489 2816 692 2852 δρεψαμένονς
707 2817 780 2845 aliud
801 2817 907 2845 invenit

118 2852 294 2879 vocabulum.
311 2851 390 2880 Certe
403 2851 528 2887 equidem
544 2851 599 2880 non
614 2852 725 2881 memini
741 2853 804 2881 alibi
817 2853 905 2888 legere

961 2665 1035 2737 68ἷξξ)
1047 2701 1154 2730 Inclusa
1168 2701 1254 2729 codex
1271 2705 1384 2736 uterque
1399 2701 1482 2729 habet
1494 2701 1521 2728 in
1535 2701 1666 2736 margine.

960 2782 1060 2810 σκοπὸν
1082 2781 1241 2816 δρέπεσθαι.
1266 2781 1295 2809 1η
1321 2785 1440 2809 mentem
1459 2781 1596 2813 veniebat,
1611 2781 1662 2808 etsi
1691 2791 1748 2812 non

961 2818 1028 2845 satis
1043 2817 1188 2852 probatur,
1202 2817 1397 2852 δραξαμένους,
1420 2816 1491 2852 quod
1508 2821 1596 2844 tamen
1621 2817 1749 2852 frequen—

962 2853 1016 2881 tius
1035 2852 1182 2890 genitivum
1196 2860 1276 2888 quam
1296 2853 1482 2880 accusativum
1501 2852 1591 2880 habet.
