1937 3072
199 138 251 168 33‘.)

807 133 999 164 EUTIIYMII
1032 134 1213 164 ZIGABENI

1774 126 1827 156 Μή

200 203 228 224 ιιι
246 204 312 223 unus
326 205 342 222 α
360 195 459 222 dextris
474 194 536 225 tuis,
559 198 582 219 et
601 192 668 219 alter
680 200 695 218 a
712 192 825 218 sinistris
840 192 892 217 tuis
916 191 988 217 sede-

1056 201 1104 223 ‘m',
1125 192 1184 221 ἵνα,
1200 191 1215 216 ὃ
1229 191 1282 216 ἐὰν
1294 189 1474 222 “inﬁmo/ter.
1490 186 1621 220 ποιήσῃς
1640 184 1722 218 ἡμῖν.
1743 186 1777 210 '0
1792 184 1828 210 δὲ

201 250 277 270 anius
289 243 313 268 in
324 242 409 276 gloria
428 246 472 267 tua
481 241 515 266 ".
531 239 631 267 Verum
645 246 699 265 non
713 243 908 272 cognoscentes
928 238 988 264 ideo

201 297 231 316 se
251 296 347 323 passos
366 294 426 314 esse
440 285 587 320 repulsam,
622 287 694 318 quod
718 284 828 316 indigna
853 287 987 317 peterent,

201 334 235 360 ad
256 332 482 366 supplicationem
499 334 641 357 assumunt
657 333 684 356 ct
700 334 824 355 matrem.
838 329 990 363 lnterrogat

203 383 293 405 autem
305 378 431 404 Christus
444 375 559 411 primum
570 376 679 410 quidem
693 375 762 405 illos.
775 375 874 401 deinde
894 379 921 401 et
933 382 990 401 ma-

203 430 272 452 trem
283 425 389 451 illorum
408 429 536 458 tanquam
553 424 648 450 homo:
665 423 744 449 simul
761 422 840 448 etiam
857 426 885 448 ut
895 429 989 448 eorum

203 471 346 505 responsio
359 470 437 498 ﬁeret
454 469 654 505 quodammodo
680 469 794 496 affectus
817 468 856 495 sui
885 467 993 495 confes—

203 524 256 543 διο.

241 645 318 672 Vers.
336 645 382 672 22.
404 645 568 677 Respondens
593 660 624 665 —-
653 645 751 679 petitis.
777 644 912 679 Deinceps
940 645 993 672 illis

205 690 364 724 respondet,
383 696 413 717 ut
434 691 479 725 qui
505 695 618 718 matrem
644 698 720 717 suam
743 690 935 718 submiserant.
953 694 995 718 ,ιιι

206 744 256 770 pro
271 737 337 770 ipsis
356 737 521 770 postularet,
537 741 564 763 et
579 737 617 764 ait
634 746 641 763 :
664 737 778 763 Nescitis
804 737 866 772 quid
893 737 993 771 petitis.

205 781 310 808 Sedere
326 782 397 809 enim
430 790 443 809 a
465 782 567 809 dextris
594 787 640 809 aut
666 791 680 809 a
710 783 829 810 sinistris
856 784 882 810 in
911 791 994 818 regno

205 834 279 858 meo,
298 833 425 861 magnum
439 832 491 860 est,
505 832 532 854 et
552 836 633 862 snpra
646 828 806 862 dignitatem
816 836 871 856 non
904 829 992 856 homi-

206 880 271 898 num
287 877 403 904 tantum,
424 880 517 899 verum
549 873 629 899 etiam
650 881 829 908 supcrnarum
851 874 994 901 virtutum.
1012 862 1032 889 Β

205 917 348 951 Siquidem
365 926 478 953 regnum
495 927 585 946 meum
618 927 671 946 non
693 924 734 946 est
756 927 789 946 ex
813 920 865 947 hoc
880 920 994 953 mundo,

205 967 289 996 prout
302 970 348 990 vos
360 965 471 998 putatis.
501 964 568 996 Quia
594 972 658 991 vero
683 964 866 998 opinabantur
890 969 997 998 tempus

205 1009 273 1037 illud
290 1017 344 1037 non
363 1010 437 1045 regni
454 1010 540 1037 solum
557 1018 626 1042 esse,
648 1012 693 1037 sed
706 1011 786 1038 etiam
804 1011 907 1045 requivi
921 1020 928 1043 ;
946 1012 998 1038 hoc

207 1062 327 1089 quoque,
339 1055 410 1089 quod
425 1055 452 1081 in
473 1062 502 1081 se
520 1059 571 1086 est,
588 1056 710 1090 corrigit.
732 1057 926 1083 demonstrans
946 1057 998 1083 hoc

208 1101 300 1135 potius
311 1109 371 1128 esse
384 1106 490 1136 tempus
508 1101 659 1129 alliictiouis
676 1108 703 1129 et
714 1103 806 1129 aedis.
835 1103 879 1130 Ait
899 1104 971 1130 enim
987 1114 995 1131 :

245 1195 324 1222 Vers.
339 1195 384 1222 ‘22.
402 1195 513 1222 Potestis
528 1210 562 1214 —
577 1195 733 1228 baptizari?
773 1195 904 1221 Porulum
931 1196 999 1223 dicit

210 1242 317 1273 mortis,
337 1245 364 1268 et
381 1241 547 1275 baptismum
562 1241 609 1274 qui
625 1242 654 1267 tit
669 1249 718 1275 per
733 1242 909 1274 sanguinem.
928 1242 996 1269 Nam

209 1291 234 1313 et
253 1287 380 1321 poculum
399 1291 426 1314 et
441 1287 608 1321 baptismum
625 1291 703 1314 vocat
719 1288 821 1314 caedem
841 1297 847 1314 :
869 1288 999 1322 poculum

210 1333 330 1366 quidem.
349 1337 444 1367 utpote
456 1332 517 1360 lrcto
533 1333 626 1359 animo
651 1341 700 1365 pro
718 1333 874 1360 hominibus
892 1341 1000 1369 suscep-

213 1382 267 1404 tam
281 1387 288 1409 ;
303 1379 469 1412 baptismum
490 1386 567 1408 vero,
580 1383 707 1412 tanquam
722 1379 941 1412 puriﬁcationem
959 1380 999 1415 ip-

212 1432 314 1450 sorum.
332 1423 441 1451 Addens
456 1429 558 1457 autem,
576 1424 652 1456 Quod
669 1433 716 1458 ego
732 1425 860 1452 bibiturus
874 1435 943 1458 sum.
962 1432 999 1457 et,

213 1469 270 1501 Quo
283 1478 328 1504 ego
343 1470 472 1504 baptizor.
483 1470 648 1502 subindicat,
660 1471 731 1505 quod
744 1471 789 1505 qui
807 1471 1001 1499 allliclionibus

1040 236 1125 265 εἶπεν
1138 237 1252 269 αὐτοῖς·
1265 237 1295 263 Τί
1311 235 1412 262 θέλετε
1429 233 1556 267 ποιῆσαί
1568 240 1606 266 με
1625 231 1714 264 ὐμ7ν;
1738 231 1770 256 Ol
1793 229 1828 255 δὲ

1041 280 1126 308 εἵπον·
1142 281 1233 312 αὐτῷ·
1253 281 1308 312 Δός
1325 279 1406 314 ἡμῖν.
1424 280 1474 305 ἵνα
1499 276 1541 309 εἷς
1569 277 1603 303 ἐκ
1625 275 1732 307 δεξιῶν
1757 282 1827 301 σου.

1041 328 1090 354 καὶ
1106 325 1148 359 εἷς
1163 327 1196 358 ἑξ
1209 326 1369 359 εὐωνύμων
1384 332 1441 351 σου
1460 325 1629 356 καθίσωμεν
1644 322 1678 347 ἐν
1690 320 1728 355 τῇ
1754 320 1827 352 δόξῃ

1042 381 1110 399 σου.
1127 371 1174 407 Μὴ
1198 372 1327 407 τυχόντες
1348 370 1376 396 δὲ
1395 369 1582 403 ἀποκρίσεως,
1610 367 1653 394 διὰ
1684 367 1715 392 τὺ
1740 367 1829 392 αἰτεῖν

1042 418 1150 449 ἀνάξια,
1169 417 1417 452 παραλαμσάνουσι
1447 415 1493 442 καὶ
1515 415 1566 448 τὴν
1591 413 1696 439 ἑαυτῶν
1721 413 1829 447 μητέρα

1043 462 1112 496 πρὸς
1128 462 1280 496 ἱκετηρίαν,
1301 462 1407 496 Ἐρωτᾷ
1424 461 1452 487 δὲ
1479 461 1492 487 ὁ
1505 459 1623 493 Χριστὸς
1646 458 1754 492 πρῶτον
1781 457 1831 491 μὲν

1044 508 1176 540 ἐκείνους,
1190 506 1249 534 εἶτα
1266 507 1315 543 τὴν
1331 507 1437 542 μητέρα
1462 506 1552 533 αὐτῶν
1570 505 1824 540 ἀνθρωποπρεπῶς,

1043 554 1102 589 ἅμα
1124 554 1154 580 δὲ
1180 554 1239 584 καὶ,
1257 554 1300 580 ἵνα
1314 554 1330 587 ἡ
1350 553 1497 588 ἀπόκρισις
1525 552 1614 578 αὐτῶν
1636 551 1832 585 ἐξομολόγησις

1043 601 1146 634 τρὸπον
1159 600 1220 626 τινὰ
1233 600 1346 634 γένηται
1358 599 1404 625 τοῦ
1425 599 1539 630 πάθους.

1086 646 1267 679 Ἀποκριθεὶς
1281 660 1316 664 -
1329 644 1472 671 αίτεῖσθε.
1500 644 1572 679 Πρὸς
1597 644 1696 674 αὐτοὺς
1715 642 1833 677 ἀποκρί-

1045 701 1120 718 νεται
1135 691 1241 722 λοιπον,
1255 690 1292 722 ὡς
1307 691 1398 717 αὐτῶν
1414 691 1464 726 τὴν
1480 690 1588 725 μητέρα
1600 689 1833 724 προὸαλλομένων

1045 738 1085 769 είς
1102 738 1150 772 τὴν
1160 737 1229 772 ὑπὲρ
1246 737 1336 763 αὐτῶν
1348 736 1464 772 αἴτησιν,
1482 737 1528 762 καί
1543 744 1634 770 φησιν,
1651 736 1711 762 οὐκ
1721 735 1833 764 οἵδατε,

1045 784 1074 810 τί
1095 783 1238 810 αἷτεῖσθε.
1260 782 1296 808 Τδ
1319 782 1374 817 γὰρ
1390 781 1502 808 καθίσαι
1517 782 1578 808 τινὰ
1601 782 1632 807 ὲκ
1646 780 1752 813 δεξιῶν,
1771 780 1787 815 ἥ
1804 780 1835 812 ἐξ

1046 829 1207 863 εὐωνύμων,
1226 829 1255 854 ὲν
1268 830 1300 863 τῇ
1313 828 1439 863 βασιλείᾳ
1458 836 1519 862 μου,
1537 827 1608 862 μέγα
1628 826 1676 852 καὶ
1700 826 1769 860 ὑπὲρ
1784 826 1836 858 τὴν

1047 875 1137 908 ἀξίαν,
1153 874 1183 900 οὗ
1202 874 1282 908 μόνον
1301 874 1355 901 τῶν
1371 873 1533 908 ἀνθρώπων,
1552 872 1621 899 ἀλλὰ
1643 873 1690 898 καὶ
1706 873 1760 898 τῶν
1777 872 1836 901 ἄνω

1048 921 1199 955 δυνάμεων.
1223 921 1254 946 Ἡ
1274 920 1329 954 γὰρ
1345 919 1467 955 βασιλεία
1481 920 1497 954 ἡ
1511 919 1565 953 ἐμὴ
1590 919 1639 944 οὐκ
1655 918 1728 944 ἐστιν
1743 918 1775 944 ἐκ
1787 917 1837 943 τοῦ

1049 967 1153 1000 κόσμου
1169 967 1275 996 τούτου,
1293 966 1382 997 καθὼς
1397 966 1476 999 ὑμεῖς
1487 964 1587 991 οἴεσθε.
1607 965 1684 990 Ἐπεὶ
1700 964 1728 990 δὲ
1745 972 1822 998 προσ-ι

1047 1013 1189 1047 εδόκησαν,
1220 1013 1250 1038 οὺ
1277 1013 1358 1046 μ’5νον
1384 1011 1523 1046 βασιλείας
1554 1009 1625 1037 εἶναι
1656 1010 1702 1036 τὸν
1739 1009 1838 1044 καιρὸν

1050 1061 1164 1091 ἐκεῖνον,
1180 1059 1248 1085 ἀλλὰ
1261 1057 1309 1084 καὶ
1323 1058 1514 1089 ἀναπαύσεως,
1531 1056 1668 1083 καὶτοῦτο
1681 1056 1838 1090 διορθοῦται

1049 1105 1079 1131 rb
1096 1105 1190 1140 μέρος,
1203 1104 1343 1139 ἐμφαίνων
1361 1103 1477 1138 θλίψεως
1494 1103 1596 1138 μᾶλλον
1615 1101 1685 1129 εἶναι
1714 1102 1759 1128 τδν
1776 1111 1857 1128 και-.

1051 1151 1098 1186 ρον
1116 1151 1210 1177 τοῦτον
1223 1151 1270 1177 καὶ
1286 1151 1407 1185 σφαγῆς.
1426 1151 1494 1185 Φησὶ
1507 1150 1572 1184 γάρ·

1086 1197 1222 1223 Διὲιισασθε
1250 1197 1529 1230 -βαπτισθῆναι;
1557 1196 1690 1230 Ποτήρεον
1721 1196 1752 1221 τὸ
1789 1195 1838 1220 τοῦ

1051 1244 1166 1270 θανάτου
1190 1243 1276 1277 λέγει,
1303 1244 1350 1269 καὶ
1367 1243 1518 1277 βάπτισμα,
1540 1243 1571 1269 τὸ
1589 1242 1760 1276 διἀἴματος.
1783 1240 1841 1275 Τὴν

1053 1290 1160 1324 σφαγὴν
1175 1291 1228 1325 γὰρ
1241 1290 1370 1325 ὀνομάζει
1385 1291 1432 1316 καὶ
1452 1285 1581 1325 ποτήριον
1614 1288 1661 1315 καὶ
1685 1289 1841 1322 βάπτισμα.

1053 1336 1188 1370 Ποτήριον
1215 1335 1276 1370 μὲν,
1304 1336 1342 1367 ὡς
1363 1335 1449 1371 ἡδέως
1472 1335 1685 1370 προσδεχθεϊσαν
1701 1335 1770 1369 ὑπὲρ
1786 1333 1842 1360 τῶν

1052 1381 1215 1414 ἀνθρώπων·
1232 1381 1375 1416 βάπτισμα
1390 1382 1427 1412 δὲ,
1446 1381 1483 1412 ὡς
1497 1381 1646 1415 καθάρσιον
1673 1380 1774 1407 αὐτῶν.
1797 1380 1844 1405 El-

1053 1427 1111 1453 πὼν
1122 1427 1159 1459 δὲ,
1176 1427 1217 1454 ὅτι
1240 1429 1274 1454 Ὃ
1289 1428 1345 1463 ἐγὼ
1359 1428 1444 1459 πίνω,
1463 1427 1510 1453 καὶ
1527 1428 1559 1453 '0
1574 1426 1630 1462 ἐγὼ
1643 1425 1840 1460 βαπτίζομαι,

1053 1474 1258 1509 παρεδήλωσεν.
1272 1474 1309 1505 ὡς
1324 1475 1338 1500 ὸ
1355 1474 1393 1508 μὴ
1413 1473 1549 1500 κοινωνῶν
1567 1473 1614 1499 τοῦ
1632 1472 1732 1504 πάθους
1745 1471 1843 1504 αὑτοῦ,

214 1516 273 1550 ejus
287 1523 341 1542 non
354 1515 549 1546 communicat,
563 1523 650 1550 neque
666 1523 750 1550 regno
779 1524 828 1543 suo
848 1517 999 1543 communi-

1056 1520 1112 1546 οὐδὲ
1123 1520 1173 1555 τῆς
1189 1520 1326 1555 βασιλείας
1343 1520 1424 1546 αὐτοῦ
1442 1519 1614 1554 κοινωνήσει.

214 1562 293 1589 cahit.

249 1607 327 1633 Vers.
346 1607 390 1634 22.
411 1608 507 1634 Dicunt
523 1608 546 1634 ei
563 1617 572 1634 :
589 1608 739 1636 Possumus.
764 1607 860 1635 Omnia
888 1609 1003 1642 promit—

215 1657 286 1683 tunt,
300 1654 457 1687 petitionem
474 1655 605 1688 ronsequi
619 1655 773 1689 cupientes.
791 1654 1003 1689 Chrysostomus

215 1704 305 1725 autem
334 1699 400 1726 dicit
417 1700 488 1734 quod
515 1708 606 1734 neque
623 1701 723 1734 poculo
751 1705 777 1727 et
796 1700 932 1734 baptismo
960 1702 1001 1728 in-

216 1744 341 1776 tellectis,
358 1745 437 1772 asola
463 1746 545 1772 animi
562 1746 776 1780 promptitudine
788 1747 902 1781 gratiam
930 1755 1004 1782 qua:-

215 1789 321 1816 rebant.
341 1789 410 1822 Quid
423 1798 489 1825 ergo
502 1790 628 1818 Christus
644 1791 655 1817 ?

254 1835 329 1862 Vers.
348 1836 392 1862 23.
410 1835 488 1863 Et—
502 1836 714 1870 baplizabimini.
740 1837 936 1873 Propbelabat'
951 1839 1004 1871 eis,

215 1883 287 1916 quod
315 1881 366 1916 ipsi
394 1890 503 1917 quoque
529 1883 670 1910 occidendi
699 1889 802 1915 essent,
826 1892 857 1911 ac
883 1885 1003 1920 martyrii

218 1933 306 1955 morte
316 1929 478 1956 honorandi.
496 1929 528 1955 Et
544 1930 578 1956 de
589 1929 690 1957 Iacobo
720 1930 830 1964 quidem
865 1936 1005 1958 noverunt

217 1980 323 2006 omnes,
335 1973 407 2007 quod
423 1974 456 2000 ab
473 1973 579 2000 Herode
604 1974 739 2000 tctrarcha
756 1974 791 2001 sit
813 1975 1005 2010 interemptus.

218 2020 255 2047 De
278 2019 383 2047 Joanne
412 2028 478 2047 vero
495 2021 608 2054 quaestio
626 2025 668 2047 est
686 2020 757 2054 apud
783 2022 892 2048 multos.
923 2021 1007 2048 Aiunt

217 2066 290 2092 enim
319 2066 390 2100 quod
422 2066 485 2100 quia
502 2065 642 2093 infallibile
657 2071 699 2092 est
718 2066 818 2093 Christi
835 2067 1006 2099 vaticinium,

217 2116 244 2139 et
260 2113 304 2139 ille
326 2113 446 2139 nondum
460 2113 582 2147 martyrii
596 2117 711 2140 mortem
727 2113 867 2145 sustinuit,
883 2114 1004 2140 nondum

217 2163 340 2185 mortuus
367 2163 420 2189 est,
438 2159 484 2185 sed
500 2159 588 2185 adhuc:
611 2159 694 2190 vivit,
716 2163 744 2186 et
778 2168 839 2186 cum
860 2159 951 2186 Eno‘ch
980 2164 1007 2186 et

1090 1604 1240 1638 Λέγουσιν
1262 1603 1527 1637 αὺτῷ·Δυνιίμεθα.
1546 1603 1640 1629 Πάντα
1654 1601 1841 1636 ἐπαγγέλλον-

1055 1658 1111 1681 ται,
1129 1650 1275 1681 ποθοῦντες
1290 1651 1381 1685 τυχεῖν
1391 1650 1440 1684 τῆς
1447 1649 1591 1685 αἰτήσεως.
1601 1648 1630 1675 '0
1643 1648 1671 1675 δὲ
1686 1647 1843 1682 Χρυσόστο-

1057 1696 1168 1730 μὸς(18)
1184 1705 1276 1730 φησιν,
1290 1697 1330 1722 ὅτι
1339 1695 1398 1722 οὐδὲ
1411 1696 1441 1721 τὸ
1453 1695 1582 1730 ποτήριον
1595 1695 1643 1721 καὶ
1654 1694 1685 1720 τὸ
1699 1693 1846 1727 βάπτισμα

1056 1742 1213 1776 νοήσαντες,
1227 1741 1280 1768 ἀπὸ
1294 1742 1343 1776 τῆς
1359 1741 1514 1777 προθυμίας
1531 1741 1616 1776 μόνης
1631 1739 1786 1768 κατέθεντο.
1811 1739 1846 1765 Τί

1056 1787 1103 1814 οὖν
1117 1789 1131 1814 ὁ
1143 1789 1261 1823 Χριστός
1276 1796 1282 1819 ;
1617 1783 1624 1788 ”

1093 1833 1146 1860 Καὶ
1165 1849 1199 1853 -
1212 1834 1475 1866 βαπτισθήσεσθε.
1499 1833 1708 1868 Προεφήτευςεν
1738 1832 1844 1863 αὐτοῖς,

1057 1877 1097 1903 ὅτι
1113 1878 1160 1903 καὶ
1175 1878 1250 1903 αὐτοὶ
1267 1878 1465 1911 σφαγήσονται,
1482 1879 1528 1904 καὶ
1546 1876 1714 1912 μαρτυρικοῦ
1729 1876 1846 1903 θανάτου

1058 1922 1319 1957 καταξιωθήσονται.
1352 1923 1408 1949 Καὶ
1438 1924 1502 1957 περὶ
1529 1923 1578 1956 μὲν
1594 1922 1725 1949 Ἰακώϐου
1743 1922 1847 1954 πάντες

1058 1969 1172 2002 οἴδασιν,
1189 1970 1231 1996 ὅτι
1247 1969 1367 2005 ἀνῃρέθη
1386 1969 1461 2004 παρά
1483 1969 1603 2003 Ἡρώδου
1619 1969 1665 1995 τοῦ
1682 1969 1846 2003 τετράρχου·

1059 2015 1122 2048 περὶ
1137 2015 1166 2040 δὲ
1183 2015 1229 2041 τοῦ
1265 2015 1388 2040 Ἰωάννου
1415 2015 1530 2049 ζήτησίς
1545 2016 1603 2041 ἐστι
1630 2015 1705 2049 παρᾶ
1728 2015 1848 2046 πολλοῖς.

1058 2061 1124 2087 Φασὶ
1141 2062 1205 2095 γὰρ,
1220 2061 1256 2092 ὡς
1271 2062 1331 2087 ἐπεὶ
1345 2061 1464 2095 ἀψευδὴς
1481 2062 1497 2095 ἡ
1512 2060 1559 2087 τοῦ
1577 2060 1697 2094 Χριστοῦ
1722 2060 1850 2095 πρέρῤη-

1060 2118 1111 2140 σις,
1129 2111 1178 2135 καὶ
1192 2109 1268 2135 οὔπω
1286 2110 1455 2144 μαρτυρικὸν
1477 2104 1556 2140 οὗτος
1581 2109 1687 2142 ὑπέστη
1719 2108 1848 2139 θάνατον,

1059 2155 1135 2181 οΰπω
1159 2155 1298 2190 τέθνηκεν,
1315 2155 1374 2182 ἀλλ’
1389 2156 1428 2182 ἔτι
1443 2156 1486 2190 ζῇ,
1503 2157 1549 2182 καὶ
1564 2155 1654 2190 μέλλει
1675 2155 1743 2189 μετὰ
1762 2154 1850 2189 Ἑνὼχ

218 2203 275 2230 Elia
293 2204 364 2230 circa
381 2204 470 2230 seaculi
488 2205 752 2231 consummationem
770 2205 938 2232 occidendus
954 2209 995 2231 est

1061 2202 1107 2227 καὶ
1128 2201 1220 2227 Ἠλιοῦ
1239 2203 1376 2236 σφαγῆναι
1399 2202 1471 2228 κατὰ
1485 2202 1532 2228 τὸν
1555 2202 1604 2236 τῆς
1622 2202 1776 2232 συντελείας
1790 2210 1853 2227 και-

217 2250 428 2285 Chrysostomus
442 2254 535 2276 autem
551 2250 695 2276 manifeste
711 2250 803 2279 docet.
835 2251 908 2284 quod
935 2258 1007 2277 mor-

219 2300 281 2322 tuus
296 2300 336 2322 est
352 2300 380 2322 et
401 2296 591 2330 interemptus.
621 2295 687 2322 Nam
710 2296 919 2330 interpretando
946 2297 1006 2331 ejus

218 2339 405 2373 Evangelium,
436 2340 474 2366 ait
491 2340 524 2366 dc
543 2339 588 2366 illo
599 2339 718 2366 secunda
732 2339 842 2366 homilia
862 2348 868 2366 :
886 2340 1008 2374 Evange-

219 2387 255 2414 lio
290 2390 375 2412 totum
401 2386 611 2418 comprehendit
637 2386 743 2417 orbem,
786 2393 900 2420 corpore
945 2393 1009 2412 vero

223 2432 340 2460 mediam
356 2431 474 2458 obtinuit
495 2431 598 2464 Asiam,
616 2431 677 2459 dico
689 2439 755 2458 sane
773 2431 909 2466 Ephesum
924 2440 931 2462 ;
945 2431 1004 2458 ani-

221 2486 263 2505 ma
280 2482 370 2504 autem
389 2478 422 2504 ad
437 2478 511 2504 illum
527 2478 644 2505 secessit
657 2478 744 2505 locum
759 2478 805 2513 qui
823 2478 926 2505 sanctis
940 2485 1002 2504 con-

221 2532 304 2559 gruus
323 2527 374 2551 est.
391 2524 419 2550 Iu
433 2524 519 2559 prima
534 2531 600 2551 vero
615 2524 692 2556 dicit,
710 2523 781 2558 quod
796 2524 878 2551 etiam
899 2523 1004 2551 Christi

221 2571 288 2599 bibit
305 2571 442 2605 poculum,
471 2575 500 2598 et
527 2571 661 2605 baptismo
677 2570 737 2605 ejus
759 2570 911 2605 baptizatus
927 2575 969 2597 est
1000 2579 1007 2597 :

273 2663 296 2679 ”
308 2663 389 2690 Marc.
405 2671 433 2694 ι,
448 2663 492 2693 55,
507 2662 552 2690 36.

1061 2247 1116 2280 ρὸν.
1141 2247 1170 2273 '0
1181 2247 1209 2273 δὲ
1224 2248 1418 2282 Χρυσόστομος
1431 2248 1552 2274 διδάσκει
1568 2248 1706 2283 φανερῶς.
1725 2248 1764 2274 ὅτι
1780 2248 1851 2274 ἁπέ-

1061 2291 1136 2323 θανε,
1153 2293 1200 2319 καὶ
1215 2294 1255 2319 ὅτι
1266 2294 1384 2328 ἐσφάγην
1404 2293 1435 2320 τδ
1449 2294 1503 2327 γὰρ
1517 2295 1576 2320 κατ’
1589 2294 1671 2320 αὑτὸν
1682 2294 1852 2328 Εὐαγγέλιον

1062 2338 1233 2373 ἑρμηνεύων,
1251 2340 1280 2365 ὲν
1298 2340 1347 2373 μὲν
1361 2344 1398 2373 τῷ
1412 2340 1468 2375 (l9)
1482 2340 1601 2375 δευτέρῳ
1623 2340 1695 2374 λόγῳ
1709 2340 1773 2374 περὶ
1799 2341 1853 2366 αὖ-

1060 2384 1108 2410 τοῦ
1122 2385 1268 2418 common
1292 2385 1336 2419 Τῷ
1362 2386 1412 2420 μὲν
1426 2385 1585 2420 Εὑαγγελίῳ
1612 2386 1661 2420 τὴν
1687 2387 1853 2422 οἰκουμένην

1063 2431 1213 2458 κατέλαϐεν
1235 2431 1354 2458 ἃπασαν·
1371 2432 1409 2466 τῷ
1427 2432 1456 2458 δὲ
1482 2433 1589 2466 σώματι
1622 2432 1708 2466 μέσην
1734 2433 1854 2468 κατέσχε

1059 2477 1108 2511 τὴν
1129 2478 1232 2508 Ἀσίαν,
1252 2477 1323 2512 φημὶ
1340 2477 1382 2513 δὴ,
1401 2477 1449 2513 τὴν
1464 2478 1591 2512 Ἔφεσον·
1605 2480 1637 2513 τῇ
1649 2478 1676 2504 δὲ
1693 2479 1765 2513 ψυχῇ
1783 2479 1856 2512 πρὸς

1061 2523 1107 2549 τὸν
1122 2523 1204 2549 τόπον
1222 2524 1375 2559 ἀνέδραμεν
1389 2524 1504 2555 ἐκεῖνον,
1522 2523 1567 2550 τὸν
1581 2524 1637 2555 τοῖς
1653 2524 1742 2558 ἁγίοις
1762 2525 1855 2559 ἁρμό-

1065 2568 1156 2601 ζοντα.
1179 2568 1223 2596 Ἐν
1240 2569 1269 2596 δὲ
1280 2569 1317 2605 τῷ
1337 2569 1438 2605 πρώτῳ
1458 2570 1542 2604 λέγει,
1560 2569 1601 2596 ὃτι
1623 2571 1670 2596 καὶ
1691 2571 1721 2596 τὸ
1733 2570 1790 2606 (ΞΟ)
1806 2580 1858 2598 τῖο-

797 2696 896 2728 Variaa
919 2696 1069 2728 lectiones
1091 2701 1120 2728 et
1141 2700 1235 2728 notae.

258 2783 315 2815 (ιε)
335 2782 412 2809 Tom.
426 2782 482 2813 vu.
504 2791 532 2817 p.
548 2782 610 2810 διδ.

258 2818 314 2851 (19)
328 2817 405 2845 Tom.
426 2817 493 2849 VIII,
511 2826 536 2851 p.
551 2818 576 2846 7.

1100 2782 1156 2817 (‘20)
1180 2781 1259 2809 Tom.
1291 2781 1357 2814 VIII,
1382 2789 1408 2817 p.
1440 2781 1469 2809 2.
1501 2780 1621 2816 Apparet
1647 2787 1722 2816 ergo,
1749 2779 1858 2817 Euthy-
