1937 3072
189 148 241 179 543

792 141 985 184 ΕΗΊᾞΥΜΗ
1025 141 1110 171 thiA
1118 143 1205 173 BENI

1762 145 1817 176 5:54

189 203 380 231 concedentes.
399 201 478 228 Tune
489 200 582 234 itaque
594 198 725 233 indignati
745 202 819 227 sunt,
835 196 892 223 sive
909 203 971 230 gra-

1029 198 1090 223 Τότε
1107 198 1245 234 δὀὖνβῖ»)
1256 199 1462 234 ἠγανάκτησαν,
1479 201 1563 234 ἤγουν
1583 200 1650 233 (Ξί),
1665 200 1817 236 ἐδυσφόρη-

189 250 259 276 viter
276 249 406 276 tulerunt.
426 246 562 281 Siquidem
588 244 697 279 quando
719 243 877 277 frequenter
894 241 973 267 Chri-

189 301 248 323 stus
265 295 324 321 illos
338 302 393 329 prae
410 292 516 320 caeteris
529 292 721 320 honoraverat,
739 297 793 315 non
820 296 891 323 aegre
904 287 974 315 tule—

190 347 263 373 rant,
280 341 366 375 ipsum
381 338 486 366 scilicet
505 337 601 368 veriti;
622 336 732 371 quando
751 339 842 362 autem
859 342 909 369 per
938 341 968 360 se

191 388 335 422 primatum
355 385 493 420 petierunt
509 405 517 415 .
543 382 674 418 indignati
704 386 787 413 sunt,
804 386 831 407 et
857 380 974 406 maxime

189 432 297 467 cognito
314 431 384 465 quod
400 429 519 456 exauditi
544 436 598 455 non
619 430 730 459 essent;
750 434 783 452 ex
797 425 974 459 prmeeptoris

189 477 262 503 enim
277 474 455 509 responsione
468 473 662 499 intellexerunt
676 470 741 504 quid
754 470 906 504 petiissent.

224 520 304 548 Vers.
321 520 366 547 25.
389 520 463 546 Iesus
477 517 691 545 autem—dixit.
705 516 774 548 Quia
788 516 843 542 duo
857 515 892 541 ab
910 515 972 542 aliis

189 567 269 594 divisi
291 567 325 594 ad
344 573 406 593 eum
432 569 615 594 accesserant,
645 567 671 589 et
694 566 815 588 astantes
837 561 975 594 colloque-

189 613 301 643 bantur,
337 611 452 638 advocat
487 614 515 636 et
539 609 624 636 alios:
650 615 681 634 ac
713 608 830 642 primum
860 606 971 640 quidem

190 658 311 685 turbatos
322 657 419 692 placat.
433 664 481 690 per
499 655 728 682 coadunationcm
745 661 805 688 quae
824 653 894 680 inter
906 660 936 680 se
948 656 976 679 et

188 703 249 730 illos
265 707 334 730 erat.
350 702 452 729 Deinde
464 701 502 728 ait
522 709 528 727 :

223 795 300 823 Vers.
317 795 362 821 25.
381 794 506 821 Scilis—
517 792 584 820 Vers
614 792 659 818 26.
680 792 749 818 inter
766 800 820 818 vos.
847 791 966 826 Cognito

188 842 259 876 quod
276 842 326 868 hoc
350 841 403 868 ﬁne
424 841 478 868 duo
498 840 534 866 illi
547 839 681 874 petierant
703 839 860 874 primatum.
876 842 906 865 ut
919 846 971 866 ca:-

188 875 307 915 tvrorum
324 887 456 914 haberent
472 886 666 920 principatum,
687 885 739 911 hoc
756 884 890 911 intentum
908 892 971 911 car-
988 875 1008 903 Β

186 934 226 968 pit
241 933 318 968 quasi
344 941 360 959 a
385 932 511 967 gentibus
527 936 676 965 sumptum.
693 930 843 965 Principes.
873 930 971 964 inquit,

186 979 318 1013 gentium,
337 982 364 1005 et
378 978 423 1012 qui
440 977 529 1012 magni
555 981 620 1004 sunt
634 976 707 1003 inter
726 976 799 1005 illas,
820 976 971 1003 dominan-

187 1031 241 1059 tur,
259 1030 286 1052 et
299 1029 459 1060 potestatem
486 1028 615 1051 exercent
631 1023 658 1049 in
676 1022 743 1049 alios
760 1030 767 1054 ;
785 1030 842 1048 non
866 1021 903 1048 ita
926 1030 974 1048 au-

187 1077 240 1099 tem
257 1073 307 1099 erit
324 1071 394 1098 inter
403 1079 451 1097 vos
463 1070 509 1104 qui
524 1071 574 1097 mei
590 1070 665 1096 estis.
683 1068 786 1096 Deinde
797 1069 878 1096 docet
890 1069 972 1095 etiam

187 1125 242 1152 quo
255 1117 343 1151 pacto!
354 1121 478 1151 oporteat
507 1123 601 1151 parare
623 1116 782 1150 primatum.
809 1114 881 1141 Audi
906 1122 972 1150 ergo

186 1160 251 1195 quid
270 1161 353 1187 dicat.

223 1205 298 1233 Vers.
319 1205 364 1233 26.
383 1205 480 1233 Sed--
493 1213 565 1233 vers.
587 1205 631 1232 27.
651 1198 751 1232 servus:
777 1204 855 1232 Sicut
889 1212 972 1240 supe-

187 1251 245 1277 rius
258 1251 368 1278 eosdem
383 1251 452 1278 dixit
463 1251 601 1284 principes
614 1254 641 1277 et
661 1257 784 1284 magnos,
812 1250 848 1277 ita
859 1254 886 1276 et
900 1257 973 1276 nunc

188 1296 313 1323 eumdem
341 1301 419 1323 vocat
447 1304 574 1331 magnum
591 1300 620 1322 et
645 1296 773 1330 primum.
795 1295 856 1322 Haec
882 1299 972 1322 autem

187 1342 277 1368 omnia
295 1341 327 1368 ad
343 1341 541 1376 subiectionem
554 1342 631 1374 dixit,
647 1347 677 1368 ut
692 1349 752 1376 qua:
766 1341 879 1376 singulis
899 1340 973 1367 utilis

187 1391 239 1414 est.
254 1387 325 1414 Dicit
339 1394 404 1422 ergo
417 1396 424 1413 :
436 1387 574 1414 Potestate
586 1395 601 1413 n
619 1387 645 1413 in
665 1387 734 1413 alios
745 1393 875 1413 exercere
905 1394 973 1420 gen-

188 1434 255 1460 tium
281 1438 345 1465 est;
376 1441 426 1468 ego
450 1440 514 1459 vero
537 1433 623 1467 legem
647 1432 723 1459 vobis
742 1436 832 1459 statuo
859 1432 972 1466 parandi

187 1480 367 1514 principatus,
384 1487 399 1506 a
418 1479 600 1506 ministrando
616 1479 688 1510 aliis,
705 1479 799 1514 eisque
814 1479 970 1506 serviendo.

1028 253 1076 271 σαν
1096 246 1139 272 ὅτε
1158 245 1207 279 μὲν
1226 245 1280 280 γὰρ
1295 246 1431 281 προετίμα
1453 245 1565 277 τούτους
1579 246 1708 276 πολλάκις
1719 247 1733 273 ὁ
1748 248 1817 282 Χρι-

1027 291 1099 322 στὸς,
1107 292 1156 318 οὐκ
1168 291 1365 327 ἐδυσφόρησαν,
1379 293 1533 327 αῑδούμενοι
1547 292 1653 320 τοῦτον·
1664 294 1709 320 ὅτε
1718 294 1747 320 δὲ
1757 294 1816 330 (25)

1025 336 1131 362 otxoesv
1143 337 1279 372 ᾐτήσαντο
1293 337 1342 373 τὴν
1360 338 1518 374 προεδρέαν,
1534 338 1749 374 ἠγανάκτησαν,
1765 341 1817 366 καὶ

1028 383 1146 417 μάλιστα
1162 384 1283 418 γνόντες,
1298 385 1339 411 ὅτι
1363 384 1413 412 οὐκ
1439 384 1669 420 εὶσηκούσθησαν.
1693 385 1740 411 Ἐκ
1762 386 1816 420 τῆς

1026 429 1198 464 ἀποκρίσεως
1226 430 1279 466 γὰρ
1312 431 1359 457 τοῦ
1383 431 1543 458 διδασκάλου
1574 432 1696 467 συνῆκαν
1723 432 1771 458 καὶ
1800 432 1816 458 ὃ

1025 476 1076 511 ῂτή
1081 485 1171 503 σαντο.

1067 522 1098 548 '0
1112 523 1146 548 δὲ
1159 523 1276 556 Ἰησοῦς
1287 537 1320 544 —
1334 524 1429 551 εἶπεν.
1448 523 1527 550 Ἐπεὶ
1552 524 1639 558 μόνοι,
1653 525 1709 563 τῶν
1726 524 1816 552 ἄλλων

1025 567 1241 602 ἀπορραγέντες,
1255 568 1279 594 οἱ
1296 567 1342 593 δύο
1366 568 1556 602 προσήγγισαν
1574 567 1658 602 αὐτῷ,
1676 568 1724 593 καὶ
1741 577 1814 602 παρ-

1023 614 1141 645 εστῶτες
1164 614 1300 648 ὡμίλουν,
1315 614 1514 649 προσκαλεῖται
1542 614 1589 641 καὶ
1612 615 1676 645 τοὺς
1702 615 1814 646 ἄλλους.

1026 661 1073 687 καὶ
1088 660 1185 695 πρῶτα
1196 660 1255 694 μὲν,
1269 661 1493 696 ταρασσομένους
1505 660 1603 692 αὐτοὺς
1611 661 1814 694 καταπραΰνει,

1025 705 1068 732 διὰ
1091 705 1137 732 τοῦ
1157 706 1226 740 πρὸς
1254 706 1350 732 ἑαυτὸν
1379 706 1427 732 καὶ
1451 705 1563 737 τούτους
1590 706 1814 733 ἐπισπάσασθαι·

1025 750 1085 779 εἷτά
1104 760 1181 787 φησι·

1062 799 1168 826 οἶδατε
1193 814 1228 819 ——
1238 799 1274 826 ἐν
1285 799 1362 833 ὑμῖν.
1376 799 1459 831 Γνοὺς
1482 799 1547 830 τοὺς
1559 798 1606 825 δύο
1617 798 1660 825 διὰ
1675 797 1755 824 τοῦτο
1766 798 1817 832 τὴν

1026 845 1172 880 προεδρίαν
1206 845 1358 876 αἰτοῦντας,
1381 845 1424 872 ἵνα
1448 845 1607 880 κατάρχωσι
1633 845 1687 870 τῶν
1715 844 1816 875 ἄλλων,

1024 890 1197 924 διασύρειτδν
1206 890 1326 916 τοιοῦτον
1336 891 1445 922 σκοπίιν,
1458 891 1496 922 ὡς
1506 890 1623 917 ἐθνικόν.
1635 891 1666 916 Οἱ
1683 889 1815 925 ἄρχοντες

1024 936 1089 971 γὰρ,
1100 935 1240 969 φησὶ-,τῶν
1255 936 1352 966 ἐθνῶν,
1363 937 1410 963 καὶ
1425 937 1449 962 οἱ
1468 937 1580 971 μεγάλοι
1591 937 1681 963 αὐτῶν
1694 944 1816 962 κατακυ-

1026 981 1146 1016 ριεύουσι
1184 981 1232 1007 καὶ
1268 981 1514 1014 κατεξουσιάζουσι
1539 982 1594 1009 τῶν
1620 982 1720 1009 ἄλλων.
1747 982 1817 1017 [Οὐχ

1024 1026 1095 1053 οὓτω
1113 1027 1169 1062 (Ξΰ)
1186 1027 1215 1054 δὲ
1225 1027 1302 1054 ἔσται
1320 1028 1349 1054 ἂν
1367 1028 1441 1061 ὑμῖν,
1455 1030 1511 1060 τοῖς
1541 1028 1631 1063 ἐμοῖς,
1652 1027 1719 1055 Εἶτα
1739 1029 1816 1055 διδά-

1025 1081 1084 1100 σκει
1102 1074 1150 1100 καὶ
1171 1073 1229 1105 πῶς
1245 1074 1298 1110 χρὴ
1314 1075 1431 1101 κτᾶσθαι
1450 1074 1481 1101 τὸ
1499 1076 1644 1110 πρωτεῖον,
1656 1075 1704 1102 καὶ
1718 1075 1815 1103 ἄκουε.

1060 1204 1142 1232 Ἀλλ’
1159 1219 1194 1224 —
1206 1204 1328 1237 δοῦλος.
1339 1204 1446 1238 ’Ὠσπερ
1461 1203 1602 1239 ἀνωτέρω,
1616 1203 1749 1239 ἄρχοντας
1765 1204 1814 1230 καὶ

1026 1251 1161 1286 μεγάλους
1182 1250 1245 1281 τοὺς
1261 1251 1360 1281 αὖτοὺς
1375 1250 1485 1284 ἔλεγεν·
1497 1249 1570 1276 οὕτω
1584 1250 1631 1276 καὶ
1651 1250 1699 1276 νῦν
1726 1250 1814 1284 μέγαν

1024 1298 1071 1324 καὶ
1096 1297 1215 1332 πρῶτον,
1240 1296 1286 1322 τὴν
1315 1297 1408 1324 αὐτόν.
1429 1297 1478 1328 Εἰς
1505 1297 1624 1332 ἐπήκοον
1648 1297 1676 1323 δὲ
1702 1297 1814 1323 πάντων

1024 1342 1111 1370 ταῦτά
1127 1352 1220 1378 φησιν,
1245 1344 1283 1375 ὼς
1308 1343 1472 1378 κοινωφελῆ.
1495 1342 1578 1377 Λέγει
1592 1342 1694 1374 τοίνυν,
1711 1342 1753 1368 ὅτι
1772 1341 1814 1367 Τὸ

1026 1389 1075 1424 μὲν
1094 1389 1316 1421 κατεξουσιάζειν
1330 1389 1385 1415 τῶν
1395 1389 1495 1425 ἄλλων]
1523 1388 1629 1415 ἐθνικόν
1645 1388 1721 1414 ἐστιν
1731 1396 1739 1403 ·
1756 1387 1813 1420 ἐγὼ

1024 1436 1051 1463 δὲ
1076 1435 1214 1470 νομοθετῶ
1237 1436 1311 1471 ὑμῖν,
1329 1435 1447 1462 κτᾶσθαι
1466 1435 1521 1470 (27)
1536 1434 1566 1460 τὸ
1584 1435 1731 1469 πρωτεῖον,
1757 1433 1812 1459 ἀπὶ

1024 1481 1071 1508 τοῦ
1094 1483 1227 1509 διακονεῖν
1243 1483 1298 1513 τοῖς
1311 1482 1409 1513 ἄλλοις,
1426 1483 1473 1508 καὶ
1496 1481 1633 1508 δουλεύειν
1647 1479 1813 1511 αὑτοῖς.Τὸν
1859 1488 1866 1493 ί

186 1525 238 1558 Qui
255 1525 328 1552 enim
342 1526 392 1552 hoc
407 1525 483 1557 facit,
497 1525 572 1552 illum
585 1533 635 1561 ego
651 1533 778 1560 magnum
802 1533 834 1552 ac
852 1525 970 1560 primum

1029 1529 1079 1564 γὰρ
1098 1528 1178 1555 τοῦτο
1192 1529 1331 1561 ποιοῦντα,
1344 1528 1439 1555 τοῦτον
1451 1527 1507 1561 ἐγὼ
1523 1527 1611 1562 μέγαν
1634 1527 1681 1553 καὶ
1703 1526 1812 1561 πρῶτον

187 1572 307 1602 declare.
319 1576 347 1599 et
362 1572 407 1598 hic
419 1571 490 1606 apud
503 1579 545 1598 me
557 1572 703 1606 primatum
720 1571 842 1598 habebit.
866 1571 972 1598 Deinde

187 1618 305 1653 scipsum
319 1625 427 1652 quoque
438 1617 515 1652 ponit
531 1617 557 1643 in
573 1617 738 1652 exnmplum,
752 1617 798 1652 qui
811 1625 866 1644 non
882 1617 972 1644 solum

187 1664 490 1697 omnibus'ministret,
513 1663 560 1690 sed
589 1664 671 1690 etiam
687 1671 738 1698 pro
768 1663 897 1690 omnibus
913 1671 971 1690 mo-

188 1711 283 1738 riatur.

224 1758 301 1785 Vers.
317 1759 361 1786 28.
382 1758 495 1786 Sicut—
505 1758 607 1785 multis.
623 1757 673 1791 Sit,
685 1757 784 1792 inquit,
800 1758 844 1785 hic
856 1758 972 1785 aliorum

188 1804 311 1831 minister
328 1809 355 1831 et
367 1812 475 1838 servus,
502 1803 732 1839 quemadmodum
761 1812 811 1839 ego
823 1812 876 1830 non
911 1804 971 1831 veni

188 1849 214 1876 in
233 1850 363 1876 mundum
379 1854 409 1882 ut
424 1849 506 1883 aliqui
524 1849 589 1876 mihi
602 1849 800 1877 ministrarent.
810 1849 972 1884 Quanquam

185 1894 259 1921 enim
275 1902 371 1921 socrus
382 1894 457 1921 Petri
471 1899 499 1922 et
512 1895 614 1922 Martha
633 1903 711 1923 soror
726 1895 831 1926 Lazari,
856 1895 972 1929 alimque

187 1940 314 1967 mulieres
331 1940 522 1968 ministrabant
540 1941 577 1971 ei.
604 1949 658 1968 non
693 1947 783 1969 tamen
810 1943 888 1976 quasi
913 1941 973 1976 ipse

188 1987 282 2013 harum
302 1986 453 2014 ministeria
469 1991 592 2022 cuperet.
611 1986 669 2014 Non
684 1995 749 2022 ergo
764 1989 825 2015 veni
842 1993 871 2015 ut
890 1987 971 2015 mini-

186 2036 287 2059 stretur
304 2033 370 2059 mihi
386 2033 420 2060 ab
432 2033 579 2068 aliquibus,
599 2034 647 2061 sed
666 2034 757 2068 potius
775 2038 804 2061 ut
824 2034 884 2069 ipse
911 2034 972 2061 aliis

187 2078 348 2111 ministrem,
375 2087 475 2107 curans
498 2087 529 2107 ac
547 2088 646 2107 sanans
656 2080 837 2115 quorumdam
854 2079 970 2113 animas,

186 2125 366 2158 quorumdam
382 2133 508 2160 corpora,
524 2126 702 2160 quorumdam
718 2126 857 2154 etanimas
871 2130 898 2154 et
912 2134 973 2154 cor-

186 2178 263 2204 pora,
287 2174 413 2204 quodque
432 2171 585 2198 ministerio
600 2179 631 2199 ac
647 2172 758 2198 servitio
774 2172 862 2206 majus
872 2176 925 2205 est,
942 2176 973 2199 ut

185 2217 289 2244 tradam
306 2217 423 2243 animam
446 2225 533 2244 meam
548 2218 763 2252 redemptionem
791 2226 840 2253 pro
867 2219 972 2250 multis,

186 2262 231 2297 qui
249 2262 321 2289 servi
337 2262 401 2289 facti
417 2266 496 2289 erant
514 2262 625 2289 diaboli.

220 2351 312 2378 Multis
323 2355 413 2378 autem
428 2351 495 2379 dicit
511 2361 584 2379 nunc
599 2361 658 2387 pro,
680 2353 818 2381 omnibus.
835 2353 975 2389 Frequen-

188 2402 229 2424 ter
244 2397 317 2424 enim
333 2397 473 2432 Scriptura
490 2399 585 2425 mullos
598 2399 665 2426 dicit
679 2407 728 2434 pro
748 2400 888 2427 omnibus.
911 2401 974 2428 Ita-

188 2450 241 2475 que
254 2450 305 2477 pro
320 2443 448 2470 omnibus
467 2444 577 2471 tradidit
600 2445 720 2472 animam
743 2452 831 2477 suam,
858 2453 972 2473 omnes-

188 2496 241 2522 que
252 2489 377 2522 redemit,
399 2497 555 2525 quanquam
569 2491 644 2518 multi
659 2498 707 2518 sua
732 2497 828 2526 sponte
845 2491 872 2519 in
885 2491 974 2520 servi-

189 2538 247 2563 tute
262 2541 467 2564 remanserunt.

1024 1575 1195 1610 ἀναγορεύω,
1210 1575 1257 1601 καὶ
1282 1572 1359 1606 οὗτος
1376 1574 1441 1609 παρ’
1453 1574 1517 1607 ἐμοὶ
1540 1573 1570 1600 τὸ
1586 1574 1719 1608 πρωτεῖον
1743 1572 1814 1604 ἔξει.

1025 1620 1144 1646 Ἔπειτα
1160 1621 1206 1646 καὶ
1220 1619 1397 1654 παράδειγμα
1411 1619 1520 1653 τίθησιν
1546 1618 1653 1649 ἑαυτὸν,
1670 1617 1700 1644 οὐ
1731 1617 1812 1652 μόνον

1023 1665 1201 1693 διακονοῦντα
1229 1666 1322 1699 πᾶσιν,
1350 1664 1418 1692 ἀλλὰ
1447 1665 1495 1692 καὶ
1532 1663 1813 1700 ὑπεραποθνήσκοντα

1024 1711 1135 1737 πάντων
1140 1730 1146 1737 .

1061 1756 1176 1790 Ὀσπερ
1204 1771 1239 1777 -
1264 1754 1398 1782 πολλῶν.
1423 1755 1524 1786 Ἔστω,
1537 1753 1629 1788 φησὶν,
1653 1750 1730 1784 οὗτος
1758 1753 1812 1779 τῶν

1023 1802 1111 1830 ἄλλων
1130 1802 1252 1832 διάκονος
1266 1801 1312 1827 καὶ
1327 1800 1432 1833 δοῦλος,
1446 1800 1475 1826 ὃν
1492 1800 1593 1835 τρόπον
1617 1799 1673 1833 ἐγὼ
1698 1799 1746 1825 οὐκ
1762 1796 1812 1834 ἦλ-

1023 1849 1068 1876 θον
1095 1848 1136 1879 εἰς
1160 1848 1206 1874 τὸν
1223 1847 1337 1882 κόσμον,
1355 1847 1398 1874 ἵνα
1426 1846 1610 1882 διακονήσωσι
1629 1846 1674 1880 μοι
1687 1855 1769 1877 τινες.
1781 1846 1813 1872 Εἰ

1023 1894 1077 1930 γὰρ
1094 1894 1142 1920 καὶ
1157 1894 1172 1928 ἡ
1189 1893 1310 1928 πενθερὰ
1324 1892 1371 1919 τοῦ
1389 1893 1504 1927 Πέτρου,
1526 1893 1572 1918 καὶ
1584 1891 1719 1926 Μάρθα,ἡ
1736 1891 1814 1917 ἀδελ-

1024 1942 1060 1977 φὴ
1083 1941 1130 1967 τοῦ
1160 1940 1298 1975 Λαζάρου,
1324 1939 1372 1966 καὶ
1405 1939 1484 1966 ἄλλαι
1516 1940 1644 1973 γυναῖκες
1670 1937 1812 1973 διηκόνουν

1023 1989 1175 2023 αὐτῷ,ἁλλ’
1195 1989 1244 2023 οὐχ
1260 1988 1298 2019 ὡς
1323 1987 1452 2023 χρῄζοντι
1475 1987 1525 2022 τῆς
1541 1987 1644 2012 τούτων
1664 1986 1814 2017 διακονίας.

1023 2037 1080 2063 Οὐχ
1088 2033 1168 2072 ἦλθον
1177 2033 1233 2067 οὖν,
1243 2035 1338 2069 φησὶν,
1349 2034 1393 2060 ἶνα
1403 2033 1556 2068 διακονηθῶ
1568 2033 1622 2068 (ἓὸ)
1635 2033 1709 2067 παρά
1719 2040 1812 2063 τινων,

1022 2083 1079 2110 ἀλλ’
1093 2082 1137 2109 ἳνα
1149 2081 1248 2115 μᾶλλον
1261 2080 1340 2112 αὐτὸς
1353 2080 1509 2114 διακονήτω
1523 2080 1580 2110 τοῖς
1593 2078 1696 2110 ἄλλοις,
1710 2078 1811 2112 ὲπιμε-

1022 2129 1134 2164 λόμενος
1149 2128 1196 2154 καὶ
1210 2126 1383 2162 θεραπεύων,
1395 2125 1449 2152 τῶν
1465 2125 1515 2160 μὲν
1530 2125 1580 2156 τὰς
1596 2124 1697 2160 ψυχας,
1712 2124 1766 2150 τῶν
1783 2123 1812 2149 δὲ

1023 2175 1058 2201 τὰ
1072 2174 1197 2209 σώματα,
1210 2172 1265 2200 τῶν
1288 2173 1316 2200 δὲ
1333 2173 1380 2200 καὶ
1403 2173 1452 2203 τὰς
1467 2172 1556 2207 ψυχὰς
1571 2171 1664 2198 καὶτὰ
1684 2170 1810 2204 σώματα,

1025 2221 1072 2247 καὶ
1098 2220 1129 2246 τὸ
1154 2219 1247 2254 μεῖζον
1276 2220 1324 2253 τῆς
1356 2217 1495 2249 διακονίας
1529 2217 1577 2244 καὶ
1611 2216 1744 2248 δουλείας,
1769 2215 1812 2242 ἶνα

1023 2263 1101 2290 δώσω
1112 2263 1161 2298 τὴν
1172 2262 1261 2297 ψυχήν
1276 2271 1326 2297 μου
1351 2262 1449 2297 λύτρον
1474 2262 1535 2288 ἀντὶ
1554 2261 1671 2293 πολλῶν,
1683 2260 1812 2287 δεδουλω-

1025 2309 1114 2344 μένων
1129 2309 1166 2345 τῷ
1182 2309 1311 2344 διαὸόλῳ.

1058 2355 1197 2388 Πολλοὺς
1210 2355 1238 2382 δὲ
1253 2354 1301 2382 νῦν
1326 2354 1390 2386 τοὺς
1400 2354 1504 2386 πάντας
1517 2353 1602 2387 λέγει.
1610 2346 1745 2383 Πολλάκις
1757 2351 1811 2386 γὰρ

1024 2402 1041 2437 ἡ
1055 2401 1152 2437 Γραφὴ
1170 2400 1306 2433 πολλοὺς
1329 2401 1393 2431 τοὺς
1409 2400 1516 2431 πάντας
1530 2399 1624 2434 φησιν.
1644 2398 1729 2432 Ὑπὲρ
1746 2399 1814 2424 πάν-

1027 2459 1081 2477 των
1100 2450 1154 2484 γὰρ
1178 2448 1262 2475 ἔδωκε
1279 2448 1328 2483 τὴν
1341 2447 1430 2482 ψυχὴν
1457 2445 1539 2474 αὐτοῦ
1566 2446 1613 2472 καὶ
1631 2445 1737 2476 πάντας
1753 2444 1812 2471 ὲλυη

1027 2495 1162 2530 τρώσατο,
1174 2495 1199 2521 εἰ
1224 2495 1271 2521 καὶ
1285 2493 1380 2520 πολλοὶ
1399 2493 1524 2524 θέλοντες
1540 2492 1684 2527 ἐνέμειναν
1699 2493 1733 2527 τῇ
1748 2491 1811 2517 δου-

1027 2542 1099 2568 λεία.

756 2643 854 2674 Variae
879 2642 1032 2674 lectiones
1048 2647 1076 2674 et
1097 2645 1190 2673 notae.

229 2723 286 2759 ('25)
302 2723 380 2755 Γοῦν,
395 2732 445 2758 pro
457 2723 545 2758 ὄόὗν,
563 2727 595 2753 Δ.

225 2760 282 2793 ('25)
300 2759 405 2790 Εῖτουν,
417 2760 449 2786 Α.

225 2795 284 2828 (:25)
303 2794 367 2826 Καί,
383 2803 433 2828 pro
445 2795 484 2821 δέ.
504 2797 534 2821 Α.
551 2795 639 2828 Forte,
660 2795 704 2821 ὅτε
716 2795 745 2822 δὲ
761 2796 816 2821 xei.

225 2829 284 2864 (26)
300 2829 364 2861 Qua:
393 2830 436 2857 hic
459 2830 628 2862 inclusimus,
644 2838 674 2858 ea
690 2838 721 2857 cx
735 2831 795 2857 cod.
818 2831 849 2857 A.
867 2831 974 2858 excide—

1029 2730 1094 2753 runt
1108 2725 1210 2757 omnia,
1228 2724 1307 2759 culpa
1322 2725 1430 2759 scribat,
1449 2725 1572 2761 qui‘istis
1588 2725 1698 2753 omissis
1709 2735 1809 2754 novum

1030 2761 1124 2789 folium
1137 2761 1249 2795 incepit.

1065 2795 1119 2827 (‘27)
1136 2796 1223 2826 Κατά,
1244 2803 1293 2828 pro
1305 2795 1431 2826 κτᾶσθαι,
1450 2795 1482 2821 Λ.

1064 2830 1120 2866 (28)
1136 2829 1242 2858 Omissa
1253 2831 1296 2857 ἵνα
1311 2830 1410 2865 legitur
1419 2830 1621 2867 διακονηθῆναι,
1639 2833 1670 2859 Α.
