1937 3072
227 143 280 176 547

841 139 1033 171 EUTHYMll
1053 139 1234 170 ZIGABENI

1803 142 1861 174 548

223 203 347 238 gniorem
366 199 460 232 fuisse,
479 199 578 234 dequo
594 207 610 226 a
637 197 727 226 Marco
747 198 818 226 facta
839 203 882 225 est
907 198 1008 225 mentio

1062 198 1276 233 ἐπισημότερον,
1289 196 1514 233 μνημονευθῆναι
1538 197 1614 233 παρὰ
1626 198 1734 234 Μάρκῳ
1754 198 1816 234 μὲν,
1827 201 1860 226 ἐν

224 249 362 277 tricesimo
377 247 463 282 primo
473 245 613 281 Evangelii
623 245 664 272 sui
681 245 781 280 capite,
791 245 837 279 qui
849 244 1009 270 Bartimzeus

224 295 365 322 dicebatur
380 294 402 308 “
416 301 422 324 ;
438 300 453 318 a
478 291 549 318 Luca
565 299 630 318 vero
652 291 826 326 sexagesimo
852 294 950 325 quarto
965 289 1008 317 sui

223 339 362 374 Evangelii
384 337 472 371 capite
491 337 513 353 ⁸⁸
530 345 536 369 ;
550 336 666 363 alterum
680 341 784 366 autem,
801 336 835 362 ab
846 336 887 362 his
900 335 1009 362 silentio

223 385 393 420 pneleritum
411 388 539 417 tanquam
561 382 633 409 illius
648 382 815 413 ministrum,
830 381 1009 415 quemadmo-

222 433 286 457 dmn
314 437 379 455 sane
393 434 422 455 et
453 429 486 455 de
504 428 612 454 duobus
637 427 813 454 daetnoniacis
845 427 1009 453 duodecimo

222 476 310 509 capite
335 473 492 508 przedictum
510 477 552 499 est
566 482 572 499 :
590 473 671 506 idque
687 473 846 506 conjectura
858 479 1010 506 assequun-

224 526 278 552 tur,
301 527 335 546 eo
357 519 428 553 quod
445 519 540 545 eadem
557 522 585 544 et
601 517 721 545 dixerint
736 522 764 544 et
790 517 958 548 audiverint,
978 524 1011 543 ac

221 565 348 593 Similiter
368 565 455 592 secuti
474 564 588 591 fuerint.
606 565 661 599 Ego
674 572 739 590 vero
753 571 783 590 re
796 563 928 590 attentius
943 570 1009 589 con-

221 614 270 640 διά.
282 617 354 643 rata,
372 613 490 639 alterum
514 612 548 638 ab
563 612 606 638 his
624 611 731 638 duobus
742 618 802 638 esse
816 611 878 637 dico
891 618 965 642 eum,
977 610 1011 637 de

221 667 275 693 quo
301 659 383 685 habet
415 658 546 689 Marcus;
572 664 737 691 rursumque
764 657 881 683 alterum
906 656 940 682 ab
966 663 1009 688 eo,

221 704 255 731 de
267 712 320 738 quo
338 703 455 733 Marcus,
469 703 544 729 illum
563 702 595 728 de
607 710 661 736 quo
674 701 793 736 loquitur
819 700 918 728 Lucas.
934 700 958 727 Is
973 700 1011 727 si-

221 751 331 784 quidem
356 749 390 776 de
405 757 459 783 quo
476 749 594 780 Marcus,
613 753 715 774 vestem
728 755 783 782 prie
796 747 880 774 nimia
895 746 1010 774 festina-

222 796 295 822 tione
311 793 436 830 projeeit,
471 798 498 820 et
520 793 578 820 sine
593 798 721 820 contactu
737 793 882 820 sanitatem
896 793 1011 826 accepit.

221 841 245 867 Is
272 845 362 867 autem
390 839 436 873 qui
467 839 539 874 apud
571 839 671 865 Lucam
694 842 745 869 est,
772 838 883 865 Christo
920 838 1010 872 potius

222 887 394 922 ingrediente
425 885 546 916 Jcriclto,
581 888 609 911 et
628 883 870 918 nonegrediente,
904 883 1008 910 sanita-

222 938 275 960 tem
290 938 332 959 est
348 936 523 959 consecutus.
550 929 711 965 Hujusmodi
741 930 823 956 etiam
851 930 1008 964 opinionem

222 981 289 1007 mihi
305 979 449 1006 conlinunt
475 978 696 1012 Chrysostomus,
720 977 767 1012 qui
784 976 819 1004 de
839 976 891 1003 illis
916 981 1008 1011 utpote

220 1027 281 1054 aliis
302 1026 371 1053 nihil
393 1025 507 1052 omnino
536 1023 682 1059 signiﬁcat.

379 1104 455 1133 CAP.
474 1102 552 1130 XLV.
574 1102 613 1129 De
628 1103 705 1130 asina
725 1107 748 1130 et
766 1102 848 1137 pullo.

255 1173 323 1207 Cap.
342 1171 413 1198 XXI.
429 1171 506 1198 Vers.
522 1171 548 1197 ί.
567 1169 599 1196 Et
614 1177 673 1196 cum
685 1184 722 1190 -—
737 1170 815 1198 Vers.
829 1171 856 1197 ὅ,
869 1178 923 1197 eos.
948 1170 1008 1197 lam

221 1224 307 1246 morte
321 1226 369 1245 sua
382 1217 628 1252 appropinquante,
640 1216 736 1250 majori
751 1217 915 1243 auctoritate
927 1223 1010 1250 nego-

220 1265 257 1292 tia
270 1264 397 1299 attingit;
417 1268 445 1290 et
454 1263 516 1297 quia
531 1263 565 1289 de
574 1263 651 1289 asina
664 1266 691 1289 et
717 1261 791 1296 pullo
816 1261 1008 1297 prophetatum

220 1315 287 1341 erat,
312 1317 385 1336 nunc
409 1313 536 1343 tanquam
564 1308 686 1335 omnium
714 1307 845 1334 Domitius
867 1308 945 1342 jubet
967 1308 1010 1334 his

221 1361 290 1388 quos
307 1353 452 1380 emittebat
471 1357 501 1379 ut
512 1353 625 1379 dicant:
643 1352 756 1380 Domino
771 1353 814 1378 his
830 1360 895 1386 opus
909 1357 959 1385 est,
983 1357 1010 1379 et

222 1404 285 1434 post
301 1399 422 1426 habitum
436 1406 516 1426 usum
532 1398 624 1425 reduci
638 1398 688 1425 hos
702 1399 736 1426 ad
748 1399 891 1426 dominum
902 1407 1008 1427 eorum.

222 1445 275 1472 Sed
291 1444 433 1472 Mattha‘us
447 1445 551 1471 asinam
561 1444 627 1472 dicit
642 1449 671 1471 et
684 1445 788 1480 pullum
801 1453 810 1477 ;
825 1445 930 1472 Marcus
945 1453 1010 1472 vero

221 1491 324 1525 pullum
338 1490 437 1520 solum_
453 1489 486 1516 “.
500 1489 652 1521 Invenietis,
676 1490 776 1524 inquit,
794 1490 897 1524 pullum
913 1490 1010 1526 alliga-

221 1542 288 1569 tum,
305 1544 383 1570 super
398 1544 474 1570 quem
500 1535 589 1562 nullus
616 1535 752 1562 hominum
767 1537 845 1564 sedit.
877 1537 1009 1564 Similiter

221 1589 312 1610 autem
326 1581 421 1609 scribit
431 1586 459 1608 et
469 1581 556 1607 Lucas
565 1581 724 1609 "Joannes
736 1589 800 1609 vero
809 1582 912 1616 pullum
926 1583 1010 1610 asinae

223 1632 295 1655 hunc
328 1628 475 1662 appellavit
504 1627 544 1659 ⁸⁸,
576 1632 704 1662 tanquam
733 1628 862 1655 teuellum
890 1630 1009 1656 asinum.

221 1675 291 1708 Quid
306 1682 371 1709 ergo
382 1674 528 1701 dicemus?
545 1673 623 1706 Quod
639 1679 755 1708 utroque
771 1682 841 1709 opus
856 1680 913 1702 crat
927 1675 1009 1703 Chri-

221 1727 281 1748 sto:
298 1721 345 1748 sed
361 1721 433 1755 pullo
459 1725 488 1746 ut
503 1728 587 1755 super
601 1729 664 1747 eum
681 1722 839 1754 veheretur,
860 1723 938 1749 asina
961 1731 1010 1750 au-

225 1772 278 1795 tem
296 1773 325 1794 ut
338 1768 441 1802 pullum
457 1775 620 1801 sequeretur
635 1777 642 1794 :
657 1768 785 1802 explebat
811 1770 883 1795 enim
907 1775 1010 1805 myste-

223 1815 293 1840 rium
309 1815 381 1848 quod
394 1814 485 1840 futura
503 1813 703 1848 pmﬁgurabat.
731 1815 765 1842 Et
784 1821 843 1842 erat
866 1817 954 1850 pullus
982 1817 1008 1843 in

222 1862 335 1895 ﬁguram
355 1861 418 1887 novi
433 1868 448 1887 e
475 1861 603 1895 gentibus
624 1861 727 1896 populi,
745 1863 853 1889 venturi
876 1863 908 1889 ad
929 1862 1008 1890 [idem

220 1915 280 1940 qua:
296 1913 338 1934 est
360 1907 387 1934 in
414 1907 621 1942 Christum,qui
651 1908 685 1935 ad
708 1908 807 1936 divinae
822 1909 889 1944 legis
914 1909 1009 1944 jugum

221 1952 418 1980 inexercitatus
444 1958 513 1986 erat,
541 1961 622 1987 super
644 1961 724 1988 quem
749 1955 841 1982 nltllus
867 1956 1008 1983 hominum

221 1999 339 2031 sederat,
365 1999 497 2034 propheta
523 2000 650 2027 videlicet
674 2001 715 2027 vel
744 2002 893 2035 apostolus.
925 2003 1008 2030 Asina

221 2052 286 2071 vero
297 2045 325 2071 iu
342 2050 438 2080 typum
452 2045 553 2072 veteris
568 2054 583 2072 e
593 2045 695 2072 .ludzeis
709 2047 803 2081 populi
823 2048 874 2074 sub
886 2048 952 2083 jugo
967 2049 1007 2076 Ie-

220 2092 260 2126 gis
272 2092 404 2127 (legentis.
421 2092 453 2118 Et
463 2092 553 2126 pullus
575 2092 838 2126 quidetn'Christum
852 2095 926 2122 vehit
941 2095 1009 2123 insi—

222 2138 342 2168 dentem,
369 2138 445 2164 asina
462 2145 525 2164 vero
538 2139 674 2172 sequitur,
701 2139 817 2167 docente
830 2140 917 2174 reipsn
936 2141 1008 2175 quod

222 2188 366 2217 postquam
390 2183 518 2209 Christus
536 2184 666 2218 gentibus
687 2185 827 2218 insederit,
858 2191 885 2212 ct
913 2186 942 2212 in
966 2187 1007 2213 eis

1061 244 1099 278 τῷ
1107 243 1261 279 τριακοστῷ
1271 243 1371 279 πρώτῳ
1380 243 1519 279 κεφαλαίῳ
1527 243 1573 270 τοῦ
1584 244 1752 278 Εὑαγγελίου
1759 245 1858 277 αὐτοῦ,

1060 289 1230 324 Βαρτιμαῐον
1266 289 1452 323 καλούμενον
1474 289 1550 324 παρὰ
1588 291 1682 325 Λουκᾷ
1706 289 1745 323 δὲ,
1767 291 1798 316 ὲν
1815 290 1860 325 τῷ

1061 335 1201 369 ἑξηκοστῷ
1215 335 1338 369 τετάρτῳ
1357 334 1498 370 κεφαλαίῳ
1518 335 1565 360 τοῦ
1587 336 1647 361 κατ’
1662 336 1744 362 αὐτὸν
1764 336 1859 369 Εὐαγσ

1061 382 1151 415 γελίου
1164 389 1172 396 ·
1183 381 1228 408 τὸν
1238 381 1318 408 ἄλλον
1325 382 1352 408 δὲ
1361 382 1614 417 παρασιωπηϐῆναι
1622 381 1728 413 τούτοις
1738 382 1808 417 (5i),
1817 382 1857 414 ὡς

1061 427 1203 462 ὑπηρέτην
1226 427 1332 454 ἐκείνου
1345 436 1352 442 '
1372 428 1443 454 καθὰ
1457 428 1490 463 δὴ
1509 427 1557 454 καὶ
1578 428 1643 462 περὶ
1658 428 1712 454 τῶν
1734 429 1782 455 δύο
1797 429 1858 455 δαι-

1063 473 1247 507 μονιζομένων
1259 475 1287 499 ὲν
1304 473 1342 508 τῷ
1357 474 1501 508 δωδεκάτῳ
1519 475 1661 509 κεφαλαίῳ
1675 477 1856 511 προείρηται.

1062 518 1118 543 Καὶ
1133 518 1349 553 τεκμηριοῦνται
1366 519 1412 545 τὸν
1427 518 1517 552 λόγον,
1533 519 1586 545 ἀπὸ
1604 519 1651 544 τοῦ
1667 520 1701 545 τὰ
1720 520 1792 545 αὐτὰ
1808 520 1858 545 καὶ

1061 565 1160 596 εἰπεῖν,
1174 565 1222 590 καὶ
1241 564 1369 597 ἀκοῦσαι,
1380 565 1427 590 καὶ
1450 565 1552 599 ὁμοίως
1579 565 1779 600 ἀκολουθῆσαι·
1798 566 1857 599 ἐγὼ

1061 611 1090 637 δὲ
1107 610 1422 646 στοχαζόμενος,ἓτερον
1438 609 1511 637 εἶναι
1530 610 1614 644 λέγω,
1628 613 1705 646 παρὰ
1719 612 1783 642 τοὺς
1806 611 1857 638 δύο

1063 657 1185 689 τούτους,
1199 658 1244 682 τὸν
1262 656 1309 682 τοῦ
1324 657 1451 692 Μάρκου,
1464 658 1512 683 καὶ
1538 657 1633 692 ἕτερον
1661 657 1754 689 πάλιν,
1775 658 1856 693 παρά

1061 703 1107 729 τὸν
1123 703 1170 728 τοῦ
1193 703 1319 737 Μάρκον,
1330 703 1375 730 τὸν
1397 703 1443 729 τοῦ
1460 703 1561 729 Λουκᾶ.
1572 704 1627 729 Καὶ
1641 703 1696 738 γὰρ
1710 704 1724 729 ὁ
1742 703 1792 738 μὲν
1805 703 1855 729 τοῦ

1062 748 1176 783 Μάρκου
1193 748 1241 774 καὶ
1253 748 1283 775 τὸ
1300 749 1408 782 ιμάτιον
1435 749 1546 784 ερῥιψεν
1565 749 1617 775 ὑπῦ
1625 750 1674 783 τῆς
1682 749 1753 783 ἄγαν
1767 757 1855 775 atreus

1061 794 1120 828 δῆς,
1134 794 1182 820 καὶ
1204 795 1287 829 χωρὶς
1305 794 1413 829 ἐπαφῆς
1427 795 1476 829 τὴν
1502 795 1574 821 ἴασιν
1597 794 1709 821 ἑλαὸεν·
1721 796 1734 821 ό
1750 795 1779 821 δὲ
1806 795 1854 821 τοῦ

1063 840 1167 872 Λουκᾶ,
1180 840 1328 875 ἐρχομένου
1347 840 1448 875 μᾶλλον
1466 841 1507 872 εἰς
1529 839 1634 876 Ἰεριχὼ
1649 840 1695 866 τοῦ
1721 841 1852 875 Χριστοῦ,

1063 887 1108 912 καὶ
1127 887 1177 912 οὐκ
1191 887 1421 921 ἐκπορευομένου,
1438 887 1488 920 τῆς
1505 886 1604 917 ἰάσεως
1626 886 1715 922 ἔτυχε.
1742 887 1855 913 Βεὸαιοί

1061 933 1091 958 δέ
1110 940 1155 966 μοι
1172 932 1291 966 μάλιστα
1316 932 1365 964 τὴν
1381 932 1509 966 τοιαύτην
1525 932 1661 967 ὑπόληψιν
1675 933 1689 958 ὁ
1704 931 1760 967 (32)
1776 933 1855 967 Χρυ-

1063 978 1206 1012 σόστομος,
1229 977 1308 1003 οὐδέν
1326 986 1352 1004 τι
1379 978 1444 1013 περὶ
1463 978 1576 1004 ἐκείνων
1596 979 1852 1014 ἐπισημηνάμενος,

1063 1025 1100 1056 ὡς
1115 1025 1216 1059 ἐτέρων
1231 1024 1328 1051 ὅντων.

1133 1106 1211 1133 ΚΕΦ.
1225 1106 1291 1132 ME’.
1301 1105 1372 1140 Περὶ
1384 1105 1439 1140 τῆς
1453 1105 1525 1133 ὄνου
1538 1105 1651 1133 καὶτοῦ
1666 1106 1779 1133 πώλου.

1099 1174 1154 1200 Kal
1169 1174 1219 1200 ὅτε
1243 1187 1276 1195 -—
1299 1174 1421 1207 αὐτούς.
1443 1174 1512 1209 Ἤδη
1539 1174 1589 1208 τῆς
1616 1174 1852 1210 τελευτῆςμύτοῠ

1063 1221 1314 1257 προσεγγιξούσης,
1340 1219 1617 1256 ἐξουσιαστικὼτερον
1652 1220 1769 1248 ἅπτεται
1797 1222 1853 1247 τῶν

1064 1269 1247 1302 πραγμάτων,
1261 1269 1311 1294 καὶ
1326 1267 1387 1293 ἐπεὶ
1400 1268 1591 1302 προεφήτευσε
1605 1267 1638 1293 τὰ
1650 1267 1719 1293 κατὰ
1730 1267 1779 1301 τὴν
1791 1267 1852 1293 ὄνον

1063 1315 1112 1340 καὶ
1126 1314 1171 1340 τὸν
1187 1313 1287 1345 πῶλον,
1310 1313 1414 1345 λοιπὸν,
1435 1312 1472 1344 ὡς
1490 1314 1591 1347 Κύριος
1607 1312 1727 1345 πάντων,
1742 1311 1853 1338 κελεύει

1063 1360 1119 1390 τοῖς
1139 1358 1384 1392 ἀποστελλομένοις
1400 1358 1500 1388 εἰπεῖν,
1519 1357 1561 1382 ὅτι
1583 1356 1615 1382 '0
1630 1356 1736 1389 Κύριος
1748 1357 1853 1390 χρείαν
1887 1362 1890 1365 ·

1063 1403 1163 1431 αὐτῶν
1177 1405 1251 1437 ἔχει,
1267 1404 1315 1429 καὶ
1339 1403 1408 1437 μετὰ
1431 1403 1481 1437 τὴν
1503 1402 1600 1437 χρείαν
1614 1401 1790 1436 ἀντιστρέφει
1803 1402 1853 1427 αὺ-

1063 1451 1125 1481 toil;
1141 1450 1209 1484 πρὸς
1223 1449 1285 1479 τοὺς
1299 1449 1411 1483 κυρίους
1423 1447 1525 1476 αὐτῶν.
1544 1447 1625 1474 Ἀλλὰ
1644 1447 1784 1479 Ματθαῖος
1801 1449 1853 1482 μὲν

1063 1498 1124 1524 ὄνον
1141 1497 1188 1523 καὶ
1210 1496 1300 1522 πῶλον
1329 1495 1420 1529 λέγει·
1445 1494 1560 1529 Μάρκος
1582 1494 1611 1520 δὲ
1640 1494 1730 1520 πῶλον
1758 1494 1851 1526 μόνον.

1021 1549 1045 1579 c
1061 1543 1214 1578 Εὐρήσετε
1231 1543 1297 1576 γὰρ,
1325 1543 1403 1576 φησὶ,
1424 1540 1527 1567 πῶλον
1552 1540 1723 1575 δεδεμένον,
1745 1540 1791 1574 ἐφ’
1816 1540 1853 1566 ὃν

1061 1590 1165 1623 οὐδεὶς
1175 1589 1338 1623 ἀνθρώπων
1351 1587 1504 1614 ἐκάθισεν.
1522 1586 1638 1622 Ὁμοίως
1651 1587 1680 1614 δὲ
1694 1587 1795 1623 γράφει
1804 1589 1852 1613 καὶ

1061 1636 1178 1666 Λουκᾶς.
1197 1636 1252 1661 Καὶ
1271 1635 1284 1660 ὁ
1306 1633 1431 1668 Ἰωάννης
1445 1633 1474 1659 δὲ
1490 1633 1535 1659 τὸν
1551 1633 1640 1659 πῶλον
1662 1633 1758 1659 τοῦτον
1787 1634 1850 1660 ὀνά-

1063 1691 1120 1718 ριον
1139 1682 1293 1716 ὠνόμασεν,
1307 1681 1343 1712 ὡς
1362 1680 1422 1706 ὕνον
1448 1681 1519 1712 νέον,
1539 1680 1601 1706 ἐπεὶ
1625 1680 1672 1706 καὶ
1699 1679 1798 1711 πῶλος,
1821 1681 1851 1706 τὸ

1060 1730 1110 1764 τῆς
1134 1728 1195 1755 ὕνου
1216 1728 1365 1762 πωλάριον.
1386 1727 1418 1753 Τί
1439 1725 1486 1753 οὖν
1504 1726 1637 1762 ὲροῦμενς
1655 1727 1716 1752 Ὀτι
1733 1727 1777 1753 καὶ
1795 1728 1850 1761 ἁμ-

1061 1775 1183 1809 φοτέρων
1200 1775 1249 1809 μὲν
1267 1774 1330 1807 ἔσχε
1347 1773 1443 1808 χρείαν
1458 1773 1471 1798 ό
1488 1772 1692 1807 Χριστος,ἀλλὰ
1700 1773 1745 1799 τοῦ
1757 1773 1849 1800 πώλου

1063 1821 1112 1856 μὲν
1129 1821 1169 1851 εἰς
1187 1819 1217 1846 τὸ
1243 1819 1411 1854 ὲποχηθῆναι
1433 1819 1524 1853 αὐτῷ·
1543 1818 1592 1853 τῆς
1615 1819 1678 1845 ὖνου
1705 1819 1794 1851 ὁὲ,είς
1819 1821 1851 1846 τὸ

1060 1866 1218 1894 ἀκολουθεῖν
1234 1865 1273 1901 τῷ
1290 1866 1382 1899 πώλῳ.
1396 1866 1557 1900 Μυστήριον
1573 1865 1628 1900 γὰρ
1647 1866 1733 1893 ἐτέλει
1746 1874 1849 1901 προτυ-

1060 1912 1128 1940 ποῦν
1146 1913 1180 1939 τὰ
1198 1912 1343 1947 μέλλοντα.
1359 1911 1415 1938 Καὶ
1428 1909 1461 1948 ἦν
1480 1913 1494 1938 ὁ
1508 1912 1599 1944 πῶλος
1622 1912 1672 1947 μὲν
1696 1913 1736 1943 εἰς
1762 1912 1850 1939 τύπον

1059 1959 1105 1986 τοῦ
1119 1960 1149 1992 ὲξ
1168 1958 1253 1985 ὲονῶν
1273 1959 1334 1985 νέου
1356 1957 1433 1990 λαοῦ,
1457 1957 1503 1984 τοῦ
1531 1959 1582 1993 πρὸ
1604 1959 1652 1992 τῆς
1663 1960 1702 1989 είς
1730 1959 1850 1994 Χριστὸν

1060 2005 1177 2036 πίστεως
1192 2005 1368 2039 ἀγυμνάστου
1387 2004 1456 2039 πρὸς
1471 2003 1516 2030 τὸν
1531 2004 1613 2038 ζυγὸν
1621 2003 1668 2030 τοῦ
1680 2004 1752 2031 θείου
1763 2005 1849 2039 νόμου

1059 2050 1251 2085 τυγχάνοντος,
1265 2049 1307 2083 ἐφ’
1319 2049 1348 2075 ὃν
1377 2049 1466 2080 οὐδεὶς
1490 2049 1642 2084 ἀνθρώπων
1662 2051 1784 2082 ἐκάθισε,
1799 2051 1848 2086 δη-

1059 2096 1286 2131 λαδὴ,προφήτης
1305 2095 1322 2131 ἦ
1338 2095 1502 2127 ἀπόστολος·
1518 2097 1534 2130 ἠ
1553 2096 1612 2126 ὖνος
1639 2096 1677 2127 δὲ,
1700 2098 1740 2126 εἰς
1764 2096 1848 2123 τύπον

1059 2143 1106 2169 τοῦ
1119 2142 1148 2175 ἐξ
1172 2142 1307 2168 Ἰουδαίων
1319 2142 1436 2168 παλαιοῦ
1454 2142 1529 2173 λαοῦ,
1543 2142 1589 2168 τοῦ
1614 2143 1666 2168 ὑπὸ
1693 2143 1740 2169 τὸν
1764 2144 1847 2178 ζυγὸν

1058 2189 1105 2215 τοῦ
1125 2189 1207 2223 νόμου
1233 2188 1383 2219 τελοῦντος.
1410 2188 1489 2214 Καὶὸ
1505 2187 1594 2219 πῶλος
1622 2189 1672 2223 μὲν
1697 2189 1774 2223 φέρει
1801 2190 1848 2216 τὸν

221 2234 348 2262 tanquam
367 2229 393 2254 in
419 2236 449 2254 se
468 2229 644 2255 credentibus
664 2231 840 2264 requieverit,
858 2236 1007 2266 sequentur

1062 2220 1177 2269 Χριστον
1198 2233 1311 2268 ἔποχον·
1330 2234 1426 2260 ἕπεται
1445 2234 1474 2260 δὲ
1488 2235 1505 2268 ἡ
1519 2234 1580 2266 ovo;
1592 2242 1598 2250 '
1618 2220 1664 2260 τοῦ
1685 2220 1848 2270 πράγματος

220 2279 248 2300 ct
261 2274 362 2300 Judaei.
384 2274 455 2306 Djeit
470 2275 543 2300 enim
563 2280 591 2301 et
604 2275 703 2302 Paulus
722 2284 730 2302 :
747 2275 857 2303 Cazcitas
875 2285 907 2304 ea:
930 2283 1007 2312 parte

220 2322 290 2356 furtu
307 2325 342 2346 est
359 2321 385 2346 in
401 2320 494 2352 Israel,
509 2321 591 2347 donec
610 2322 746 2355 plenitudo
763 2324 877 2358 gentium
890 2324 1006 2350 intrave—

221 2366 272 2397 rit;
291 2370 314 2391 el
330 2370 392 2391 :uuc
405 2367 490 2392 omnis
507 2365 593 2392 Israel
619 2367 707 2394 salt-us
728 2368 777 2394 erit
802 2368 834 2394 θ’.
860 2369 1005 2402 Propterea

220 2418 284 2444 ergo
298 2411 441 2437 Matthmus
456 2416 552 2437 exacta
566 2412 708 2445 diligentia
727 2413 867 2446 utriusque
889 2414 1006 2447 jumenti

184 2465 188 2470 ·
220 2457 367 2488 meminit;
401 2456 490 2482 caeteri
508 2463 597 2482 autem
625 2457 764 2484 brevitatis
791 2465 872 2484 causa
904 2459 1005 2493 pullum

219 2502 328 2535 quiJem
347 2502 526 2535 scripserunt,
547 2509 580 2529 eo
604 2503 676 2537 quod
693 2510 775 2537 super
802 2504 878 2531 illum
911 2511 1005 2532 vectus

1057 2280 1239 2312 διδάσκοντος,
1250 2281 1291 2306 ὃτι
1310 2280 1380 2314 μετὰ
1395 2280 1426 2306 τὸ
1440 2280 1553 2307 καθίσαι
1564 2280 1610 2306 τὸν
1621 2281 1737 2315 Χριστὸν
1751 2283 1799 2308 ἐπὶ
1814 2283 1848 2308 τὰ

1057 2327 1192 2361 ἑθνη,καὶ
1208 2325 1456 2352 ἐπαναπαύσασθαι
1482 2326 1574 2357 αὐτοῐς
1601 2326 1780 2353 πιστεύσασιν
1807 2328 1847 2358 είς

1057 2373 1149 2404 αὑτὸν,
1162 2371 1378 2407 ἀκολουθήσουσι
1395 2372 1500 2402 τούτοις
1520 2372 1567 2398 καὶ
1576 2372 1600 2397 ol
1618 2371 1751 2398 Ἰουδαῖοι.
1763 2373 1847 2406 Λέγει

1057 2419 1112 2453 γὰρ
1127 2418 1175 2444 καὶ
1191 2418 1307 2450 Παῦλος,
1321 2417 1362 2444 ὅτι
1376 2417 1518 2450 Πὼρωσις
1526 2417 1566 2449 τῷ
1585 2417 1711 2451 Ἰσραὴλ
1726 2418 1786 2444 ἀπὸ
1795 2419 1848 2452 μέ-

1055 2473 1128 2498 ρους
1146 2466 1280 2499 γέγονεν,
1292 2464 1377 2498 ἄχρις
1392 2462 1428 2491 οὗ
1444 2464 1475 2490 τὸ
1494 2463 1640 2498 πλήρωμα
1671 2463 1731 2490 τῶν
1751 2463 1848 2491 ἐθνῶν

1056 2510 1190 2542 εἰσέλθῃ,
1203 2509 1252 2535 mil
1265 2510 1330 2535 τότε
1339 2509 1393 2543 (55)
1407 2507 1466 2541 πᾶς
1483 2509 1601 2543 Ἰσραὴλ
1610 2509 1788 2542 σωθήσεται.
1798 2511 1846 2536 Διά

272 2579 295 2595 ⁸⁵
307 2578 391 2607 Marc.
408 2587 436 2612 Χ,
451 2580 496 2607 46.
528 2581 550 2596 ⁸⁵
564 2580 631 2608 Luc.
651 2589 728 2614 xvtu,
741 2582 786 2610 35.
826 2583 848 2598 “
861 2583 944 2613 Marc.
964 2595 991 2620 ιι,

1071 2589 1091 2604 ⁵⁷
1106 2587 1172 2614 Luc.
1187 2594 1244 2617 χιιι,
1260 2586 1303 2614 50.
1337 2586 1446 2614 "Joau.
1461 2595 1510 2620 xu,
1528 2586 1570 2614 Η.
1608 2588 1630 2603 θ’
1646 2588 1725 2616 Rom.
1742 2597 1780 2622 si,
1798 2590 1844 2617 ‘25.

796 2699 896 2730 Variae
917 2699 1069 2734 lectiones
1083 2706 1113 2733 et
1133 2707 1225 2733 notae.

252 2772 307 2808 (3i)
322 2773 437 2805 Τούτους
450 2773 484 2806 Β.

253 2810 308 2843 (52)
326 2808 435 2836 Scilicet
450 2809 660 2844 Chrysostomus
671 2810 704 2837 de
718 2811 809 2838 Marco
825 2816 852 2838 et
868 2812 938 2839 Luca
950 2814 999 2842 hoc

217 2849 276 2871 loco
292 2844 358 2871 nihil
370 2850 472 2875 monet,
486 2844 642 2872 Mattlncutn
661 2851 763 2873 tantum
783 2847 900 2874 breviter
914 2851 998 2883 expli-

1056 2787 1132 2811 cans,
1149 2786 1168 2806 ι.
1188 2779 1240 2807 VII.
1254 2789 1279 2816 p.
1296 2779 1357 2813 (£53,
1377 2781 1438 2809 654.
1516 2799 1520 2802 ~

1090 2815 1145 2848 t55)
1162 2815 1276 2856 (toan-es
1301 2816 1497 2856 Chrj'soslonii.
1514 2824 1533 2845 ι.
1559 2817 1614 2852 VII,
1634 2828 1661 2855 ρ.
1680 2820 1731 2849 656
1744 2821 1777 2855 C,
1793 2821 1844 2850 ﬂu-

1055 2856 1149 2878 ctuant
1166 2853 1246 2878 ctiam
1264 2853 1333 2878 inter
1344 2853 1414 2878 οὕτω
1428 2858 1453 2880 οι
1468 2855 1536 2880 τοτε.
