1937 3072
248 117 303 150 555

872 119 1029 149 EUTHYM
1036 120 1063 150 ll
1083 120 1264 150 ZlGABENI

1829 121 1883 155 556

242 179 294 206 est,
308 178 335 201 ut
348 173 445 209 vulgus
452 173 530 207 dicit,
542 173 732 202 cambiatores.
745 173 811 201 Nam
824 174 954 206 κόλλυσος
966 175 1020 202 olm

1091 176 1231 209 Κόλλυῢος
1247 177 1314 212 γὰρ,
1329 178 1342 204 ὁ
1355 177 1459 211 ὸὸολδς,
1476 178 1523 205 καὶ
1545 178 1698 210 κολλυὸίζω
1717 179 1827 213 λέγεται
1852 180 1886 207 τὺ

244 222 295 253 lus,
312 226 338 248 et
355 220 504 252 κολλυϐίζω
531 225 670 247 commuto
688 220 798 248 dicitur.
826 221 968 256 Ingressus
990 225 1033 248 cst

241 275 305 302 ergo
319 266 445 294 Christus
460 265 591 300 templum
607 273 670 292 cum
692 274 788 301 magna
806 267 945 298 libertate,
971 270 1034 293 tan-

240 321 321 348 qnam
337 311 533 347 paterfamilias
551 312 662 350 domum
692 319 779 345 suam,
795 318 823 339 et
847 319 894 339 cos
910 312 955 347 qui
979 313 1034 347 jam

239 359 305 387 dicti
320 362 383 385 sunt
398 358 488 392 ejecit,
518 365 549 385 ac
568 357 718 392 potentiam
745 366 826 393 quam
852 362 883 385 ut
906 357 978 385 Dens
994 358 1028 385 ad

240 412 336 433 omnes
350 404 477 437 trahebat,
497 404 688 437 manifestans,
704 409 731 431 et
751 410 862 439 propter
875 404 1035 432 immunita-

241 457 292 479 tem
306 459 321 478 ιι
337 455 448 486 peccato
463 450 614 483 conlidens,
629 451 695 478 hinc
709 451 819 486 quidem
832 456 944 478 ornatus
965 457 1035 479 tem-

240 498 277 532 pli
293 497 334 525 sui
352 505 443 524 curam
467 498 558 529 habet,
574 498 638 524 hinc
657 503 748 524 autem
762 498 957 525 sacriﬁciorum
975 505 1035 533 qua),

240 552 287 578 per
303 544 463 579 sanguinem
489 544 558 570 liunt
581 543 757 578 rejectionem
782 545 947 571 manifestat.
964 543 1035 570 [δι-ω-

239 595 312 616 terea
328 589 439 616 instruit
454 597 504 616 nos
516 593 545 616 ut
557 597 606 624 pro
622 588 743 616 Ecclesia
757 589 842 616 libere
857 596 979 624 agamus.

276 635 351 663 Vers.
375 635 416 662 15.
436 634 467 661 Et
482 635 676 662 -—uacalvimr.
705 634 843 669 Scriptum
862 639 904 662 est
925 635 951 662 in
968 642 1033 669 pro-

237 681 321 717 pheta
336 681 414 709 lsaia.

275 727 353 756 νει-ς.
387 728 430 755 15.
457 727 707 756 Vos—latronum.
735 727 866 755 Latrones
882 727 1033 755 nominavit

237 783 285 803 eos
301 776 346 811 qui
363 776 391 802 in
420 775 466 802 illo
495 775 734 810 cauponabantur.
766 775 838 809 quod
853 774 888 802 ad
919 774 1030 801 modum

238 822 373 848 latronum
386 821 468 848 lucris
485 821 624 847 inhiarent
639 829 645 846 :
663 820 782 847 latrones
802 820 939 854 siquidem
959 819 1029 846 lucri

237 867 366 895 aviditate
383 871 521 894 tenentur.
537 866 591 893 Aut
610 866 673 901 quia
694 873 726 893 ea
750 873 813 901 qua:
838 865 1028 893 tendebantur

236 922 271 941 ex
288 914 381 948 rapina
394 913 435 940 vel
446 912 560 940 avaritia
576 917 665 940 erant.
680 911 708 939 ln
720 911 838 939 Ieremia
854 918 946 938 autem
960 911 1029 938 scri-

237 965 313 995 ptum
335 963 378 988 est
392 967 411 995 _:
439 959 510 986 Num
533 958 659 992 spelunca
681 958 816 985 latronum
844 958 937 985 domus
971 965 1029 984 mea

235 1011 274 1034 est
287 1007 310 1023 '9
322 1007 334 1034 ?

375 1063 452 1092 CAP.
473 1062 565 1090 XLVI.
585 1062 623 1090 De
639 1062 714 1090 crucis
727 1066 750 1089 et
763 1061 874 1088 claudis.

275 1112 348 1140 Vers.
370 1112 413 1138 Μ.
443 1110 476 1137 Et
491 1125 525 1129 —
545 1118 597 1137 eos.
629 1109 748 1137 Claudus
762 1113 805 1136 est
832 1107 958 1144 quisquis
975 1115 1029 1134 non

237 1164 312 1188 recta
327 1159 360 1185 ad
375 1158 503 1186 virtutem
528 1156 641 1184 incedit.
660 1155 692 1183 Et
705 1163 794 1182 czrcus
809 1159 852 1182 est
875 1155 966 1183 omnis
982 1154 1028 1189 qui

236 1206 309 1241 quod
328 1205 430 1232 bonum
444 1208 483 1231 est
501 1211 532 1230 ac
547 1202 691 1230 honestum
709 1211 761 1229 non
778 1203 910 1230 intuetur.

274 1251 349 1279 Vers.
368 1251 411 1277 i5.
436 1249 555 1278 Videnles
575 1264 612 1268 —
626 1249 758 1283 indignati
785 1253 857 1276 sunt.
884 1248 1029 1283 Dispensa-

234 1299 306 1327 torie
327 1297 465 1326 ordinavit
492 1297 574 1328 Deus,
590 1301 621 1323 ut
640 1296 716 1330 pueri
735 1303 844 1330 quoque
888 1295 1029 1322 laudarent

235 1351 297 1371 cum
317 1351 324 1369 :
347 1350 401 1378 quo
422 1342 456 1369 ab
470 1341 544 1368 omni
565 1340 783 1368 contradictione
818 1339 1029 1366 excluderentur

228 1389 332 1420 Judaei.
363 1388 489 1415 videntes
509 1387 578 1413 ﬁlios
593 1386 638 1420 qui
657 1386 729 1421 apud
750 1393 780 1412 se
794 1385 902 1412 fuerant
916 1384 1029 1412 enutriti

234 1442 267 1462 ac
284 1433 420 1466 instructi,
433 1431 594 1459 mirabiliter
609 1439 643 1458 ac
675 1431 922 1466 supcrnaturaliter
940 1434 1029 1459 motos

233 1481 268 1509 ad
283 1479 384 1507 Christi
399 1478 521 1505 laudem.
538 1477 639 1505 Verum
663 1476 701 1503 illi
722 1481 788 1503 sunt
815 1484 847 1503 ex
873 1477 926 1503 hoc
942 1476 1029 1503 multo

234 1524 553 1561 impudentiores,atque
569 1522 671 1549 invidia
683 1522 786 1557 dirupti
805 1522 957 1550 insaniunt.

267 1573 346 1601 νει-ε.
365 1570 407 1598 16.
420 1569 455 1596 Ει
471 1583 505 1588 -
525 1569 636 1596 dicunt?
652 1567 674 1596 Ο
688 1567 905 1602 impudentiam!
918 1574 1027 1602 aequum

234 1619 325 1654 potius
358 1620 418 1644 erat
449 1619 480 1642 ut
490 1614 596 1643 diceret
610 1613 651 1641 eis
666 1613 794 1641 Christus
810 1622 817 1640 :
833 1613 943 1641 Auditis
960 1613 1026 1648 quid

232 1666 330 1693 dicunt
345 1664 372 1691 hi
389 1662 436 1690 ﬁlii
448 1662 543 1694 vestri,
557 1661 603 1696 qui
633 1668 675 1688 me
705 1668 845 1696 nunquam
871 1661 999 1688 viderunt
1016 1661 1028 1688 ?

269 1756 348 1785 Vers.
365 1755 409 1783 16.
424 1755 500 1782 Jews
512 1758 602 1780 autem
616 1767 652 1772 —
663 1753 764 1788 utique.
779 1752 909 1786 Omnino,
923 1753 1024 1789 inquit,

230 1805 325 1834 audio.
352 1803 386 1831 Et
410 1802 473 1838 quia
505 1801 653 1837 plurimum
675 1800 848 1835 impudentes
862 1801 1024 1829 erantsicut

233 1852 363 1884 diximus,
380 1849 563 1884 increpatoria
579 1854 644 1874 usus
653 1845 895 1881 estresponsione,
909 1847 1003 1874 dicens
1016 1854 1024 1874 :

268 1910 347 1937 Vcrs.
377 1907 421 1934 16.
450 1906 641 1941 Nunquam—
660 1904 788 1932 laudem?
813 1903 897 1931 David
917 1904 1022 1932 dictum

229 1959 286 1987 est,
301 1961 357 1990 quo
385 1961 417 1981 ea
436 1961 499 1988 qua:
532 1957 597 1979 tunc
611 1950 947 1985 tiebantprophetaverat.
967 1951 1023 1977 lta-

232 2009 286 2037 que
298 2005 411 2035 stupore
424 1999 616 2034 plenissimum
633 2003 676 2023 est
692 1997 746 2023 hoc
763 1996 935 2023 miraculum.
945 1995 1023 2023 'l‘nne

232 2049 305 2076 enim
318 2048 419 2075 chorus
447 2052 595 2081 puerorum
613 2043 772 2070 luctantium
801 2043 876 2071 clare
915 2043 1023 2070 locutus

230 2099 285 2122 est.
299 2093 440 2129 Siquidem
473 2099 527 2118 non
557 2089 720 2124 simpliciter
752 2089 830 2123 pueri
862 2092 952 2118 erant.
973 2089 1023 2116 sed

232 2139 308 2175 pueri
326 2138 444 2166 infantes
454 2143 486 2163 ac
498 2136 641 2163 lactentes.
657 2133 799 2161 Periecisti
830 2141 907 2165 vero,
926 2134 951 2161 id
966 2138 1020 2165 est,

231 2185 382 2220 perfectum
410 2191 442 2209 ex
474 2181 635 2216 imperfecto
648 2187 697 2207 ore
712 2180 809 2207 iecisti.
827 2179 901 2207 Bene
929 2185 1019 2207 autem

230 2231 300 2259 dixit
316 2239 322 2257 :
342 2230 384 2257 Ea:
398 2236 442 2255 ore
453 2228 595 2263 infantium
609 2235 618 2259 ,'
637 2234 698 2253 nam
713 2234 744 2253 os
757 2231 813 2253 crat
823 2226 974 2253 infantium.
989 2225 1018 2253 id

231 2282 324 2304 autem
342 2275 414 2309 quod
428 2273 581 2303 dicebatur.
602 2272 732 2306 potentia
747 2271 836 2306 ipsius
862 2276 931 2306 erat,
958 2279 1018 2306 qua:

231 2323 362 2350 disertam
381 2319 513 2347 reddebat
526 2319 700 2346 immaturam
716 2318 873 2345 lactenlium
885 2318 1015 2353 linguam.

231 2368 268 2395 Et
279 2367 330 2394 hoc
345 2372 454 2400 quoque
473 2363 636 2391 miraculose
650 2363 752 2390 factum
768 2364 853 2390 estad
867 2362 1016 2398 discipulo-

232 2421 293 2441 rum
304 2410 531 2440 consolationem,
548 2413 577 2436 ut
591 2409 624 2436 de
639 2408 737 2443 seipsis
747 2408 928 2441 conﬁderent,
944 2409 1017 2444 quod

229 2461 276 2496 qni
286 2460 416 2488 disertam
428 2457 531 2484 fecerat
543 2455 741 2482 balbutientem
757 2455 891 2491 linguam,
910 2456 1018 2490 sapien-

230 2511 284 2532 tem
301 2503 385 2531 etiam
403 2501 525 2529 facturus
539 2506 599 2528 erat
617 2507 711 2528 eorum
726 2500 882 2528 ruditatem.
909 2500 975 2529 Erat
990 2506 1017 2529 et

232 2550 283 2577 hoc
298 2549 383 2584 ﬁgura
397 2547 528 2584 gentium,
544 2553 605 2581 quae
616 2553 678 2573 cum
693 2546 726 2573 ad
741 2547 903 2582 theologiam
927 2552 956 2575 et
971 2548 1015 2575 di-

229 2603 291 2624 vma
306 2595 388 2624 verba
406 2594 584 2625 balbutirent,
598 2598 713 2628 repente
740 2593 776 2620 ita
796 2593 916 2628 perfecte
942 2602 1017 2622 reso.

229 2647 341 2676 narunt,
358 2645 387 2669 ut
400 2641 433 2668 ab
449 2639 575 2668 omnibus
584 2639 709 2667 exaudiri
728 2644 851 2674 possent.

281 2701 305 2718 "
320 2700 422 2729 Jerem.
435 2707 483 2733 vn,
501 2699 544 2726 il.

1089 223 1282 251 καταλλάσσω.
1305 224 1438 260 Εἰσῆλθεν
1464 222 1512 252 οὖν
1529 225 1543 251 ὁ
1560 225 1678 259 Χριστὸς
1702 225 1742 256 εἰς
1757 225 1787 252 τὺ
1807 226 1885 261 ἱερὸν

1089 270 1159 304 μετὰ
1175 271 1342 306 παρρησίας,
1357 271 1394 301 ὡς
1408 271 1616 306 οἰκοδεσπότης.
1645 271 1773 304 Ἐξέεαλε
1789 272 1817 298 δὲ
1833 271 1885 298 καὶ

1086 315 1151 346 τοὺς
1168 316 1314 350 ῥηθέντας,
1328 317 1374 343 καὶ
1383 317 1417 342 τὰ
1433 317 1560 352 ρηθέντα,
1577 318 1626 351 τήν
1638 325 1666 342 τε
1681 317 1752 344 κατὰ
1768 317 1884 344 πάντων

1086 360 1223 393 ἐξουσίαν,
1242 362 1275 397 ἢν
1302 361 1339 393 ὡς
1367 361 1434 393 Θεὸς
1464 361 1531 397 εἶχε,
1557 362 1758 396 παραγυμνῶν,
1782 363 1831 389 καὶ
1847 365 1882 398 τῇ

1086 405 1283 441 ἀναμαρτησίᾳ
1301 406 1481 441 τεοαρῤηκώς
1497 415 1504 422 ·
1525 406 1574 433 καὶ
1596 405 1676 432 τοῦτο
1693 407 1753 441 μὲν,
1770 408 1820 441 τῆς
1836 408 1884 433 εὐ-

1086 453 1206 487 κοσμίας
1233 452 1281 478 τοῦ
1312 453 1412 479 οἰκείου
1438 453 1503 479 ναοῦ
1531 453 1704 488 φροντίζων·
1730 454 1811 480 τοῦτο
1839 454 1881 484 δὲ,

1085 498 1230 534 προδηλῶν
1251 498 1301 533 τὴν
1329 498 1446 534 ἐκϐολὴν
1466 499 1520 525 τῶν
1546 498 1581 525 δι’
1611 499 1731 534 αἵματος
1759 499 1880 526 θυσιῶν*

1088 544 1168 570 τοῦτο
1188 545 1215 571 δὲ
1231 545 1277 571 καὶ
1298 545 1434 572 παιδείων
1454 545 1538 580 ἡμᾶς,
1557 544 1629 580 ὑπὲρ
1645 545 1694 580 τῆς
1716 545 1882 581 Ἑκκλησίας

1085 591 1339 626 παρρησιάζεσθαι.

1119 638 1175 665 Καὶ
1195 652 1226 658 -—
1241 638 1438 673 κληθήσεται.
1467 639 1671 675 Γέγραπταιὲν
1692 639 1732 674 τῷ
1746 640 1876 675 προφήττ

1089 685 1202 720 Ἰἰσαῖᾳ.

1126 729 1412 765 Ὑμεῖς-λῃστῶν.
1444 730 1557 766 Λῃστάς
1599 731 1726 767 ὠνόμασε
1756 732 1819 764 τοὺς
1847 733 1879 759 ὲν

1082 777 1158 812 αὐτῷ
1177 777 1397 813 καπηλεύοντας,
1426 777 1472 804 διὰ
1495 777 1526 803 τὸ
1549 777 1652 813 ὁμοίως
1685 779 1742 810 τοῖς
1758 778 1877 814 λῃσταῖς

1084 823 1265 859 φιλοκερδεῖν.
1299 823 1330 849 Ol
1346 823 1447 859 λῃσταὶ
1463 823 1518 860 γὰρ
1544 823 1728 859 φιλοκερδεῖς.
1757 825 1790 850 Ἢ
1806 824 1876 851 διότι

1080 871 1115 897 τὰ
1132 870 1297 905 πωλούμενα
1316 870 1346 903 ἐξ
1373 871 1504 906 ἁρπαγῆς
1531 872 1578 897 καὶ
1606 870 1765 904 πλεονεξίας
1789 869 1872 906 ἦσαν.

1087 916 1132 942 Ἐν
1147 916 1185 952 τῷ
1211 916 1332 952 Ἱερεμίᾳ
1346 916 1374 943 δὲ
1389 917 1556 952 γέγραπται,
1575 917 1623 952 Μὴ
1651 917 1806 952 σπήλαιον
1818 918 1879 952 λῃ·

1081 961 1164 989 στῶν
1180 964 1196 990 ό
1212 960 1296 996 οἶκός
1306 963 1366 997 μού
1385 962 1453 990 ἐστι
1466 971 1475 995 ;

1133 1069 1212 1096 ΚΕΦ.
1228 1069 1301 1102 Mq'.
1323 1069 1390 1103 Περὶ
1406 1067 1465 1095 τῶν
1486 1068 1609 1103 τυφλῶν
1625 1069 1674 1096 καὶ
1701 1069 1818 1104 χωλῶν.

1116 1115 1170 1142 Καὶ
1184 1114 1344 1148 -αὐτούςκ
1363 1114 1457 1147 Χωλός
1485 1115 1545 1141 ἐστι
1562 1115 1610 1142 καὶ
1627 1116 1681 1147 πᾶς
1692 1117 1705 1142 ὁ
1719 1117 1756 1151 μὴ
1770 1117 1874 1151 βαίνων

1079 1162 1148 1198 ὀρθὰ
1159 1162 1228 1197 πρὸς
1244 1162 1347 1197 ἀρετήν
1360 1171 1367 1178 ·
1396 1161 1496 1196 τυφλός
1519 1162 1576 1197 ,46)
1591 1164 1649 1189 ἐστι
1671 1165 1718 1190 καὶ
1732 1165 1785 1196 πᾶς
1801 1165 1815 1191 ὁ
1833 1166 1874 1202 μὴ

1084 1209 1154 1235 νοῶν
1169 1208 1199 1235 τὸ
1216 1208 1310 1235 καλόν.

1122 1254 1251 1287 Ἰδόντες
1264 1268 1299 1275 --
1313 1254 1541 1289 ἠγανάκτησαν.
1567 1255 1748 1291 “ῼκονό;;ησεν
1766 1258 1780 1283 ὁ
1792 1257 1871 1290 Θεὸς,

1080 1300 1205 1332 καὶτοὺς
1222 1301 1321 1332 παῖδας
1339 1300 1462 1335 ὑμνῆσαι
1477 1300 1572 1333 αὐτὸν,
1591 1301 1635 1327 ἵνα
1658 1303 1750 1337 πάσης
1765 1303 1875 1329 ἀντιλοι

1079 1347 1142 1382 γίας
1158 1347 1377 1375 arculam-765w
1400 1347 1535 1379 Ἰουδαῖοι,
1554 1347 1700 1382 βλέποντες
1717 1349 1752 1375 τὰ
1771 1348 1872 1383 ἔκγονα

1080 1393 1180 1426 αὐτῶν,
1198 1393 1231 1420 τὰ
1246 1392 1311 1428 παρ’
1324 1393 1416 1424 αὐτοῖς
1432 1393 1589 1429 τρεφόμενα
1609 1394 1657 1421 καὶ
1674 1395 1871 1429 παιδευόμενοι,

1080 1439 1227 1474 κινούμενα
1253 1439 1322 1473 πρὸς
1340 1439 1426 1474 ὕμνον
1441 1439 1488 1465 τοῦ
1502 1440 1624 1474 Χριστοῦ
1649 1440 1808 1476 παραδόξως
1821 1442 1873 1468 καὶ

1080 1486 1229 1521 ὑπερφυῶς
1240 1495 1247 1502 ·
1261 1487 1287 1512 οε
1303 1486 1333 1513 δὲ
1348 1486 1530 1522 σφοδρότερον
1549 1487 1650 1521 μᾶλλον
1661 1487 1871 1522 ἀναισιυντοῦσι

1041 1527 1063 1558 C
1080 1533 1176 1568 καὶτῷ
1193 1533 1283 1568 φθόνῳ
1296 1533 1528 1568 διαρῤηγνύμενοι
1541 1533 1696 1569 μαίνονται.

1114 1579 1170 1606 Καὶ
1183 1594 1218 1600 -
1236 1578 1400 1614 .iérovo'tr;
1420 1580 1452 1605 Ὢ
1478 1579 1530 1615 τῆς
1557 1580 1711 1611 ἀναιδεία;ῐ
1737 1580 1782 1607 τὸν
1800 1581 1871 1615 Χρι-

1078 1626 1141 1653 στδν
1169 1626 1243 1658 εἰκὸς
1272 1624 1306 1662 ἦν
1330 1627 1419 1653 εἰπεῖν
1445 1627 1515 1663 πρὸς
1537 1627 1649 1659 αὐτοὺς,
1687 1627 1814 1654 Ἀκούετε
1841 1627 1870 1654 τί

1077 1669 1150 1699 οὗτοι
1175 1673 1311 1706 λέγουσιν,
1340 1673 1365 1699 ol
1395 1672 1491 1705 παῖδες
1518 1673 1606 1708 ὑμῶν,
1629 1675 1653 1700 οξ
1678 1673 1814 1709 μηδέποτέ
1833 1682 1870 1709 με

1077 1718 1245 1753 θεασάμενοι
1255 1727 1264 1750 ς

1117 1765 1149 1792 '0
1164 1764 1198 1792 δὲ
1211 1765 1332 1800 Ἰησοῦς
1347 1781 1383 1787 -
1395 1766 1457 1794 ναι.
1479 1766 1543 1800 Ναὶ,
1568 1767 1661 1803 φησὶν,
1678 1767 1780 1795 ἀκούω.
1811 1769 1870 1796 Καὶ

1076 1812 1141 1838 ἐπεὶ
1158 1812 1225 1847 (47),
1244 1812 1283 1844 ὠς
1298 1812 1415 1847 ἔφημεν,
1445 1814 1549 1848 σφόδρα
1572 1814 1782 1849 ῂναισχύντουν,
1804 1815 1870 1842 ἐπ.-

1076 1858 1300 1893 πληκτικώτερον
1313 1859 1446 1894 κέχρηται
1462 1860 1495 1893 τῇ
1516 1860 1650 1896 ἀπολογίᾳ
1664 1860 1751 1895 λέγων
1767 1868 1777 1878 ·

1113 1903 1263 1931 Οὐδέποτε
1281 1919 1317 1925 —
1339 1903 1450 1937 uiror;
1478 1905 1532 1931 Τοῦ
1550 1906 1633 1933 Δαυτδ
1654 1906 1703 1941 μὲν
1719 1908 1750 1933 τὺ
1771 1908 1868 1943 ῥητὸν,

1075 1950 1245 1985 προεφήτευε
1258 1949 1287 1976 δὲ
1297 1950 1331 1977 τὰ
1345 1951 1496 1985 τηνικαῦτα
1505 1952 1647 1986 γινόμενα.
1658 1952 1868 1988 Ἐκπληκτικώ-

1073 2002 1155 2021 τατον
1181 1993 1228 2021 οὖν
1258 1995 1289 2021 τὸ
1304 1995 1427 2023 τοιοῦτον
1458 1996 1561 2031 θαῦμα.
1591 1997 1657 2024 Τότε
1683 1998 1738 2034 γὰρ
1755 1999 1867 2034 πρῶτον

1073 2040 1152 2075 χορὸς
1169 2041 1273 2068 παίδων
1289 2041 1451 2076 ὑπομαζίων
1470 2043 1576 2077 τρανῶς
1603 2044 1767 2078 ἐφθέγξατο.
1795 2046 1867 2072 Οὐδὲ

1072 2087 1127 2122 γὰρ
1142 2087 1236 2119 ἁπλῶς
1257 2085 1329 2123 ἦσαν
1359 2088 1466 2120 παῖδες,
1480 2089 1548 2115 ἀλλὰ
1577 2090 1672 2122 παῖδες
1701 2090 1792 2123 νήπιοι
1817 2093 1866 2118 καὶ

1073 2133 1248 2166 θηλάζοντες.
1262 2134 1430 2170 Κατηρτίσὶυ
1441 2135 1481 2168 δὲ,
1497 2136 1558 2162 ἀντὶ
1579 2136 1637 2169 τοῦ,
1650 2137 1752 2163 τέλειον
1764 2137 1866 2173 ἐποίη-

1073 2186 1122 2209 σας
1137 2178 1168 2210 ἐξ
1181 2178 1293 2211 ἀτελοῦς
1309 2180 1452 2215 στόματος.
1472 2182 1570 2213 Καλῶς
1587 2182 1615 2209 δὲ
1626 2181 1714 2215 εἶπεν,
1735 2183 1783 2210 Ἐκ
1801 2185 1866 2210 a16-

1074 2231 1160 2258 ματος
1177 2224 1293 2259 νηπίων.
1309 2225 1345 2251 Τὸ
1354 2226 1442 2260 στόμα
1458 2227 1512 2262 γὰρ
1525 2224 1561 2262 ἦν
1581 2227 1635 2253 τῶν
1649 2228 1769 2263 νηπίων·
1784 2229 1813 2254 τὸ
1835 2229 1865 2256 is

1074 2269 1234 2304 λεγόμενον,
1248 2271 1298 2306 τῆς
1315 2266 1458 2307 δυνῖμεως
1475 2274 1570 2307 αὑτοῦ,
1582 2274 1802 2310 τρανούσηςμῆ)
1811 2275 1864 2310 τὴν

1072 2315 1162 2351 ἄωρον
1182 2315 1309 2351 γλῶσσαν
1323 2318 1377 2344 τῶν
1389 2318 1575 2353 θηλαζόντων.
1590 2319 1862 2356 Ἐοαυματουργήθη

1071 2362 1100 2388 δὲ
1115 2363 1194 2390 τοῦτο
1222 2364 1269 2390 καὶ
1293 2365 1363 2400 πρὸς
1379 2366 1555 2402 παράκλησιν
1582 2366 1637 2394 τῶν
1661 2367 1801 2402 μαθητῶν,
1818 2368 1864 2394 ῖια

1073 2408 1250 2445 θαρρήσωσιν
1275 2411 1346 2447 ὺκπὲρ
1377 2412 1493 2445 ἑαυτῶν,
1520 2412 1558 2444 ῶς
1575 2413 1589 2438 ὁ
1604 2414 1654 2448 τὴν
1680 2412 1864 2448 ψελλίζουσαν

1072 2454 1201 2488 γλῶσσαν
1229 2458 1386 2492 τρανὼσας,
1407 2459 1512 2493 σοφισει
1526 2459 1573 2485 καὶ
1585 2459 1634 2494 τὴν
1659 2459 1794 2486 ἰδιωτείαν
1810 2460 1863 2486 αὺ-

1070 2501 1136 2528 τῶν.
1150 2499 1203 2528 Ἦν
1217 2502 1246 2529 δὲ
1257 2502 1337 2530 τοῦτο
1348 2505 1395 2531 καὶ
1409 2504 1494 2537 τύπος
1507 2505 1562 2533 τῶν
1572 2505 1658 2532 ἐθνῶν
1673 2505 1690 2533 ἃ
1699 2505 1864 2540 ψελλιζοντα

1071 2547 1140 2580 πρὸ;
1179 2547 1341 2583 θεολογίαν,
1369 2551 1502 2585 αἰφνίδιον
1543 2552 1649 2588 ἤχησαν
1676 2552 1779 2579 τέλειον
1812 2554 1864 2580 καὶ

1070 2592 1246 2626 ἂξάκουστον.

827 2734 926 2767 Varia;
946 2735 1101 2769 lectiones
1120 2739 1151 2769 et
1165 2742 1249 2769 notua

261 2799 320 2834 με)
336 2799 381 2831 Δέ,
395 2798 543 2833 interponit
561 2798 593 2824 Α.

265 2832 322 2866 H7)
344 2834 463 2868 Ἐπειδὴ,
480 2841 528 2868 pro
544 2833 616 2867 ἐπεί,
633 2832 666 2862 Α,

1111 2800 1168 2838 (ιδ)
1183 2801 1227 2834 Δέ,
1247 2801 1320 2829 addit
1334 2801 1366 2830 Α.
