1939 3075
99 168 150 202 585

507 164 701 198 COMMENT.
723 163 766 194 IN
786 162 1022 194 MATTHIEUM.
1045 175 1078 181 -
1096 164 1178 195 CAP.
1199 164 1299 195 XXII.

1675 166 1726 197 586

97 229 147 264 τὴν
161 226 293 264 ἀλήθειαν
315 224 518 262 συνομολογῶν.
532 224 620 251 Τοῦτο
643 223 671 249 δὲ
684 221 746 249 εἷπε
768 229 887 256 προτρε-

947 224 1030 247 ιιιιειη
1061 220 1129 248 dixit
1159 220 1309 248 adhortauis
1333 221 1412 249 illum
1435 220 1468 248 ad
1516 221 1665 257 perlectam
1695 223 1726 250 li-

99 275 215 310 πόμενος
246 273 329 300 αὑτὸν
354 272 402 299 ἐπὶ
417 272 467 307 τὴν
485 270 591 298 τελείαν
613 270 716 297 πίστιν.
739 268 841 303 Ταῦταξ
854 267 884 294 δὲ

98 319 220 354 εὑρήσεις
234 318 311 353 παρὰ
324 317 363 352 τῷ
379 317 497 353 Μάρκῳ.

132 376 210 404 ΚΕΦ.
232 375 297 402 NE’.
320 375 390 410 Περὶ
404 375 459 409 τῆς
474 374 527 402 τοῦ
543 374 654 408 Κυρίου
673 373 885 408 ἐπερωτήσεως

293 412 368 445 πρὸς
395 411 466 443 τοὺς
493 410 686 445 Φαρισαίους.

134 457 454 493 Συνηγμένων-ἐσῆς
471 457 539 491 Περὶ
549 455 596 482 τοῦ
609 455 730 491 Χριστοῦ
745 463 824 490 φησι,
837 454 884 482 τοῦ

100 505 266 539 καταγγελλο
270 504 351 540 μένου
362 504 410 538 μὲν
419 503 471 529 ὑπὸ
481 502 533 530 τῶν
543 502 702 538 προφητῶν,
711 503 794 537 μήπω
801 501 829 528 δὲ
837 510 886 528 πο.-

102 551 286 588 ραγεγονότος,
293 550 331 582 ὡς
341 551 420 585 ὑμεῖς
429 550 534 584 λέγετε,
546 549 772 584 προσδοκωμένου
781 548 810 575 δὲ
819 548 885 583 παρ’

100 599 171 632 ὑμῖν.
182 597 237 624 Καὶ
247 597 298 632 ὅρα
309 598 416 630 σοφίαν.
430 595 513 633 Αὐτοὶ
530 595 580 631 μὲν
591 595 646 630 γὰρ
659 594 755 630 ᾤοντο,
766 594 887 629 προσθή-

99 653 155 670 σειν
168 643 248 670 αὐτὸν
261 643 300 675 εἰς
317 642 368 678 τὴν
383 642 496 678 πρώτην
511 642 632 671 ἐντολὴν.
650 643 692 674 ὡς
704 642 822 677 εἴρηται,
838 640 887 667 καὶ

99 691 162 726 περὶ
181 688 279 716 ἑαυτοῦ
294 697 331 721 τι,
346 689 416 724 πρὸς
436 688 556 724 ἔμφασιν
581 687 629 715 τοῦ
653 688 701 715 καὶ
722 687 803 714 αὑτὸν
815 684 886 712 εἶναι

99 737 172 763 Θεῶν
189 735 270 766 αὐτὸς
281 735 309 762 δὲ
324 734 404 762 τοῦτο
415 735 465 769 μὲν
474 735 524 762 οὐκ
533 734 677 769 ἐποίησεν,
689 733 822 761 ἐκκλίνων
836 732 886 767 τὴν

103 783 271 818 πανουργίαν
286 782 387 813 αὐτῶν,
407 781 461 816 [δίᾳ
480 781 509 807 δὲ
526 781 592 816 περὶ
607 781 659 815 τῆς
672 779 772 806 ἑαυτοῦ
789 779 885 813 Θεότη-

99 837 145 859 τος
172 828 337 862 διαλέγεται,
354 827 402 854 καὶ
426 828 476 854 οὐκ
498 827 530 854 ὲκ
557 826 604 854 τοῦ
632 825 802 862 προφανοῦς,
819 824 887 852 ἀλλὰ

101 874 232 909 πλαγίως,
245 874 288 900 διὰ
301 874 332 900 τὸ
344 873 511 901 ἀνύποπτον.
523 873 578 900 Καὶ
589 873 628 908 τῷ
642 873 731 899 δοκεῖν
746 872 807 907 μὲν,
822 871 887 906 περὶ

937 265 1010 293 dem.
1037 265 1070 293 Et
1098 266 1156 294 haec
1180 266 1253 302 apud
1276 266 1395 294 Marcum
1417 267 1549 296 invenies.

936 371 1049 435 “CAP.
1069 371 1125 400 LV.
1144 388 1178 393 —
1193 372 1231 400 De
1246 373 1451 409 interrogatione
1464 373 1570 402 Domini
1585 375 1621 402 ad
1630 375 1727 403 Phari-
1749 357 1751 361 Ι

974 416 1012 435 ot.

974 416 1012 435 Ol.

976 454 1053 482 Vers.
1071 455 1117 482 4t.
1132 455 1301 491 Congregatis
1315 470 1348 476 —
1359 461 1397 483 al
1408 457 1421 483 ?
1436 456 1475 484 De
1490 456 1613 490 Christo,
1627 458 1727 493 inquit,

938 501 985 537 qui
1013 501 1191 529 annuutiatus
1212 507 1253 529 est
1269 510 1284 529 a
1303 503 1442 537 prophetis
1462 512 1469 530 :
1486 503 1611 531 nondum
1635 509 1727 532 autem

939 547 1062 580 advenit,
1081 553 1111 575 ut
1127 556 1176 576 vos
1190 548 1290 582 dicitis,
1306 549 1354 575 sed
1365 554 1542 584 exspectatur
1555 557 1572 576 a
1589 550 1677 577 vobis.
1695 550 1729 577 Et

938 594 1000 621 vide
1027 595 1202 629 sapientiam.
1236 594 1373 623 Putabant
1406 595 1456 628 illi,
1482 601 1513 623 ut
1536 596 1641 623 dictum
1675 602 1728 628 est.

937 639 1078 668 Christum
1112 641 1269 668 additurum
1295 641 1435 677 quidpiam
1461 647 1490 670 et
1513 642 1547 670 de
1580 643 1670 678 seipso
1700 644 1728 672 in

938 685 1028 720 primo
1040 691 1188 721 praecepto,
1205 692 1234 714 ut
1253 695 1282 715 se
1298 695 1405 723 quoque
1422 688 1508 716 Deum
1524 695 1586 716 esse
1612 689 1730 717 demon-

939 735 1050 758 straret.
1068 730 1125 759 Hoc
1139 737 1230 760 autem
1247 733 1305 768 ipse
1320 741 1374 761 non
1390 734 1454 762 fecit
1471 739 1501 761 ut
1525 735 1640 762 evitaret
1669 736 1730 762 illo-

939 783 1000 802 rum
1012 775 1157 809 val'ritiem,
1170 778 1217 805 sed
1226 778 1341 805 seorsim
1350 779 1383 806 de
1390 787 1439 807 sua
1448 780 1730 815 disputatdivinitate,

938 828 990 848 nec
1001 821 1028 849 id
1042 830 1076 850 ex
1090 823 1237 850 manifesto
1252 823 1299 850 sed
1316 823 1436 859 oblique,
1457 829 1488 852 ut
1517 825 1592 852 omni
1623 831 1730 853 careret

940 867 1098 902 suspicione
1134 877 1140 895 :
1158 873 1186 896 et
1213 873 1347 904 quantum
1364 869 1439 898 adid
1465 870 1539 905 quod
1555 876 1680 906 apparet,
1696 871 1731 899 de

98 900 145 946 tot
162 900 389 955 προσδοκωμένου
403 919 522 953 Χριστοῦ
536 918 584 944 καὶ
600 900 690 954 ἐρωτᾷ
704 900 753 944 καί
770 900 889 950 ἀποφαι-

947 912 1052 941 Ξὶιιίδιο
1068 914 1114 949 qui
1128 915 1344 950 exspectabatur
1353 921 1382 943 et
1397 900 1583 952 interiogatet
1593 900 1729 950 enuntiat,
1778 951 1780 953 _

99 975 184 998 νεται,
195 965 336 997 δεικνύων,
350 966 392 992 ὃτι
406 965 509 1000 Κύριος
517 964 565 992 καὶ
578 964 645 996 Θεός
657 966 725 991 ἐστι·
735 966 768 1000 τῇ
784 963 806 990 δ’
822 963 888 998 ἁλη-

100 1012 159 1048 θείᾳ
173 1013 238 1047 περὶ
253 1011 352 1039 ἑαυτοῦ
373 1011 460 1038 ταῦτα
475 1011 558 1045 λέγει.

132 1058 281 1092 Λέγουσιν
297 1057 387 1090 αὐτῷ,
402 1057 458 1085 Τοῦ
471 1057 573 1085 Δαυΐδ.
596 1057 663 1084 Ἀπὸ
678 1057 732 1084 τῶν
754 1066 890 1093 προφητι-

100 1103 156 1130 κῶν
188 1103 276 1136 λόγων
302 1102 383 1129 τοῦτο
408 1102 568 1136 ἐγίνωσκον.
591 1101 696 1134 Ἀπλῶς
713 1102 741 1128 δὲ
762 1103 819 1129 υἱὸν
840 1102 887 1130 τοῦ

99 1148 189 1179 Ani"),
206 1149 305 1180 εῐτουν,
319 1148 397 1182 ψιλὸν
413 1147 556 1182 ἄνθρωπον
572 1149 617 1174 τὸν
632 1147 751 1182 Χριστὸν
763 1148 888 1183 ὑπελάμ-

100 1194 190 1225 ϐανον,
207 1195 294 1221 καίτοι
323 1194 376 1221 τῶν
404 1194 551 1229 προφητῶν
579 1194 628 1229 οὐχ
647 1194 741 1225 ἁπλῶς
765 1194 824 1221 υἱὸν
841 1194 888 1220 τοῦ

99 1240 192 1272 Annia,
209 1241 277 1266 ἀλλὰ
293 1240 349 1275 (90)
365 1240 413 1266 καὶ
425 1240 492 1266 Θεὸν
507 1239 603 1266 τοῦτον
615 1240 873 1274 ἀνακηρυττόντων.

137 1287 221 1321 Λέγει
238 1303 268 1308 —
284 1295 362 1319 00v;
388 1287 433 1313 Ἐν
449 1287 601 1321 Πνεύματι,
624 1287 737 1322 δηλαδὴ,
753 1287 791 1322 τῷ
806 1287 888 1322 ἁγίῳ,

102 1333 192 1365 καθὼς
208 1331 269 1360 εἶπε
287 1333 414 1369 Μάρκος,
433 1334 480 1360 καὶ
495 1333 545 1359 οὐκ
562 1333 608 1367 ἀφ’
621 1332 730 1360 ἑαυτοῦ.

134 1430 166 1456 El
180 1444 214 1449 —
231 1428 297 1455 ἐστί
309 1436 318 1460 ;
335 1427 420 1454 Τοῦτο
447 1428 569 1462 εἴρηκεν,
580 1427 630 1454 οὐκ
645 1426 765 1461 ἀναιρῶν
776 1426 807 1453 τὸ
820 1424 890 1453 εἶναι

101 1476 158 1502 υίδν
172 1475 254 1502 αὑτοῦ
271 1475 316 1502 τὸν
335 1474 464 1509 Χριστὸν,
479 1469 546 1500 ἅ).λά
563 1473 708 1508 διελέγχων
725 1474 774 1508 τὴν
792 1473 891 1508 ὲσφλλ-
914 1512 916 1515 ι

102 1523 185 1558 μένην
204 1522 293 1548 αὐτῶν
320 1521 474 1555 ὑπόληψιν,
502 1521 544 1547 ὅτι
564 1521 615 1546 οὐκ
632 1520 707 1546 ἔστιν
722 1521 779 1551 υίὸς
806 1519 889 1546 αὑτοῦ

939 958 967 986 in
980 959 1020 987 rei
1030 960 1146 988 veritate
1162 967 1252 989 autem
1270 962 1328 989 haec
1338 962 1372 990 de
1387 962 1478 998 seipso
1493 963 1570 991 dicit.

975 1054 1053 1082 Vers.
1074 1054 1119 1082 ﬂ.
1133 1054 1265 1082 Dicuutei
1286 1055 1380 1083 David.
1393 1056 1417 1084 Δ
1434 1057 1602 1092 propheticis
1624 1065 1730 1086 sermo-

941 1101 1023 1129 nibus
1041 1103 1092 1129 hoc
1116 1103 1328 1137 cognoscebant.
1353 1102 1520 1138 Simpliciter
1535 1107 1627 1131 autem
1645 1105 1729 1132 lilium

941 1147 1040 1180 David,
1050 1149 1107 1174 sive
1120 1148 1223 1175 nudum
1238 1148 1377 1175 hominem
1387 1149 1528 1176 Christum
1548 1150 1731 1184 suspicaban-

941 1198 984 1220 tur
998 1202 1005 1226 ;
1019 1202 1082 1221 cum
1114 1198 1204 1221 tamen
1232 1194 1373 1228 propheta:
1393 1197 1466 1222 hunc
1492 1203 1549 1222 non
1569 1195 1731 1231 simpliciter

941 1239 1024 1266 ﬁlium
1042 1240 1137 1272 David,
1155 1240 1202 1268 sed
1215 1246 1242 1267 et
1259 1241 1344 1267 Deum
1358 1240 1552 1275 pradicarent.

978 1285 1054 1313 Vers.
1087 1286 1131 1314 45.
1147 1286 1190 1313 Ait
1205 1301 1237 1307 —-
1251 1286 1327 1314 Vcrs.
1348 1287 1393 1313 44.
1411 1288 1539 1314 tuorum?
1564 1288 1593 1315 In
1625 1287 1730 1323 Spiritu

941 1332 1068 1359 videlicet
1096 1337 1202 1365 sancto,
1229 1333 1300 1360 sicut
1327 1333 1395 1361 dixit
1420 1333 1539 1367 Marcus,
1574 1339 1602 1362 et
1632 1343 1688 1362 non
1715 1345 1730 1363 ιι

941 1379 1034 1413 seipso
1051 1379 1083 1405 '9.

977 1425 1056 1452 Vers.
1073 1424 1118 1451 45.
1136 1423 1165 1451 Si
1181 1429 1261 1452 —est
1278 1424 1357 1452 7lIoc
1370 1425 1439 1453 dixit
1453 1433 1509 1453 non
1537 1426 1636 1454 tollens
1649 1427 1731 1454 Chri-

942 1475 1013 1498 stum
1045 1470 1129 1498 lilium
1147 1479 1208 1498 esse
1233 1471 1329 1502 David,
1362 1472 1410 1499 sed
1441 1479 1584 1499 erroneam
1615 1481 1732 1509 arguens

943 1519 1112 1553 opinionem,
1139 1519 1203 1552 quia
1224 1526 1278 1546 non
1297 1523 1339 1545 est
1360 1519 1420 1553 ejus
1435 1518 1508 1546 titius
1526 1520 1598 1552 talis,
1623 1521 1732 1554 qualem

100 1567 234 1599 τοιοῦτος,
247 1565 303 1593 οἷον
320 1567 574 1599 ὑπολαμϐάνουσιν,
602 1566 737 1597 τουτέστι,
751 1565 829 1600 ψιλὸς
842 1566 890 1592 ἄν-

947 1564 994 1598 lpsi
1005 1564 1224 1598 suspicabantur,
1241 1565 1291 1591 hoc
1301 1569 1345 1591 est
1358 1565 1448 1592 nudus
1460 1564 1541 1592 homo
1555 1574 1561 1591 :
1577 1565 1625 1592 sed
1636 1570 1664 1592 et
1679 1566 1734 1593 Do-

101 1614 223 1648 ορωπος,
243 1613 313 1640 ἀλλὰ
329 1612 375 1638 καὶ
391 1612 495 1648 Κύριος
512 1611 607 1637 αὑτοῦ.
622 1610 742 1644 Λέγεται
763 1611 816 1644 γὰρ
831 1611 887 1641 υἱὸς

103 1661 154 1696 μὲν
165 1660 260 1692 αὑτοῦ,
277 1659 315 1690 ὡς
333 1660 366 1686 ἐκ
378 1659 426 1694 τῆς
442 1659 519 1694 ῥίζης
536 1657 618 1684 αὑτοῦ
636 1657 800 1691 βλαστήσας,
818 1657 889 1683 κατᾶ

99 1706 150 1740 τὴν
171 1705 391 1740 ἐνανορώπησιν·
417 1704 521 1739 Κύριος
545 1703 573 1729 δὲ
594 1703 689 1734 αὑτοῦ,
703 1702 740 1734 ὡς
756 1702 821 1733 Θεὸς
839 1702 888 1728 αὑ-

100 1753 160 1779 τοῦ.
176 1753 269 1787 Τούτῳ
296 1752 344 1787 μὲν
361 1751 408 1778 οὖν
432 1751 572 1786 ἐχρήσατο
586 1750 624 1785 τῷ
654 1749 790 1784 Δαυῐδικῷ
816 1748 890 1784 ῥητῷ

102 1799 172 1834 πρὸς
185 1799 297 1833 ἔλεγχον
313 1798 369 1824 τῶν
390 1796 560 1832 Φαρισαίων,
575 1796 719 1828 δεικνύων,
741 1796 782 1822 ὅτι
795 1795 826 1822 οὐ
840 1795 889 1830 μό-

102 1852 146 1870 νον
168 1845 224 1875 υἱός
252 1846 310 1869 ἐστι
337 1842 385 1869 τοῦ
407 1841 500 1874 Δαυῒδ,
516 1841 584 1868 ἀλλὰ
609 1841 657 1868 καὶ
673 1841 775 1875 Κύριος
794 1840 889 1868 αὐτοῦ.

102 1891 164 1926 Χρὴ
189 1891 216 1917 δὲ
243 1892 318 1926 ἡμᾶς
340 1889 511 1926 ἑρμηνεῦσαι
535 1888 584 1916 καὶ
611 1889 701 1916 τοῦτο,
719 1889 788 1923 Φησὶ
807 1888 862 1922 γὰρ
877 1888 891 1914 ὁ

104 1939 188 1966 Δαυῖδ
205 1939 246 1965 ὅτι
261 1946 268 1953 ·
291 1937 374 1964 Εἶπεν
392 1940 405 1964 ὁ
423 1936 525 1971 Κύριος
544 1937 592 1964 καὶ
619 1937 713 1970 Πατὴρ
735 1935 775 1970 τῷ
795 1935 891 1970 Κυρίῳ

104 1993 158 2020 μου
183 1986 230 2011 καὶ
256 1983 312 2018 mp
332 1984 427 2014 αὐτοῦ.
445 1983 485 2018 τῷ
499 1982 621 2017 Χριστῷ,
636 1982 705 2016 μετὰ
724 1981 773 2016 τὴν
790 1982 829 2012 εἰς
845 1981 892 2006 οὺ-

104 2031 187 2065 ρανδν
212 2031 359 2066 ἀνάληψιν,
377 2031 418 2057 ὅτι
439 2030 533 2056 Κάθου
549 2030 581 2055 ἐκ
606 2027 701 2060 δεξιῶν
716 2036 777 2062 μου,
794 2027 889 2061 ἤγουν,

101 2077 227 2103 ἀπόλαυε
241 2077 289 2110 τῆς
312 2075 380 2111 ἐμῆς
406 2074 556 2110 βασιλείας,
572 2073 719 2109 ὁμὸορονος
734 2073 782 2099 καὶ
799 2072 892 2106 ὁμότι-

104 2131 156 2157 μος
185 2122 248 2156 ἐμοὶ
268 2122 381 2155 διάγων.
403 2120 512 2155 Ἐχθροὶ
529 2120 555 2146 δὲ
584 2119 630 2145 τοῦ
646 2118 767 2152 Χριστοῦ
790 2119 819 2144 ὲν
843 2118 892 2153 μὲν

102 2168 245 2202 αἰσθητοῖς
271 2167 487 2203 προηγουμένως
507 2167 652 2199 Ἰουδαῖοι,
681 2165 741 2192 εἶτα
758 2166 892 2200 ’Έλληνες

102 2216 150 2242 καὶ
186 2214 331 2249 αίρετικοί·
361 2215 390 2240 ὲν
418 2213 446 2240 δὲ
469 2216 573 2248 νοητοῖς
598 2213 622 2239 οἱ
649 2212 786 2247 δαίμονες,
812 2212 841 2238 '0
863 2211 892 2238 δὲ

102 2262 218 2296 Μάρκος
246 2262 340 2296 φησὶν,
359 2261 400 2287 ὅτι
431 2261 509 2287 τοῦτο
536 2261 624 2293 ἔλεγε,
652 2259 787 2285 διδάσκων
807 2258 835 2285 ὲν
852 2258 891 2293 τῷ
907 2251 930 2278 Ῑ)

104 2307 184 2343 ἱερῷ,
212 2309 260 2334 καὶ
287 2308 328 2334 ὅτι
344 2308 358 2333 ὸ
389 2307 472 2338 πολὺς
505 2306 560 2341 (91)
581 2306 658 2341 ὄχλος
683 2306 782 2340 ἤκουεν
811 2303 894 2331 αὑτοῦ

102 2354 203 2389 ἡδέως.
220 2354 301 2385 Εἰκὸς
321 2354 386 2388 γὰρ,
411 2353 494 2380 αὑτὸν
519 2353 628 2388 πρῶτον
645 2352 694 2387 μὲν
719 2352 895 2387 ἐπερωτῆσαι

104 2401 171 2436 περὶ
197 2401 293 2428 τούτου
321 2401 384 2431 τοὺς
399 2400 582 2435 Φαρισαίους,
607 2397 669 2426 εἶτα
695 2398 802 2430 διδάξαι
831 2398 896 2434 περὶ

100 2448 203 2474 τούτου
220 2448 266 2474 καὶ
281 2448 309 2474 ἐν
325 2447 363 2482 τῷ
383 2447 448 2482 ἱερῷ
462 2446 508 2472 τὸν
523 2445 612 2481 ὄχλον.

139 2492 373 2520 Καὶ-οὐκέτι.
406 2493 518 2519 Μέλλων
548 2493 602 2527 γὰρ
632 2493 679 2518 ἐπὶ
703 2495 750 2518 τον
778 2491 894 2520 θάνατον

103 2539 212 2572 ἐλθεῖν,
225 2540 259 2566 τὰ
273 2540 417 2565 τελευταῖα
433 2538 539 2570 τούτοις
553 2538 688 2573 διελέχθη,
706 2538 754 2564 καὶ
765 2539 795 2564 οὑ
811 2539 893 2574 μόνον

162 2633 185 2650 ’⁹
207 2632 290 2661 Mare.
312 2641 360 2665 xu,
378 2634 423 2661 56.
479 2632 501 2648 ’θ
514 2633 584 2660 Psal.
604 2640 657 2665 cur,
677 2632 702 2659 1.

943 1612 1033 1638 minus
1056 1612 1125 1646 ejus.
1156 1611 1258 1638 Dicitur
1281 1612 1353 1638 enim
1381 1611 1453 1638 ﬁlius
1481 1611 1557 1646 ejus,
1578 1618 1673 1647 utpote
1699 1621 1732 1640 ex

943 1658 1035 1685 radice
1050 1658 1207 1693 ejus,juxta
1223 1658 1436 1690 humanitatem,
1456 1665 1618 1692 generatus;
1640 1659 1733 1686 Domi-

943 1713 996 1732 nus
1013 1708 1103 1732 autem
1122 1705 1181 1740 ejus
1201 1710 1331 1739 tauquam
1351 1705 1424 1732 Deus
1437 1705 1573 1733 illius.0b
1596 1706 1623 1733 id
1642 1707 1734 1740 itaque

944 1759 1010 1778 usus
1026 1756 1067 1778 est
1082 1749 1212 1778 Davidico
1231 1752 1315 1779 verbo
1333 1751 1364 1778 ad
1393 1751 1594 1779 Pharisaeorum
1608 1752 1735 1779 confuta-

944 1798 1058 1829 tionem.
1075 1798 1222 1825 Ostendens
1236 1798 1307 1832 quod
1321 1806 1375 1824 non
1386 1798 1473 1825 solum
1495 1798 1565 1825 [ilius
1591 1804 1664 1826 esset
1683 1799 1736 1826 Da-

945 1845 1001 1875 vid,
1017 1845 1065 1871 sed
1085 1849 1113 1871 et
1137 1843 1269 1871 Dominus
1286 1844 1356 1878 ejus.
1370 1844 1424 1871 Nos
1434 1852 1499 1871 vero
1523 1845 1604 1871 etiam
1628 1845 1679 1871 hoc
1692 1845 1736 1872 in-

946 1891 1089 1925 terpretari
1114 1895 1233 1925 oportet.
1257 1891 1302 1918 Ait
1318 1892 1391 1918 enim
1418 1890 1521 1918 David:
1553 1891 1626 1918 Dixit
1643 1891 1735 1918 Domi-

944 1946 996 1965 nus
1018 1937 1108 1969 Pater,
1132 1937 1251 1969 Domino
1273 1945 1335 1964 meo
1356 1936 1423 1964 Filio
1452 1945 1502 1964 suo
1532 1937 1651 1970 Christo,
1675 1944 1737 1972 post

946 1985 1160 2020 assumptionem
1178 1984 1205 2011 in
1218 1984 1317 2011 coelum
1332 1992 1340 2010 ε
1358 1984 1428 2011 Sede
1440 1992 1455 2011 a
1468 1984 1572 2011 dextris
1581 1985 1659 2016 meis,
1677 1984 1736 2012 sive

947 2031 1040 2058 fruere
1064 2039 1125 2058 meo
1154 2038 1248 2066 regno,
1275 2030 1332 2064 puri
1349 2030 1376 2057 in
1391 2031 1502 2062 throno,
1516 2030 1573 2064 pari
1591 2030 1617 2057 in
1631 2031 1736 2058 honore

946 2085 1055 2104 meeum
1069 2084 1235 2111 permanens
1254 2076 1288 2104 ‘°.
1305 2076 1410 2103 Inimici
1436 2080 1528 2103 autem
1542 2076 1644 2103 Christi
1666 2077 1737 2105 inter

946 2123 1091 2151 sensibiles
1104 2123 1212 2157 quidem
1229 2122 1309 2157 primi
1326 2127 1390 2149 sunt
1402 2121 1500 2155 Judati,
1517 2121 1616 2149 deinde
1642 2127 1737 2158 gentes

946 2179 979 2198 ae
1005 2170 1139 2198 haeretici.
1176 2168 1363 2204 Intelligibiles
1397 2175 1461 2195 vero
1491 2172 1555 2195 sunt
1587 2168 1736 2196 dtemoues.

947 2218 1054 2245 Marcus
1064 2222 1155 2244 autem
1169 2218 1206 2244 ait
1216 2218 1250 2248 ¹¹,
1264 2216 1336 2251 quod
1348 2216 1400 2243 hoc
1410 2215 1509 2243 dixerit
1521 2215 1622 2242 docens
1631 2215 1657 2241 in
1670 2220 1738 2242 tem-

946 2266 1001 2299 pto,
1019 2262 1124 2298 etquod
1134 2263 1217 2290 multa
1232 2262 1310 2289 turba
1321 2262 1440 2288 libenter
1450 2268 1513 2287 eum
1522 2259 1738 2288 audiebatNerh

947 2311 1035 2338 simile
1051 2315 1092 2338 est
1103 2311 1215 2337 enimde
1231 2309 1283 2336 hoc
1303 2308 1420 2343 primum
1438 2308 1622 2342 interrogasse
1643 2306 1739 2334 Phari-

947 2366 1025 2386 szeos:
1036 2357 1134 2384 deinde
1142 2356 1224 2383 etiam
1235 2355 1268 2382 de
1279 2355 1330 2382 hoc
1339 2355 1366 2381 in
1372 2353 1476 2389 templo
1485 2353 1610 2381 docuisse
1618 2352 1736 2380 turbam.

984 2493 1062 2521 γυνθ.
1083 2491 1126 2519 Ιιϐ.
1141 2492 1174 2517 Et
1191 2505 1226 2510 —-
1239 2488 1364 2523 amplius.
1389 2487 1430 2514 Ad
1462 2489 1578 2514 mortem
1602 2482 1675 2511 enim
1690 2490 1738 2518 ap-

948 2541 1138 2577 propinquans
1149 2538 1183 2565 de
1199 2535 1329 2571 perfectis
1357 2532 1489 2561 disseruit
1522 2538 1584 2559 cum
1601 2530 1665 2563 illis,
1685 2535 1738 2556 nec

759 2633 778 2648 ²¹
795 2631 877 2666 Marc,
895 2632 998 2666 xu,55,
1015 2632 1060 2659 '57.

715 2722 817 2753 Varia;
836 2721 989 2753 lectiones
1006 2724 1037 2751 et
1055 2723 1148 2750 notae.

144 2812 204 2850 (90)
220 2811 284 2838 Υἱθιν
299 2810 346 2838 τοῦ
358 2808 436 2841 Θεοῦ,
451 2807 530 2840 ἀλλὰ,
543 2807 574 2833 Α.

145 2907 183 2943 (c)
203 2903 384 2941 Imperfectis.
398 2901 510 2930 Ultimo.
527 2899 607 2926 Forte
627 2898 662 2926 τὰ
678 2899 768 2925 τέλεια
782 2898 894 2933 legerat.

275 2952 400 2981 PnnoL
432 2949 490 2978 Gn.
509 2946 637 2978 CXXIX.

991 2803 1046 2838 (9|)
1063 2803 1124 2830 Ὀτι
1138 2800 1231 2835 πολύς,
1249 2801 1282 2828 Α.

1542 2936 1636 2976 19,
