1939 3075
121 183 174 215 ⁵2θῖ

539 185 730 216 COMMENT.
753 183 790 214 IN
812 181 1044 213 MATTIIEUM.
1065 196 1099 201 —
1118 184 1198 215 CAP.
1219 185 1333 215 XXIII.

1691 181 1744 214 59-1

119 241 158 270 ὼς
178 241 246 274 μήτε
263 240 342 267 αὐτοὶ
356 241 545 276 εἰσερχόμενοι
561 244 601 273 εξς
619 243 715 278 αὐτὴν,
737 242 782 268 διὰ
806 241 856 275 τῆς
870 242 910 272 εἰς

973 246 988 268 ιι
1007 250 1053 269 eos
1067 244 1114 277 qui
1132 243 1209 270 vobis
1227 243 1344 269 subsunt
1359 250 1365 269 :
1379 246 1407 269 ut
1428 249 1515 276 neque
1532 240 1582 275 ipsi
1606 239 1744 275 ingredia-

121 286 172 320 ἐμὲ
187 287 316 319 πίστεως,
335 288 404 322 μήτε
429 288 526 320 ἄλλους
551 289 659 320 ἐῶντες.
692 289 907 324 Εἱσερχομὲνους

120 333 148 360 δὲ
161 332 236 366 λέγει
262 334 325 365 τοὺς
352 335 532 370 ἐπιτηδείους,
551 337 612 368 τοὺς
631 336 798 371 δυναμένους
819 336 908 370 εἰσέρ-

121 379 230 414 χεσθαι.
267 378 368 415 Βαρεία
393 380 422 407 δὲ
449 381 530 408 τοῦτο
560 383 724 418 κατηγερῖα.
754 383 785 409 Εἰ
811 383 865 416 γὰρ
880 382 909 408 τὸ

123 423 225 459 μηδένα
246 424 364 459 ὠφελεῖν
387 427 530 461 καταδίκη,
548 428 578 454 τὸ
594 430 641 455 καὶ
658 428 788 462 βλάπτειν
825 427 910 461 ἀσύγ-

121 478 255 504 γνωστον,
284 471 331 497 καὶ
359 472 456 506 ἀνδρὸς
481 473 587 508 λοιμοῦ.
615 474 692 507 Παρὰ
717 474 745 500 δὲ
816 474 910 500 Λουκᾶ

123 525 216 551 φησιν,
235 517 276 543 ὅτι
295 517 404 552 Ἤρατε
417 518 475 552 τὴν
486 520 591 546 κλεῖδα
604 519 658 554 τῆς
669 519 807 554 γνώσεως
818 529 825 535 ·
839 519 911 546 οὕτω

126 561 247 593 καλέσας
267 562 318 597 τὴν
336 563 378 595 εις
402 564 484 591 αὐτὸν
501 567 603 596 πίστιν,
630 566 667 597 ὠς
690 567 854 600 εἰσάγουσαν
871 567 911 598 εἰς

121 605 172 639 τὴν
188 606 288 639 γνῶσιν
298 607 351 633 τῶν
367 608 455 643 ὀρθῶν
468 610 610 644 δογμάτων
623 611 669 637 καὶ
683 612 736 646 τῆς
747 612 908 647 ἀπορρήτου

121 652 361 706 σοῗίας,,ἦντινα
390 656 482 684 κλεῖδα
510 655 593 692 ἦραν,
618 658 713 692 ἤγουν,
732 659 842 693 ἀφεῖλον
857 659 912 685 ἀπὸ

123 706 172 725 του
187 708 265 726 Λαου.

166 784 239 810 οὐαὶ
248 799 285 805 -
297 785 557 821 ὑμῷν.Περιάγετε,
573 787 633 814 ἀντὶ
646 788 704 820 τοῦ,
719 789 911 823 περιέρχεσθε.

123 828 291 865 διατρέχετε.
311 831 483 866 Προσήλυτον
509 833 537 858 δὲ
560 833 702 867 ὠνόμασεν
725 835 738 860 δ
765 835 847 869 νόμος
868 835 914 862 τὸν

124 874 155 906 ἐξ
170 875 376 910 εἰδωλολατρίας
396 876 620 911 προσεληλυθότα
643 879 675 912 τῇ
701 878 835 914 θρησκείᾳ
859 879 913 904 τῶν

131 920 277 949 Ἰουδαίων.
307 921 388 955 Λέγει
418 921 508 948 τοίνυν
520 923 534 948 ὁ
548 924 676 958 Χριστὸς,
693 925 734 950 ὅτι
762 924 849 957 Μόγις
865 925 913 951 καὶ

127 966 197 1000 μετὰ
217 967 322 1001 μυρίων
346 967 437 993 πόνων
460 969 561 994 ποιεῖτε
586 969 633 995 ἕνα
661 970 840 1005 προσήλυτον,
867 970 914 996 καὶ

125 1010 180 1036 οὐδ’
200 1010 287 1043 οὕτως
301 1012 383 1038 αὐτοῦ
396 1013 532 1046 φείδεσθε.
549 1014 684 1041 Τοσοῦτόν
703 1017 763 1041 ἐστε
783 1016 829 1042 καὶ
847 1016 915 1051 πρὸς

127 1056 267 1090 σωτηρίαν
279 1056 333 1083 τῶν
347 1058 617 1094 εὶδωλολατρούντων
630 1060 774 1095 ἄχρηστοι,
789 1061 836 1087 καὶ
847 1062 915 1096 πρὸς

127 1100 253 1134 φυλακὴν
283 1102 330 1128 τοῦ
369 1104 602 1140 προσεληλυθότος
640 1106 781 1141 ρᾀυμοι·
815 1107 915 1141 μᾶλλον

126 1145 156 1171 δὲ
185 1147 325 1181 προδόται,
358 1148 563 1184 διαφθείροντες
602 1151 684 1178 αὑτὸν
709 1154 742 1188 τῇ
767 1152 840 1178 κατά
869 1153 916 1179 τὶν

127 1191 187 1226 βίον
205 1193 283 1227 ὑμῶν
295 1195 423 1230 πονηρίᾳ,
440 1196 486 1222 καὶ
503 1197 641 1228 ποιοῦντες
654 1198 710 1224 υἱὸν
724 1198 780 1234 (96)
791 1199 914 1235 γεέννης,

127 1237 279 1269 τουτέστιν,
296 1239 397 1266 οἰκεῖον
410 1241 522 1276 γεέννης
538 1243 585 1269 καὶ
602 1243 679 1275 ἄξιον
700 1245 795 1279 αὐτῆς.
818 1246 916 1272 Amid-

127 1291 207 1318 τερον
220 1284 248 1310 δὲ
260 1283 332 1317 εἶπε,
348 1286 415 1312 διότι
431 1288 484 1318 πᾶς
513 1288 583 1323 ἔχων
606 1289 768 1317 διδάσκαλον
785 1292 915 1326 πονηρὸν,

129 1329 161 1354 οὐ
177 1330 258 1365 μέχρι
272 1331 321 1364 τῆς
334 1331 427 1358 τούτου
444 1333 542 1365 κακίας
567 1334 688 1362 ἴσταται¹
715 1338 915 1372 παραδείγματι

127 1375 157 1402 δὲ
185 1377 273 1411 τούτῳ
308 1378 450 1413 χρώμενος
483 1381 529 1407 ἐπὶ
563 1381 592 1407 τὸ
632 1383 721 1417 χεῖρον
755 1384 916 1419 προῆαίνειν

127 1421 234 1450 εἴωθεν.

166 1468 238 1494 Οὺα)
263 1484 297 1488 -
322 1471 439 1504 τυφλοί.
468 1472 548 1506 Ζήτει
576 1473 605 1499 ἐν
630 1474 668 1509 τῷ
686 1475 802 1511 εἰκοστῷ
830 1477 916 1512 ὀγδόῳ

128 1513 271 1550 κεφαλαίῳ
298 1515 347 1551 τὴν
370 1517 500 1552 ἐξήγησιν
520 1518 577 1550 τοῦ,
601 1518 708 1553 Ὀδηγοί
733 1522 786 1548 είσι
819 1524 916 1558 τυφλοὶ

128 1558 248 1592 τυφλῶν.

170 1606 222 1637 Ὃς
229 1607 382 1641 -ὀφείλει,
396 1608 480 1635 Οὐδέν
494 1609 562 1642 ἐστι,
572 1611 702 1645 δηλονότι,
719 1611 808 1639 τοῦτο.
825 1614 917 1648 Ὀφεί-

129 1650 172 1676 λει
184 1651 222 1683 δὲ,
235 1653 292 1679 Ξιντὶ
304 1653 361 1687 τοῦ,
379 1657 520 1690 χρεωστεῖ.
547 1657 577 1682 Εἰ
590 1657 645 1692 γάρ
657 1667 699 1689 τις
721 1658 813 1693 ὤμοσε
826 1660 918 1687 δοῦναί

129 1707 167 1731 τι,
186 1699 209 1725 εἱ
224 1701 274 1734 μὲν
291 1702 361 1728 κατὰ
373 1702 420 1729 τοῦ
437 1703 502 1730 ναοῦ
521 1703 641 1738 ὤμοσεν,
657 1705 761 1740 ελεγον,
777 1707 819 1733 ὅτι
839 1708 918 1734 οὐδέν

129 1744 190 1769 ἐστι
204 1744 284 1771 τοῦτο
295 1754 301 1760 ·
315 1747 340 1772 εί
353 1746 382 1773 δὲ
396 1748 468 1774 κατά
483 1757 552 1780 τινος
563 1749 665 1784 χρυσοῦ
679 1752 917 1787 σκεύους,ἐλεγον,

131 1789 173 1816 ὅτι
193 1793 336 1825 χρεωστεϊ.
354 1793 448 1820 Ταῦτα
465 1795 493 1822 δὲ
509 1795 687 1832 ὲδογμὰτιζον
703 1797 733 1830 ἐξ
747 1798 848 1832 ἀνοίας.
874 1800 920 1827 Διὸ

131 1836 182 1863 καὶ
194 1837 316 1865 σκώπτει
329 1839 444 1872 τούτους
462 1842 503 1872 εἰς
518 1842 638 1878 μωρίαν.

170 1929 266 1962 Μωροὶ
282 1945 317 1949 -
329 1932 465 1964 χρυσόν;
480 1933 641 1969 Τυφλότητα
656 1935 762 1967 τούτοις
782 1937 917 1970 ὀνειδίζει,

100 1975 106 1986 ε
132 1973 241 2010 τὴντῆς
257 1975 357 2011 ψυχῆς.
857 1999 860 2001 .

170 2020 226 2048 Καὶ
240 2035 272 2041 -
284 2022 389 2056 δῶρον.
406 2023 609 2060 θυσιαστήριὸν
623 2035 715 2061 φησιν,
733 2028 776 2062 ἐφ’
790 2025 821 2054 οἶ)
833 2028 919 2064 hea-

133 2067 182 2100 ζον
196 2069 231 2094 τὰ
247 2070 441 2105 προσαγόμενα
457 2071 579 2107 θύματα.

176 2115 208 2142 '0
231 2131 266 2136 —
287 2116 389 2144 ἐπάνω
410 2119 515 2146 αὐτοῦ.
532 2119 625 2146 Ταῦτά
638 2129 731 2155 φησιν,
747 2121 796 2157 οὐχ
807 2121 845 2153 ὡς
859 2122 920 2148 ὲπισ

133 2161 243 2196 τρέπων
273 2163 404 2197 ὀμνύειν·
430 2165 459 2190 ἐν
487 2165 540 2200 γὰρ
571 2166 610 2200 τῷ
640 2166 757 2201 πέμπτῳ
778 2168 920 2203 κεφαλαίῳ

134 2207 276 2239 παντελῶς
287 2208 332 2236 τὸν
342 2209 423 2244 ὅρκον
432 2210 570 2238 ἐκώλυσεν
581 2220 587 2227 ·
603 2211 661 2239 ἀλλ’
669 2213 707 2244 ὼς
719 2213 918 2241 τῶνῚουδαίων

134 2253 291 2287 ὀμνυόντων
303 2256 373 2282 κατὰ
385 2256 439 2283 τῶν
457 2258 598 2286 τοιούτων.

172 2301 244 2328 οὐαὶ
261 2316 297 2321 -
308 2303 425 2332 πίστιν.
450 2304 503 2331 Τοῦ
530 2305 613 2341 νόμου
635 2305 675 2342 τῷ
692 2307 749 2342 λαῷ
763 2308 920 2343 κελεύοντος

134 2346 250 2379 δεκάτας
275 2349 407 2385 παρέχειν
430 2351 539 2378 πάντων
559 2353 614 2379 τῶν
631 2355 756 2389 καρπῶν,
781 2356 859 2383 αὐτοὶ
874 2357 921 2383 καὶ

135 2393 201 2427 περὶ
216 2393 265 2425 τὰς
279 2394 396 2427 δεκάτας
407 2395 455 2422 τοῦ
469 2397 605 2433 ἡδυόσμου
629 2399 675 2425 καὶ
695 2400 743 2426 τοῦ
758 2401 858 2436 ἀνήθου
874 2402 921 2428 καὶ

135 2439 184 2465 τοῦ
210 2439 337 2474 κυμίνου,
359 2442 412 2468 τῶν
440 2442 651 2477 εὐτελεστάτων,
678 2445 919 2481 ἠκριὸολογοῦντο,

136 2485 351 2522 προϐαλλόμενοι
375 2489 421 2515 τὸν
446 2490 540 2524 νόμον.
561 2490 691 2526 Διασύρει
705 2493 795 2519 τοίνυν
809 2493 918 2525 αὐτοὺς,

133 2530 172 2562 ὡς
188 2531 253 2566 περ)⁴
265 2531 299 2558 τὰ
310 2532 440 2568 ἐλάχιστα
456 2534 506 2570 μὲν
519 2535 566 2561 τοῦ
586 2536 669 2571 νόμου
694 2538 917 2573 παραγγέλματα

133 2577 194 2605 λίαν
214 2579 505 2614 ἀκριϐολογουμένους,
520 2581 573 2607 τῶν
586 2581 614 2608 δὲ
627 2582 756 2616 μεγάλων
781 2583 918 2617 ἀμελοῦν-

133 2633 194 2656 τας.
219 2626 318 2660 Κρίσιν
333 2626 361 2652 δὲ
379 2626 452 2660 λέγει
481 2627 530 2662 τὴν
545 2628 616 2663 ὑπὲρ
647 2628 702 2655 τῶν
718 2629 916 2664 ἀδικουμένων,

133 2672 183 2698 καὶ
195 2670 283 2703 ἔλεον,
296 2671 343 2698 τὸν
363 2672 402 2704 εῑς
417 2673 480 2704 τοὺς
492 2672 648 2708 δεομένους,
669 2674 717 2701 καὶ
742 2674 834 2701 πίστιν
851 2675 918 2710 (97),

187 2761 210 2778 ³⁵
226 2762 292 2791 Luc.
304 2770 342 2797 Il,
359 2761 403 2789 5‘2.

959 289 1025 315 mini
1042 297 1090 322 per
1105 289 1184 316 ﬁdem
1201 297 1260 324 qum
1287 294 1328 315 est
1346 289 1372 314 in
1390 297 1442 319 me,
1461 295 1549 322 neque
1566 287 1632 313 alios
1648 286 1745 314 sinatis

960 335 1075 369 ingredi.
1103 335 1290 370 lngredicntes
1313 339 1403 361 autem
1429 335 1494 361 dicit
1515 342 1562 361 eos
1589 333 1633 368 qni
1658 333 1745 368 parati

959 385 1062 407 suntae
1083 385 1198 414 possunt
1210 380 1323 414 ingredi.
1338 379 1434 407 Gravis
1445 385 1583 407 e51autem
1601 380 1659 406 haec
1668 386 1748 405 accn-

960 427 1040 453 satio.
1065 426 1129 453 Nam
1153 427 1175 453 si
1199 427 1265 453 nulli
1284 426 1423 460 prodesse,
1441 426 1539 453 sutlicit
1558 426 1591 452 ad
1615 425 1747 452 condem-

960 472 1109 502 nationem.
1127 472 1276 507 quietiam
1307 477 1399 504 nocet,
1429 479 1602 506 nequaquam
1641 471 1747 497 veniam

960 518 1102 552 percipiet,
1119 526 1180 544 rum
1207 518 1242 544 sit
1259 517 1399 544 hominum
1418 518 1512 550 pestis.
1539 517 1615 550 Apud
1645 515 1746 542 Lucam

961 571 1028 591 vero
1049 564 1086 590 ait
1109 572 1115 590 :
1141 563 1249 590 Tulislis
1271 563 1371 590 clavem
1395 563 1512 590 scieulim
1529 563 1570 592 ”.
1584 562 1620 588 ita
1648 568 1749 587 vorans

963 609 1042 636 [idem
1068 617 1127 644 quae
1151 610 1178 636 in
1200 616 1229 636 se
1254 613 1306 640 est,
1336 613 1430 643 utpote
1463 608 1682 634 introducentem
1714 605 1748 633 ad

963 656 1102 683 scientiam
1115 660 1249 683 rectorum
1260 655 1415 690 dogmatum
1432 662 1464 681 ae
1482 653 1626 681 inell'abilis
1637 651 1750 687 sapien-

962 703 1016 732 tia}.
1046 709 1126 736 quam
1155 702 1258 729 «larem
1287 701 1408 728 tulerunt
1431 699 1489 727 sive
1522 700 1696 726 abstulerunt
1729 705 1744 724 a

963 748 1073 784 populo.

1001 793 1076 821 Vers.
1096 792 1140 819 l5.
1162 792 1207 820 Va:
1230 807 1261 812 —
1277 800 1356 827 quam
1373 800 1426 818 ros.
1453 790 1613 821 Circumitis,
1638 796 1752 823 percur-

964 840 1036 868 rilis.
1048 839 1115 867 Nam
1129 840 1156 866 id
1170 839 1304 874 signiﬁcat
1316 838 1367 865 hoc
1378 837 1439 864 loco
1457 835 1751 871 περιάγετεᾸη-οςιιινη

967 890 1022 913 tum
1042 891 1131 913 autem
1153 885 1305 920 appellabat
1327 884 1370 910 lex
1384 891 1457 915 cum,
1475 883 1519 917 qui
1546 882 1579 909 ab
1602 881 1752 908 idoloiatria

965 934 997 960 ad
1027 933 1182 967 religionem
1209 931 1356 959 accedebat
1390 930 1557 958 Iudaeorum.
1594 928 1662 954 Dicit
1689 934 1753 960 ergo

965 978 1114 1006 Christus:
1143 977 1259 1003 Inlinitis
1287 976 1331 1003 vix
1360 975 1469 1003 tandem
1501 973 1640 1000 laboribus
1662 979 1752 1000 ,unnm

966 1025 1072 1052 ellicitis
1086 1024 1263 1059 proselytum,
1280 1028 1307 1050 et
1323 1030 1373 1050 nec
1398 1022 1458 1049 ideo
1474 1020 1510 1047 illi
1533 1019 1655 1053 parcitis,
1684 1017 1753 1044 adeo

967 1071 1033 1098 estis
1053 1075 1082 1097 et
1094 1070 1127 1097 ad
1143 1070 1260 1096 salutem
1291 1068 1496 1095 idololatrarum
1523 1065 1645 1096 inutiles,
1666 1068 1693 1090 ct
1719 1064 1753 1089 ad

966 1118 1025 1153 eius
1039 1118 1086 1152 qui
1097 1118 1152 1153 jam
1168 1117 1277 1144 advenit
1289 1123 1396 1150 segnes,
1415 1115 1470 1141 imo
1487 1114 1576 1148 potius
1589 1112 1751 1147 proditores,

967 1169 1172 1199 corrumpentes
1193 1171 1255 1191 eum
1280 1164 1342 1190 vita:
1357 1166 1454 1188 vestrae
1469 1159 1589 1194 nequitia
1607 1163 1634 1185 et
1653 1157 1753 1184 fat-iun-

967 1215 1008 1238 tes
1024 1218 1085 1238 eum
1102 1210 1186 1237 tilium
1203 1209 1346 1244 geheunzu.
1362 1207 1390 1234 id
1406 1212 1457 1239 est,
1473 1205 1632 1233 familiarem
1650 1203 1754 1238 gehen-

967 1265 1019 1288 nze,
1037 1259 1063 1283 et
1078 1263 1108 1283 ea
1131 1255 1253 1290 dignum.
1270 1255 1299 1281 In
1316 1254 1398 1289 duplo
1414 1257 1502 1279 autem
1528 1251 1604 1278 dixit.
1627 1249 1755 1283 Quisquis

966 1302 1040 1328 enim
1058 1305 1253 1336 praeceptorem
1265 1299 1348 1326 habet
1360 1305 1482 1333 pravum,
1509 1304 1562 1323 non
1581 1295 1654 1322 illius
1679 1294 1755 1321 sistit

967 1348 1087 1378 malitia,
1117 1347 1165 1374 sed
1202 1346 1262 1382 eius
1278 1350 1357 1372 utens
1384 1343 1517 1378 exemplo,
1549 1341 1619 1369 solet
1642 1339 1756 1368 ulterius

967 1394 1127 1430 procedere.

1003 1488 1079 1515 Vers.
1100 1486 1142 1512 l6.
1172 1483 1219 1512 νω
1236 1498 1270 1504 —
1283 1483 1352 1512 cruci.
1382 1482 1476 1514 Ουτοι-ο
1497 1480 1627 1506 vicesimo
1660 1482 1757 1504 octavo

969 1535 1056 1568 capite
1076 1532 1141 1560 dicti
1157 1531 1230 1558 llllllS
1257 1528 1458 1557 enarrationem
1482 1526 1570 1554 :Ca’ci
1592 1529 1652 1552 sunt
1680 1523 1757 1550 duch

925 1578 947 1607 Ο
965 1588 1101 1609 εωωι-ιιηι.

1003 1629 1082 1655 Vcrs.
1104 1625 1147 1652 16.
1176 1624 1227 1657 Ωιιὶ
1243 1639 1276 1643 -
1292 1631 1350 1650 reus
1371 1626 1409 1649 est
1449 1620 1522 1647 Nihil
1537 1624 1586 1650 est,
1615 1623 1679 1653 puta
1694 1619 1754 1644 hoc.

969 1674 1036 1700 Reus
1055 1677 1104 1704 est,
1117 1671 1242 1698 videlicet
1256 1669 1350 1696 debiti.
1375 1667 1402 1695 Si
1421 1667 1480 1701 quis
1509 1666 1582 1693 enim
1603 1664 1702 1698 aliquid
1728 1672 1757 1690 se

969 1717 1132 1744 donaturum
1147 1716 1286 1749 iuraverat
1303 1722 1309 1739 :
1324 1713 1346 1740 si
1371 1712 1481 1746 quidem
1509 1718 1557 1744 per
1585 1709 1715 1743 templum
1732 1708 1758 1734 id

967 1760 1097 1795 iurasset,
1111 1759 1237 1786 dicebant
1265 1758 1337 1784 hunc
1357 1756 1390 1782 ad
1411 1755 1478 1782 nihil
1492 1753 1614 1788 obligari.
1639 1752 1716 1784 Quod
1735 1752 1758 1778 si

971 1813 1018 1839 per
1036 1812 1082 1831 vas
1097 1802 1204 1837 aliquod
1216 1809 1328 1828 aureum
1346 1800 1372 1826 id
1390 1800 1520 1833 iurasset,
1535 1797 1661 1824 dizebant
1678 1795 1754 1822 illum

972 1851 1064 1878 debito
1091 1849 1190 1876 teneri.
1224 1848 1285 1874 llaec
1313 1850 1403 1873 autem
1431 1848 1542 1878 propter
1570 1841 1758 1876 insipieut‘am

970 1897 1103 1925 docebant
1118 1904 1125 1927 ;
1140 1895 1200 1922 ideo
1219 1894 1302 1921 etiam
1315 1893 1412 1919 horum
1431 1891 1526 1918 irridet
1540 1888 1705 1916 fatuilatcm.

1007 1943 1083 1970 Vers.
1101 1942 1143 1969 ΓΙ.
1161 1940 1242 1968 Stulti
1254 1955 1290 1960 —
1303 1939 1416 1966 aurum?
1429 1937 1581 1964 Ctecitatem
1597 1935 1650 1961 illis
1664 1940 1761 1967 expro-

970 1991 1042 2023 brat,
1059 1997 1111 2016 non
1128 1987 1259 2022 corporis,
1273 1985 1319 2013 sed
1330 1985 1436 2012 animm.

1005 2037 1082 2064 Vers.
1098 2035 1140 2061 18.
1156 2033 1189 2060 Et
1199 2049 1230 2053 -—
1240 2032 1314 2059 Vers.
1331 2031 1375 2058 19.
1389 2031 1496 2057 donum.
1509 2029 1599 2056 Altare
1611 2026 1763 2060 dicitsuper

970 2078 1041 2113 quod
1052 2076 1210 2112 ingulahant
1227 2074 1357 2101 adductas
1373 2072 1507 2099 victimas.

1008 2123 1083 2150 Vers.
1099 2122 1146 2150 20.
1157 2121 1209 2155 Qui
1223 2135 1257 2140 —
1277 2119 1354 2148 Vers.
1370 2119 1414 2145 22.
1429 2118 1454 2144 in
1471 2118 1526 2144 illo.
1546 2117 1608 2145 Haec
1623 2115 1688 2143 dicit
1705 2122 1761 2141 non

970 2169 1042 2205 quod
1062 2169 1154 2203 iurare
1166 2167 1305 2202 permittat
1324 2175 1331 2192 ι
1347 2165 1442 2200 quinto
1460 2165 1533 2191 enim
1556 2163 1644 2198 capite
1663 2162 1761 2197 prohi-

969 2215 1028 2243 buit
1045 2221 1125 2240 Omne
1137 2213 1322 2248 juramentnm
1337 2219 1344 2237 :
1365 2210 1413 2238 sed
1435 2210 1508 2244 quod
1525 2209 1609 2237 Judaei
1625 2216 1673 2244 per
1698 2209 1760 2235 talia

933 2251 961 2281 Ῑ)
973 2261 1108 2297 iurarent.

1013 2307 1089 2334 Vers.
1104 2305 1149 2333 25.
1167 2305 1210 2332 Vw
1228 2303 1360 2339 —-—/idem.
1378 2302 1446 2331 Cum
1463 2303 1505 2329 lex
1525 2301 1624 2337 populo
1642 2301 1762 2335 iuberet.

976 2358 1006 2381 ut
1034 2353 1112 2380 daret
1134 2351 1254 2379 decimas
1280 2350 1402 2377 omnium
1434 2348 1583 2380 fructuum,
1603 2347 1654 2382 ipsi
1678 2347 1760 2374 etiam

975 2399 1046 2426 circa
1063 2396 1191 2429 menthae,
1206 2395 1310 2427 anethi,
1327 2402 1359 2422 ac
1374 2394 1472 2429 cymini
1485 2393 1677 2421 vilissimarum
1699 2393 1764 2419 her-

974 2445 1069 2471 barum
1087 2441 1217 2473 decimas,
1237 2445 1359 2468 exactam
1392 2439 1580 2466 subducehant
1613 2438 1761 2467 rationem.

974 2491 1059 2525 legem
1073 2488 1280 2523 praetendentes.
1299 2486 1354 2513 llos
1369 2493 1433 2519 ergo
1447 2484 1541 2512 irridet
1554 2489 1680 2518 tanquam
1690 2483 1762 2511 circa

974 2535 1085 2562 minima
1114 2534 1184 2568 legis
1219 2538 1350 2568 prmcepta
1386 2531 1558 2558 exactissime
1591 2534 1758 2563 scrutantes,

975 2589 1070 2615 magna
1099 2587 1163 2607 vero
1193 2579 1369 2614 negligentes.
1400 2577 1534 2605 Jndicium
1564 2582 1654 2604 autem
1684 2577 1760 2609 dicit,

973 2628 1044 2663 quod
1061 2627 1116 2654 ﬁeri
1133 2627 1214 2654 debet
1230 2634 1278 2662 pro
1291 2626 1332 2653 his
1347 2625 1391 2660 qui
1408 2625 1506 2660 iniuste
1519 2625 1672 2652 adiciuntur
1688 2624 1760 2659 inju-

974 2675 1014 2702 ria
1031 2683 1038 2702 :
1054 2674 1277 2705 misericordiam,
1287 2681 1367 2708 quam
1383 2672 1437 2700 fieri
1449 2672 1576 2700 convenit
1591 2671 1618 2699 in
1631 2679 1732 2707 egentes
1748 2680 1755 2699 :

726 2795 823 2827 Variae
841 2795 991 2827 lectiones
1008 2798 1039 2827 et
1058 2799 1153 2827 noue.

167 2879 223 2921 [96)
241 2879 355 2911 Οἱκεῖου,
384 2885 434 2914 pro
456 2877 522 2905 υἱόν.
539 2877 572 2905 Α.
587 2882 613 2906 et
628 2885 690 2905 mox
712 2877 779 2908 υἱόν,
806 2885 852 2912 pro
878 2877 917 2904 ot-

133 2923 219 2943 κίιον.

1007 2877 1062 2912 (97)
1080 2878 1134 2904 Και
1151 2877 1198 2913 τὴν
1216 2877 1318 2911 πίστιν,
1336 2878 1368 2906 Α.
