1939 3075
204 130 259 165 599

818 138 1009 173 EUTHYMII
1030 132 1211 176 zrdABENt
1254 176 1256 179 .

1779 154 1836 188 £00

203 193 308 225 petrata
329 196 380 220 est.
397 193 555 223 Zachariam
573 199 664 224 autem
682 196 791 231 quidam
811 198 906 226 dicunt
928 207 978 226 eun

1043 201 1139 235 φθόνον
1167 203 1284 236 ἐγένετο.
1309 205 1448 240 Ζαχαρίαν
1475 206 1503 233 δὲ
1530 208 1554 234 οί
1571 207 1622 242 μὲν
1650 208 1759 242 λέγουσι
1785 211 1835 236 τὸν

201 237 246 269 qui
262 235 313 265 fuit
326 246 395 266 unus
405 239 549 268 duodecim
565 242 760 276 prophetarum
774 252 780 270 :
800 244 910 279 quidam
927 253 991 273 vero

201 290 274 316 etim,
287 284 332 318 qui
345 284 415 312 ﬁlius
425 285 515 313 Joada:
527 287 678 321 dicebatur,
690 289 735 323 qui
749 290 829 317 etiam
844 291 990 319 Zacharias

200 329 388 363 appellabatur
404 339 410 357 :
427 331 520 366 plures
540 337 630 360 autem
646 338 749 369 patrem
767 335 904 371 Baptistae.
921 337 990 365 Seri-

200 373 266 401 bunt
276 375 349 402 enim
361 383 389 403 se
398 377 536 412 accepisse
546 387 559 406 a
572 386 680 414 patrum
691 381 844 414 traditione,
857 383 989 418 quaecitra

198 421 332 455 scriptum
348 430 396 457 per
415 431 511 452 manus
527 427 652 460 pervenit
666 427 700 454 ad
713 433 850 462 posteros,
864 437 923 464 qua:
934 434 990 457 tra-

197 465 332 494 ditionum
348 475 448 503 genera
468 469 580 505 ἄγραφα
592 472 779 506 nominantur,
797 474 869 509 quod
888 475 987 502 eratin

197 513 299 546 templo
318 513 393 541 locus
407 515 563 550 virginibus
576 518 731 547 destinatus
745 529 752 546 :
769 528 784 547 a
798 528 854 555 quo
868 525 988 548 stantem

195 557 333 587 quondam
347 558 419 586 ineo
439 561 485 587 Dei
498 561 611 589 Matrem
627 568 688 597 post
703 568 813 598 partum
829 586 835 596 ,
853 573 908 592 non
931 566 988 600 eje-

194 601 242 632 cit,
260 601 354 630 dicens
382 604 513 640 virginem
530 613 600 637 esse.
618 611 646 634 et
665 608 726 635 ideo
758 610 867 637 occisus
886 616 928 638 est
941 611 986 637 in-

197 651 238 673 ter
253 648 386 683 templum
402 655 429 677 et
441 650 526 678 altare
540 653 673 680 exterius.

231 692 308 721 Vers.
325 695 369 722 56.
386 695 614 736 limem—istam.
632 699 701 733 Quia
730 701 828 730 timore
853 704 986 738 gehennae

194 748 254 773 qua:
270 741 310 768 eis
328 742 502 776 impendebat
516 752 548 772 eo
571 748 643 780 quod
672 753 786 775 ventura
815 755 900 782 esset,
927 751 978 779 hos

195 793 250 811 non
264 788 454 815 commovebat
469 788 516 824 (e),
529 794 648 817 exterret
661 799 692 817 ac
707 792 848 827 propulsat
861 801 909 821 eos
940 802 985 821 ca-

194 830 373 865 ]unitatibus,
384 840 445 867 quae
457 841 513 861 non
528 834 607 870 longe
623 840 686 870 post
699 837 798 865 futura:
807 843 887 866 erant
901 848 908 867 :
923 840 983 867 ideo

194 878 337 905 conﬁrmat
351 880 424 914 quod
436 881 517 908 etiam
534 887 648 910 ventura
662 889 727 911 sunt
745 886 839 912 omnia
857 886 927 918 haec,
941 887 984 914 vi-

194 921 295 948 delicet
311 931 371 958 qua;
387 925 547 954 miserrimae
565 932 629 956 sunt
654 929 780 962 ultionis,
800 939 883 965 super
901 940 984 967 gene-

194 967 328 996 rationem
348 970 437 1004 istam,
457 972 515 999 sive
531 981 615 1008 super
642 975 692 1002 hos
709 976 791 1010 ipsos.
814 976 872 1004 Sub
882 977 983 1012 Vespa-

195 1011 273 1039 siano
307 1013 380 1041 enim
397 1020 425 1042 ct
455 1015 517 1043 Tito
545 1019 788 1052 apprelieuderunt
816 1029 863 1049 eos
893 1011 981 1057 quea

194 1056 324 1085 Romanis
335 1067 485 1094 provenere
501 1063 581 1090 mala.

227 1101 305 1131 "crs.
322 1105 366 1133 57.
384 1105 533 1135 Jerusalem
544 1124 578 1129 --
594 1111 628 1137 ad
644 1115 677 1137 te.
696 1110 735 1138 Ad
753 1112 891 1141 civitatem
916 1123 983 1143 cou-

191 1155 304 1179 vertens
319 1160 474 1181 sermonem
489 1154 613 1190 deplorat
630 1157 710 1184 hanc.
727 1157 915 1193 Reduplicatio
930 1169 980 1189 au-

194 1201 248 1223 tem
281 1199 486 1233 appellationis,
517 1202 767 1231 demonstratioest
787 1205 980 1236 miserationis.

191 1242 256 1277 Ejus
274 1245 374 1271 etenim
390 1247 546 1279 miseretur,
574 1253 603 1275 ut
629 1257 688 1283 quc
701 1250 765 1277 olim
777 1251 876 1280 dilecta
910 1259 979 1287 erat,

190 1296 265 1317 nunc
280 1298 344 1317 vero
361 1297 482 1320 extrema
495 1302 608 1328 passura
633 1299 686 1327 est,
713 1302 825 1331 propter
845 1298 978 1334 iniquita-

191 1338 232 1362 tes
250 1335 464 1365 inhabitantium
479 1339 506 1366 in
524 1347 566 1367 ea.
598 1339 808 1376 Conscquenter
823 1349 914 1372 autem
931 1354 979 1373 ex-

190 1382 300 1415 probrat
317 1384 352 1415 ei,
370 1386 440 1419 quod
459 1386 628 1414 interemerit
655 1388 802 1423 prophetas
830 1398 899 1425 quos
920 1392 980 1426 ipse

190 1429 224 1456 ad
235 1436 294 1456 eam
310 1430 431 1458 miserat.

227 1473 303 1502 Vers.
318 1476 352 1502 37
369 1476 477 1508 Quoties
497 1494 531 1498 —
545 1480 677 1508 noluistis.
694 1482 784 1515 Volui,
800 1483 900 1518 inquit,
915 1492 979 1512 con~

1043 247 1089 274 ἕνα
1106 247 1160 274 τῶν
1174 247 1276 276 δώδεκα
1293 252 1451 285 προφητῶν,
1473 253 1497 278 οἱ
1515 253 1543 279 δὲ
1568 254 1613 280 τὸν
1626 255 1673 281 καὶ
1685 255 1724 290 (7)
1742 256 1834 283 Ἰωδαὲ

1042 293 1208 329 καλούμενον
1219 303 1225 310 ’
1238 295 1325 331 ἕτεροι
1346 296 1373 323 δὲ
1392 297 1437 323 τὸν
1455 298 1492 332 (8)
1514 298 1662 334 Ἅζαρίανο
1677 300 1702 326 οἱ
1721 300 1834 329 πλείους

1041 338 1079 371 δὲ,
1095 339 1139 365 τὴν
1164 341 1270 375 πατέρα
1289 341 1335 367 τοῦ
1358 342 1520 371 Βαπτιστοῦ.
1542 344 1681 378 Γράιρουσι
1706 345 1771 379 γὰρ,
1790 342 1838 373 ὄλβι’

1041 385 1195 420 παρέλασον
1219 386 1247 419 ἐξ
1261 388 1386 422 ἀγράφου
1410 389 1588 423 παραδόσεως
1610 391 1662 416 τῶν
1689 392 1831 426 πατέρων,

1040 431 1076 462 ὡς
1098 429 1132 467 ἦν
1145 433 1227 465 τόπος
1254 434 1284 460 ἐν
1298 434 1337 469 τῷ
1353 433 1408 469 ναῷ
1424 436 1484 466 ταῖς
1514 435 1662 470 παρθένοις
1674 437 1830 471 ἀποτεταγ-

1041 476 1130 511 μένος,
1143 478 1173 504 ὲν
1185 475 1207 511 ᾧ
1222 479 1323 505 στᾶσάν
1337 487 1400 505 ποτε
1409 479 1458 515 τὴν
1466 480 1599 507 Θεοτόκον
1609 481 1677 515 μετὰ
1689 482 1736 508 τὸν
1751 482 1832 508 τόκον

1040 521 1089 548 οὒκ
1103 522 1228 554 ἐξέϐαλεν
1242 520 1330 556 οὗτος,
1342 524 1437 557 εἰπὼν,
1447 525 1488 551 ὅτι
1498 525 1633 561 παρθένος
1645 527 1714 553 ent.
1724 527 1769 552 Διὸ
1781 527 1830 553 καὶ

1039 567 1169 603 ὲιρονεύθη
1183 568 1285 604 μεταξὺ
1296 569 1342 596 τοῦ
1354 570 1418 597 ναοῦ
1431 571 1477 598 καὶ
1494 570 1541 598 τοῦ
1553 571 1606 603 ἔξω
1620 571 1828 607 θυσιαστηρίου.

1079 698 1168 731 Ἀμὴν
1181 713 1216 717 --
1230 699 1352 732 ταύτην.
1375 699 1461 732 Ἐπεὶ,
1478 699 1525 726 τὸν
1537 700 1621 736 φόϐον
1643 701 1693 736 τῆς
1714 702 1829 737 γεέννης

1036 743 1226 779 ὲπικρεμάσας
1258 745 1360 777 αὐτοῖς,
1380 746 1410 772 οὐ
1439 745 1567 772 καθίκετο
1597 747 1711 779 τούτων,
1738 748 1782 774 διὰ
1796 748 1828 774 τὸ

1037 789 1145 823 μέλλειν
1162 790 1258 825 αὐτὴν,
1274 790 1389 825 ὲκφοὸεἵ
1404 791 1451 817 καὶ
1466 792 1701 826 κατασφαλίζεται
1711 793 1828 826 τούτους

1035 834 1089 860 ἀπὸ
1102 834 1156 861 τῶν
1173 835 1223 861 οὐκ
1236 836 1276 867 εἰς
1293 836 1402 872 μακρὰν
1431 837 1589 871 συμφορῶν.
1604 839 1649 864 Διὺ
1669 838 1716 865 κα).
1733 839 1828 865 διαϐε-

1036 879 1170 912 ϐαιοῦται,
1184 880 1259 916 ἥξειν
1284 880 1373 908 ταῦτα
1398 882 1498 913 πάντα,
1512 882 1622 917 δηλαδὴ,
1634 883 1668 909 τὰ
1683 886 1732 918 τῆς
1751 893 1826 918 παγ-

1035 926 1152 962 χαλέπου
1172 927 1317 962 τιμωρίας,
1331 928 1378 954 ἐπὶ
1399 927 1448 962 τὴν
1472 928 1570 961 γενεὰν
1591 928 1705 964 ταύτην,
1722 930 1824 964 ἤγουν,

1035 974 1078 998 ἐπ’
1090 973 1188 1004 αὐτοὺς
1204 973 1237 1006 δὴ
1253 973 1376 1005 τούτους.
1398 974 1460 1000 Ἐπὶ
1478 974 1686 1001 Οὐεσπασιανοῦ
1702 976 1754 1011 γὰρ
1776 977 1826 1003 καὶ

1035 1019 1114 1045 Τίτου
1131 1020 1281 1047 κατέλαϐον
1294 1022 1393 1053 αὐτοὺς
1406 1023 1440 1048 τὰ
1456 1024 1487 1049 ὲκ
1504 1024 1649 1059 Ῥωμαίων
1668 1026 1750 1051 κακά.

1075 1066 1274 1101 Ἰερουσαλὴμ
1288 1083 1324 1087 -
1335 1068 1442 1102 αὐτήν.
1453 1069 1523 1105 Πρὸς
1536 1070 1586 1105 τὴν
1596 1071 1673 1096 πόλιν
1688 1071 1826 1106 ἀποστρέ-

1032 1111 1086 1146 ψας
1099 1113 1144 1139 τὸν
1157 1113 1393 1147 λόγον,ταλανίςει
1409 1115 1529 1150 ταύτην·
1545 1117 1558 1142 ὁ
1576 1116 1777 1150 διπλασιασμὸς
1791 1117 1822 1143 δὲ

1032 1158 1083 1192 τῆς
1098 1158 1221 1193 κλήσεως
1234 1160 1402 1194 ἐμφαντικὸς
1414 1161 1505 1192 ἐλέους
1517 1161 1603 1188 ἐστίν.
1617 1163 1752 1196 Οἰκτείρει
1767 1163 1824 1197 γὰρ

1031 1204 1144 1240 ταύτην,
1158 1205 1195 1237 ὡς
1215 1206 1297 1233 πάλαι
1316 1209 1365 1242 μὲν
1390 1208 1585 1242 ἠγαπημένην,
1602 1208 1650 1235 νῦν
1673 1209 1700 1235 δὲ
1724 1209 1823 1235 παθεῖν

1031 1251 1065 1277 τὰ
1078 1251 1180 1286 ἔσχατα
1201 1253 1362 1287 μέλλουσαν,
1377 1253 1420 1280 διὰ
1435 1254 1484 1285 τὰς
1498 1254 1671 1288 παρανομίας
1694 1254 1748 1280 τῶν
1775 1263 1824 1281 και

1030 1298 1194 1325 τοικούντων
1210 1300 1238 1326 ἐν
1257 1299 1337 1334 αὐτῇ.
1350 1299 1387 1326 Τὸ
1403 1300 1425 1326 δ’
1435 1299 1499 1334 ἑξῆς
1514 1300 1641 1331 ὀνειδίζει
1658 1300 1771 1334 ταύτην,
1784 1300 1823 1331 ὡς

1030 1344 1239 1379 διαφθείρουσαν
1253 1345 1316 1377 τοὺς
1332 1346 1487 1381 προφήτας,
1497 1345 1544 1377 οὓς
1562 1345 1644 1377 αὐτὸς
1669 1345 1821 1372 ἀπέστελλε

1031 1390 1098 1425 πρὸς
1114 1389 1210 1425 αὐτήν.

1064 1484 1237 1517 Ποσάκις-
1246 1484 1424 1519 ἠθελήσατε.
1443 1483 1589 1519 Ἡθέλησα,
1601 1485 1694 1520 φησὶν,
1709 1486 1823 1513 ἐπισυν-

190 1528 300 1556 gregare
322 1522 391 1550 ﬁlios
407 1528 467 1552 tuos
480 1526 531 1552 sub
544 1535 603 1554 mea
617 1529 797 1562 protectione,
822 1538 890 1564 quos
913 1539 976 1565 pec-

1035 1531 1144 1564 ιγαγεῖν
1166 1531 1199 1557 τὰ
1214 1530 1298 1557 τέκνα
1326 1539 1372 1557 σου
1391 1531 1444 1557 ὑπὸ
1461 1532 1510 1566 τὴν
1522 1532 1591 1566 ἐμὴν
1607 1532 1723 1568 σκέπην,
1738 1533 1820 1559 ἄοινοι

189 1572 247 1593 cata
263 1567 470 1603 disperseranta
486 1572 577 1600 divina
590 1575 725 1602 custodia.
735 1576 867 1611 Exemplo
882 1583 973 1605 autem

188 1613 294 1647 gallinae
307 1622 386 1642 suum
406 1617 432 1643 in
446 1616 554 1646 Judaeos
574 1628 694 1648 amorem
714 1623 844 1650 ostendit.
862 1622 977 1655 Quidam

187 1663 279 1687 autem
296 1669 450 1690 sermonem
465 1664 622 1701 intelligunt
645 1667 679 1694 de
696 1667 799 1696 Iudaeis
816 1677 864 1703 per
888 1671 978 1698 varias

188 1707 315 1741 regiones
347 1708 480 1743 dispersis
505 1713 556 1738 sub
589 1714 726 1747 prioribus
761 1717 974 1750 captivitatibus.

187 1753 255 1778 —F.‘t
267 1753 399 1788 noluistis,
414 1764 455 1783 mc
466 1765 519 1784 non
531 1759 706 1793 recipientcs,
718 1761 765 1788 sed
779 1768 976 1797 persequentes

188 1803 216 1825 ct
235 1800 361 1828 occidere
386 1802 560 1832 festinantes.
576 1805 635 1833 -Ad
663 1807 781 1835 civitatis
809 1809 977 1838 habitatores

188 1852 284 1873 HH‘SUS
302 1854 457 1876 sermonem
476 1852 622 1879 convertit.

223 1939 299 1966 Vers.
329 1940 372 1967 58.
401 1941 467 1969 Ecce
483 1944 642 1972 —dcserta.
681 1945 780 1973 Domus
802 1953 891 1975 vestra
917 1950 976 1977 sive

186 1985 316 2019 templum
336 1987 498 2022 relinquitur
513 1990 591 2018 vobis
606 1991 744 2020 desertum
761 1993 794 2021 ab
807 1994 976 2023 inhabitants

186 2029 214 2056 in
231 2037 262 2057 ea
282 2031 373 2059 divina
385 2034 481 2069 gratia.
495 2034 551 2063 Hoc
564 2041 654 2064 autem
675 2038 773 2066 domus
785 2039 892 2067 illorum
904 2046 973 2075 erat,

185 2079 280 2110 utpote
295 2076 321 2103 in
340 2078 450 2107 civitate
465 2087 559 2108 eorum
578 2082 751 2112 aediﬁcatum.

223 2121 298 2150 Vers.
313 2124 357 2151 59.
377 2125 438 2153 Dico
465 2141 493 2148 -ι
510 2128 627 2155 Domini.
642 2128 794 2164 thuando
809 2131 860 2159 hoc
876 2132 975 2160 dicturi

185 2173 250 2195 sunt
268 2169 279 2196 ?
296 2169 422 2198 Volentes
437 2172 557 2207 quidem,
573 2182 711 2210 nunquam
725 2185 732 2203 :
746 2177 871 2204 nolentes
883 2183 973 2205 autem

1030 1576 1057 1602 αί
1073 1575 1207 1610 ἁμαρτίαι
1221 1575 1419 1610 διεσκόρπισαν
1435 1576 1490 1602 ἀπὸ
1500 1576 1547 1610 τῆς
1560 1576 1635 1607 θείας
1650 1576 1818 1610 ἐπισκοπῆς.

1029 1620 1079 1646 Διὰ
1093 1621 1120 1646 δὲ
1135 1621 1181 1647 τοῦ
1201 1622 1422 1656 παραδείγματος
1436 1622 1484 1656 τῆς
1495 1622 1600 1657 ὄρνιθος
1628 1622 1659 1648 τὸ
1675 1623 1739 1656 περὶ
1753 1623 1820 1654 τοὺς

1035 1665 1181 1697 Ἰουδαίους
1208 1666 1386 1700 φιλόστοργον
1412 1666 1509 1692 ἑαυτοῦ
1533 1666 1665 1693 δείκνυσι.
1694 1668 1772 1699 Τινὲς
1788 1668 1819 1694 δὲ

1028 1713 1117 1738 νοοῦσι
1126 1712 1257 1747 τὸνλόγον
1269 1713 1332 1748 περὶ
1345 1713 1397 1739 τῶν
1411 1713 1618 1748 διεσπαρμένων
1632 1713 1767 1740 Ἰουδαίων
1778 1714 1820 1745 είς

1027 1758 1172 1794 διαφόρους
1186 1758 1278 1794 χώρας
1289 1759 1340 1785 ὑπὸ
1351 1759 1406 1785 τῶν
1421 1760 1667 1794 προγεγενημένων
1678 1760 1819 1795 αἰχμαλω-

1029 1805 1105 1832 σιῶν.
1125 1805 1179 1832 Καὶ
1194 1807 1250 1832 οὐκ
1265 1806 1448 1840 ἠθελήσατε,
1472 1807 1508 1841 μὴ
1532 1806 1749 1842 παραδεξάμενοί
1771 1815 1818 1841 με,

1027 1851 1094 1878 ἀλλὰ
1107 1850 1251 1883 διώκοντες
1267 1852 1314 1878 καὶ
1339 1853 1500 1879 ἀποκτεῖναι
1519 1852 1727 1884 σπουδάζοντες.
1744 1852 1817 1887 [Ιρδς

1027 1899 1090 1929 τοὺς
1107 1899 1279 1930 ἐνοικοῦντας
1291 1898 1320 1925 δὲ
1336 1900 1369 1934 τῇ
1390 1899 1467 1925 πόλει
1481 1899 1636 1933 διαλέγεται
1650 1899 1740 1926 πάλιν.

1073 1944 1146 1971 Ἰδοὺ
1167 1960 1203 1965 -
1221 1945 1340 1979 ἕρημος.
1360 1944 1389 1971 '0
1408 1943 1489 1976 oixog
1506 1945 1593 1979 ὑμῶν,
1608 1946 1702 1980 ἦγουν,
1716 1946 1730 1972 ὁ
1741 1946 1817 1979 ναὸς,

1027 1991 1137 2025 ἀφίεται
1153 1991 1217 2026 ὑμῖν
1235 1991 1338 2025 ἕρημος
1353 1991 1403 2025 τῆς
1415 1991 1574 2026 ἐνοικούσης
1586 1991 1661 2026 αὐτῷ
1676 1991 1752 2022 θείας
1765 1993 1816 2026 χά-

1027 2046 1112 2073 ριτος.
1135 2035 1215 2069 Οἶκος
1230 2037 1259 2063 δὲ
1273 2037 1364 2064 αὐτῶν
1392 2034 1481 2070 οὗτος,
1504 2037 1542 2069 ὼς
1572 2037 1715 2072 ἱδρυμένος
1736 2039 1766 2064 ἐν
1783 2040 1816 2074 τῇ

1026 2084 1103 2110 πόλει
1121 2083 1220 2110 αὐτῶν.

1062 2129 1144 2164 Λέγω
1155 2144 1190 2150 ——
1204 2129 1327 2162 Κυρίου.
1341 2129 1395 2156 Καὶ
1410 2128 1474 2155 πότε
1482 2129 1561 2155 τοῦτο
1574 2129 1702 2163 εἴπωσινς
1721 2129 1818 2157 Ἑκόν-

1025 2184 1069 2207 τες
1085 2176 1145 2210 μὲν,
1158 2175 1297 2207 οὐδέποτε,
1316 2175 1429 2206 ἄκοντες
1444 2176 1483 2206 δὲ,
1502 2177 1573 2202 κατὰ
1592 2177 1638 2202 τὸν
1656 2176 1752 2211 καιρὸν
1763 2177 1816 2210 τῆς

183 2217 306 2248 tempore
317 2216 427 2242 secundi
445 2217 579 2245 adtentus
599 2220 670 2254 ejus.
694 2221 804 2255 quando
831 2227 967 2249 venturus

1035 2223 1152 2256 lsutépa;
1181 2221 1262 2248 αὑτοῦ
1282 2222 1443 2257 παρουσίας,
1464 2222 1528 2248 ὅταν
1542 2222 1603 2257 ἥξει
1622 2222 1659 2257 (9)
1684 2223 1752 2257 μετὰ
1767 2222 1817 2248 δυ-

184 2263 226 2285 est
239 2267 305 2286 cum.
319 2264 453 2294 potestate
466 2266 493 2289 et
509 2263 594 2297 gloria
611 2272 709 2300 magna
727 2275 734 2299 ;
757 2267 868 2301 quando
895 2267 970 2294 nulla

184 2305 237 2330 erit
256 2305 297 2332 eis
317 2306 420 2334 utilitas
434 2309 609 2343 cognitionis.
626 2310 753 2339 Amantis
782 2320 847 2340 vero
865 2313 969 2340 dictum

182 2354 242 2377 est:
260 2350 434 2387 Nequaquam
452 2363 492 2382 me
506 2356 614 2389 posthac
630 2358 757 2386 videbitis.
788 2359 969 2387 Vehementer

183 2397 317 2431 siquidem
334 2399 460 2433 amabat;
474 2409 568 2429 verum
582 2403 795 2438 despiciebatur,
810 2409 838 2432 et
867 2406 967 2433 idcirco

184 2443 302 2470 maxime
322 2444 441 2474 dolebat.
458 2446 572 2474 Posthac
588 2452 678 2475 autem
693 2449 797 2482 dicens,
816 2457 871 2477 non
883 2450 970 2478 solum

183 2492 292 2524 tempus
305 2489 370 2518 illud
384 2491 556 2528 signiﬁcavit,
578 2495 626 2522 sed
643 2499 729 2522 totum
752 2505 838 2531 usque
854 2497 887 2524 ad
906 2498 970 2526 Pas-

1025 2269 1133 2303 νάμεως
1148 2268 1195 2294 καὶ
1212 2267 1293 2303 δόξης
1309 2268 1420 2303 πολλῆς,
1435 2269 1500 2295 ὅταν
1514 2268 1590 2295 οὐδὲν
1612 2269 1702 2299 αὐτοῖς
1718 2268 1817 2302 ὄφελος

1024 2314 1072 2349 τῆς
1096 2313 1282 2348 ἐπιγνώσεως.
1303 2313 1435 2349 Ἐραστοῦ
1447 2314 1476 2340 δὲ
1491 2314 1532 2346 τὺ,
1551 2315 1589 2341 Οὐ
1602 2314 1644 2348 μή
1667 2322 1707 2348 με
1732 2314 1817 2348 ἴδητε

1022 2360 1142 2395 ἀπάρτι,
1155 2361 1257 2396 σφόδρα
1276 2360 1325 2396 μὲν
1348 2360 1476 2396 ἐρῶντος,
1496 2360 1698 2396 ἀτιμαζομένου
1712 2360 1752 2392 δὲ,
1766 2361 1815 2387 καὶ

1023 2407 1066 2433 διὰ
1085 2407 1165 2434 τοῦτο
1189 2407 1412 2442 περιαλγοῦντος.
1432 2407 1549 2441 Ἀπὰρτι
1565 2407 1593 2433 δὲ
1608 2407 1702 2439 εἰπὼν,
1716 2407 1748 2433 οὺ
1763 2407 1815 2442 τὴν

1022 2453 1097 2488 ὥραν
1113 2453 1222 2489 ἐκείνην
1246 2454 1330 2489 μόνην
1359 2453 1504 2489 ἐδήλωσεν,
1527 2452 1584 2479 ἀλλ’
1610 2452 1670 2479 ὅλον
1686 2452 1732 2479 τὸν
1746 2452 1814 2488 ἄχρι

1022 2499 1072 2534 τῆς
1091 2498 1272 2535 σταυρώσεως
1286 2499 1394 2535 καιρὸν,
1410 2497 1469 2534 μεθ’
1480 2498 1509 2525 ὃν
1524 2498 1575 2525 οὐκ
1585 2497 1625 2524 ἔτι
1637 2495 1708 2524 εἶδον
1718 2497 1813 2525 αὐτόν.

778 2587 877 2617 Variae
897 2587 1050 2618 lectiones
1066 2591 1098 2618 et
1117 2591 1212 2618 notae.

218 2643 257 2682 (ἶ)
273 2645 328 2672 Καὶ
341 2647 396 2676 τόν,
410 2647 505 2674 ordine
518 2649 636 2682 inverso,
653 2649 684 2676 Β.

217 2680 255 2714 (8,
274 2681 339 2719 ttat,
359 2681 509 2717 interponit
521 2684 553 2710 A.

217 2760 253 2799 (el
276 2760 411 2799 Interpres
437 2769 491 2789 non
508 2762 580 2797 cepit
598 2763 783 2799 ἐπικρεμάσαι
797 2765 850 2790 τινὶ
871 2765 964 2798 φόϐον.

179 2793 288 2823 Redde:
303 2793 571 2834 Quoniamrgehenu'w
581 2804 649 2825 metu
663 2793 760 2834 injecto
771 2808 813 2826 eos
829 2793 883 2826 non
894 2809 966 2826 uom-

179 2835 308 2875 mo'aerat,
325 2832 493 2875 quod-silicet
508 2834 598 2875 {alitro
612 2838 665 2875 est,
680 2832 758 2862 terret
775 2843 818 2875 eos
833 2843 869 2875 αα.
885 2840 966 2862 certos

179 2866 266 2893 reddit
279 2874 295 2893 α
308 2866 516 2898 calamitatibus.
542 2868 684 2898 Sententia
699 2874 741 2898 est
760 2879 766 2896 :
783 2870 916 2903 Quoniam
932 2878 963 2898 ea

1056 2651 1094 2687 (9)
1114 2651 1195 2687 Ἥετι.
1209 2652 1238 2678 [⁵ο

1019 2773 1079 2800 quae
1094 2769 1201 2793 remota
1213 2769 1278 2793 sunt
1295 2765 1366 2793 haud
1380 2766 1448 2794 adeo
1467 2771 1594 2794 metuunt
1609 2766 1742 2799 homines,
1761 2774 1811 2801 pc-

1020 2800 1115 2828 riculis
1130 2801 1227 2828 vicinis
1239 2809 1286 2828 eos
1305 2806 1398 2828 terret.
1409 2801 1668 2836 Κατασφαλίςεσθαι
1685 2802 1712 2829 h.
1731 2821 1749 2828 ..
1763 2800 1811 2830 est

1021 2843 1130 2863 omnem
1155 2835 1353 2872 dubitationem
1379 2835 1531 2864 futurarum
1547 2844 1690 2872 pwuarum
1713 2837 1811 2865 tollere

1017 2878 1066 2906 per
1082 2879 1176 2907 pmnas
1194 2871 1317 2906 proxime
1334 2871 1450 2900 futuras.
