1939 3075
121 147 177 178 609

539 148 737 179 COMMENT.
755 147 796 178 IN
816 148 1055 179 MATTHt-EUM.
1073 160 1108 165 -
1128 149 1207 179 CAP.
1228 149 1333 181 XXIV.

1704 153 1758 186 610

120 199 159 234 τῇ
187 200 285 228 κτίσει
312 201 350 236 τῇ
379 201 431 230 ὑπ’
459 202 601 236 οὐρανόν.
620 203 650 229 Εἰ
670 204 726 238 γὰρ
755 202 836 234 αὐτὸς
860 203 914 230 ἀπὸ

967 208 1028 230 tura
1049 212 1108 238 qua:
1122 204 1167 230 sub
1190 204 1254 231 ca‘lo
1271 210 1311 244 est
1324 204 1356 232 “.
1372 205 1400 232 Si
1423 207 1496 234 enini
1515 207 1572 243 ipse
1587 215 1602 235 a
1630 208 1759 237 Hieroso-

127 246 361 282 Ἰερουσαλὴμ-ἐἱς
392 248 532 274 Ἱσπανίαν
553 248 697 284 ἐκήρυξεν,
718 250 846 284 ἐννόησον
868 249 916 275 καὶ

121 293 187 326 περὶ
202 293 256 319 τῶν
276 293 364 320 ἄλλων
384 294 554 327 ἀποστόλων,
570 295 634 330 ἄχρι
657 295 741 322 πόσου
755 295 914 331 διέδραμον.

121 338 171 364 Διὰ
194 339 273 365 τοῦτο
301 339 330 365 δὲ
349 339 418 374 μετὰ
434 340 465 366 τὸ
491 340 663 376 κηρυχθῆναι
691 341 720 367 τὺ
747 341 915 376 Εὐαγγέλιον

121 384 260 419 πανταχοῦ
271 385 321 420 τῆς
330 386 494 421 οἰκουμένης
506 387 670 413 ἀπόλλυνται
681 387 715 414 τὰ
732 387 914 423 Ἱεροσόλυμα,

122 430 166 456 ἵνα
187 430 254 465 μηδὲ
274 431 353 458 σκιὰν
371 432 520 466 ἀπολογίας
536 432 636 468 ἔχωσιν
669 434 799 467 Ἰουδαῖοι,
815 434 915 461 τοσαύ-

119 476 170 510 τὴν
196 475 296 507 ἰδόντες
320 476 369 512 τὴν
398 477 513 513 δύναμιν
538 479 585 505 τοῦ
613 480 800 515 κηρύγματος,
824 481 861 512 ὡς
884 481 914 506 ὲν

121 521 218 557 βραχεῖ
239 524 328 549 πᾶσαν
346 524 508 559 ἐπιδραμεῖν
523 525 573 560 τὴν
591 527 767 562 οἰκουμένην,
780 528 827 553 καὶ
841 536 915 553 παν-

119 568 205 602 ταχοῦ
234 568 357 603 λάμψαι,
391 571 437 596 καὶ
472 572 656 607 μεμενηκότες
687 574 733 599 ἐπὶ
756 575 805 609 τῆς
830 574 913 609 αὐτῆς

119 612 251 644 ἀπιστίας
269 614 318 640 καὶ
331 615 540 651 ἀγνωμοσύνης.

157 659 251 685 Ὅταν
282 657 339 687 οὖν
367 675 404 680 -
433 663 548 689 νοείτω.
586 658 730 699 Βδέλυγμα
757 664 805 691 νῦν
839 665 912 700 λέγει

118 705 164 731 τὸν
179 706 329 740 ἀνδριάντα
345 707 392 733 τοῦ
413 706 505 741 Τίτου,
522 709 562 742 ὃν,
581 710 648 737 ἑλὼν
664 711 712 746 τὴν
727 711 815 744 πόλιν,
834 711 913 747 ἐστη-

119 760 167 778 σεν
196 752 224 778 ὲν
249 753 305 783 τοῖς
339 753 446 784 ἀδύτοις
476 754 523 781 τοῦ
551 755 628 783 ναοῦ.
652 756 830 793 Βδελύγματα
856 758 911 793 γὰρ

117 799 132 824 ὁ
157 799 239 833 νόμος
264 799 390 834 ὠνόμαζε
414 801 448 826 τὰ
474 802 588 828 ’τοιαῦτα
616 803 825 839 ἀφομοιώματα.
857 804 912 839 Τῆς

117 847 287 881 δρημώσεως
309 847 338 874 δὲ
363 848 443 875 τοῦτο
466 849 596 884 κέκληκε,
616 849 695 881 διότι,
719 849 911 885 ὲρημουμένου

967 247 1047 283 lymis
1077 257 1163 283 usque
1192 250 1226 276 ad
1254 250 1412 285 Hispaniam
1450 253 1617 287 pnedieavit,
1646 254 1759 290 concipe

967 294 1050 321 etiam
1064 294 1097 321 de
1113 295 1222 322 cat-teris
1238 297 1369 330 apostolis
1396 305 1538 333 quousque
1562 300 1758 334 percurrerint.

967 339 1076 366 Idcirco
1093 340 1167 366 enim
1176 345 1318 375 postquam
1333 342 1511 376 praedicatum
1526 349 1568 371 est
1584 344 1759 381 Evangelium

967 385 1068 418 ubique
1084 388 1230 417 terrarum,
1242 391 1361 420 pereunt
1371 387 1568 423 Hierosolyma,
1586 397 1621 416 ne
1634 391 1759 418 umbram

966 429 1076 464 quidem
1091 431 1279 465 responsionis
1295 431 1414 459 habeant
1426 432 1510 460 Judaei
1525 441 1533 460 :
1550 438 1651 461 tantam
1665 435 1760 462 viden-

967 479 1007 502 tes
1024 476 1227 511 praedicationis
1245 478 1386 511 virtutem,
1403 482 1433 505 ut
1447 479 1611 507 breviSsimo
1639 484 1760 514 tempore

967 521 1125 548 universum
1142 523 1312 556 percurrcrit
1325 524 1430 557 orbem,
1448 529 1476 551 et
1500 525 1602 560 ubique
1628 527 1759 561 splendo-

966 575 1023 594 rem
1054 568 1263 596 dederit:cum
1296 574 1386 597 tamen
1417 571 1468 606 ipsi
1501 573 1703 607 permanserint
1729 573 1759 600 in

965 613 1128 642 infidelitate
1139 620 1167 642 et
1178 615 1375 650 ingratitudine
1392 624 1452 644 sua.

1002 659 1080 686 Vers.
1093 659 1138 687 15.
1159 658 1225 686 Cum
1239 668 1300 695 ergo
1313 675 1349 680 —
1364 660 1504 695 intelligat.
1519 661 1758 689 Abominationem

965 704 1032 731 dicit
1045 704 1099 731 Titi
1115 708 1246 738 statuam,
1276 713 1357 740 quam
1387 710 1467 740 capta
1494 707 1604 735 civitate
1621 709 1715 735 statuit
1730 709 1758 735 in

964 750 1053 785 adytis
1070 751 1178 784 templi.
1204 750 1346 785 Siquidem
1367 751 1584 779 abominationes
1606 754 1759 789 appellabat

964 796 1007 823 lex
1025 797 1182 831 ltujusmodi
1208 797 1353 831 imagines.
1379 797 1562 826 Desolationis
1592 807 1656 826 vero
1680 800 1757 833 dixit,

964 842 1027 877 quia
1045 843 1090 869 illa
1108 842 1222 870 deserto
1239 843 1340 877 templo
1353 851 1385 872 ac
1397 844 1508 871 civitate
1527 849 1618 871 erecta
1631 849 1674 872 est
1690 853 1697 872 :
1712 851 1759 872 aut

117 892 167 918 τοῦ
197 892 263 919 ναοῦ
289 893 335 918 καὶ
363 894 411 928 τῆ,
441 894 554 927 πόλεως,
584 894 650 929 ἔστη
679 894 768 920 τοῦτο·
799 894 814 929 ἢ
844 895 911 921 διότι

966 891 1026 924 quia
1043 890 1102 925 ejus
1115 894 1174 916 erat
1187 890 1276 924 imago
1291 890 1337 924 qui
1353 890 1411 917 haec
1428 890 1537 917 deserta
1571 891 1645 918 fecit.
1680 892 1759 924 Quod

117 937 166 962 τοῦ
190 938 383 973 ἐρημώσαντος
407 939 477 965 αὐτὰ
497 937 530 974 ἦν
556 941 572 974 ὴ
600 939 681 967 εἰκών
713 940 781 975 (Ξῖ),
803 940 839 966 Τὸ
870 940 909 973 εδ,

119 982 214 1009 Ὅταν
229 983 322 1017 Ζδητε,
337 984 412 1010 δοκεί
426 984 476 1019 μὲν
491 985 607 1020 ῥηθῆναι
624 985 692 1018 πρὸς
713 985 775 1016 τοὺς
790 985 909 1012 duono—

117 1029 192 1060 λους·
208 1029 322 1065 φέρεται
338 1030 366 1056 δὲ
383 1030 449 1066 πρὸς
462 1031 525 1062 τοὺς
545 1030 700 1062 Ἰουδαίους,
717 1031 760 1057 ἵνα
776 1031 908 1066 μάθωσιν,

118 1075 161 1100 ὅτι
174 1075 224 1100 οὐκ
235 1075 274 1106 εἰς
290 1076 411 1110 μακρὰν,
423 1075 492 1102 ἀλλὰ
504 1075 614 1108 ζώντων
630 1076 720 1102 αὐτῶν
731 1076 760 1102 τὸ
772 1076 910 1111 βδέλυγμα

119 1123 262 1156 στήσεται.
289 1121 321 1147 01.
350 1122 495 1148 ἀπόστολοι
523 1123 578 1157 γὰρ
603 1121 724 1155 ἔφθασαν
751 1122 910 1157 προαποθα-

118 1168 211 1198 νόντες
239 1167 263 1192 οἱ
293 1167 414 1199 πλείους,
445 1168 493 1194 καὶ
525 1168 583 1194 ὅσοι
611 1167 638 1193 δὲ
667 1167 908 1202 περιελείφθησαν,

119 1213 148 1238 ἐν
159 1212 249 1244 ἄλλοις
261 1214 411 1248 τηνικαῦτα
426 1214 521 1248 μέρεσι
531 1214 578 1249 τῆς
592 1213 753 1248 οἰκουμένης
765 1212 909 1248 διέτριϐον.

118 1259 287 1294 Πκρέπεμᾲε
299 1259 326 1285 δὲ
343 1259 440 1289 αὐτοὺς
451 1259 497 1285 ἐπὶ
510 1259 554 1284 τὸν
564 1259 672 1294 Δανιὴλ,
684 1259 910 1294 προφητεύσαντα

119 1306 185 1338 περὶ
207 1305 253 1331 τοῦ
277 1305 398 1331 τοιούτου
422 1304 618 1340 βδελύγματος,
648 1307 695 1332 καὶ
715 1305 763 1332 τοῦ
786 1306 908 1341 ὀλέθρου.

119 1350 199 1383 Τότε,
218 1351 309 1385 φησὶν,
325 1352 338 1376 ὁ
352 1351 548 1384 ἀναγινώσκων
564 1351 614 1385 τὴν
627 1351 716 1386 βίόλον
730 1350 776 1376 τοῦ
799 1350 908 1384 Δανιὴλ,

118 1398 213 1424 νοείτω
231 1398 379 1424 ἐπιστάντα
396 1397 441 1423 τὸν
459 1397 579 1432 ὀλεθρον.
605 1397 632 1423 '0
650 1397 678 1423 δὲ
696 1398 802 1428 Λουκᾶς
816 1398 910 1431 ἕτερον

119 1443 232 1478 σημεῖόν
260 1451 361 1476 φησιν,
390 1443 430 1468 ὅτι
466 1443 558 1468 Ὅταν
589 1442 672 1476 ἴδητε
699 1443 911 1477 κυκλουμένην

117 1490 177 1518 ὑπὸ
191 1489 402 1522 στρατοπέδων
417 1489 473 1524 τὴν
497 1490 706 1524 Ἰερουσαλὴμ,
724 1490 790 1516 τότε
806 1489 908 1525 πῶτε,

118 1535 164 1561 ὅτι
180 1533 253 1570 ἧκεν
268 1535 286 1568 ἡ
303 1534 453 1569 ἐρήμωσις
468 1535 572 1569 αὐτῆς.
591 1536 719 1562 Φαίνεται
736 1533 793 1568 οὖν,
809 1536 849 1562 ὅτι
863 1536 910 1563 καὶ

118 1581 261 1615 ἀμφότερα
276 1578 351 1605 εἶπεν
367 1580 380 1605 ὁ
392 1580 520 1611 Χριστός.

157 1626 227 1652 Τότε
241 1640 263 1645 -ν
289 1625 337 1651 ἐπὶ
357 1625 392 1652 τὰ
409 1625 473 1658 ὅρη.
492 1624 583 1651 Εἰπὼν
598 1626 662 1661 περὶ
679 1626 733 1652 τῶν
747 1626 841 1653 κακῶν
857 1625 911 1652 τῶν

119 1672 354 1706 καταὶηψομένων
378 1672 410 1698 τὰ
436 1671 622 1707 Ἱεροσόλυμα,
640 1673 683 1699 ναὶ
707 1673 760 1708 μὴν
782 1673 910 1707 καὶπερὶ

120 1718 175 1744 τῶν
188 1718 292 1744 πολλῶν
304 1719 350 1744 καὶ
363 1719 491 1744 ποικίλων
504 1719 666 1754 πειρασμῶν
677 1719 731 1745 τῶν
742 1720 909 1752 ἀποστόλων,

117 1764 160 1790 ιτι
176 1764 204 1789 δὲ
218 1765 264 1790 καὶ
277 1764 343 1798 περὶ
359 1763 408 1798 τῆς
425 1764 582 1796 εὺοδώσεως
599 1765 647 1791 τοῦ
664 1766 854 1801 κηρύγματος,
868 1767 909 1793 ὃτι

119 1810 330 1844 ἀνεμποδίστως
348 1811 440 1836 πᾶσαν
457 1810 652 1846 ἐπιδραμεῖται
669 1812 719 1846 τὴν
734 1812 910 1846 οἰκουμένην,

119 1857 192 1890 λέγει
218 1856 298 1882 πάλιν
323 1857 388 1892 περὶ
420 1857 475 1884 τῶν
499 1857 652 1884 Ἰουδαϊκῶν
680 1858 838 1893 συμφορῶν,
855 1858 911 1884 δει-

118 1903 219 1933 κνύων,
233 1903 272 1929 ὅτι
289 1903 352 1930 ὅταν
369 1903 449 1935 αὑτδς
465 1904 511 1930 καὶ
525 1905 549 1930 οἱ
568 1904 690 1939 μαθηταὶ
706 1905 789 1930 αὐτοῦ
806 1913 910 1931 παντα-

118 1949 167 1984 χοῦ
184 1948 362 1981 δοξάζωνται,
379 1951 442 1976 τότε
459 1947 534 1976 οὗτοι
551 1950 722 1985 πανταχόθεν
738 1950 910 1985 διαφθείρον-

117 2004 174 2022 ται.
192 1996 242 2021 Διὰ
257 1995 285 2020 δὲ
298 1994 351 2020 τῶν
365 1995 518 2021 δοκούντων
535 1995 641 2030 μικρῶν
663 1994 789 2029 ἐμφαίνει
805 1995 835 2020 τὺ
855 1994 910 2021 τῶν

119 2041 232 2076 πληγῶν
251 2041 364 2067 ἐκείνων
385 2042 533 2077 ἀφόρητον.
556 2041 656 2067 Σκόπει
674 2041 737 2076 γάρ.
760 2042 837 2074 Τότε,
855 2050 909 2076 φη-

120 2089 174 2120 σὶν,
191 2088 256 2114 ὅταν
273 2088 303 2114 τὸ
320 2087 460 2122 βδέλυγμα
477 2089 538 2123 στῇ,
552 2088 578 2113 οἰ
599 2089 628 2114 ἐν
642 2089 674 2123 τῇ
705 2087 829 2122 Ἰουδαίᾳ,
846 2087 910 2114 ἔνθα

119 2134 153 2159 τὰ
179 2131 368 2169 Ἱεροσόλυμα,
386 2134 560 2167 ςευγέτωσαν
574 2133 621 2159 ἐπὶ
638 2134 671 2160 τὰ
689 2133 750 2168 ὅρη,
775 2133 910 2168 μηδεμίαν

119 2179 216 2206 ἐλπίδα
235 2179 373 2214 σωτηρίας
394 2180 447 2206 ἀπὸ
464 2179 511 2205 τοῦ
534 2179 700 2215 προσμένειν
717 2179 834 2214 ἔχοντες.
853 2181 909 2206 υὺκ

964 941 1054 963 autent
1076 937 1135 964 ait:
1157 937 1221 964 Cum
1239 938 1372 970 videritis,
1399 937 1506 966 videtur
1521 939 1631 973 quidem
1655 939 1758 967 dictum

965 992 1027 1012 esse
1052 984 1085 1011 ad
1100 985 1250 1020 apostolos,
1264 986 1312 1013 sed
1336 990 1426 1013 tamen
1443 985 1530 1013 fertur
1542 986 1575 1013 ad
1594 985 1714 1020 Judzeos,
1730 991 1759 1013 ttt

964 1031 1051 1058 sciant
1068 1032 1140 1066 quod
1156 1039 1211 1066 non
1225 1032 1305 1066 longe
1318 1037 1389 1066 post,
1411 1032 1460 1059 sed
1482 1032 1522 1059 eis
1546 1033 1635 1060 adhuc
1665 1032 1757 1059 viven-

967 1077 1040 1105 tibus
1053 1078 1220 1105 abotninatio
1236 1078 1329 1105 stabit.
1345 1077 1442 1105 Plures
1462 1078 1596 1112 siquidem
1618 1079 1758 1113 apostolo-

964 1131 1024 1150 rttm
1037 1129 1100 1151 ante
1120 1124 1146 1151 id
1163 1129 1270 1158 tempus
1288 1124 1390 1151 mortui
1406 1128 1470 1151 sunt
1490 1133 1497 1151 :
1525 1125 1616 1151 cieteri
1638 1133 1701 1151 vero
1712 1126 1758 1159 qui

964 1174 1151 1197 remanserant
1181 1170 1208 1196 in
1235 1170 1295 1197 aliis
1317 1174 1379 1196 tunc
1409 1170 1481 1197 orbis
1510 1171 1634 1204 partibus
1665 1178 1758 1198 versa—

965 1215 1076 1242 bantur.
1112 1215 1185 1242 Misit
1220 1219 1312 1241 autetu
1337 1223 1385 1241 eos
1410 1215 1444 1241 ad
1475 1215 1627 1247 Danielem,
1654 1215 1701 1250 qui
1724 1217 1759 1243 de

965 1260 1122 1294 huiusmodi
1147 1260 1351 1287 abominationc
1375 1266 1403 1286 et
1424 1264 1512 1295 strage
1535 1260 1757 1295 prophetavet-at.

965 1305 1053 1338 Tunc,
1067 1306 1163 1340 inquit,
1180 1306 1226 1340 qui
1242 1306 1306 1341 legit
1325 1306 1442 1332 Danielis
1455 1307 1554 1333 librum
1567 1307 1599 1338 ⁸⁵,
1624 1306 1758 1340 intelligat

965 1359 997 1379 ac
1012 1353 1167 1379 considcret
1181 1356 1298 1378 erectam
1314 1351 1560 1378 abotninalionem.
1591 1351 1679 1378 Lucas
1692 1359 1757 1378 vero

965 1396 1040 1423 aliud
1070 1397 1136 1424 dicit
1161 1398 1293 1432 signum:
1317 1396 1383 1424 Cum
1412 1398 1531 1424 videritis
1550 1397 1710 1423 circumdari
1725 1397 1757 1423 ab

965 1447 1123 1474 exercitibus
1143 1446 1305 1479 Jerusalem,
1332 1451 1393 1473 tunc
1424 1447 1515 1473 scitote
1543 1446 1612 1481 quod
1639 1446 1756 1472 imminit

965 1493 1092 1520 dcsalali‘a
1113 1493 1169 1527 ejus
1186 1493 1219 1520 ⁸⁸.
1233 1493 1353 1528 Apparet
1370 1500 1434 1528 ergo
1451 1492 1524 1527 quod
1551 1497 1698 1526 utrumque.
1715 1492 1756 1519 di-

966 1540 1035 1567 xerit
1053 1539 1187 1566 Clirisuts.

1000 1626 1075 1653 Vers.
1092 1625 1134 1653 16.
1149 1625 1218 1652 Tunc
1231 1640 1262 1645 ——
1275 1625 1310 1651 ad
1328 1628 1437 1651 utentes.
1460 1623 1607 1658 Postquam
1621 1622 1654 1650 de
1670 1621 1749 1650 malis

963 1671 1040 1704 dixit,
1064 1680 1124 1706 qua:
1152 1672 1383 1707 comprehensum
1405 1675 1483 1698 erant
1504 1669 1702 1705 Hierosolyma,
1721 1668 1756 1695 de

961 1718 1054 1745 multis
1069 1723 1199 1753 pra-terea
1215 1726 1246 1745 ac
1257 1718 1338 1745 variis
1350 1717 1534 1752 apostolorum
1546 1715 1755 1745 tentatiunibus.

961 1765 1075 1800 insuper
1087 1770 1114 1792 et
1127 1765 1159 1792 de
1174 1763 1522 1799 prosperoiprtedieationis
1531 1770 1672 1794 successu,
1684 1761 1755 1796 quod

961 1812 1062 1846 absque
1078 1812 1131 1839 ullo
1149 1811 1346 1846 impedimento
1367 1811 1530 1837 universum
1543 1815 1683 1844 pereurre!
1712 1816 1757 1835 or-

960 1857 1023 1884 bem
1043 1866 1048 1883 :
1065 1857 1183 1891 loqttitur
1198 1857 1295 1883 iterum
1315 1856 1349 1883 de
1366 1854 1525 1882 Judteorum
1542 1854 1755 1882 calamitatibus.

960 1903 1110 1930 Ostendens
1123 1902 1196 1936 quod
1211 1906 1354 1936 postquam
1373 1901 1431 1935 ipse
1448 1899 1612 1934 ctdiseipuli
1630 1900 1670 1925 sui
1689 1898 1750 1926 ubi-

962 1956 1015 1983 que
1044 1949 1071 1975 in
1102 1948 1231 1983 opinione
1263 1948 1365 1975 celebri
1404 1946 1489 1973 habiti
1516 1946 1627 1978 fuerint,
1643 1950 1707 1972 tunc
1726 1945 1756 1972 lti

962 1995 1080 2030 undique
1102 1995 1261 2030 perdentur.
1287 1993 1338 2020 Per
1361 2000 1392 2020 ea
1407 2000 1471 2019 vero
1486 1999 1546 2026 qua:
1562 1999 1644 2026 parva
1660 1990 1756 2018 viden-

962 2048 1016 2075 tur,
1032 2042 1203 2069 demonstrat
1217 2041 1357 2076 plagarum
1371 2040 1477 2066 illarum
1494 2037 1753 2066 intolerabilitatem.

960 2088 1109 2116 Considera
1124 2087 1208 2116 enim.
1240 2087 1327 2118 Tunc,
1346 2086 1443 2121 inquit,
1457 2086 1502 2120 qui
1517 2085 1544 2112 in
1558 2084 1650 2112 Judaea
1678 2088 1752 2116 sunt,

962 2133 1008 2159 ubi
1026 2132 1212 2167 Hierosolyma
1227 2132 1279 2159 sita
1291 2135 1364 2162 suttt,
1383 2129 1490 2165 fugiant
1509 2129 1543 2156 ad
1559 2134 1676 2161 montes,
1692 2129 1753 2154 nul-

962 2177 1015 2204 lam
1031 2177 1124 2204 salutis
1150 2185 1225 2211 spem
1248 2177 1274 2203 in
1299 2177 1467 2203 remanendo
1483 2174 1632 2206 habentes;
1665 2181 1753 2207 neque

118 2225 195 2252 ἔσται
224 2226 277 2260 γὰρ
306 2224 456 2258 ἀνάκλησις
486 2225 572 2257 ὅλως,
604 2224 665 2251 οὐδὲ
697 2224 834 2259 μεταόολὴ
863 2225 909 2251 τοῦ

966 2224 1036 2251 enim
1065 2223 1117 2250 erit
1148 2222 1260 2249 omnino
1286 2221 1424 2249 revocatio
1451 2226 1497 2248 aut
1526 2221 1590 2248 mali
1616 2222 1751 2254 tl'utaliu;

119 2271 216 2298 κακοῦ.
235 2271 336 2306 Διόπερ
356 2271 501 2306 ἀγαπητὸν
519 2271 549 2297 τὸ
563 2270 610 2297 καὶ
624 2270 721 2306 γυμνῷ
735 2270 773 2306 τῷ
802 2270 907 2306 σώματι

118 2317 230 2351 φεύγειν
245 2317 462 2352 ἀμεταστρεπτί.

158 2363 191 2389 ὐ
217 2378 251 2382 —
274 2362 330 2397 τῆς
350 2363 461 2395 οἰκείας
485 2362 587 2390 αὑτοῦ.
612 2363 661 2389 Διὰ
683 2362 729 2390 τὸν
753 2363 907 2398 ἀφύλακτον

117 2409 194 2435 κάτω
208 2407 342 2439 κίνδυνον,
356 2408 400 2434 ἵνα
416 2407 453 2443 μὴ
467 2408 596 2443 ἐμπεσὼν
607 2408 754 2444 ἀπόληται,

154 2455 208 2482 Καὶ
222 2470 257 2475 -
270 2455 306 2481 τὰ
322 2455 421 2489 ιμάτια
441 2455 544 2483 αὐτοῦ.
561 2457 591 2482 Εἰ
607 2456 662 2492 γὰρ
679 2457 704 2483 οἱ
727 2458 755 2484 ἐν
771 2459 803 2493 τῇ
830 2457 907 2484 πόλει

117 2501 249 2536 φεύγουσι
262 2502 307 2527 τὸν
325 2501 398 2528 ἔνδον
413 2502 468 2537 (25)
485 2502 606 2538 ὀλεθρον,
620 2503 709 2538 πολλῷ
722 2504 823 2538 μᾶλλον
838 2505 862 2531 οἱ
878 2505 906 2531 ὲν

115 2548 174 2578 τοῖς
203 2548 309 2583 ἀγροῖς.
340 2548 419 2582 Παρὰ
444 2548 472 2574 δὲ
498 2548 537 2583 τῷ
563 2549 656 2585 Λουκᾷ
678 2550 751 2584 λέγει
780 2551 827 2576 καὶ
858 2551 907 2585 τὴν

117 2593 208 2620 αἰτίαν
231 2593 282 2628 τῆς
308 2593 488 2629 σφοδρότητος
513 2594 567 2622 τῶν
596 2595 718 2631 πληγῶν,
739 2596 779 2622 ὅτι
805 2596 908 2631 ἡμέραι

173 2684 196 2701 ⁵⁸
211 2685 316 2712 Coloss.
337 2692 357 2718 t,
375 2686 428 2719 25;
445 2693 481 2718 νι,
499 2686 542 2713 10.
597 2684 620 2702 ⁸¹
639 2686 706 2715 Dan.
723 2693 762 2719 Ix,
777 2686 821 2712 27.

877 2685 899 2701 "
913 2684 978 2710 Luc.
995 2691 1051 2716 χχι,
1069 2683 1115 2710 20.

963 2270 1024 2297 ideo
1045 2269 1071 2296 id
1084 2268 1304 2303 antplectendunt
1318 2267 1380 2300 erit,
1400 2273 1430 2294 ut
1442 2267 1515 2294 ttudo
1530 2267 1611 2294 etiam
1627 2274 1751 2302 corpore,

961 2323 1013 2343 nec
1033 2323 1111 2342 versa
1125 2319 1275 2341 retrorsum
1295 2313 1363 2341 facie
1376 2313 1491 2349 fugiant.

998 2361 1075 2388 Vers.
1098 2361 1141 2387 l7.
1157 2359 1254 2392 Qui—
1268 2361 1345 2387 domo
1360 2368 1422 2387 sua.
1449 2359 1565 2394 Propter
1590 2359 1750 2386 inevitabile

960 2407 1125 2442 periculum,
1154 2414 1189 2433 ne
1203 2405 1306 2433 incidat
1319 2406 1345 2432 in
1366 2406 1558 2441 perditionem.

995 2453 1073 2481 Vers.
1092 2454 1134 2481 18.
1154 2453 1189 2480 Et
1207 2466 1239 2472 -
1253 2454 1406 2480 uestimenta
1416 2461 1476 2479 sua.
1511 2453 1539 2479 Si
1554 2452 1628 2478 enim
1652 2451 1697 2486 qui
1721 2451 1748 2478 in

960 2501 1070 2528 civitate
1086 2505 1160 2532 sunt,
1178 2499 1285 2535 fugiunt
1306 2507 1367 2526 eam
1382 2506 1441 2534 quae
1457 2497 1533 2524 intus
1545 2501 1588 2524 est
1616 2501 1747 2531 stragem,

960 2547 1047 2575 multo
1062 2546 1150 2581 magis
1166 2546 1212 2580 qui
1229 2546 1257 2572 in
1270 2545 1353 2581 agris.
1382 2545 1459 2579 Apud
1478 2543 1581 2571 Lucam
1597 2550 1662 2569 vero
1681 2542 1749 2569 dicit

961 2593 1044 2621 etiatn
1061 2600 1172 2620 causam
1191 2591 1374 2619 vehementia:
1383 2591 1525 2626 plagarum
1540 2589 1562 2605 "
1581 2597 1589 2616 :
1604 2588 1673 2621 Quia
1688 2587 1747 2614 dies

1169 2684 1191 2698 "
1213 2682 1278 2710 Luc.
1292 2690 1349 2715 xxt,
1362 2681 1408 2708 ἓξ.

722 2767 824 2799 Variae
839 2766 993 2800 lectiones
1010 2770 1040 2798 et
1056 2767 1150 2796 notae.

117 2851 186 2878 Novi
204 2851 381 2888 Testamepti,
404 2853 525 2886 sequitur
542 2852 711 2888 Entltymius.
731 2853 808 2881 llunc
835 2859 910 2880 erro-

121 2894 180 2915 tetu
199 2889 317 2916 ecrrcx‘t
329 2887 480 2924 Tltenpltyl.
499 2897 525 2924 p.
543 2890 591 2918 145
608 2887 640 2916 E.

999 2850 1054 2884 (22)
1070 2847 1132 2884 Ἦν,
1140 2846 1233 2884 alite-3v,
1248 2847 1282 2884 A_.

1001 2882 1056 2921 (25)
1074 2882 1166 2911 Ἐνδον
1174 2883 1250 2911 abcst
1261 2882 1294 2910 A.
