1939 3075
255 137 307 168 627

256 238 355 265 dicitur
371 245 466 274 quarta
493 247 554 274 pars
570 240 666 271 noctis,
688 244 767 275 prout
792 240 872 267 ctiam
895 239 957 266 alibi
973 239 1041 266 dixi-

256 293 328 311 mus.
344 285 499 312 Parabolice
513 290 603 312 autem
622 294 696 313 nunc
715 286 790 317 dicit,
808 285 878 320 quod
897 285 919 312 si
945 285 1041 312 scisset

260 331 341 357 homo
366 339 419 365 quo
443 337 564 366 tempore
581 332 641 359 ﬁnis
662 333 722 359 vitae
752 340 809 359 sum
826 331 935 359 futurus
956 336 1039 363 esset,

257 377 349 410 utique
362 377 433 404 circa
449 377 513 404 illud
535 382 642 412 tempus
656 378 802 413 vigilasset,
823 382 850 404 et
867 384 1038 411 nequaquam

257 421 395 456 periisset.
413 422 466 449 Sed
482 427 626 457 propterea
641 428 667 450 et
687 431 860 450 communem
870 423 991 449 omnium
1006 422 1036 448 ﬁ-

255 475 330 498 nem,
344 472 371 494 ct
402 475 464 494 eum
483 468 528 502 qui
545 469 643 503 cuique
657 468 783 503 proprius
805 473 857 499 est,
878 468 940 495 fecit
969 468 1040 496 Deus

254 518 284 540 ut
307 513 471 547 ignorarem,
502 521 537 540 ne
563 514 596 541 ad
613 514 677 541 illud
693 514 781 541 solum
809 519 915 549 tempus
945 515 1040 550 vigila-

254 564 326 589 rent,
346 560 418 586 oniui
439 560 543 595 reliquo
560 560 628 587 male
643 561 764 588 viventes
781 569 787 586 :
805 561 850 587 sed
865 566 904 592 ut,
919 568 979 587 cum
996 562 1039 587 in-

255 610 346 631 certus
372 604 493 636 sitﬁnis,
509 612 617 638 semper
640 604 714 632 illum
738 609 907 640 exspectent,
932 612 1040 641 semper

255 651 307 677 sint
324 651 356 677 ad
374 656 512 678 certamen
532 651 630 686 parati.

290 743 367 771 Vers.
388 745 432 772 Η.
462 744 523 771 Ideo
547 759 581 765 —
597 749 721 772 venturus
755 750 802 772 est.
826 745 898 772 Ideo.
927 745 1041 778 Quare?

255 790 322 823 Quia
340 796 446 825 tempus
458 791 597 826 ignoratis.
613 790 641 818 In
660 791 806 818 universali
837 791 969 826 siquidem
986 792 1040 820 ﬁne

256 838 349 864 mttndi
379 838 550 865 manifestum
568 841 620 869 est,
646 837 718 872 quod
740 837 870 864 Dominus
885 838 986 865 veniet.
1002 838 1040 865 De

874 137 1066 169 EUTHYMII
1084 138 1263 170 ZIGABENI

294 193 370 219 ’ἔνι-ε.
396 193 441 220 45.
469 192 689 220 Illud—suam.
706 193 802 228 Vigilia
831 193 888 220 sive
915 192 1037 220 custodia
1056 197 1076 220 Α

1824 139 1880 171 6ῗὸ

1133 193 1248 220 Ἐκεῖνο
1266 209 1297 215 μ
1310 193 1414 220 αὐτοῦ.
1433 192 1544 228 Φυλακὴ
1564 193 1686 220 καλεῖται
1721 192 1750 219 τὸ
1779 202 1883 228 τεταρ-

1091 239 1224 275 τημόριον
1251 241 1299 275 τῆς
1315 241 1424 272 νυκτὸς,
1440 240 1478 270 ὡς
1495 240 1544 266 καὶ
1562 239 1590 265 ἐν
1607 239 1697 270 ἄλλοις
1711 240 1882 274 εἰρήκαμεν.

1094 285 1292 320 ῐΙαραεολικῶς
1316 285 1344 311 δέ.
1372 285 1579 320 φησινῦν,ὂτι,
1610 285 1658 312 ἐὰν
1686 285 1837 318 ἐγίνωσκεν
1867 287 1882 310 ὁ

1090 331 1232 367 ἄνθρωπος
1250 332 1277 358 ἐν
1295 331 1362 366 ποίῳ
1381 331 1469 367 καιρῷ
1500 332 1548 366 τῆς
1564 331 1637 365 ζωῆς
1657 330 1739 357 αὐτοῦ
1773 331 1803 357 τὺ
1832 331 1882 357 τέ-

1091 379 1135 409 λο;
1152 378 1273 413 ἔρχεται,
1294 378 1482 412 ἐγρηγόρησεν
1498 377 1530 404 ἃν
1548 377 1607 404 κατ’
1625 378 1731 403 ἐκεῖνον
1748 377 1795 403 τὴν
1813 385 1880 402 και-

1093 425 1148 459 ρὶν.
1163 427 1210 450 καὶ
1224 425 1273 450 οὐκ
1287 423 1318 450 ἂν
1338 424 1471 451 ἀπώλετο.
1498 422 1579 449 Ἀλλὰ
1606 423 1649 449 διὰ
1678 422 1757 449 τοῦτο
1780 423 1828 449 καὶ
1849 423 1880 448 τὶ

1091 469 1181 495 κοινὸν
1199 469 1308 495 πάντων
1325 468 1411 499 τέλος,
1434 467 1523 494 καὶτὸ
1537 468 1604 494 ἴδιον
1627 467 1742 493 ἑκάστου
1772 467 1878 493 πεποι-

1090 523 1157 547 ηκεν
1169 514 1354 549 ἀγνοούμενον
1366 515 1379 541 6
1392 513 1469 546 Θεὸς,
1487 513 1530 540 ἵνα
1544 514 1581 548 μὴ
1593 513 1654 539 κατ’
1668 514 1770 539 ἐκεῖνον
1794 513 1879 547 μόνον

1090 561 1135 588 τὸν
1171 561 1266 597 καιρὸν
1292 561 1419 596 νήφωσι,
1450 560 1495 586 τὸν
1530 560 1609 587 ἄλλον
1638 560 1746 586 ἅπαντα
1781 559 1881 590 κακῶς

1091 608 1224 644 βιοῦντες
1247 608 1304 635 ἀλλ’
1323 608 1376 639 ἳνα,
1389 607 1436 633 τοῦ
1452 606 1545 638 τέλους
1570 606 1667 640 ἀδήλου
1681 606 1880 640 τυγχάνοντος,

1089 655 1218 681 ἑκάστοτε
1232 653 1309 680 τοῦτο
1324 653 1538 688 προσδοκῶντες,
1550 651 1678 679 ἑκάστοτε
1689 647 1756 677 ὦσιν
1772 650 1879 685 ἐναγώ-

1090 709 1103 727 ν
1108 709 1140 726 ιοι
1145 720 1150 726 .

1126 747 1176 772 Διὰ
1189 746 1276 773 τοῦτο
1291 760 1325 765 -
1337 745 1464 780 ἔρχεται.
1481 744 1530 770 Διὰ
1546 743 1635 775 τοῦτο,
1661 743 1753 775 ποῖονς
1771 743 1822 768 Διά
1847 743 1878 768 τδ

1093 792 1130 828 μὴ
1145 791 1246 818 εἰδέναι
1260 791 1306 817 τὸν
1319 791 1425 836 καιρόν.
1456 790 1501 816 Ἐν
1521 789 1570 824 μὲν
1581 788 1627 815 οὖν
1644 789 1682 822 τῷ
1708 788 1878 823 παγκοσμῖῳ

1091 838 1162 864 τέλει
1177 838 1292 873 φανερὸν
1317 835 1372 863 ὅτιί
1394 837 1407 863 6
1434 836 1538 872 Κύριος
1556 835 1676 871 ἔρχεται’
1698 836 1762 870 περὶ
1784 835 1812 861 δὲ
1830 835 1876 861 τοῦ

260 882 371 918 proprio
396 888 487 910 autem
513 883 566 910 ﬁnc
595 883 689 910 dicunt
715 883 835 917 quidam,
873 884 943 917 quod
974 891 1040 909 uno-

1102 883 1176 910 δικοῦ
1196 883 1268 914 τινὲς
1293 883 1342 917 μέν
1372 891 1453 917 φασιν
1481 883 1531 915 ὅτι,
1557 881 1670 908 ἑκάστου
1709 881 1876 916 Χριστιανοῦ

256 937 365 964 quoque
381 929 538 956 Christiano
572 929 707 956 moriente
735 929 812 957 adest
831 929 961 956 Dominus
979 936 1039 956 cum

258 975 359 1002 sanctis
389 976 492 1010 augt-lis
513 984 520 1002 :
540 976 649 1010 quando
674 976 754 1003 etiam
792 976 924 1002 rationem
953 975 1040 1003 reddit

257 1020 358 1046 anima.
384 1020 497 1052 Quidam
519 1027 584 1047 vero
615 1021 761 1048 adventum
785 1022 926 1055 proprium
958 1020 1039 1053 illius,

258 1066 353 1092 dicunt
378 1066 522 1100 imperium
551 1067 610 1102 ejus
633 1074 686 1102 quo
719 1066 797 1100 jubet
826 1071 854 1093 ut
879 1067 969 1093 anima
996 1073 1040 1093 se-

259 1115 392 1145 paretur.
426 1111 494 1144 Quia
519 1116 608 1138 autem
645 1111 673 1138 in
707 1111 791 1138 futuri
815 1111 910 1145 iudicii
937 1118 1040 1138 memo-

258 1153 324 1178 riam
342 1151 448 1183 incidit,
476 1152 509 1178 ad
529 1156 708 1186 prteceptores
722 1152 859 1178 convertit
874 1159 1040 1185 sermonem,

257 1202 285 1223 et
304 1197 368 1224 dicit
385 1206 392 1224 :

295 1243 362 1270 Vcrs
382 1243 438 1275 '45,
467 1243 595 1276 Quisnam
608 1257 643 1263 —-
663 1248 788 1278 tempore.
806 1242 980 1271 Famulitium
1002 1245 1042 1272 di-

258 1288 294 1314 ιὶι
314 1288 388 1323 ipsos
401 1288 515 1316 famulos
530 1296 562 1317 ac
583 1288 629 1316 Dei
650 1295 761 1322 servos;
775 1288 865 1317 cibum
883 1294 986 1323 autem,
999 1299 1042 1318 ra-

259 1335 385 1361 tionalem
403 1335 565 1362 doctrinam.

301 1380 376 1408 Vers.
398 1381 441 1408 46,
470 1381 614 1408 Βραιαδ-
630 1381 668 1408 sic
703 1381 853 1416 facientem.
879 1381 941 1414 Sic,
972 1384 1042 1410 sicut

256 1427 347 1460 jussit.

296 1473 374 1500 Vers.
392 1473 436 1500 47.
454 1474 582 1500 Amen—
596 1482 664 1500 eum.
702 1475 730 1501 In
753 1482 879 1510 maguum
907 1476 1040 1502 honorem

258 1519 406 1546 constituet
421 1527 494 1551 eum,
513 1523 542 1546 ut
557 1519 635 1546 bonis
653 1520 708 1547 suis
723 1519 834 1555 dignum
853 1521 934 1548 ducat
956 1521 1041 1548 illum.

259 1565 298 1592 Tu
322 1572 386 1592 vero
412 1565 567 1600 huiusmodi
588 1573 621 1592 ne
634 1565 748 1592 ulterius
772 1566 879 1594 curiose
901 1567 1041 1594 scruteris.

258 1611 415 1638 Parabolica
441 1619 556 1646 namque
578 1612 614 1638 ita
631 1611 770 1640 tractanda
797 1616 871 1645 sunt,
903 1613 980 1648 quasi
1009 1613 1045 1640 si-

259 1657 414 1692 gniﬁcantia
429 1658 516 1685 solum
532 1665 563 1685 ea
578 1666 638 1692 qua:
653 1658 806 1685 necessaria
826 1663 901 1685 sttnt.

296 1703 362 1730 Vide
388 1708 478 1730 autem
496 1703 568 1737 quod
581 1703 635 1730 duo
659 1704 717 1730 haec
732 1703 831 1731 habere
845 1708 969 1739 oporteat
981 1713 1044 1732 eum

259 1748 305 1782 qui
338 1749 500 1783 Prtl‘pnslltts
532 1753 597 1776 est:
620 1753 684 1784 puta
711 1749 801 1782 ﬁdem,
817 1757 851 1776 ne
877 1750 994 1777 retineat
1013 1757 1044 1776 ea

263 1802 324 1829 quas
339 1798 404 1821 sunt
421 1802 628 1825 conservorum,
657 1799 705 1821 aut
720 1795 854 1822 inutiliter
878 1800 1021 1822 consumat
1036 1805 1042 1822 :

264 1845 291 1867 et
307 1840 490 1875 prudentiam,
513 1845 541 1867 ut
561 1841 690 1868 decenter
709 1848 740 1868 ea
758 1841 875 1873 dividat,
904 1849 963 1875 qua:
991 1841 1045 1868 sibi

261 1886 359 1913 tradita
376 1890 450 1918 sunt,
468 1891 496 1913 et
511 1894 572 1913 cum
586 1886 686 1922 judicio
701 1891 754 1914 tam
771 1887 798 1913 in
809 1887 948 1919 qualitate,
963 1894 1045 1921 quam

260 1933 287 1958 in
324 1932 483 1966 quantitate.
522 1932 657 1960 Convenit
686 1937 776 1960 autem
810 1933 855 1960 hic
874 1940 964 1960 sermo
990 1940 1044 1959 non

261 1976 303 2003 his
319 1981 421 2004 tantum
438 1977 484 2011 qui
498 1977 597 2004 divites
612 1983 676 2004 sunt
693 1978 718 2004 in
736 1985 873 2008 sermone,
891 1978 938 2004 sed
959 1982 986 2004 et
1002 1977 1047 2004 his

260 2024 305 2058 qui
322 2023 446 2058 pecuniis
469 2031 500 2050 ac
523 2023 741 2057 possessionibus
758 2023 856 2050 divites
887 2028 962 2050 sunt.
981 2022 1046 2050 0m-

260 2076 309 2095 ncs
336 2069 410 2096 enim
439 2068 582 2097 constituit
619 2069 691 2096 Deus
720 2069 922 2104 dispensatores
951 2076 1044 2096 eorum

259 2123 319 2148 qua:
337 2115 485 2150 possident,
508 2115 602 2142 volens
618 2119 646 2141 ut
672 2122 769 2142 omnes
793 2114 909 2142 ﬁdeliter
923 2122 955 2142 ac
978 2122 1045 2149 pru~

259 2161 356 2188 denter
380 2165 478 2189 cuncta
490 2161 621 2188 dividant.
650 2159 785 2187 Prazterca
801 2160 852 2187 illis
869 2167 977 2195 quoque
998 2168 1046 2195 ap-

1090 929 1280 961 τελευτῶντος,
1295 928 1475 963 παραγίνεται
1487 928 1556 962 μετὰ
1573 929 1626 954 τῶν
1638 928 1723 962 ἁγίων
1737 928 1876 962 ἀγγέλων,

1091 977 1135 1002 ὅτε
1155 976 1202 1002 καὶ
1219 975 1400 1009 λογοθετεῖται
1416 975 1431 1010 ἡ
1449 974 1613 1010 eumne;
1627 974 1654 1000 δὲ
1670 974 1774 1000 ἑλευσιν
1788 974 1878 1007 ἰδικὴν

1091 1022 1174 1049 αὐτοῦ
1198 1022 1306 1055 λέγουσι
1343 1020 1392 1056 τὴν
1421 1021 1544 1047 κέλευσιν
1572 1020 1619 1046 τοῦ
1648 1019 1787 1055 χωρισμοῦ
1820 1020 1873 1054 τῆς

1091 1068 1190 1102 ψυχῆς.
1211 1067 1289 1093 Ἐπεὶ
1306 1067 1334 1093 δὲ
1346 1066 1441 1092 λοιπὸν
1464 1067 1506 1097 εἰς
1518 1066 1568 1101 τὴν
1578 1065 1628 1100 τῆς
1643 1065 1794 1101 μελλούσης
1815 1064 1878 1099 κρί-

1092 1123 1161 1145 σεως
1186 1113 1296 1140 ὲνέὗαλε
1322 1113 1443 1148 μνήμην,
1460 1113 1526 1147 πρὸς
1540 1112 1603 1144 τοὺς
1617 1111 1795 1147 διδασκάλους
1811 1111 1878 1147 τρέ-

1092 1170 1137 1188 πει
1148 1162 1194 1188 τὸν
1205 1160 1296 1196 λόγον.
1308 1160 1356 1188 καί
1366 1167 1441 1195 φησιο

1130 1245 1335 1280 Τίς-καιρῷ.
1350 1244 1505 1280 Θεραπείαν
1530 1243 1580 1279 μὲν
1602 1243 1677 1277 λέγει
1704 1243 1768 1273 τοὺς
1795 1241 1878 1276 Οερά-

1093 1302 1203 1326 ποντας,
1232 1293 1295 1323 τοὺς
1316 1291 1425 1322 δούλους
1461 1290 1507 1317 τοῦ
1530 1289 1608 1322 Θεοῦ,
1637 1289 1739 1324 τροφὴν
1769 1289 1796 1315 δὲ
1822 1289 1873 1324 τὴν

1096 1339 1221 1374 λογικὴν,
1238 1339 1288 1374 τὴν
1302 1336 1509 1371 διδασκαλικὴν.

1129 1385 1278 1420 Μακάριος
1295 1400 1330 1405 --
1341 1383 1484 1411 ποιοῦντα
1506 1382 1612 1416 οὕτως.
1624 1380 1728 1414 οὕτως,
1742 1381 1779 1413 ὡς
1795 1390 1879 1416 προσ-

1094 1433 1190 1468 ετάγη.

1136 1478 1273 1513 Ἀμήν-
1286 1477 1391 1505 αὐτόν.
1412 1477 1467 1512 (Η)
1482 1477 1528 1508 Εἰς
1547 1475 1668 1510 μεγάλην
1684 1474 1778 1501 τοῦτον
1793 1482 1879 1500 κατα-

1055 1526 1189 1569 Οστήσει
1217 1525 1310 1560 τιμὴν,
1347 1525 1402 1550 τῶν
1432 1523 1542 1557 ἀγαθῶν
1577 1520 1675 1549 ἑαυτοῦ
1709 1519 1877 1552 καταξιώσει

1095 1573 1188 1599 αὐτόν.
1205 1572 1242 1598 Σὺ
1260 1572 1289 1598 δὲ
1315 1571 1399 1606 μηδὲν
1423 1570 1469 1596 ἐπὶ
1495 1570 1549 1596 τῶν
1573 1568 1702 1595 τοιούτων
1721 1566 1878 1602 περαιτέρω

1094 1618 1328 1653 πολυπραγμόνει.
1348 1617 1388 1644 Τὰ
1400 1615 1573 1652 πειρασολικὰ
1590 1614 1654 1649 γὰρ,
1670 1609 1708 1645 ὤς
1720 1613 1877 1648 ἑμφαντικὰ

1097 1667 1185 1700 μόνων
1200 1666 1253 1690 τῶν
1267 1663 1438 1697 ἀναγκαίων,
1455 1660 1688 1696 μεταχειριστέον.

1133 1712 1202 1745 Ὀρα
1230 1710 1258 1736 δὲ
1293 1710 1333 1736 ὅτι
1357 1709 1403 1735 δύο
1423 1707 1511 1734 ταῦτα
1539 1707 1592 1742 χρὴ
1611 1706 1657 1732 τὸν
1677 1704 1879 1740 προϊστάμενον

1095 1758 1178 1792 ἔχειν,
1198 1757 1300 1790 πίστιν,
1317 1756 1386 1783 ὥστε
1410 1755 1447 1790 μὴ
1464 1753 1668 1789 παρακατέχειν
1693 1751 1726 1778 τὰ
1743 1751 1798 1777 τῶν
1817 1758 1880 1776 συν-

1094 1803 1207 1835 δούλων,
1234 1803 1250 1838 ἢ
1278 1803 1367 1837 μάτην
1393 1801 1619 1835 παραναλίσκειν·
1649 1799 1697 1824 καὶ
1733 1798 1878 1831 φρόνησιν,

1095 1852 1166 1879 ὥστε
1186 1851 1347 1886 πρεπόντως
1363 1848 1502 1883 διανέμειν
1517 1847 1551 1873 τὰ
1565 1845 1806 1881 ἐγκεχειρισμένα.
1831 1843 1880 1869 καὶ

1098 1898 1166 1933 μετὰ
1195 1897 1357 1929 διακρίσεως
1392 1894 1421 1920 ἔν
1445 1903 1475 1920 τε
1505 1893 1628 1926 ποιότητι
1657 1891 1704 1917 καὶ
1735 1889 1879 1924 ποσότητι.

1103 1943 1233 1979 Ἃρμόξει
1246 1943 1274 1969 δὲ
1287 1943 1300 1968 6
1317 1941 1395 1975 λόγος
1416 1937 1493 1971 οὗτος
1505 1940 1535 1966 οὺ
1555 1939 1635 1973 μόνον
1661 1938 1718 1968 τοῖς
1741 1935 1882 1966 πλουσίοις

1097 1991 1138 2021 εἰς
1159 1989 1250 2023 λόγον,
1275 1987 1343 2014 ἀλλὰ
1367 1987 1414 2013 καὶ
1437 1987 1495 2017 τοῖς
1519 1985 1659 2015 πλουσίοις
1686 1984 1726 2015 εἰς
1738 1983 1880 2018 χρήματα.

1098 2037 1205 2066 Πάντας
1218 2035 1273 2070 (4i)
1283 2035 1338 2069 γὰρ
1350 2033 1523 2067 οἰκονόμους,
1536 2029 1572 2058 ὧν
1595 2029 1770 2066 εὐποροῦσιν,
1786 2029 1800 2054 6
1815 2028 1882 2059 Θεὸς

1098 2084 1259 2117 κατέστησε,
1274 2082 1320 2108 καὶ
1337 2080 1463 2116 βούλεται
1479 2079 1584 2111 πάντας
1602 2078 1706 2108 πιστῶς
1723 2077 1770 2103 καὶ
1789 2076 1886 2111 φρονέ-

1099 2139 1158 2165 μως
1170 2130 1260 2156 πάντα
1278 2127 1427 2162 διανέμειν.
1446 2126 1527 2152 Ἀλλὰ
1543 2127 1590 2151 καὶ
1602 2125 1659 2156 τοῖς
1673 2122 1818 2158 ἡντιναοῦν
1834 2122 1884 2157 ἁρ-

1098 2177 1150 2211 χὴν
1167 2173 1420 2210 ὲγκεχειρισμένοις
1431 2173 1445 2199 ὀ
1458 2172 1538 2206 λόγος
1551 2171 1592 2197 ἔτι
1604 2171 1748 2206 προσήκει.
1769 2169 1813 2195 Δεῖ
1827 2169 1884 2202 γὰρ

260 2210 333 2233 tatur
360 2206 404 2234 hic
430 2213 538 2236 sermo,
565 2205 611 2240 qui
641 2205 822 2240 principatum
856 2212 1043 2240 quemcunque

1101 2205 1148 2247 Ξάι
1163 2220 1274 2249 τούτους
1300 2219 1336 2253 μὴ
1364 2218 1433 2253 πρὸς
1463 2217 1531 2243 ἰδίαν
1559 2215 1666 2242 εὔνοιαν
1694 2215 1710 2250 ἦ
1735 2214 1885 2248 ἀπέχθειαν

260 2256 438 2285 acceperunt;
473 2254 579 2285 oportet.
602 2250 675 2277 enim
713 2255 741 2277 et
764 2250 837 2285 ipsos
879 2258 933 2277 non
969 2251 1046 2286 juxta

260 2297 400 2332 propriam
433 2297 651 2324 benevolentiam
670 2300 716 2323 aut
741 2296 910 2324 inimicitiam
931 2296 1049 2323 admini-

261 2348 349 2370 strare
361 2342 442 2377 (quod
454 2342 557 2370 fraudis
569 2343 646 2376 estlet
660 2342 850 2377 inﬁdelitatis),
865 2350 953 2377 neque
966 2343 1048 2370 stulte

262 2394 289 2416 et
305 2389 503 2423 imprudenter.

297 2434 430 2462 VersJS.
461 2435 608 2467 Quodsi—
623 2435 700 2462 Vers.
725 2433 770 2461 50.
806 2435 920 2469 ignorat.
944 2435 1046 2462 Servus

262 2482 308 2509 ille
325 2482 423 2513 malus,
443 2482 489 2517 qui
506 2481 657 2509 videlicete
668 2481 777 2508 diverso
805 2482 922 2509 inﬁdelis
938 2487 965 2509 et
991 2482 1043 2508 im-

263 2526 383 2560 prudens
402 2526 500 2559 evasit,
525 2526 547 2554 si
561 2530 659 2560 putans
674 2526 948 2554 cunctaridominum
965 2534 1045 2554 suum

261 2580 295 2600 eo
313 2573 385 2607 quod
415 2573 488 2599 diem
506 2571 613 2607 ignorat
630 2576 658 2599 et
683 2572 788 2604 horam,
818 2577 847 2599 ut
868 2572 970 2599 dictum
992 2576 1045 2603 est.

1098 2268 1221 2298 διοικεῖν,
1243 2266 1311 2300 ὅπερ
1337 2264 1395 2290 ἐστὶ
1418 2262 1571 2297 νοσφισμοῦ
1589 2261 1636 2288 καὶ
1654 2260 1794 2292 ἀπιστίας,
1817 2258 1885 2293 μηδὲ

1099 2313 1224 2349 ἀφρόνως
1244 2312 1290 2339 καὶ
1308 2310 1456 2340 ἀσυνέτως.

1141 2434 1209 2460 Ἐὰν
1224 2433 1259 2459 δὲ
1274 2445 1305 2451 -—
1319 2429 1469 2465 γινώσκει.
1489 2427 1520 2453 '0
1540 2427 1624 2457 κακὸς
1649 2424 1740 2455 δοῦλος
1768 2423 1885 2453 ἐκεῖνος,

1100 2482 1114 2507 6
1128 2477 1283 2507 τούναντίον
1299 2477 1414 2507 ἄπιστος
1438 2475 1485 2502 καὶ
1509 2473 1604 2508 ἄφρων
1622 2471 1738 2502 ἀποϐὰς,
1755 2471 1817 2500 ἐὰν.
1831 2469 1886 2494 οἰός

1103 2533 1182 2560 μενος
1207 2523 1350 2559 βραδύνειν
1375 2522 1421 2548 τὸν
1445 2519 1549 2554 Κύριον
1564 2516 1660 2550 αὐτοῦ,
1677 2516 1721 2542 διὰ
1732 2516 1762 2542 τὸ
1777 2515 1889 2549 ἀγνοεῖν

1101 2571 1150 2606 τὴν
1169 2570 1288 2605 ἡμέραν,
1317 2567 1354 2599 ὡς
1370 2567 1490 2602 εἴρηται,
1514 2565 1560 2591 καὶ
1580 2563 1629 2598 τὴν
1659 2562 1745 2597 ὤραν,
1771 2561 1890 2596 ἄρξηται

855 2649 954 2680 Vat-im
981 2650 1133 2680 lectiones
1155 2651 1185 2679 et
1199 2651 1294 2678 note).

301 2735 355 2769 (41)
369 2734 427 2761 Huc
442 2742 474 2762 ex
491 2735 611 2769 margine
625 2734 666 2761 sui
683 2733 784 2760 codicis
800 2732 950 2769 Hontenius
965 2731 1049 2769 reteri.

264 2771 323 2797 inec
337 2767 506 2797 {lautissima
522 2767 586 2796 sane
602 2775 727 2802 tanquam
741 2767 894 2802 prudentem
911 2772 935 2794 et
947 2767 1049 2794 studio-

265 2813 336 2832 sum.
351 2805 382 2832 Id
397 2812 485 2832 autem
502 2813 552 2832 non
573 2805 603 2830 de
618 2805 681 2831 solis
699 2804 814 2838 pecuniis
833 2810 864 2829 ac
879 2802 1049 2837 possessioni—

267 2840 314 2865 bus
329 2841 426 2866 dictant
439 2845 486 2872 est,
500 2841 544 2867 sed
556 2845 579 2866 et
595 2841 627 2866 de
644 2846 763 2865 sermone
778 2845 840 2871 erga
861 2842 982 2869 mentem,
995 2845 1050 2864 om-

269 2875 346 2909 nique
360 2875 564 2909 dispensatione,
579 2882 658 2908 quant
675 2874 782 2907 quisque
797 2877 888 2899 nactus
905 2878 951 2899 est.

1139 2731 1195 2765 (42)
1213 2731 1271 2757 Huc
1292 2729 1375 2756 refert
1401 2736 1433 2755 ex
1451 2727 1571 2765 margine
1594 2727 1635 2754 sui
1652 2725 1754 2754 codicis
1785 2724 1892 2751 liente-

1104 2767 1165 2794 nius
1182 2766 1258 2793 inec:
1277 2765 1417 2791 Dominum
1430 2764 1588 2790 constituens
1607 2768 1818 2794 unumquemque
1829 2768 1891 2793 erga

1104 2810 1157 2832 ros,
1180 2802 1225 2836 qui
1246 2802 1362 2836 ipsorum
1389 2799 1505 2836 indigent
1526 2796 1891 2836 liberalita_te.__Studcamu:

1105 2832 1194 2871 itaqué
1209 2832 1267 2861 cunt
1283 2835 1352 2861 omni
1371 2833 1467 2871 gaudio
1493 2841 1526 2859 ac
1548 2832 1754 2865 proniptiturline
1772 2839 1813 2862 ca,
1833 2837 1892 2864 qua

1107 2869 1298 2906 acquisitimus,
1312 2878 1358 2903 δρα
1364 2876 1435 2904 rgcrc
1445 2869 1471 2895 in
1486 2875 1623 2902 pauperes.
