1939 3075
187 137 242 168 035

800 132 991 165 EUTUYMII
1013 133 1196 164 ZIGABENI

1764 129 1817 160 636

187 193 315 220 videlicet
331 193 462 225 hominis,
478 197 572 228 utpote
581 193 664 222 homo
679 192 725 228 qui
742 199 853 227 peregre
868 189 977 225 profec-

1049 190 1096 224 αδὴ
1117 188 1165 216 τοῦ
1191 188 1346 224 ἀνθρώπου,
1367 187 1461 223 ὥσπερ
1477 187 1619 223 ἄνθρωπος
1642 185 1818 220 ἀποδημῆσαι

189 247 266 268 turus
279 247 354 274 erat;
371 248 397 269 et
415 244 461 270 uni
474 243 585 277 quidem
612 241 688 269 dedit
713 239 835 274 quinque
865 236 977 268 talenta,

189 289 247 315 sive
271 290 355 316 multa
369 296 377 321 ;
392 297 456 316 nam
475 290 548 316 varia
578 293 642 315 sunt
664 286 794 314 doctrina:
807 285 890 315 dona.
917 289 979 316 qua:

188 334 290 362 Paulus
307 335 478 363 cuumeravit
493 343 500 368 ;
513 335 557 361 alii
572 339 663 361 autem
676 332 740 363 duo,
753 331 805 357 hoc
819 333 861 357 est
874 335 977 363 pauca;

189 381 234 408 alii
256 389 321 416 vero
350 389 434 408 unum
464 382 564 408 solum.
590 379 624 406 Hi
655 382 748 405 autem
775 383 836 403 esse
864 377 980 409 pOSsunt

192 427 315 463 episcopi
330 434 357 455 et
376 432 558 463 prmeeptores
575 425 769 454 ecclesiarum.
786 422 892 449 Deinde
904 419 982 447 addit

190 479 219 501 et
234 482 344 501 causam
363 474 555 509 inaequalitatis
574 473 602 500 in
616 472 761 501 divisione,
778 467 850 504 quod
879 465 982 494 scilicet

191 520 273 547 fuerit
286 521 434 549 secundum
458 520 593 556 cujusque
619 518 776 545 facultatem
803 519 830 541 et
847 512 981 541 idoneita-

195 572 261 594 [CII].

230 615 308 643 \‘ers.
345 615 387 642 15.
415 614 449 640 Et
464 614 595 649 profectus
611 616 647 639 est
663 610 767 638 statim.
782 609 840 636 lloe
870 610 923 640 est,
954 612 983 634 et

193 661 302 695 reliquit
325 668 372 688 eos
395 665 423 687 ut
438 664 625 694 operarentur.
643 657 720 684 Sicut
734 656 807 683 enim
837 654 871 682 de
902 653 983 680 vinea

196 706 308 740 dixit",
338 707 411 742 quod
437 707 535 734 locavit
560 713 621 733 eam
659 703 794 739 agricolis,
823 706 850 728 ct
870 706 984 735 peregre

194 753 331 788 profectus
343 758 398 781 est:
416 754 451 780 ita
471 753 536 781 dicit
549 757 576 780 et
592 759 675 782 nunc,
693 755 724 777 ut
744 751 804 784 ejus
825 748 914 775 discas
925 747 984 773 lon-

194 799 391 833 ganimitatem,
407 799 544 834 quomodo
561 806 616 825 non
634 796 764 824 continue
787 798 903 829 repetat.
918 792 986 825 Qui-

195 844 256 871 dam
267 849 358 871 autem
369 845 461 871 dicunt
469 842 717 878 peregrinationem
725 847 786 868 esse
795 838 942 866 Salvatoris
956 838 982 864 in

196 890 298 918 coelum
310 889 538 924 assumptionem.

232 934 311 962 Vers.
344 935 388 962 16.
403 935 474 962 Abiit
491 949 525 953 —
544 934 621 961 Veis.
641 934 682 960 I7.
698 933 760 959 duo.
782 930 926 965 Duplicant
956 936 987 956 ea

195 990 256 1017 quae
277 982 327 1009 sibi
346 981 503 1009 concredita
525 986 588 1007 sunt
612 986 708 1007 omnes
738 977 784 1012 qui
810 976 989 1011 proﬁciscun-

197 1035 241 1056 tur
249 1029 281 1056 ad
292 1029 341 1064 (q)
353 1028 467 1056 salutem
477 1027 686 1062 discipulorum,
707 1024 839 1052 facientes
853 1030 901 1049 eos
926 1029 987 1048 rur-

197 1083 244 1101 sus
263 1079 444 1109 pr.nceptores
459 1073 586 1100 aliorum.
605 1071 625 1106 -ι-
642 1071 693 1104 Qui
712 1070 782 1097 bene
793 1073 923 1104 operatur
961 1071 990 1094 et

199 1125 272 1148 recte
289 1121 379 1153 docet,
395 1117 682 1154 duplicatconcredita
694 1116 746 1144 sibi
759 1116 869 1142 talenta.

233 1204 310 1232 νει-ε.
323 1204 366 1232 18.
383 1202 434 1235 Qui
448 1203 609 1231 vero—sui.
624 1202 734 1229 Terram
750 1201 867 1236 ipsumm
879 1198 990 1227 etintel-

199 1251 277 1286 lige:
307 1251 334 1278 in
352 1250 443 1286 seipso
468 1250 542 1277 enim
566 1249 690 1281 retinuit,
726 1247 799 1283 quod
832 1247 867 1273 ad
891 1253 988 1281 opera-

200 1298 302 1324 tionem
320 1297 411 1324 datum
426 1301 494 1328 erat,
511 1296 551 1323 sic
565 1301 659 1322 utnec
672 1295 736 1327 sibi,
755 1302 807 1321 nec
833 1293 893 1320 aliis
916 1292 991 1320 utilis

201 1343 290 1369 iteret.

239 1387 317 1415 Vers.
333 1387 376 1414 19.
393 1386 456 1412 Ροιι
474 1401 510 1406 -
528 1387 668 1413 rationem.
682 1385 762 1413 Venit
787 1385 866 1420 juxta
892 1392 991 1413 secun-

201 1434 265 1460 dum
280 1432 450 1460 adventum:
478 1432 538 1460 ideo
561 1433 642 1460 etiam
672 1432 753 1465 dixit,
783 1437 842 1466 post
877 1432 990 1458 multum

202 1484 316 1511 tempus.

240 1521 317 1550 Vers.
329 1522 374 1550 20.
393 1522 426 1549 Et
443 1536 474 1541 —
489 1529 536 1555 per
547 1531 588 1550 ea.
606 1522 724 1549 Lucrum
736 1526 800 1549 sunt
818 1521 864 1556 qui
879 1529 926 1555 per
957 1521 988 1547 il-

203 1569 255 1595 lius
263 1569 428 1604 diligentiam
441 1569 565 1604 acquisiti
583 1573 656 1602 sunt,
669 1568 809 1595 utdictum
821 1572 877 1600 est,
895 1572 920 1594 et
934 1567 991 1594 fru-

202 1614 312 1641 ctiﬁcati
325 1615 390 1642 Deo.

243 1660 320 1688 Vers.
335 1662 365 1687 τι
374 1681 380 1687 .
392 1661 436 1688 Ait
447 1660 659 1687 —constiluam.
671 1659 763 1686 Multis
774 1658 868 1694 gratiis
879 1658 992 1694 dignum

206 1705 324 1733 faciam:
339 1707 423 1733 multa
438 1707 506 1733 bona
523 1706 570 1732 tibi
589 1705 703 1732 tradam.

243 1751 319 1778 Vers.
336 1751 382 1778 21.
409 1751 529 1778 Inlra—
555 1751 605 1777 tui.
631 1750 761 1784 ltequiem
791 1753 818 1777 et
848 1749 994 1777 beatitudi-

206 1806 267 1824 nem
284 1796 334 1833 (r)
354 1805 402 1831 per
417 1804 515 1823 nomen
530 1796 619 1831 gaudii
635 1795 807 1831 signiﬁcavit.

243 1842 322 1870 Vers.
339 1842 385 1870 22.
405 1843 537 1869 Accedens
554 1857 588 1862 —
603 1841 734 1868 Vers.23.
753 1841 811 1869 Tui.
834 1841 994 1876 Quanquam

206 1890 320 1916 diversae
338 1889 448 1916 fuerunt
468 1888 569 1923 gratim,
590 1887 702 1921 :equalis
725 1892 815 1914 tamen
830 1893 872 1914 est
887 1889 993 1914 honor:

207 1935 271 1969 quia
285 1938 313 1961 et
327 1933 430 1968 arquale
444 1934 471 1959 in
489 1933 542 1959 illis
560 1933 691 1960 studium.
709 1932 848 1967 Siquidem
878 1938 992 1967 uterque

208 1986 319 2016 accepta
351 1981 509 2015 duplicavit.
542 1980 580 2007 Ve
615 1979 696 2006 etiam
725 1979 804 2006 aliter
821 1979 873 2006 dici
893 1984 992 2014 potest,

207 2027 434 2062 quodwquaiiter
473 2026 582 2062 quidem
615 2026 769 2057 laudantur,
799 2030 827 2052 et
850 2027 994 2060 aequaliter

208 2073 430 2104 introducuntur,
474 2072 523 2099 sed
563 2071 745 2099 diversimode
785 2077 994 2100 remunerantur

207 2119 283 2153 juxta
313 2120 519 2153 proportionem
547 2118 697 2150 lucrorum,
737 2125 798 2152 qua:
813 2119 847 2145 ab
865 2118 905 2145 eis
924 2119 993 2146 facta

209 2169 284 2192 sunt.

1034 236 1150 272 μέλλων·
1170 236 1217 262 καὶ
1235 235 1307 269 ἄλλῳ
1321 235 1370 269 μὲν
1384 234 1466 260 ἔδωκε
1484 233 1565 260 πέντε
1592 233 1722 264 τάλαντα,
1736 233 1820 267 ἠγουν

1031 281 1125 308 πολλά·
1159 281 1274 315 διάφορα
1305 279 1360 315 γὰρ
1387 279 1421 306 τὰ
1446 278 1625 305 διδασκαλικὰ
1650 278 1818 313 χαρίσματα,

1031 328 1104 362 ἅπερ
1127 328 1140 353 ὁ
1156 326 1262 358 Παῦλος
1276 326 1506 361 ’ἀπηριθμήσατοο
1522 325 1596 360 ἄλλῳ
1614 325 1641 351 δὲ
1658 324 1717 355 δύο,
1741 332 1820 351 τουτ-

1032 373 1105 400 έστιν
1122 373 1200 406 ὀλίγα
1214 381 1221 388 υ
1245 372 1318 407 ἄλλῳ
1334 372 1362 399 δὲ
1381 371 1410 398 ἓν
1427 371 1516 406 μόνον.
1541 369 1604 397 Εἶεν
1617 371 1639 397 δ’
1655 370 1688 397 ἂν
1704 367 1776 397 οὗτοι
1797 370 1820 395 οἱ

1031 419 1175 445 ἐπίσκοποι
1191 419 1238 445 καὶ
1252 417 1407 444 διδάσκαλοι
1424 417 1478 444 τῶν
1500 417 1554 452 (55)
1575 416 1738 451 ἐκκλησιῶν.
1755 414 1823 442 Εἶτα.

1034 464 1198 500 προστίθησι
1217 464 1265 490 καὶ
1280 463 1328 499 τὴν
1353 464 1442 490 αἰτίαν
1462 463 1512 498 τῆς
1531 463 1560 488 ἐν
1582 463 1615 498 τῇ
1632 462 1747 496 διανομῇ
1764 461 1823 488 ἁνι-

1035 511 1157 544 σότητος,
1177 510 1218 536 ὅτι
1243 510 1313 536 κατὰ
1332 510 1381 545 τὴν
1395 509 1510 535 ἑκάστου
1533 507 1649 543 δύναμιν
1665 507 1710 533 καὶ
1728 508 1824 541 ἐπιτη-

1035 556 1175 590 δειότητα.

1069 602 1123 628 Καὶ
1140 600 1338 635 ἀπεδήμησεν
1351 599 1470 633 εὐθέως.
1493 600 1566 626 Ἀντὶ
1584 598 1642 630 τοῦ,
1654 598 1702 625 καὶ
1717 600 1825 633 ἀφῆκεν

1034 648 1135 679 αὑτοῦς
1154 647 1330 682 ἐργάξεσθαι.
1346 647 1477 682 Καθάπερ
1491 646 1545 681 γὰρ
1565 646 1611 672 ἐπὶ
1627 645 1674 672 τοῦ
1693 645 1825 679 ἀμπελῶο

1034 703 1080 726 νος
1103 693 1179 720 εἶπεν
1206 695 1246 721 ὅτι
1273 694 1379 726 ἐξέδοτο
1405 694 1487 720 αὑτὸν
1511 693 1644 728 γεωργοῖς
1671 692 1719 718 καὶ
1755 692 1808 718 ἀπε

1035 738 1168 774 δήμησεν·
1184 738 1255 766 οὕτω
1273 739 1341 773 φησὶ
1357 739 1403 765 καὶ
1417 737 1475 770 νῦν,
1494 738 1537 764 ἵνα
1551 738 1640 772 μάθῃς
1655 737 1705 771 τὴν
1721 744 1825 770 μακρο-

1037 784 1138 819 Θυμίαν
1165 784 1257 816 αὐτοῦ,
1293 784 1351 816 πῶς
1379 784 1428 810 οὐκ
1458 783 1562 814 εὐθέως
1594 784 1715 809 ἀπαιτεῖ.
1747 783 1827 814 Τινὲς

1036 830 1066 857 δέ
1082 839 1164 864 φασιν
1178 830 1334 865 ἀποδημίαν
1349 829 1397 864 τὴν
1416 830 1449 856 ἐκ
1477 829 1528 864 γῆς
1544 829 1584 860 εἰς
1600 829 1714 863 οὐρανὸν
1726 828 1812 861 ἀνάλη

1000 863 1023 892 Β
1038 876 1085 910 ψιν
1100 875 1147 902 τοῦ
1164 875 1300 912 Σωτῆρος.

1075 924 1235 957 Πορευθεὶς
1247 938 1283 943 -
1296 923 1361 950 δύο.
1387 922 1600 955 Διπλασιάζουσι
1617 922 1651 948 τὰ
1677 923 1826 956 ἐμπιστευ⁴

1040 969 1120 996 θέντα
1132 969 1236 999 τούτοις
1253 969 1308 1004 (56)
1321 969 1478 1004 χαρίσματα
1492 968 1593 1000 πάντες
1605 969 1629 994 οἱ
1639 967 1812 1002 ὲμπορευόμε
1821 982 1830 988 -

1040 1024 1080 1042 νοι
1095 1015 1143 1050 τὴν
1158 1015 1212 1041 τῶν
1237 1015 1367 1050 μαθητῶν
1383 1015 1531 1049 σωτηρίαν,
1554 1015 1602 1040 καὶ
1621 1013 1761 1045 ποιοῦντες
1781 1014 1830 1040 καὶ

1040 1060 1138 1092 αὐτοὺς
1165 1061 1343 1092 διδασκάλους
1374 1061 1454 1088 πάλιν
1482 1061 1594 1096 ἑτέρων.
1624 1060 1670 1096 [Ὀ
1697 1060 1752 1094 (57)
1781 1061 1832 1087 καὶ

1041 1106 1169 1141 πράττων
1188 1106 1287 1138 καλῶς,
1303 1108 1350 1133 καὶ
1363 1107 1497 1134 διδάσκων
1514 1107 1613 1142 ὀρθῶς,
1631 1107 1665 1134 τὰ
1681 1107 1829 1142 ἐμπιστευ-

1041 1151 1121 1179 Θέντα
1136 1153 1306 1185 διπλασιάζει
1321 1152 1462 1189 adiuv-cm]

1082 1198 1113 1224 '0
1126 1198 1161 1225 δὲ
1180 1213 1210 1218 »ε
1229 1199 1333 1225 αὐτοῦ.
1365 1199 1420 1233 Γῆν
1441 1199 1523 1225 αὑτὸν
1547 1199 1653 1234 νόησον.
1677 1199 1721 1225 Ἐν
1739 1198 1833 1233 ἑαυτῷ

1043 1244 1098 1278 γὰρ
1113 1244 1252 1278 κατέχωσε
1267 1244 1297 1270 τὸ
1311 1243 1388 1271 δοθὲν
1400 1245 1439 1276 εἰς
1454 1244 1594 1279 ἐργασίαν,
1609 1245 1645 1276 ὡς
1661 1245 1729 1280 μήτε
1755 1244 1832 1280 αὺτῷ

1044 1289 1107 1326 μηθ’
1122 1291 1226 1327 ἑτέροις
1246 1290 1302 1326 (58)
1317 1291 1512 1326 χρησιμεῦσαι.

1077 1392 1158 1419 Μετὰ
1183 1407 1217 1412 -—
1237 1393 1341 1427 λόγον.
1370 1392 1501 1428 Ἔρχεται
1528 1393 1597 1420 κατὰ
1621 1393 1671 1428 τὴν
1699 1393 1833 1429 δευτέραν

1043 1438 1099 1472 (59)
1116 1438 1278 1473 παρουσίαν.
1297 1439 1341 1464 Διὸ
1354 1439 1412 1472 καὶ,
1423 1438 1498 1472 μετὰ
1507 1439 1617 1473 χρόνον
1633 1439 1742 1471 πολὺν,
1756 1438 1831 1467 εἷπε.

1043 1483 1181 1518 Συναίρει
1206 1484 1237 1510 δὲ
1263 1484 1372 1519 λόγον,
1393 1485 1454 1511 ἀντὶ
1478 1485 1536 1516 τοῦ,
1562 1486 1639 1511 Κινεῖ
1664 1485 1830 1519 λογοοέσιον.

1078 1529 1133 1556 Καὶ
1154 1544 1190 1549 -
1219 1530 1265 1557 ἐπ’
1290 1531 1402 1564 αὺτοῖς.
1443 1531 1544 1567 Κέρδος
1568 1532 1637 1558 εἰσὶν
1667 1532 1691 1557 οι
1712 1531 1757 1558 διὰ
1780 1533 1834 1567 τῆς

1046 1575 1165 1610 σπουδῆς
1182 1576 1262 1602 αὑτοῦ
1277 1577 1421 1612 κτηθέντες
1434 1577 1500 1612 (60),
1516 1577 1553 1609 ὡς
1568 1577 1687 1613 εἴρηται,
1701 1578 1747 1604 καὶ
1764 1587 1835 1612 καρ-

1046 1621 1248 1657 ποφορηθέντες
1269 1622 1339 1657 Θεῷ.

1081 1668 1159 1701 Ἔφη
1172 1682 1207 1688 -
1217 1668 1406 1702 καταστήσω.
1421 1668 1529 1695 Πολλῶν
1540 1669 1658 1705 χαρίτων
1670 1677 1699 1695 σε
1710 1669 1834 1702 ἀξιώσω,

1044 1712 1151 1740 πολλῶν
1166 1713 1276 1747 ἀγαθῶν
1293 1723 1333 1740 σοι
1350 1713 1509 1749 μεταδώσω.

1078 1759 1206 1786 Εἴσελθε
1236 1774 1270 1779 —
1302 1769 1372 1788 σου.
1403 1760 1460 1796 Τὴν
1489 1761 1599 1788 ἃπασαν
1639 1762 1835 1797 μακαριότητα

1044 1805 1090 1831 διὰ
1104 1805 1150 1832 τοῦ
1167 1806 1298 1840 ὀνήματος
1313 1807 1362 1841 τῆς
1378 1808 1465 1842 χαρᾶς
1481 1807 1611 1842 ἐδήλωσε.

1081 1850 1262 1884 Προσελθὼν
1272 1867 1306 1871 -
1317 1859 1385 1879 σου.
1400 1853 1429 1878 Εἰ
1442 1853 1488 1878 καὶ
1496 1853 1610 1888 διάφορα
1619 1854 1653 1880 τὰ
1661 1856 1832 1891 χαρίσματα,

1045 1898 1101 1925 ἀλλ’
1116 1899 1160 1933 ἴση
1174 1900 1190 1934 ἡ
1205 1900 1282 1934 τιμή,
1297 1899 1363 1926 δ.ότι
1376 1900 1423 1925 καὶ
1439 1900 1482 1935 ἴση
1497 1901 1602 1933 τούτοις
1616 1903 1631 1937 ἡ
1647 1904 1747 1938 σπουδή
1761 1905 1832 1939 (Gl).

1046 1945 1101 1971 Καὶ
1116 1945 1169 1980 γὰρ
1197 1946 1327 1980 ἑκάτερος
1355 1946 1389 1972 τὰ
1409 1946 1537 1982 δεδομένα
1564 1948 1765 1977 ἐδιπλασίασεν.
1796 1952 1833 1978 ΊΙ

1045 1992 1092 2018 καὶ
1120 1992 1221 2026 ἑτέρως
1237 1990 1335 2018 εἶπενθ
1357 1993 1473 2029 Ἐπίσης
1500 1994 1549 2029 μὲν
1563 1994 1755 2030 ἐπαινοῦνται,
1785 1998 1836 2025 καὶ

1045 2037 1142 2074 ἐπίσης
1157 2038 1320 2071 εἰσάγονται·
1339 2039 1477 2074 διαφόρων
1489 2040 1517 2066 δὲ
1529 2040 1582 2067 τῶν
1596 2042 1717 2077 ἀμοιῦῶν
1727 2044 1835 2076 ἀξιοῦν-

1044 2093 1089 2111 ται
1107 2084 1168 2111 κατ’
1185 2084 1330 2119 ἀναλογίαν
1344 2085 1398 2112 τῶν
1413 2086 1660 2122 ὲπικερδηθέντων.

244 2191 321 2239 vers.
339 2191 383 2238 '24.
398 2211 525 2237 Accedens
536 2225 572 2230 —-
588 2209 663 2237 Vers.
678 2210 724 2237 25.
745 2211 815 2245 quod
851 2215 925 2237 tuum
941 2215 988 2237 est.

1080 2215 1262 2248 Προσελθὼν
1288 2230 1324 2235 -—
1352 2215 1386 2242 τὸ
1414 2218 1482 2244 σόν.
1510 2218 1658 2251 Σκληρός,
1685 2219 1747 2246 ἀντὶ
1771 2220 1833 2252 τοῦ,

216 2259 315 2289 Durus,
329 2259 379 2286 hoc
394 2263 436 2285 est
450 2262 587 2285 austeros.
605 2257 722 2284 Putabat
739 2257 812 2284 enim
841 2257 912 2292 quod
937 2257 994 2284 sola

162 2302 169 2306 ’
210 2307 226 2332 d
240 2306 347 2340 ligenlia
361 2312 454 2331 eorum
465 2304 509 2338 qui
522 2303 739 2339 negotiabantur,
756 2304 815 2331 sine
824 2303 869 2330 Dei
882 2304 997 2334 auxilio,-

209 2359 291 2378 omne
304 2351 410 2377 lui-rum
427 2349 558 2377 alliceret.
576 2349 651 2376 Hanc
667 2354 758 2377 autem
787 2350 994 2384 responsionem

210 2395 313 2424 enituit
332 2395 467 2431 parabola,
482 2395 574 2423 volens
587 2395 730 2423 ostendere
744 2396 815 2430 quod
830 2396 897 2423 tales
921 2396 989 2423 nihil

246 2466 268 2482 “'
287 2465 381 2493 Matth.
396 2474 450 2499 ut,
467 2466 512 2493 53.

1047 2261 1197 2296 αὐστηρός.
1218 2261 1297 2296 ’ᾩετο
1316 2263 1370 2296 γὰρ
1383 2262 1424 2288 ὅτι
1440 2263 1507 2298 μόνη
1524 2264 1540 2299 ἡ
1563 2264 1665 2299 σπουδὴ
1679 2265 1733 2291 τῶν
1747 2266 1834 2300 ἐμποι-

1049 2307 1200 2342 ρευομένων
1228 2308 1293 2334 ἄνευ
1316 2308 1366 2343 τῆς
1397 2309 1429 2335 ὲκ
1453 2309 1521 2335 Θεοῦ
1551 2310 1677 2346 βοηθείας
1703 2313 1834 2347 κατορθοῖ

1047 2351 1078 2378 τὸ
1091 2352 1155 2378 πᾶν.
1166 2351 1274 2387 Ταύτην
1286 2352 1313 2378 δὲ
1328 2353 1378 2388 τὴν
1391 2354 1540 2381 ἀπολογίαν
1553 2356 1736 2391 ἐσχημάτισεν
1749 2359 1766 2393 ή
1781 2367 1834 2385 πα-

1049 2398 1161 2433 ραϐολὴ,
1181 2399 1266 2430 δεῖξαι
1289 2398 1437 2435 βουλομένη
1459 2403 1499 2427 ιη.
1515 2402 1538 2428 οε
1554 2402 1669 2430 τοιοῦτοι
1683 2404 1757 2430 οὐδὲν
1786 2404 1834 2431 εὖ·

796 2501 896 2532 Van‘ae
913 2501 1066 2533 lectiones
1086 2506 1116 2533 et
1142 2507 1236 2534 noue.

250 2586 305 2621 (55)
322 2585 392 2621 Τῶν,
409 2584 510 2612 omittit
526 2584 555 2610 B.

250 2618 305 2658 (56)
330 2620 451 2658 Ἑαυτοῐς
464 2625 511 2646 aut
522 2620 613 2650 αὐτοῖς
625 2618 779 2654 legendum,
795 2619 834 2646 uti
848 2619 997 2647 llenteuius

212 2657 294 2685 etiam
308 2657 432 2683 reddidit.

262 2693 306 2726 57)
325 2691 386 2718 llxc
397 2697 509 2725 uterque
525 2690 610 2717 codex
626 2690 651 2716 in
669 2689 789 2725 margine
804 2689 923 2717 exhibet.

249 2728 308 2764 (58)
327 2727 422 2758 Τοῦτο,
436 2726 584 2760 interponit
597 2725 631 2753 Α.

254 2803 290 2839 (q)
326 2804 532 2839 Proﬁciscuulur
560 2803 605 2830 ad.
628 2802 788 2835 Lucrautur,
814 2810 877 2829 cum
910 2801 998 2829 fructu

217 2844 322 2865 ('tliant.

253 2874 287 2908 (r)
300 2874 451 2908 chuiemet
465 2874 662 2902 beatitudinum
676 2873 787 2901 Omnem
807 2873 994 2901 bcatudincm.

1089 2586 1143 2620 (59)
1158 2586 1255 2617 Αὑτοῦ,
1270 2586 1344 2614 addit
1363 2587 1395 2614 A.

1087 2622 1142 2655 (60)
1159 2621 1330 2655 Κτησοέντες
1343 2623 1374 2648 Α.

1086 2657 1241 2695 (ὕμιτιμη,
1258 2657 1423 2695 ρτοσποοδή
1445 2659 1477 2695 ᾼξ
1499 2658 1632 2695 Deinceps
1650 2659 1748 2694 repetit
1761 2667 1832 2694 quo-

1049 2699 1103 2725 que
1118 2691 1185 2718 διότι
1195 2693 1228 2719 ad
1243 2691 1355 2728 σπουδή.
1373 2692 1441 2728 Ergo
1452 2693 1492 2721 bis
1507 2695 1577 2721 idem
1593 2691 1713 2730 s'cripsit.

1055 2802 1134 2864 Fofrte
1148 2811 1202 2840 pro.
1217 2804 1324 2832 ἅπασαν
1348 2804 1411 2840 legit
1426 2804 1580 2832 ἀνάπαυσιν
1602 2809 1648 2833 aut
1675 2805 1833 2833 ἀνάπαυλαν

1055 2847 1086 2864 κα
1102 2859 1107 2864 .

1052 2847 1107 2866 και.
