1939 3075
162 119 216 151 643

783 118 974 148 EUTHYMU
994 117 1175 148 ZlGABENI

1737 116 1788 148 ΜΔ

161 183 227 203 vero
246 174 318 210 apud
333 181 396 202 eum
409 175 436 202 in
452 174 531 210 cujus
546 174 628 202 domo
652 174 781 202 intratum
808 178 849 201 est
863 180 949 200 cama-

1003 172 1032 199 δὲ
1046 172 1094 205 τὴν
1107 171 1349 207 τρισκαιδεκάτην,
1362 172 1427 208 παρ’
1445 169 1466 207 ᾧ
1480 172 1509 198 τὸ
1529 171 1700 208 ἐστρωμένον
1722 171 1786 198 ἀνῶ.

161 222 264 254 culum,
285 221 369 248 veluti
390 220 471 255 paulo
488 224 549 254 post
564 219 798 247 demonstrabitur
820 227 825 244 :
843 218 949 246 decimo

160 271 258 302 quarto
269 273 360 293 autem
378 265 598 293 inciditPascha.
617 265 688 292 Dixit
701 269 791 291 autem
799 265 851 292 hoc
866 263 951 299 signi-

161 314 244 339 ﬁcans
261 311 441 346 propinquam
457 318 518 337 esse
544 311 677 344 mortem)
692 318 788 342 suam;
805 317 867 337 nam
891 310 950 344 ipso

160 357 255 392 legalis
274 357 386 384 Pascha:
402 361 525 391 tempore
540 364 672 391 passurus
687 360 749 383 erat
765 360 792 383 et
806 355 875 391 ipse.
889 354 950 382 Non

159 409 250 431 autem
266 403 429 438 simpliciter
450 402 540 430 dixit:
561 403 696 436 Traditur,
727 403 774 430 sed
789 401 901 434 addidit,
922 405 950 429 ut

159 451 341 486 cruciﬁgalur.
358 450 460 478 Iudaeis
471 450 542 479 enim
557 456 651 486 aperte
666 451 775 486 quidem
785 451 898 478 traditus
910 455 951 478 est

159 503 220 531 post
235 505 318 523 unum
335 497 418 529 diem,
438 497 565 524 videlicet
575 496 681 524 decimo
696 497 789 524 tertio.
812 497 879 524 Nam
897 497 950 524 hoc

159 543 249 569 adhuc
265 543 391 574 durante,
412 547 555 577 postquam
580 551 641 570 cum
668 543 809 577 discipulis
839 543 949 578 mystica

157 597 235 616 coena
256 589 518 621 communicaverat,
535 589 651 616 traditus
664 594 706 616 est
722 589 948 622 insidiatoribus;

159 640 187 661 ut
199 639 289 661 autem
303 634 517 669 cruciﬁgeretur,
534 635 650 661 traditus
667 639 707 662 est
721 639 782 669 post
800 635 868 662 duos
880 634 948 667 dies,

156 681 350 708 duodecimum
371 681 476 709 seilicet
489 689 520 708 ac
537 682 673 708 decimum
695 683 817 709 tertium.
850 683 886 709 De
902 682 949 709 de-

157 728 229 753 cium
250 732 348 760 quarto
367 727 440 754 enim
464 727 532 754 dixit
551 727 734 762 Evangelista.
753 728 823 755 Tum:
838 728 950 755 absolvit

156 774 209 800 illis
228 774 399 806 Barabbam;
426 773 515 800 Iesum
539 779 626 800 autem
642 775 755 810 ﬂagellis
778 783 874 802 cretum
893 780 950 802 tra-

157 821 224 847 didit
240 825 267 847 ut
286 820 483 855 cruciﬁgeretur
497 820 532 848 ⁸¹.

193 962 272 990 Vers.
284 962 353 989 Tunc
369 963 521 997 congregati
534 966 595 990 sunt
605 978 639 983 ——-
653 962 732 990 Vers.
744 962 771 989 4.
792 963 948 990 occiderent.

156 1009 224 1037 Cum
253 1009 296 1036 lex
328 1009 448 1043 juberet,
474 1012 503 1035 ut
523 1016 595 1036 unus
623 1008 749 1043 princeps
776 1008 950 1035 sacerdotum

157 1056 373 1082 constitueretur
397 1054 487 1089 quoad
500 1055 613 1086 viveret,
645 1054 696 1081 boc
718 1059 811 1081 autem
828 1058 949 1086 mortuo,

157 1100 226 1127 alter
240 1101 299 1127 loco
314 1100 373 1135 ejus
387 1105 540 1132 crearetur,
560 1099 646 1127 Judaei
673 1097 760 1136 legem
777 1104 949 1132 everterunt,

157 1152 185 1173 et
206 1154 324 1173 annuam
344 1146 470 1172 fecerunt
484 1146 585 1172 summi
615 1146 761 1173 sacerdotii
778 1146 949 1181 dignitatem.

159 1193 239 1221 Unde
256 1193 405 1220 verisimile
433 1197 475 1220 est
491 1193 562 1227 quod
594 1193 672 1219 multi
702 1197 766 1219 tunc
784 1197 872 1225 erant,
902 1192 949 1227 qui

157 1247 265 1266 summo
280 1239 366 1266 iuncti
380 1240 488 1266 inerant
507 1240 672 1271 sacerdotio,
693 1239 740 1266 sed
753 1239 808 1274 jam
824 1239 949 1273 comple-

157 1289 253 1312 verant
270 1285 452 1312 ministerium
468 1285 540 1318 quod
552 1284 661 1311 fuerant
676 1284 775 1316 sortiti,
792 1291 861 1318 quos
877 1291 950 1311 nunc

158 1330 296 1365 principes
317 1331 491 1358 sacerdotum
509 1330 680 1365 Evangelista
693 1330 854 1358 nominavit.
872 1330 946 1357 Scri-

159 1377 207 1403 bas
221 1381 312 1402 autem
329 1377 395 1403 dicit
408 1377 475 1410 legis
495 1375 643 1408 doctores;
673 1376 798 1402 seniores
812 1383 877 1402 vero
899 1383 949 1410 po-

158 1422 227 1456 puli,
246 1421 375 1456 antiquos
409 1429 440 1448 ac
457 1422 637 1456 sapientiores
653 1431 659 1448 :
678 1422 724 1456 qui
750 1415 845 1448 omnes
868 1422 950 1448 simul

159 1472 223 1494 tunc
238 1468 393 1502 congregati
412 1472 477 1494 sunt
495 1468 528 1494 ad
544 1467 703 1502 Caiapham,
719 1468 764 1502 qui
793 1472 857 1495 tunc
876 1472 949 1495 sorte

1001 218 1137 252 γαιον,ὡς
1155 219 1214 253 μετ’
1228 219 1258 245 οὑ
1272 218 1340 246 πολὺ
1358 219 1545 254 δειχθήσεται”
1563 219 1634 245 κατὰ
1657 218 1708 255 τὴν
1728 227 1789 245 τεσ-

1002 265 1253 301 σαρεσκαιδεκάτην
1267 265 1296 291 δὲ
1317 265 1348 292 τὸ
1373 265 1469 301 Πάσχα
1495 265 1658 291 συνέπεσεν.
1672 262 1739 291 Εἷπε
1761 264 1789 290 δὲ

1001 312 1090 344 τοῦτο,
1107 311 1247 346 σημαίνων
1263 312 1346 346 ἐγγὺς
1361 310 1443 338 οὖσαν
1467 311 1516 346 τὴν
1534 311 1631 337 ἑαυτοῦ
1650 311 1789 345 τελευτήν.

1001 359 1046 384 Ἐν
1061 358 1136 393 αὐτῷ
1148 357 1202 393 γὰρ
1212 357 1252 392 τῷ
1267 357 1356 393 καιρῷ
1375 357 1422 384 τοῦ
1448 356 1562 392 νομικοῦ
1578 357 1672 391 Πάσχα
1692 356 1790 382 παθεῖν

1001 404 1096 440 ἔμελλε
1113 405 1160 431 καὶ
1175 404 1268 436 αὑτός.
1284 405 1342 431 Οὐκ
1361 402 1422 431 εἷπε
1438 404 1465 430 δὲ
1483 403 1577 435 ἁπλῶς
1604 403 1645 430 ὅτι
1661 402 1789 437 Παραδί-

1001 452 1096 484 ὃοται,
1112 451 1169 478 ἀλλ’
1183 451 1225 478 ὅτι
1241 452 1284 483 εὶς
1296 450 1329 477 τὸ
1352 449 1571 484 σταυρωθῆναι.
1603 449 1709 480 Ἀπλῶς
1740 449 1790 483 μὲν

1001 499 1055 534 γὰρ
1092 497 1227 532 παρεδόθη
1250 498 1305 528 τοῖς
1330 496 1466 527 Ἰουδαίοις
1491 496 1558 530 μετὰ
1587 495 1651 530 μίαν
1671 495 1788 530 ἡμέραν,

1001 545 1085 580 ἤγουν
1107 545 1134 569 ὲν
1145 544 1177 578 τῇ
1188 543 1410 578 τρισκαιδεκάτῃ.
1418 541 1525 576 Ταύτης
1532 543 1587 576 γὰρ
1598 541 1788 576 ἐνισταμένης,

1003 591 1073 626 μετά
1086 590 1115 617 τὸ
1140 590 1301 623 κοινωνῆσαι
1333 590 1388 620 τοῖς
1419 589 1553 624 μαθηταῖς
1579 587 1625 614 τοῦ
1657 588 1788 623 μυστικοῦ

1001 635 1108 661 δείπνου
1135 633 1271 669 παρεδόθη
1291 635 1348 664 τοῖς
1366 633 1539 664 ὲπιῦού).οις’
1551 634 1590 665 εἰς
1608 633 1635 659 δὲ
1651 633 1681 659 τὸ
1704 628 1807 659 ctam"

1003 680 1123 716 ρωθῆναι
1152 678 1297 714 παρεδόθη,
1316 679 1385 713 μετὰ
1407 678 1454 705 δύο
1472 679 1575 710 ταύτας
1598 679 1714 714 ἡμέρας,
1730 679 1790 714 ἢτοι

1003 728 1071 761 μετὰ
1092 726 1141 760 τὴν
1164 725 1320 760 δωδεκάτην
1345 725 1393 752 καὶ
1415 725 1466 760 τὴν
1486 725 1726 760 τρισκαιδεκάτην.
1746 726 1790 751 Ἐν

1000 774 1033 808 τῇ
1059 773 1344 807 τεσσαρεσκαιδεκάτῃ
1370 772 1424 806 γὰρ
1452 771 1534 806 φησὶν
1550 771 1788 804 ὸεὺαγγελιστης·

1004 818 1072 844 Τότε
1084 817 1241 844 ἀπέλυσεν
1257 817 1359 850 αὐτοῖς
1375 818 1430 843 τὸν
1440 815 1596 850 Βαραϐϐᾶν
1611 816 1668 852 (75)
1681 816 1695 842 ό
1709 815 1791 842 Πιλά-

1002 872 1059 895 τος·
1074 864 1119 890 τὸν
1142 864 1171 890 δὲ
1203 863 1308 898 Ἰησοῦν
1345 863 1524 898 φραγελὼσας
1537 863 1593 898 (74)
1619 863 1788 898 παρέδωκεν,

1002 909 1044 936 ἵνα
1061 909 1216 945 σταυρωθῇ.

1040 957 1111 982 Τότε
1128 956 1330 990 συνήχθησαν
1342 971 1376 976 -
1391 956 1618 982 ἀποκτείνωσιν.
1628 955 1682 982 Τοῦ
1705 955 1788 988 νόμου

1000 1002 1158 1034 κελεύοντος
1179 1003 1227 1029 ἕνα
1252 1003 1383 1038 ἀρχιερέα
1392 1002 1572 1029 καθίστασθαι
1584 1002 1679 1037 μέχρις
1695 1001 1728 1027 ἂν
1743 1002 1787 1035 ζῇ,

999 1049 1094 1076 τούτου
1124 1049 1152 1076 δὲ
1179 1049 1404 1083 τελευτήσαντος,
1418 1049 1512 1084 ἕτερον
1535 1048 1786 1080 ἀντικαθίστασθαι,

1001 1096 1157 1132 παρέλυσαν
1179 1096 1300 1122 Ἰουδαῖοι
1316 1096 1362 1123 τὸν
1375 1097 1467 1131 νόμον,
1481 1096 1530 1122 καὶ
1553 1095 1723 1122 ὲνιαυσιαίαν
1737 1096 1787 1130 τὴν

1001 1143 1206 1179 ἀρχιερωσύνην
1226 1142 1367 1178 ἐποίησαν.
1385 1143 1467 1170 Ὅθεν
1488 1143 1561 1174 εἰκὸς
1582 1142 1694 1173 πολλοὺς
1717 1140 1788 1168 εἶναι

1001 1191 1063 1225 τοὺς
1086 1188 1354 1224 ἀρχιερατεύσαντας
1373 1189 1432 1224 μὲν,
1456 1189 1673 1224 πεπληρωκότας
1688 1188 1716 1215 δὲ
1739 1188 1788 1224 τὴν

1000 1234 1135 1270 λαχοῦσαν
1152 1234 1391 1269 λειτουργίαν,οὒς
1411 1234 1460 1261 νῦν
1478 1236 1618 1270 ἀρχιερεῖς
1637 1236 1651 1261 ὁ
1671 1234 1788 1268 εὐαγγε-

1001 1282 1095 1318 λιστὴς
1109 1282 1245 1317 ὠνόμασε.
1265 1283 1441 1318 Γραμματεῖς
1457 1283 1485 1309 δὲ
1505 1282 1578 1317 λέγει
1595 1282 1658 1314 τοὺς
1683 1281 1788 1316 νομοδι-

999 1329 1150 1362 δασκάλους
1171 1338 1178 1345 ·
1203 1330 1408 1365 πρεσϐυτέρους
1450 1329 1478 1356 δὲ
1507 1330 1554 1356 τοῦ
1602 1329 1680 1361 λαοῦ,
1723 1330 1786 1360 τοὶς

1001 1376 1132 1411 γηραιοὺς
1143 1375 1198 1410 (75)
1209 1376 1256 1401 καὶ
1268 1375 1480 1410 συνετωτέρους,
1491 1375 1515 1402 οἳ
1534 1376 1633 1406 πάντες
1646 1375 1712 1409 ὁμοῦ
1724 1375 1786 1401 τότε

1002 1422 1176 1458 συνήχθησαν
1203 1423 1279 1457 ’παρὰ
1296 1422 1335 1457 τῷ
1360 1422 1482 1458 Καῖάφᾳ,
1508 1421 1556 1457 τὴν
1579 1421 1787 1457 ἀρχιερωσύνην

1000 1468 1150 1502 τηνικαῦτα
1178 1468 1382 1504 κεκληρωμένῳ
1414 1468 1470 1504 (76)
1499 1468 1602 1495 διέπειν
1621 1467 1786 1494 ὑπὸτούτου

158 1513 345 1547 pontiﬁcatum
377 1512 557 1544 gubernabat,
591 1513 625 1539 ab
640 1512 691 1539 hoc
719 1512 839 1539 volentes
867 1512 947 1539 cmdis

1003 1514 1120 1546 θέλοντες
1135 1514 1221 1540 τὸτοῦ
1236 1514 1316 1549 φόνου
1327 1513 1420 1541 λαϐεῖν
1430 1514 1579 1548 ἐνδόσιμον,
1594 1515 1639 1549 ὑφ’
1653 1511 1684 1541 οὗ
1699 1515 1787 1540 κωλυ-

158 1567 251 1585 ansam
272 1566 380 1593 capere.
395 1566 410 1585 a
425 1567 479 1593 quo
497 1558 587 1592 potius
601 1566 648 1585 eos
667 1557 805 1593 prohiberi
818 1559 947 1592 oportuit.

160 1605 284 1631 liolosam
316 1610 406 1631 autem
446 1604 691 1638 apprehensionem
723 1605 790 1631 dixit
816 1605 949 1632 occultam

159 1654 314 1683 captionem
334 1658 340 1675 :
356 1656 415 1675 eam
430 1649 503 1674 enim
521 1657 581 1682 qum
611 1649 638 1675 in
656 1649 802 1684 propatulo
825 1650 903 1677 ﬁeret
918 1651 950 1677 ti-

160 1696 281 1726 luebant.
311 1700 421 1730 propter
439 1695 498 1729 ejus
517 1695 677 1730 discipulos,
698 1701 726 1723 et.
748 1704 795 1724 eos
820 1700 866 1732 qui
884 1698 950 1726 alias

161 1741 237 1768 lllulll
249 1742 445 1775 sequebantur.

195 1787 272 1814 Vers.
286 1787 313 1814 5.
328 1787 455 1814 Dicebant
465 1802 502 1807 —
513 1790 621 1822 populo.
638 1788 880 1821 Dicebantautem,
891 1790 948 1817 Non

160 1835 186 1861 in
204 1834 247 1860 die
266 1834 346 1864 testo,
371 1833 499 1862 videlicet
515 1835 572 1862 tiat.
590 1835 726 1862 Omnibus
746 1838 819 1863 enim
837 1837 863 1863 in
881 1837 950 1864 festo

159 1880 272 1907 Pascha:
295 1880 415 1914 undique
448 1882 621 1916 congregatis
648 1882 822 1917 contingeret
850 1883 950 1911 multos

159 1927 255 1954 adesse
284 1926 330 1960 qui
345 1925 437 1953 Jesum
464 1935 655 1962 sequerentur.
686 1929 819 1958 Praeterea
841 1938 951 1965 quoque

158 1973 211 2000 nisi
233 1973 335 2000 factum
356 1978 428 2000 esset
450 1976 600 2008 occultum,
622 1980 728 2002 certum
747 1977 787 2003 eis
806 1981 865 2004 erat
891 1980 950 2004 tur-

159 2020 280 2047 bandum
297 2020 441 2054 populum,
457 2021 503 2055 qui
520 2021 582 2048 illos
598 2022 814 2055 abominaretur,
833 2031 889 2051 non
905 2031 951 2051 so—

161 2067 216 2092 lum
234 2066 306 2100 quod
335 2066 471 2093 imontem
500 2067 683 2100 occidissent,
711 2069 757 2095 sed
771 2069 851 2095 etiam
878 2069 952 2103 quod

160 2112 188 2138 in
202 2112 272 2138 festo
300 2112 440 2145 fecissent,
457 2120 511 2147 quo
529 2119 690 2141 consuetum
709 2119 769 2142 erat
785 2116 866 2142 etiam
885 2123 952 2143 con-

160 2157 318 2185 demnatum
350 2158 376 2185 in
394 2159 454 2193 ejus
472 2159 602 2186 honorem
621 2161 775 2188 absolvere.
793 2162 886 2197 Itaque
896 2170 950 2190 non

162 2206 260 2239 Deum,
278 2207 325 2234 sed
351 2207 477 2234 homines
491 2208 594 2243 ubique
613 2209 721 2236 timent.
743 2210 844 2237 Verum
860 2219 949 2246 quan-

160 2261 242 2288 quam
265 2253 302 2279 ita
318 2257 484 2288 statuerunt,
503 2262 557 2282 non
589 2259 680 2282 tamen
708 2261 948 2292 exspectaverunt,

160 2299 207 2326 sed
236 2299 346 2326 invento
370 2299 511 2334 proditore
527 2301 699 2330 occasionem
725 2309 896 2338 rapuerunt.
922 2309 951 2332 et

161 2345 271 2372 invidia:
295 2344 368 2371 rabie
389 2345 422 2371 ad
447 2345 581 2373 insaniam
612 2347 762 2383 redigt-nte.
782 2350 845 2383 quid
869 2358 951 2385 expe-

161 2391 240 2424 dzret,
254 2399 308 2419 non
321 2392 448 2419 viderunt
463 2400 470 2419 :
486 2393 533 2420 sed
551 2393 623 2421 hunc
638 2395 664 2422 in
682 2395 752 2423 festo
766 2397 950 2431 immolantes,

159 2437 261 2464 luroris
290 2437 522 2472 magnitudinem,
541 2447 621 2474 quem
648 2441 779 2469 adversus
799 2450 861 2470 eum
874 2452 952 2479 gere-

160 2481 235 2514 bant.
256 2482 489 2510 demonstrarunt.
511 2484 658 2519 Oportebat
682 2487 767 2519 enim,
797 2490 950 2522 oportebat,

160 2527 281 2562 inquam,
290 2529 436 2556 salutarem
448 2530 553 2565 Agnum
566 2531 592 2558 in
601 2532 645 2559 die
656 2533 849 2562 immolationis
860 2535 952 2571 legalis

159 2574 222 2609 agni
242 2574 376 2602 immolari
394 2584 401 2602 :
422 2581 515 2605 utente
532 2577 558 2604 in
572 2577 623 2606 hoc
637 2580 738 2607 malitia
753 2580 863 2609 illorum
889 2582 948 2609 Sal-

193 2667 216 2682 “
232 2666 328 2696 Matth.
342 2678 427 2703 xxvii,
439 2670 484 2698 26.

1002 1559 1081 1595 θῆναι
1106 1560 1208 1595 μᾶλλον
1237 1560 1332 1596 ἐχρῆν.
1354 1561 1427 1596 Δόλῳ
1442 1561 1470 1587 δὲ
1498 1561 1632 1596 κράτησιν
1656 1559 1716 1587 εἷπε
1735 1561 1785 1595 τὴν

1000 1608 1134 1643 λαθραίαν
1161 1608 1408 1644 κατὰσχεσινυτὴν
1432 1609 1485 1644 γὰρ
1509 1610 1540 1636 ὲκ
1558 1608 1604 1635 τοῦ
1630 1608 1786 1644 προφανοῦς

1001 1655 1183 1689 ἑφυλάσσῡντο
1197 1655 1240 1681 διὰ
1253 1656 1317 1686 τοὺς
1341 1654 1466 1689 μαθητὰς
1490 1655 1572 1681 αὐτοῦ
1596 1655 1643 1681 καὶ
1662 1655 1724 1687 τοὺς
1739 1655 1787 1682 ἄλ-

1001 1700 1052 1731 λως
1066 1700 1226 1735 ἑπομένους.

1039 1748 1167 1780 Ἔλεγον
1189 1761 1221 1766 —-
1236 1745 1309 1778 λαῷ.
1325 1746 1438 1780 Ἔλεγον
1463 1746 1503 1779 δε,
1590 1747 1618 1773 'sv
1633 1748 1665 1782 τῇ
1692 1747 1785 1783 ἑορτῇ,

1000 1792 1102 1828 δηλαδὴ
1128 1793 1258 1827 γενέσθω,
1285 1793 1399 1820 Πάντων
1426 1793 1480 1829 γὰρ
1503 1794 1671 1828 πανταχόθεν
1697 1795 1726 1820 έν
1752 1795 1784 1829 τῇ

1002 1839 1081 1875 ἑορτῇ
1099 1839 1145 1865 τοῦ
1163 1840 1257 1874 ιΙάαχα
1271 1840 1496 1875 συνειλεγμένων,
1515 1840 1657 1866 συνέϐαινε
1672 1840 1785 1872 πολλοὺς

1002 1885 1072 1912 εἶναι
1084 1887 1148 1921 περὶ
1161 1887 1205 1913 τὸν
1226 1887 1340 1921 Ἰησοῦν,
1354 1886 1441 1919 ἄλλως
1451 1895 1480 1913 τε
1496 1888 1553 1918 καὶ,
1564 1887 1600 1922 μὴ
1610 1886 1786 1918 λανθάνοντος

1002 1932 1050 1958 τοῦ
1066 1933 1238 1968 πράγματος,
1251 1934 1302 1960 οὐκ
1318 1933 1522 1968 ἀπροσδόκητον
1535 1931 1569 1969 ἧν
1586 1934 1688 1966 αὐτοῖς,
1699 1942 1788 1968 ταρα-

1002 1980 1100 2015 χθῆναι
1113 1980 1158 2006 τὸν
1175 1980 1250 2010 λαὸν,
1276 1979 1450 2015 μυσαχθέντα
1464 1980 1585 2013 τούτους,
1598 1981 1627 2006 οὺ
1646 1981 1725 2015 μόνον
1745 1981 1788 2006 ὅτι

1002 2026 1090 2052 ἀθῶον
1104 2026 1220 2058 ἀνεῖλον,
1236 2026 1293 2053 ἀλλ’
1314 2027 1355 2053 ὃτι
1372 2027 1419 2052 καὶ
1435 2028 1464 2052 ἐν
1477 2028 1509 2062 τῇ
1528 2027 1789 2062 ἑορτῇ,καθ“ῆνκαὶ

1002 2072 1148 2098 κατάδικον
1171 2073 1211 2104 εἰς
1238 2072 1320 2107 τιμὴν
1347 2074 1430 2107 αὐτῆς
1459 2073 1588 2100 ἀπολύειν
1611 2073 1725 2108 σύνηθες
1741 2071 1786 2108 ἦν.

1003 2116 1096 2148 Οὖτως
1116 2118 1145 2143 οὐ
1163 2117 1208 2143 τὸν
1225 2117 1302 2150 Θεὸν,
1321 2117 1387 2144 ἀλλὰ
1402 2118 1465 2149 τοὺς
1477 2118 1639 2153 ἀνθρώπους
1651 2119 1788 2154 πανταχοῦ

1003 2163 1159 2197 φοϐοῦνται.
1178 2163 1246 2190 Ἀλλ’
1262 2165 1286 2190 εἱ
1304 2163 1437 2190 καὶτοῦτο
1454 2164 1525 2190 οὕτω
1534 2166 1702 2200 κεκρίκασιν,
1714 2166 1789 2200 ὅμως

1004 2209 1054 2235 οὐκ
1080 2210 1239 2244 ἀνέμειναν,
1260 2209 1319 2236 ἀλλ’
1337 2211 1463 2245 εὑρόντες
1478 2211 1524 2237 τὸν
1539 2212 1684 2247 προδότην,
1697 2213 1788 2247 ἥρπα-

1006 2265 1055 2282 σαν
1076 2256 1121 2283 τὸν
1147 2257 1242 2292 καιρὸν
1274 2256 1399 2291 (Π),καὶ
1421 2259 1471 2292 τῆς
1487 2258 1533 2284 τοῦ
1560 2258 1659 2292 φθόνου
1687 2259 1789 2293 λύσσης

1005 2301 1249 2337 ἁναϐσικχευσάσης
1262 2302 1372 2334 αὐτοὺς,
1384 2303 1429 2329 καὶ
1440 2303 1472 2328 τὸ
1486 2305 1625 2338 συμφέρον
1639 2305 1787 2339 ἠγνόησαν,

1004 2349 1052 2375 καὶ
1067 2349 1096 2374 ὲν
1115 2350 1147 2383 τῇ
1161 2349 1240 2384 ἑορτῇ
1268 2349 1362 2375 τοῦτον
1385 2350 1600 2382 καταθύσαντες,
1621 2352 1724 2384 ἔδειξαν
1741 2354 1789 2388 τῆς

1005 2394 1066 2420 κατ’
1078 2390 1160 2421 αὑτοῦ
1178 2394 1276 2429 μανίας
1298 2395 1347 2429 τὴν
1373 2396 1537 2431 ὑπερὸολήν,
1556 2397 1630 2423 Ἔδει
1653 2398 1717 2431 γὰρ,
1735 2398 1789 2424 ἔδει

1003 2440 1050 2466 τὸν
1071 2441 1205 2476 σωτήριον
1217 2441 1316 2475 Ἀμνὺν
1330 2442 1358 2467 ὲν
1372 2442 1405 2476 τῇ
1422 2442 1514 2476 ἡμέρᾳ
1540 2442 1589 2476 τῆς
1608 2442 1655 2468 τοῦ
1676 2443 1787 2478 νομικοῦ

1005 2486 1091 2520 ἀμνοῦ
1106 2486 1200 2517 θυσίας
1217 2487 1405 2522 θυσιασθῆναι,
1417 2488 1463 2514 τοῦ
1475 2488 1600 2522 Σωτῆρος
1616 2490 1789 2524 χρησαμένου

1004 2534 1037 2568 τῇ
1054 2532 1166 2559 ἐκείνων
1182 2533 1300 2568 πονηρίᾳ.
1312 2534 1379 2568 πρὸς
1391 2536 1440 2568 τὴν
1453 2535 1556 2560 οἰκείιν
1567 2535 1736 2569 οἰκονομίαν,
1746 2536 1788 2562 ἴνα

1005 2579 1112 2611 πάντως
1124 2581 1138 2606 ὁ
1153 2580 1237 2612 τύπος
1255 2580 1430 2615 καταλλήλως
1444 2580 1512 2616 mn
1531 2581 1585 2616 (78)
1600 2582 1648 2617 τὴν
1666 2582 1788 2609 ἔκϐασιν.

796 2708 899 2740 Varim
919 2707 1072 2740 lectiones
1090 2713 1117 2740 et
1137 2715 1232 2742 notae.

197 2787 252 2824 (πρ)
265 2790 405 2824 Βαραὸἄν,
421 2791 489 2820 Cod.
503 2792 536 2821 A.

197 2823 254 2860 (τι)
269 2823 312 2860 ita
323 2831 438 2860 uterque
452 2826 533 2854 etiam
549 2827 575 2854 in
589 2833 729 2857 contextu.

199 2858 254 2894 (75)
270 2858 338 2887 Cod.
358 2858 400 2894 Δί
413 2861 540 2897 γηρεούς.

1045 2795 1102 2832 (76)
1118 2795 1185 2823 Cod.
1201 2796 1232 2827 Α,
1250 2797 1472 2832 πεπληρωμένῳ.

1044 2831 1100 2868 (Π)
1113 2831 1184 2868 god.
1198 2833 1230 2868 Α,
1250 2832 1377 2868 ἥρπασαν
1397 2831 1507 2858 καὶτὸν
1524 2833 1628 2868 καιρόν.

1043 2866 1097 2901 (78)
1112 2866 1242 2903 Ἐκ6ά).ῃ,
1259 2874 1307 2901 pro
1321 2867 1401 2904 λάϐῃ,
1415 2869 1480 2896 Cod.
1493 2868 1525 2897 Α.
