1939 3075
220 113 274 144 703

840 107 1031 137 EUTIIYMII
1053 108 1238 138 ΖιοΑΒΕΝι-

1794 107 1847 138 764

219 177 302 203 quam
318 169 404 204 gallus
422 167 532 198 cecinit,
550 173 700 193 conversus
726 164 857 191 Dominus
888 165 1008 199 respexit

1079 167 1192 201 τραφεὶς
1209 167 1222 192 ὀ
1238 166 1349 201 Κύριος,
1376 166 1504 200 ἐνέϐλεψε
1533 167 1573 201 τῷ
1602 167 1714 202 Πέτρῳ,
1731 168 1776 195 διὰ
1801 170 1849 196 τοῦ

221 213 342 245 Petrum,
365 221 411 248 per
424 216 564 246 aspectum
590 211 623 237 ad
653 210 814 237 memoriam
844 218 906 237 eum
929 210 1010 237 redu-

221 267 286 287 cens
300 259 332 286 θ’.
369 259 444 286 Adeo
476 257 548 284 enim
582 256 658 283 illum
689 256 829 283 devicerat
859 257 951 287 timor,
982 261 1011 283 ut

226 305 399 340 paulominns
412 303 494 330 fuerit
516 307 657 330 emortuus
676 310 682 328 :
707 310 825 336 cumque
845 301 931 337 gallus
955 310 1010 329 non

222 352 306 379 Semel
328 354 446 382 tantum,
466 349 513 376 scd
525 353 552 375 et
568 349 610 375 bis
629 349 786 379 cecinisset,
803 356 894 382 neque
920 350 956 375 ita
978 349 1012 376 ad

222 403 333 424 sensum
355 395 482 424 redierat,
499 394 546 422 sed
564 402 633 428 opus
645 394 727 421 etiam
754 394 844 420 fuerat
863 394 1012 421 Salvatoris

223 446 346 477 aspectu.
377 440 444 468 Vide
472 448 537 475 ergo
564 440 749 467 inﬁrmitatem
770 439 797 466 in
827 447 908 474 quam
935 439 1012 467 brevi

224 493 348 522 tempore
368 487 448 519 tertio
467 486 616 521 negaverit,
629 489 657 512 et
672 485 827 512 successive
842 489 896 523 tres
917 485 1015 513 emise-

224 535 261 561 rit
277 535 447 569 negationes,
462 541 516 561 non
543 532 738 568 quaestionibus
761 532 942 565 examinatus,
967 532 1012 560 sed

226 580 296 607 forte
309 580 418 607 fortuna
432 579 458 606 in
477 579 593 607 transitu
612 579 770 613 requisitus.

259 626 339 653 Vers.
368 626 412 654 75.
445 626 478 653 Et
503 634 668 662 egressus—
685 633 786 652 amare.
814 624 948 660 Egressus
974 630 1016 652 est

226 671 310 704 foras,
336 680 370 699 ne
400 672 470 699 forte
501 671 570 699 ﬂens
599 675 627 698 et
651 671 709 705 ipse
743 670 1014 706 apprehenderetur.

228 718 313 745 Flevit
329 723 430 750 autem,
444 725 498 745 non
525 722 674 751 utcunque,
698 715 747 743 sed
773 716 882 743 acerbe.
910 715 1016 742 Marcus

228 769 319 790 autem
337 764 403 791 dicit
418 764 450 796 '°,
465 764 537 799 quod
550 763 680 798 adjiciens
694 762 765 789 ﬂevit
783 770 790 794 ;
807 762 950 796 adjiciens,
966 761 1017 788 hoc

228 815 270 837 est
288 810 430 845 incipiens.
445 809 566 837 Joannes
579 817 644 837 vero
660 809 724 842 hoc,
744 813 874 843 tanquam
899 808 934 835 ab
957 808 1016 835 aliis

228 858 332 885 dictum
348 858 533 893 praetermisit.

264 903 362 930 Vidisti
377 907 519 938 peccatum
530 903 541 929 ?
554 902 616 930 vide
632 906 661 929 et
674 901 875 937 paenitentiam.
899 901 938 929 οι)
965 901 1018 929 hoc

230 949 303 976 enim
336 953 447 982 peccata
476 953 503 975 et
534 948 707 983 poenitentiae
738 953 895 976 sanctorum
919 947 1019 982 scripta

230 999 305 1023 sunt.
337 995 489 1022 Permissus
516 999 558 1022 est
580 999 672 1022 autem
696 995 802 1022 cadere
827 994 935 1026 Petrus,
964 1002 1020 1021 non

232 1044 343 1075 propter
361 1040 448 1067 dictas
470 1044 575 1067 tantum
593 1047 699 1070 causas,
717 1040 764 1066 sed
788 1040 870 1066 etiam
893 1044 922 1066 ut
946 1039 1021 1074 igno-

233 1093 309 1113 scere
320 1086 409 1114 discat
435 1086 477 1113 bis
492 1093 601 1120 quoque
614 1085 661 1120 qui
680 1085 821 1117 labuntur,
841 1087 940 1113 borum
968 1087 1021 1113 im-

234 1132 411 1160 becillitatem
426 1140 460 1159 ex
474 1139 523 1159 sua
538 1139 707 1166 cognoscens
728 1141 734 1158 :
759 1140 822 1159 nam
839 1137 931 1167 pastor
954 1140 1022 1159 con-

234 1179 389 1206 stituendus
406 1183 466 1205 erat
486 1183 534 1206 :et
559 1183 589 1205 ut
611 1185 771 1214 magnorum
788 1179 875 1205 factus
897 1183 1023 1213 operator

235 1225 439 1257 miraculorum,
464 1224 605 1252 modestus
623 1224 668 1258 sit,
688 1231 720 1251 ac
741 1224 783 1251 sui
799 1231 879 1251 casus
897 1225 1024 1251 recorda-

235 1277 288 1304 tus,
301 1272 361 1298 Deo
374 1278 431 1298 rem
451 1278 561 1298 omnem
575 1270 702 1298 ascribat.
719 1269 860 1305 Siquidem
878 1275 906 1297 et
923 1270 1024 1298 Paulus

235 1325 295 1344 Cum
314 1316 507 1344 tentationibus
523 1316 673 1350 permissus
694 1319 735 1343 est
748 1323 878 1351 pugnare,
893 1323 928 1343 ne
938 1316 1024 1343 extol-

235 1362 348 1393 leretur,
367 1366 397 1387 ut
414 1361 471 1395 ipse
483 1360 521 1387 ait:
548 1361 580 1387 °'.
594 1360 770 1387 Potissimum
796 1365 898 1393 autem,
915 1366 944 1388 ut
960 1369 1023 1396 pec-

236 1407 376 1434 caloribus
392 1406 495 1433 clarum
520 1409 592 1433 esset
621 1405 787 1440 ptenitentiae
816 1407 981 1441 exemplum.
997 1406 1026 1434 Si

236 1453 310 1479 enim
336 1457 496 1479 cancrorum
522 1451 649 1486 princeps
676 1452 871 1487 apostolorum,
890 1453 936 1486 qui
958 1453 1026 1480 tales

1061 212 1218 246 βλέμματος
1250 213 1469 246 ὑπομιμνήσκων
1503 213 1594 240 αὐτόν.
1618 214 1751 241 Τοσοῦτον
1794 216 1852 252 γὰρ

1061 257 1144 284 αὐτοῦ
1181 258 1387 292 κατεκράτησεν
1406 259 1419 284 6
1438 258 1532 292 φόὸος,
1552 259 1591 290 ὡς
1633 260 1853 297 ἀποτεθνηκέναι

1063 304 1232 339 μικροῦ,καὶ
1259 305 1305 331 τοῦ
1334 305 1482 340 ἀλέκτορος
1505 307 1684 340 φωνήσαντος
1707 309 1737 334 οὐ
1771 310 1853 342 μόνον

1063 350 1146 382 ἅπαξ,
1157 349 1223 376 ἀλλά
1238 350 1285 376 καὶ
1301 350 1351 382 δὶς,
1367 350 1428 384 μηδ’
1452 351 1538 381 οὓτως
1555 352 1593 382 είς
1607 351 1734 387 αἴσθησιν
1749 354 1853 386 ὲλοεῖν,

1062 396 1129 423 ἀλλὰ
1145 396 1273 430 δεηθῆναι
1291 397 1337 423 καὶ
1352 396 1399 422 τοῦ
1420 396 1576 431 βλέμματος
1589 397 1637 423 τοῦ
1651 399 1787 433 Σωτῆρος.
1800 401 1855 427 Ἰῐε

1062 442 1127 477 γοῦν
1145 442 1297 473 ἀσθένειαν,
1314 442 1374 474 πῶς
1389 444 1418 470 ἐν
1433 443 1529 478 βραχεῖ
1541 444 1632 479 καιρῷ
1660 445 1753 479 τρίτον
1769 447 1857 481 ἠρνή-

1064 497 1140 521 σατο,
1153 490 1200 516 καὶ
1214 490 1245 515 ἐκ
1262 489 1388 524 διαδοχῆς
1402 489 1451 521 τὰς
1463 491 1537 524 τρεῖς
1553 491 1681 526 ἀρνήσεις
1694 492 1856 527 ἐποιήσατο,

1064 535 1110 561 καὶ
1127 535 1177 561 οὐκ
1192 535 1368 570 ὲτιιζόμενος,
1385 535 1455 569 ἀλλ’,
1471 536 1509 567 ὡς
1529 536 1621 571 ἔτυχε,
1637 538 1708 564 κατὰ
1733 539 1856 573 πάροδον

1064 580 1252 615 ἐρωτώμενος.

1097 626 1153 653 Καὶ
1175 626 1309 659 ἐξελθὼν
1332 641 1366 646 -
1379 627 1500 661 πικρῶς.
1534 628 1662 662 Ἐξῆλθεν
1680 628 1743 661 ἔξω,
1758 629 1860 664 φοϐού-

1067 681 1147 706 μενος
1171 673 1278 708 μήποτε
1304 673 1405 700 κλαίων
1432 674 1588 708 κατασχεθῇ
1614 674 1660 701 καὶ
1683 675 1776 707 αὑτός.
1813 676 1862 702 'E-

1067 719 1167 746 κλαυσε
1176 719 1204 745 δὲ
1214 719 1263 754 οὐχ
1272 718 1451 751 ἀπλῶς,ἇ.λλὰ
1462 719 1580 754 πικρῶς.
1590 719 1619 745 '0
1625 720 1653 746 δὲ
1662 720 1775 755 Μάρκος
1784 718 1864 747 εἶπεν

1067 767 1108 793 ὅτι
1137 766 1276 792 ὲπιΰαλὼν
1305 765 1432 792 ἔκλαιεν·
1455 765 1605 798 ἐπιϐαλὼν,
1619 766 1679 792 ἀντὶ
1702 766 1862 801 τοῦ,ἀρξὰ-

1070 821 1160 848 μενος.
1189 812 1317 846 Ἰωάννης
1331 812 1359 838 δὲ
1376 812 1423 838 καὶ
1442 811 1522 838 τοῦτο
1552 812 1742 847 παρέδραμεν,
1754 812 1792 844 ὡς
1806 814 1863 843 τοῖς

1033 847 1054 874 Β
1068 847 1159 889 ἄλλοις
1174 859 1234 893 εἰρη
1240 858 1331 893 μένον.

1100 902 1176 935 Εἶδες
1192 904 1242 938 τὴν
1259 903 1408 938 ἁμαρτίαν,
1427 903 1465 928 [δι
1483 903 1531 929 καὶ
1556 903 1605 937 τὴν
1633 903 1790 937 μετάνοιαν.
1811 903 1865 929 Διὰ

1069 950 1148 976 τοῦτο
1164 949 1218 984 γὰρ
1236 950 1282 975 καὶ
1302 949 1330 975 at
1363 949 1497 983 ἁμαρτίαι
1525 949 1572 975 καὶ
1592 949 1620 976 αι
1648 949 1787 984 partiverant
1808 950 1867 975 τιῖν

1070 995 1155 1029 ἁγίων
1171 995 1344 1030 ἐγράφησαν,
1355 994 1400 1022 ἵνα
1410 1016 1416 1028 ,
1430 995 1493 1022 ὅταν
1509 995 1689 1031 ἁμάρτωμεν,
1715 995 1869 1030 μιμώμεθα

1071 1042 1120 1076 τὴν
1141 1041 1245 1068 τούτων
1277 1041 1431 1075 μετάνοιαν.
1462 1041 1650 1076 Παρεχωρήθη
1677 1041 1706 1067 δὲ
1734 1042 1828 1067 πεσεῖν
1853 1043 1870 1067 ὁ

1072 1087 1174 1123 Πέτρος
1191 1087 1222 1113 οὐ
1248 1087 1328 1122 μόνον
1343 1086 1386 1113 διὰ
1400 1087 1450 1119 τὰς
1463 1087 1590 1121 ἀνωτέρω
1614 1087 1745 1122 ῥηθείσας
1762 1087 1870 1118 αἰτίας,

1072 1133 1146 1170 ἀλλὰ,
1157 1133 1204 1159 καὶ
1216 1132 1260 1159 ἴνα
1275 1132 1349 1168 μάθῃ
1364 1133 1568 1167 συγγνωμονεῖν
1582 1133 1638 1163 τοῖς
1649 1132 1803 1159 ὸλισθαῐνου
1810 1141 1867 1164 σιν,

1073 1179 1106 1205 ὲκ
1125 1179 1175 1213 τῆς
1190 1179 1294 1210 οἰκείας
1310 1178 1454 1210 ἀσθενείας
1472 1178 1520 1204 καὶ
1545 1178 1596 1212 τὴν
1614 1177 1717 1205 τούτων
1735 1178 1870 1212 ἐπιγινώ-

1075 1232 1162 1251 σκων·
1181 1223 1276 1259 ἔμελλε
1294 1223 1348 1258 γὰρ
1363 1223 1466 1258 ποιμὴν
1486 1223 1673 1258 καταστῆναι·
1695 1224 1741 1250 καὶ
1758 1223 1804 1250 ἴνα
1820 1232 1869 1249 τε-

1074 1271 1233 1306 λεσιουργὸς
1257 1270 1383 1304 μεγάλων
1409 1270 1556 1305 θαυμάτων
1580 1269 1732 1304 γινόμενος,
1755 1277 1871 1304 μετριο-

1075 1319 1172 1353 φρονῇ,
1186 1317 1233 1344 καὶ
1255 1317 1302 1344 τοῦ
1333 1317 1479 1351 πτώματος
1507 1315 1697 1351 μνημονεύων,
1709 1316 1748 1351 τῷ
1763 1315 1823 1350 Θεῷ
1839 1315 1873 1341 τὸ

1075 1365 1130 1391 πᾶν
1146 1363 1348 1398 ἐπιγράφηται.
1359 1363 1413 1390 Καὶ
1429 1362 1535 1393 Παῦλος
1551 1361 1605 1397 γὰρ
1620 1362 1784 1397 πειρασμοῖς
1810 1362 1883 1396 (94)-

1077 1411 1165 1446 ἁφέθη
1194 1410 1330 1442 παλαίειν,
1344 1409 1387 1435 ἵνα
1408 1408 1503 1444 μὴ,ώς
1530 1409 1611 1440 αὑτός
1632 1417 1725 1442 φησιν,
1752 1408 1875 1443 ὑπεραί-

1078 1466 1159 1493 ρηται
1172 1465 1179 1473 ·
1193 1457 1224 1483 τὸ
1237 1456 1266 1483 δὲ
1283 1455 1388 1491 μεῖζον,
1401 1456 1444 1482 ἵνα
1463 1456 1520 1487 τοῖς
1536 1456 1726 1490 ἁμαρτάνουσι
1739 1455 1874 1490 λαμπρὸν

236 1500 351 1526 \irtntes
369 1504 397 1526 et
414 1499 519 1526 viderat
532 1503 560 1526 et
574 1498 687 1532 fecerat,
711 1498 819 1525 tandem
847 1499 874 1525 in
904 1499 1021 1534 negatio-

1079 1505 1121 1540 εῐη
1137 1504 1312 1540 παράδειγμα
1329 1503 1484 1538 μετανοίας.
1503 1503 1534 1529 Ei
1548 1502 1604 1537 (95)
1619 1502 1673 1538 γὰρ
1689 1504 1702 1528 ό
1718 1504 1875 1537 κορυφαῖος

237 1553 300 1572 nem
317 1546 408 1579 lapsus
421 1551 463 1572 est
485 1553 491 1571 :
509 1542 606 1571 deinde
628 1544 720 1580 agnito
736 1544 833 1571 delicto
846 1544 921 1571 illum
940 1544 1028 1580 poeni-

239 1591 301 1622 tuit,
323 1595 350 1617 et
361 1598 415 1617 non
430 1589 517 1617 solum
536 1590 611 1616 brevi
629 1593 752 1624 tempore
767 1589 900 1616 maculam
918 1597 1026 1617 omnem

239 1635 377 1666 abstersit,
404 1634 450 1661 sed
475 1638 502 1660 et
516 1638 687 1661 'cmterorum
724 1638 816 1669 pastor
832 1634 1027 1669 discipulorum

240 1686 347 1709 creatus
372 1685 424 1714 est,
453 1685 481 1707 et
500 1680 647 1706 multorum
663 1687 694 1707 ac
718 1688 878 1716 magnorum
902 1685 1028 1715 operator

241 1728 434 1755 miraculorum
448 1726 599 1762 appellatus
620 1731 662 1753 est
678 1735 686 1759 ;
702 1726 806 1753 nullum
829 1726 874 1760 qui
899 1726 1029 1753 ceciderit

240 1774 386 1808 desperare
404 1772 543 1805 convenit,
558 1773 605 1800 sed
630 1772 702 1799 illico
729 1772 917 1808 pcenitentiam
934 1780 1015 1807 agere

240 1828 302 1850 cum
329 1819 437 1847 divitias
462 1824 607 1854 cognoscat
633 1818 853 1846 mansuetudinis
870 1818 992 1846 Domini.

278 1965 312 1992 Et
329 1964 373 1991 hic
404 1971 512 1999 quoque
543 1963 753 1996 observandum,
783 1963 855 1998 quod
883 1963 1029 1991 Mattliaeus

241 2010 352 2046 quidem
371 2010 378 2026 ί
397 2014 425 2037 et
442 2009 547 2037 Marcus
561 2010 571 2025 ¹
587 2010 757 2044 scripserunt
785 2010 903 2044 primum
928 2010 1028 2037 factam

242 2065 302 2085 esse
315 2065 329 2083 a
344 2056 468 2092 principe
483 2056 655 2083 sacerdotum
686 2056 938 2090 interrogationem,
953 2057 1030 2084 dein-

243 2104 276 2131 de
290 2103 448 2131 Iudaeorum
466 2102 591 2137 injurias,
622 2106 649 2129 et
665 2102 838 2136 postmodum
858 2101 930 2129 Petri
947 2111 1030 2138 nega-

243 2149 341 2175 tiones.
356 2148 442 2174 Lucas
459 2154 523 2174 vero
540 2147 657 2181 primum
674 2146 746 2172 Petri
760 2147 931 2181 negationes,
951 2146 1030 2174 dein-

1079 1550 1133 1576 τῶν
1148 1549 1288 1584 μαθητῶν,
1302 1549 1315 1575 ὁ
1327 1548 1497 1584 τηλικούτων
1512 1548 1654 1583 δυνάμεων
1665 1547 1714 1578 τὰς
1731 1548 1781 1582 μὲν
1798 1547 1873 1579 ἰδὼν,

1079 1596 1129 1627 τὰς
1143 1595 1171 1621 δὲ
1188 1595 1312 1626 τελέσας,
1323 1593 1435 1628 ὓστερον
1450 1593 1601 1628 ὼλίσθησεν
1615 1594 1655 1624 εἰς
1673 1592 1799 1628 ἄρνησιν,
1809 1591 1875 1619 εἶτα

1080 1642 1111 1668 τὸ
1127 1640 1398 1676 πεπλημμελημένον
1419 1639 1548 1673 ἐπιγνοὺς
1571 1640 1619 1666 καὶ
1647 1639 1874 1674 μετανοήσας.οὐ

1083 1688 1162 1722 μόνον
1177 1688 1205 1713 ὲν
1220 1686 1303 1721 ὀλίγῳ
1323 1685 1413 1720 καιρῷ
1428 1685 1519 1711 τέλεον
1535 1685 1608 1712 ἆπαν
1631 1685 1785 1720 ἀπήλειψεν
1801 1685 1886 1721 (96),ν

1082 1733 1149 1760 ἀλλὰ
1159 1733 1206 1759 καὶ
1222 1732 1324 1768 ποιμὴν
1335 1731 1388 1758 τῶν
1398 1731 1485 1758 ἄλλων
1499 1731 1630 1767 μαθητῶν
1642 1730 1810 1766 προεσλήθη,
1824 1733 1876 1757 καὶ

1081 1778 1186 1805 πολλῶν
1205 1778 1253 1804 καὶ
1270 1777 1397 1813 μεγάλων
1413 1777 1565 1812 θαυμάτων
1581 1777 1731 1812 αὐτουργὸς
1747 1778 1876 1812 ἐχρημά-

1081 1833 1156 1851 τισεν
1167 1833 1174 1841 ·
1185 1824 1280 1850 οὐδένα
1297 1824 1418 1850 πεσόντα
1432 1823 1485 1858 χρὴ
1503 1824 1683 1855 καταπεσεῖν,
1695 1823 1753 1849 ἀλλ’
1769 1823 1877 1850 αὐτίκα

1084 1870 1234 1905 μετανοεῖν,
1250 1869 1394 1896 ἐννοοῦντα
1409 1868 1455 1896 τὸν
1474 1868 1590 1895 πλοῦτον
1608 1868 1659 1903 τῆς
1673 1868 1720 1895 τοῦ
1734 1869 1883 1895 Δεσπότῡυ.

1083 1917 1280 1952 χρηστότητος.

1117 1962 1264 1989 Κάνταῦθα
1288 1962 1317 1989 δὲ
1345 1961 1555 1998 παρατηρητέον
1580 1962 1621 1989 ὅτι
1657 1962 1797 1994 Ματθαίος
1825 1962 1877 1997 μὲν

1083 2008 1130 2036 καὶ
1158 2009 1272 2044 Μάρκος
1283 2008 1407 2043 ἔγραψαν
1420 2008 1528 2041 πρῶτον
1536 2008 1664 2042 γενέσθαι
1678 2008 1727 2043 τὴν
1741 2009 1820 2043 παρὰ
1829 2008 1876 2034 τοῦ

1082 2055 1231 2090 ἀρχιερέως
1260 2055 1405 2090 ἐρώτησιν,
1439 2053 1498 2081 εἶτα
1523 2055 1571 2085 τὰς
1586 2054 1641 2081 ἀπὸ
1659 2053 1713 2080 τῶν
1734 2053 1876 2080 Ἰουδαίων

1084 2101 1205 2136 ἀτιμίας,
1230 2100 1325 2126 ἔπειτα
1351 2101 1399 2131 τὰς
1416 2100 1545 2135 ἀρνήσεις
1560 2098 1607 2125 τοῦ
1626 2099 1746 2134 Πέτρων
1764 2099 1878 2130 Λουκᾶς

1083 2147 1112 2173 δὲ
1129 2147 1236 2182 πρῶτον
1253 2147 1302 2178 τὰς
1327 2147 1466 2182 ἀρνήσεις·
1485 2144 1543 2172 εἶτα
1558 2147 1606 2177 τὰς
1622 2145 1745 2180 ἀτιμίας,
1763 2145 1875 2176 ἔπειτα,

241 2194 276 2222 de
291 2194 414 2229 injurias.
432 2191 605 2227 postmodum
621 2191 693 2218 facto
707 2191 760 2226 jam
785 2191 828 2218 die
843 2191 1021 2227 interrogatio

1085 2194 1234 2228 γενομένης
1248 2193 1355 2228 ἡμέρας
1369 2192 1472 2225 λοιπὸν,
1484 2193 1533 2227 τὴν
1545 2192 1691 2227 ἐρώτησιν.
1710 2192 1741 2218 Οἱ
1754 2192 1806 2226 μὲν
1819 2191 1876 2225 γὰρ

243 2248 290 2268 nes
305 2241 325 2267 ³.
347 2239 389 2266 'llli
406 2238 541 2272 siquidem
563 2245 618 2264 non
645 2237 733 2265 solum
747 2245 777 2264 ea
804 2245 864 2271 quae
881 2237 948 2264 facta
966 2243 1031 2265 sunt

243 2287 406 2317 retulerunt,
425 2285 472 2312 sed
487 2289 515 2312 et
535 2285 638 2312 ordinis
654 2292 745 2312 rerum
772 2288 909 2319 gestarum
937 2291 1031 2312 curam

245 2333 397 2360 habuerunt
415 2340 422 2358 :
438 2331 481 2358 hic
496 2335 586 2358 autem
602 2330 672 2358 facta
698 2334 803 2357 tantum
828 2330 962 2357 relatione
990 2338 1033 2357 rc-

245 2387 304 2406 rum
333 2381 560 2412 perpetratarum,
581 2377 686 2404 ordinis
708 2384 801 2404 curam
826 2384 881 2403 non
900 2376 1004 2403 habuit.

280 2424 346 2459 Cap.
362 2421 468 2450 XXVII.
494 2421 571 2449 Vers.
587 2422 613 2449 1.
632 2422 709 2449 Mane
722 2437 757 2442 —-
768 2421 847 2450 Vers.
862 2422 888 2448 Ξ.
906 2422 1029 2449 Prwsidi.

245 2473 376 2502 Similiter
394 2477 422 2500 et
437 2471 545 2499 Marcus
563 2476 591 2498 et
611 2470 700 2499 Lucas
724 2471 851 2498 dixerunt
863 2472 893 2503 δς
909 2469 1030 2497 Joannes

281 2565 304 2581 "
317 2564 382 2591 Luc.
399 2572 464 2594 xm.
476 2563 520 2590 61.
557 2562 580 2578 ’⁸
591 2561 675 2589 Marc.
690 2567 746 2588 xlv.
760 2559 804 2586 72.

248 2600 292 2631 66.
324 2601 334 2617 '
352 2600 416 2627 Luc.
431 2607 497 2632 xm,
514 2599 558 2631 56,
575 2597 618 2630 65,
633 2597 678 2624 66.

860 2559 882 2575 ⁹⁹
897 2557 919 2585 ll
930 2557 993 2585 Cor.
1008 2565 1056 2590 xu,
1069 2557 1098 2584 7.

736 2596 745 2610 ⁸
761 2594 845 2622 Marc.
857 2594 924 2626 ΠΛ
939 2601 946 2626 ;
964 2593 1030 2621 Luc.
1042 2600 1101 2623 xm.
1115 2593 1138 2618 1.

1082 2241 1112 2266 οὐ
1125 2239 1204 2274 μόνον
1222 2239 1393 2274 ἀπήγγειλαν
1406 2239 1440 2266 τὰ
1457 2239 1652 2274 πεπραγμένα,
1669 2238 1737 2265 ἀλλὰ
1752 2239 1799 2264 καὶ
1821 2238 1874 2272 τῆς

1081 2286 1185 2318 τάξεως
1200 2286 1290 2312 αὐτῶν
1304 2285 1476 2320 ἐφρόντισαν·
1496 2286 1509 2311 ὁ
1525 2285 1564 2318 δὲ,
1590 2285 1674 2319 μόνης
1686 2284 1735 2318 τῆς
1749 2285 1876 2318 ἀπαγγε-

1083 2332 1143 2363 λίας
1156 2331 1211 2357 τῶν
1224 2331 1429 2366 πεπραγμένων
1439 2330 1596 2365 γενόμενος,
1611 2330 1658 2364 τῆς
1671 2329 1774 2362 τάξεως
1785 2329 1876 2355 αὐτῶν

1083 2377 1134 2404 οὑκ
1150 2377 1317 2412 ἐφρόντισεν.

1121 2422 1233 2456 Πρωτας
1248 2437 1283 2441 -
1311 2421 1446 2456 ἡγεμόνι.
1469 2420 1586 2456 Ὀμοῖως
1617 2420 1663 2446 καὶ
1687 2420 1800 2455 Μάρκος
1827 2420 1877 2445 καὶ

1084 2469 1191 2500 Λουκᾶς
1206 2466 1294 2496 εἶπον.
1310 2467 1438 2503 Ἰωάννης
1454 2466 1482 2493 δέ
1509 2475 1590 2501 φησιν
1618 2466 1659 2492 ὅτι
1688 2467 1809 2500 "Arnum
1823 2466 1890 2491 τὸνν

1138 2556 1257 2584 'Mattb.
1275 2564 1348 2589 xxvi,
1368 2556 1412 2589 59,
1427 2555 1472 2589 67,
1491 2555 1535 2582 69.
1573 2556 1583 2570 ¹
1597 2554 1679 2583 Marc.
1691 2563 1745 2587 xw.
1767 2554 1813 2586 55,
1831 2554 1878 2588 65,

847 2676 946 2706 Variae
975 2674 1126 2706 lectiones
1142 2678 1173 2705 et
1187 2678 1283 2706 notae.

289 2762 345 2798 (9t)
368 2762 489 2796 ‘Aoste'q,
505 2762 572 2790 Cod.
590 2761 621 2798 ᾼ.
636 2761 666 2788 1η
683 2761 735 2798 lioc
748 2760 907 2798 plerumque
921 2758 1036 2785 variant.

292 2794 347 2832 (95)
366 2794 456 2829 Εῐκδς,
468 2794 517 2831 pro
536 2798 572 2827 εἰ,
586 2797 633 2824 dat
648 2796 709 2832 cod.
722 2795 754 2822 A.
771 2794 850 2832 Male.

291 2828 347 2868 (96)
364 2828 538 2867 Ἀπήλείψεν,
553 2832 582 2865 Β,
596 2831 755 2867 ἀπείληφεν,
771 2830 802 2857 Δ.
819 2829 886 2858 Illud
897 2828 977 2857 etiam
994 2828 1037 2856 in-

1092 2757 1168 2784 venit
1183 2756 1345 2784 Hentenius.
1363 2757 1432 2791 Ergo
1457 2755 1545 2784 scriba
1575 2755 1636 2783 cod.
1651 2755 1673 2782 Α
1689 2754 1812 2782 confudit
1832 2762 1879 2791 vo-

1091 2793 1171 2821 cales.
1189 2796 1216 2820 ut
1247 2792 1322 2819 alibi.
1340 2790 1412 2819 Alias
1438 2791 1465 2819 in
1492 2795 1613 2819 mentem
1632 2791 1759 2825 cuiquam
1783 2790 1890 2819 venire:

1091 2828 1176 2862 possit
1193 2827 1355 2862 ἀπείληφεν.
