1939 3075
87 175 150 207 -705

522 178 714 211 COMMENT.
736 180 777 210 IN
798 182 1069 214 MATTH.‘EUM.-—
1089 185 1166 215 CAP.
1189 186 1309 217 XXVII.

1679 193 1732 224 706

92 229 222 263 Ἰησοῦν
245 230 306 257 ἀπὸ
324 231 378 258 τοῦ
394 231 511 271 Καϊὰερα
524 233 567 266 εἰς
579 233 613 261 τὸ
627 234 814 269 πραιτώριον.
831 234 887 263 Ἦν

939 244 1004 265 vero
1018 238 1056 265 ait
1081 248 1087 266 :
1106 239 1208 267 Ducunt
1225 240 1317 268 Jesum
1334 250 1350 268 α
1364 242 1483 277 Caiapha
1499 244 1534 271 ad
1559 247 1728 279 pratorium.

91 275 130 301 δὲ
155 276 260 308 aptata.
284 276 337 303 Kal
352 278 437 304 αὐτοὶ
456 279 512 305 οὐκ
528 278 672 313 εὶσῆλθον
686 281 730 314 εις
749 281 781 308 τὸ
801 288 886 316 πραι-

93 323 211 356 τώριον,
227 323 278 349 ἵνα
304 324 347 358 μὴ
369 325 551 359 μιανθῶσιν,
566 326 635 354 ἀλλ’
655 327 706 353 ἵνα
720 327 836 362 φάγωσι
854 328 887 354 τὸ

92 369 212 402 πάσχα.
228 371 259 395 ΔΞ
275 370 414 406 ὄλης”γὰρ
428 371 478 406 τῆς
495 373 592 404 νυκτὸς
617 373 717 408 ήταζον
733 373 825 406 αὐτὸν,
841 374 887 400 καὶ

94 416 261 449 μετέφερον.
279 415 351 441 Ἀλλ’
365 416 387 442 ὼ
415 418 464 452 τῆς
480 417 592 448 ἀνοίαςί
611 419 747 452 φονῶντες
764 420 822 454 μὲν,
841 420 888 446 καὶ

94 461 137 491 εἰς
154 460 271 487 Θάνατον
296 462 503 498 παραδιδόντες,
520 463 570 490 οὐχ
588 464 698 490 ἐδόκουν
721 465 887 499 μιαίνεσθαι¹

92 506 126 531 τὸ
141 506 163 532 δ’
184 506 314 541 ἐπιϐῆναι
332 498 378 533 eis
393 507 570 543 δικαστηρίου
590 510 711 544 μιασμδν
722 498 848 545 ἐνόμιζον
863 511 888 537 οι

91 553 142 577 τὸν
166 552 286 579 κώνωπα
299 553 472 586 διυλίζοντες
493 555 540 581 καὶ
557 555 607 589 τὴν
630 556 754 591 κάμηλον
769 557 888 583 καταπί-

93 605 199 629 νοντες.

168 656 250 682 ΚΕΦ.
265 655 329 682 ΞΖ’.
343 656 416 690 Περὶ
431 657 487 691 τῆς
501 657 594 684 Ἰούδα
608 659 815 693 μεταμελείας.

134 702 202 728 Τότε
211 717 245 721 -
256 701 364 730 ἀθῶον.
383 702 456 730 Ἰδὼν
472 703 512 730 ὅτι
525 705 674 740 κατεκρίθη
695 705 801 741 θανάτῳ
814 707 888 742 παρὰ

85 747 151 773 ’τῶν
173 748 310 774 Ἰουδαίων
323 749 336 775 ὁ
348 749 476 784 Χριστός.
493 750 569 776 Ἔδει
584 751 612 776 δὲ
638 751 690 786 πρὸ
718 753 766 786 τῆς
792 753 887 788 προδο⁴

91 793 161 824 -σίας
174 794 409 830 μεταμεληθῆναι.
429 795 510 822 Ἀλλὰ
524 796 643 828 ’τοιοῦτος
658 798 671 823 ὁ
687 797 888 834 διάϐολος-,πρὸ

97 837 149 871 μὲν
166 838 214 873 τῆς
241 839 381 874 ἁμαρτίας
411 840 461 867 οὐκ
476 841 589 875 ἀφίησιν
607 842 671 869 ἰδεῖν
687 843 717 869 τὸ
731 844 825 876 κακὴν,
844 845 887 871 ἵνα

89 883 136 918 Δμὴ
152 883 264 918 γένηται
279 885 420 918 μετάνοια·
439 886 510 920 μετὰ
524 887 552 913 δὲ
569 887 597 913 τὸ
614 888 816 924 ἀπαρτισθῆναι
838 891 887 926 τὴν

95 930 245 965 ἁμαρτίαν,
259 931 372 966 ἀφίησιν
400 933 475 965 ἰδεῖν,
495 933 538 960 ἵνα
555 934 663 971 λυπήσῃ
686 935 732 962 καὶ
750 938 789 968 είς
818 937 887 964 ἀπό-

96 985 196 1009 γνωσιν
213 978 358 1014 συνελὰσῃ.
373 979 532 1014 Ἥμαρτον,
551 981 629 1017 φησὶ,
646 982 800 1016 παραδοὺς
816 981 888 1018 αἷμα

90 1021 206 1055 ἀθῶον,
225 1024 265 1054 εἰς
279 1024 309 1050 τὺ
323 1024 450 1059 χυθῆναι.

133 1157 164 1183 οι
180 1156 214 1182 δὲ
223 1171 258 1176 -—
268 1157 346 1191 ἅψει.
369 1157 425 1184 Καὶ
438 1159 451 1184 ὁ
465 1157 563 1190 Ἰούδας
572 1158 658 1185 είπὼν
676 1159 715 1186 ὅτι
729 1160 885 1195 Ἥμαρτον,

92 1199 248 1236 παραδοὺς
279 1200 350 1237 αἷμα
365 1203 473 1236 ἀθῶον,
485 1204 587 1236 ἀδίκως
603 1204 684 1232 αὐτὸν
699 1206 885 1242 ἀποθνήσκειν

94 1248 283 1284 ἐμαρτύρησε·
308 1249 357 1276 καὶ
384 1251 408 1276 οἱ
425 1250 560 1283 Ἰουδαῖοι,
582 1251 730 1286 φήσαντες,
753 1252 784 1278 Τί
810 1253 886 1286 πρὸς

97 1294 194 1329 ripae;
209 1296 249 1322 σὺ
270 1295 348 1329 ὄψει,
364 1297 396 1331 τῇ
410 1297 549 1332 μαρτυρίᾳ
563 1296 660 1323 τούτου
677 1298 885 1331 συγκατέθεντον

97 1342 145 1368 καὶ
161 1335 318 1377 ἡαλήοεια
342 1342 418 1377 παρὰ
434 1343 488 1369 τῶν
513 1343 618 1378 ἐχθρῶν
638 1343 814 1380 ὡμολογήθη.
831 1345 884 1371 Τοῦ

97 1387 185 1422 θυμοῦ
201 1388 228 1414 δὲ
251 1388 393 1423 θήγοντος,
417 1389 491 1415 ἅπαν
504 1389 535 1416 τὺ
550 1389 677 1425 ἔγκλημα
694 1391 885 1425 προσάψαντες

95 1433 135 1468 τῷ
156 1433 255 1469 Ἰούδᾳ,
282 1434 376 1461 λοιπὸν
389 1434 478 1468 αὐτοὶ,
503 1435 543 1469 τῷ
560 1435 641 1462 πάθει
657 1435 815 1471 μεθύοντες,
839 1437 886 1463 ἐπὶ

94 1480 140 1505 τὴν
152 1479 233 1514 φόνον
247 1481 393 1514 ἠπείγοντο
405 1480 474 1514 (97).

130 1538 184 1565 Kal
198 1553 231 1560 —~
247 1538 414 1572 ἀπήγξατο.
428 1538 464 1564 To
483 1538 532 1574 μὲν
561 1538 813 1574 ἐξομολογήσασθαι
835 1540 884 1576 τὴν

939 284 1007 311 Erat
1021 290 1109 313 autem
1122 295 1209 319 mane,
1232 292 1255 314 et
1278 289 1328 322 ipsi
1354 297 1406 315 non
1432 290 1590 318 introierunt
1619 294 1646 320 in
1661 303 1730 327 pra:-

940 331 1045 363 torium,
1067 337 1094 358 ut
1130 341 1181 359 non
1217 337 1471 368 contaminarentur,
1502 339 1548 363 sed
1582 343 1611 364 ut
1626 341 1730 367 ederent

939 378 1036 410 pascha
1050 378 1071 404 ⁵.
1092 377 1145 405 Per
1165 383 1247 406 totam
1272 381 1344 407 enim
1369 387 1476 409 noctem
1505 385 1730 413 examinaverant

942 431 1017 455 eum,
1034 429 1060 452 et
1073 433 1147 452 nunc
1165 425 1220 460 (pp)
1239 427 1448 455 transferebant.
1467 429 1531 461 Sed.
1546 431 1591 457 oin
1607 432 1728 459 saniaml

940 470 1040 497 caedum
1058 475 1248 505 pcrpctrautes
1262 477 1289 499 ct
1310 473 1342 500 ad
1361 479 1474 502 mortem
1504 476 1652 509 tradentes,
1674 486 1729 504 non

939 517 1070 551 putabant
1086 525 1116 545 se
1131 518 1268 553 inquinari
1295 519 1427 556 :ingrcdi
1456 526 1547 550 autem
1579 523 1611 550 ad
1641 524 1728 551 tribu-

939 563 994 595 nal,
1011 564 1272 591 contaminaliouem
1289 565 1434 599 ducebant,
1450 567 1565 595 culicem
1582 569 1728 604 liquantes,

940 614 966 635 et
979 610 1114 637 camclum
1131 611 1292 645 glutientes.

1074 666 1151 695 CAP.
1168 667 1272 694 LXVII.
1286 668 1324 694 De
1341 667 1420 695 Judw
1432 670 1596 703 poenitentia.

975 709 1054 737 Vers.
1089 712 1115 738 5.
1143 711 1216 738 Tunc
1231 727 1264 733 —
1279 712 1355 740 Vers.
1375 714 1402 741 6.
1436 715 1612 743 innocentem.
1630 716 1729 746 Videns

938 757 1011 791 quod
1041 757 1074 785 ad
1102 763 1217 786 mortem
1250 760 1448 788 condemnatus
1478 767 1550 789 esset
1584 771 1599 790 a
1629 763 1729 792 Iudaeis

940 803 1074 831 Christus.
1090 804 1240 839 Oportebat
1256 812 1346 834 autem
1364 813 1427 834 ante
1459 809 1640 842 proditionem
1670 815 1730 844 pae-

939 849 1052 877 nitcntia
1071 851 1143 878 duci.
1162 850 1216 879 Sed
1232 852 1292 880 talis
1308 857 1349 880 est
1377 853 1501 881 diabolus
1519 863 1526 881 :
1543 860 1606 882 ante
1635 863 1730 889 pecca-

906 911 925 940 Β
941 899 997 922 tum
1017 904 1071 923 non
1091 897 1226 931 permittit
1241 899 1334 926 videre
1349 900 1461 933 malum,
1477 908 1511 928 ne
1538 907 1667 936 sequatur
1689 910 1731 929 rc-

941 941 1095 975 sipiscentia
1117 951 1124 969 :
1144 948 1286 978 postquam
1312 949 1403 971 autem
1429 950 1571 980 peccatum
1600 946 1729 974 omnibus

942 988 1064 1015 numeris
1085 993 1129 1016 est
1147 990 1297 1024 expletum,
1324 991 1415 1018 videre
1438 992 1580 1026 permittit,
1603 997 1630 1019 ut
1661 1001 1729 1020 nitn-

941 1040 1002 1060 rore
1020 1033 1130 1066 alliciat,
1145 1038 1173 1060 et
1190 1035 1217 1060 in
1237 1035 1456 1069 desperationem
1477 1037 1638 1071 przecipitet.
1662 1037 1729 1064 Pec-

939 1079 996 1106 cavi
1015 1100 1022 1112 ,
1051 1080 1148 1114 inquit,
1181 1081 1287 1107 tradens
1327 1082 1482 1116 sanguinem
1508 1084 1683 1115 innocentem,
1701 1088 1729 1111 ut

939 1125 1136 1152 effunderetur.

975 1171 1051 1199 Vers.
1070 1171 1094 1199 4.
1111 1172 1144 1198 At
1163 1172 1204 1199 illi
1217 1188 1251 1192 —
1265 1174 1370 1201 videris.
1399 1174 1485 1201 Etiam
1509 1174 1593 1202 Judas
1621 1175 1726 1209 dicens,

939 1215 1062 1248 Peccavi,
1097 1218 1206 1245 [radens
1240 1220 1397 1254 sanguinem
1429 1221 1602 1252 innocentem,
1628 1222 1728 1256 injuste

938 1270 999 1290 eum
1019 1263 1087 1290 mori
1106 1269 1218 1291 testatus
1234 1270 1285 1292 est.
1302 1264 1388 1292 ιιιάωί
1415 1274 1523 1301 quoque
1553 1269 1723 1302 responden-

938 1313 988 1340 tes,
1009 1308 1077 1341 Quid
1094 1310 1129 1336 ad
1147 1310 1216 1335 nos?
1231 1315 1258 1336 tu
1280 1311 1394 1342 videris;
1412 1312 1567 1338 testimonio
1592 1313 1653 1346 ejus
1678 1321 1725 1340 as-

937 1358 1093 1385 seuscrunt,
1126 1359 1153 1382 et
1183 1355 1338 1387 veritatem,
1362 1355 1425 1382 licet
1459 1356 1570 1389 inimici,
1605 1358 1724 1385 confessi

937 1404 1001 1426 sunt
1021 1408 1026 1425 :
1046 1400 1191 1435 instigante
1212 1406 1302 1427 autem
1334 1401 1437 1434 furore,
1462 1409 1544 1429 omne
1569 1403 1672 1430 crimen
1698 1404 1726 1431 in

936 1445 1033 1472 Judant
1060 1445 1240 1477 declinantes.
1263 1447 1312 1481 ipsi
1331 1447 1472 1475 affectione
1498 1449 1553 1483 jam
1583 1449 1664 1482 ebrii,
1692 1450 1725 1477 ad

935 1491 1037 1518 ctedem
1059 1491 1159 1519 Christi
1177 1492 1363 1527 impelluntur.

974 1535 1052 1564 Vers.
1074 1537 1100 1564 5.
1114 1537 1148 1564 Et
1163 1553 1198 1557 —
1216 1546 1242 1564 se
1268 1539 1414 1572 suspendit.
1443 1539 1587 1568 Peccatum
1613 1542 1724 1576 quidem

94 1583 232 1620 ἁμαρτίαν
243 1584 358 1611 ἐνώπιον
371 1584 490 1617 πάντων,
508 1585 555 1610 καὶ
571 1585 601 1611 τὸ
614 1585 692 1620 ῥίψαι
704 1585 738 1612 τὰ
751 1586 882 1621 ἀργύρια,

939 1590 1030 1610 coram
1046 1583 1173 1610 omnibus
1189 1585 1324 1616 conﬁteri,
1341 1593 1372 1612 ac
1400 1585 1532 1620 projicere
1567 1592 1722 1622 argenteos,

94 1630 277 1665 μεταμελείας
300 1630 363 1657 εισι·
390 1631 421 1657 τὸ
449 1631 477 1658 δὲ
498 1630 673 1664 ἀπάγξασθαι
691 1632 882 1666 ἀπογνώσεως.

101 1675 225 1709 Ἐπέγνω
250 1675 299 1710 μὲν
311 1675 365 1710 γὰρ
389 1675 419 1701 τὸ
447 1675 543 1707 κακὸν,
559 1676 606 1702 καὶ
624 1677 809 1712 μετεμελήθη,
835 1678 884 1704 καὶ

93 1722 331 1758 ἐξωμολογήσατο·
356 1722 406 1748 οὐκ
433 1722 552 1757 ἐζήτησε
573 1722 601 1749 δὲ
624 1723 789 1759 συγγνώμην
806 1723 883 1759 παρὰ

93 1769 140 1796 τοῦ
161 1770 310 1804 δυναμένου
323 1768 415 1796 δοῦναι
426 1769 539 1804 ταύτην.
554 1769 591 1795 Οὐ
605 1769 659 1804 γὰρ
671 1769 778 1805 ἀφῆκεν
800 1771 883 1796 αὐτᾶν

93 1815 108 1840 ὸ
128 1814 252 1846 διάϐολος
271 1815 437 1850 μετανοῆσαι
451 1814 505 1850 (98)
516 1814 582 1850 πρὸς
592 1814 638 1842 τὸν
658 1815 836 1851 Χριστὸν,είς
854 1817 882 1842 ὃν

97 1860 263 1896 ὲξήμαρτεν-
283 1860 351 1887 ἀλλὰ
374 1860 550 1895 προεξήγαγε
558 1860 654 1888 τοῦτον
663 1861 712 1895 τ’ἠς
723 1862 881 1896 μετανοίας,

93 1906 131 1938 ὡς
143 1906 181 1942 μὴ
199 1907 319 1942 φέροντα
330 1906 374 1933 τὸν
390 1907 443 1933 ἀπὸ
459 1906 506 1933 τοῦ
519 1907 669 1938 συνειδότος
686 1907 807 1942 ἔλεγχον.
819 1909 882 1934 Δέον

94 1951 138 1978 οὖν
159 1953 205 1978 ἐπὶ
234 1953 280 1979 τὸν
311 1952 470 1986 ἀνεξίκακον
497 1953 592 1979 τοῦτον
621 1955 803 1988 καταφυγεῖν·
820 1955 834 1980 ὁ
852 1953 880 1980 δὲ

96 1997 196 2032 μᾶλλον
222 1998 268 2023 ἐπὶ
288 1997 334 2024 τδν
361 1998 475 2025 θάνατον
498 1998 664 2032 κατέφυγεν,
688 1999 761 2030 ὅπως
782 1999 881 2026 θᾶττον

93 2043 265 2079 ἀπαλλαγείη
278 2045 326 2079 τῆς
340 2047 569 2081 κατεγνωσμένης
582 2046 627 2072 καὶ
638 2045 778 2072 ὲπωδύνου
795 2046 880 2081 ζωῆς.

95 2090 151 2117 Καὶ
161 2090 224 2117 οὐδὲ
238 2091 333 2117 τούτου
345 2092 503 2127 παραυτίκα
516 2092 677 2127 τετύχηκεν,
696 2092 734 2123 ὡς
747 2092 878 2126 ἐγλίχετο·

91 2136 266 2170 διαγνωσθεὶς
281 2138 336 2173 γὰρ
361 2138 414 2164 ὑπό
427 2147 518 2171 τινων,
535 2138 676 2173 καθῃρέθη
691 2137 740 2173 τῆς
751 2138 879 2173 ἀγχόνης·

95 2179 157 2209 εἶτα
165 2183 193 2209 ἐν
208 2183 335 2214 ἰδιάζοντι
346 2184 421 2216 τόπῳ
429 2183 538 2218 διέζησε
549 2184 644 2219 καιρὸν
652 2183 753 2217 ὀλίγον,
767 2184 813 2210 καὶ
824 2184 880 2220 (99)

94 2227 200 2262 πρηνὴς
223 2229 379 2263 γενόμενος,
406 2228 506 2262 εῖτουν,
547 2229 752 2264 πεπρησμένος,
793 2229 880 2264 ἐξωγ-

937 1628 1132 1662 resipiscentine
1153 1629 1288 1657 fuerunt:
1323 1630 1420 1666 laqueo
1456 1639 1520 1658 vero
1551 1639 1580 1659 se
1610 1640 1723 1667 suspen-

935 1673 1010 1706 dere,
1026 1674 1234 1710 desperationis.
1247 1677 1365 1712 Agnovit
1394 1677 1527 1712 siquidem
1543 1682 1569 1705 et
1596 1679 1724 1713 paenituit

935 1726 1009 1750 eutn,
1024 1727 1055 1746 ac
1072 1719 1214 1748 confessus
1229 1725 1271 1748 est
1295 1730 1302 1748 :
1323 1722 1429 1749 veniam
1447 1727 1538 1750 autem
1562 1723 1596 1750 ab
1626 1731 1659 1752 eo
1675 1725 1722 1760 qui

937 1765 1009 1793 hanc
1031 1767 1096 1794 dare
1125 1771 1243 1801 poterat,
1272 1775 1327 1794 non
1349 1768 1515 1802 requisivit:
1538 1777 1625 1803 neque
1650 1771 1723 1798 enim

935 1812 1061 1846 permisit
1077 1820 1140 1839 eum
1153 1812 1277 1840 diabolus
1294 1813 1334 1840 sic
1352 1814 1513 1847 pmnitentia
1527 1814 1601 1847 duci,
1618 1823 1672 1849 quo
1687 1817 1722 1843 ad

934 1856 1073 1884 Christum
1089 1857 1141 1884 iret
1159 1857 1186 1884 in
1202 1865 1282 1891 quem
1300 1861 1460 1892 peccaverat
1479 1865 1485 1884 :
1501 1859 1548 1884 sed
1572 1858 1645 1885 hUnc
1660 1863 1724 1886 ante

934 1903 1081 1937 perfectam
1098 1903 1286 1938 paenitentiam
1300 1903 1420 1934 abduxit.
1441 1908 1533 1939 utpote
1548 1905 1722 1932 conscientia:

940 1957 1090 1977 remorsuui
1107 1958 1160 1977 non
1177 1951 1319 1978 ferentem.
1344 1951 1411 1977 Cum
1427 1959 1491 1986 ergo
1506 1953 1538 1979 ad
1567 1953 1640 1980 hunc
1666 1953 1722 1980 cle—

933 1995 1133 2023 mentissimum
1149 1997 1295 2032 confugere
1312 2002 1460 2032 oporteret,
1486 1999 1529 2025 ille
1550 2000 1583 2026 ad
1609 2005 1721 2028 mortem

933 2043 1024 2077 potius
1040 2044 1171 2078 confugit,
1192 2049 1220 2071 ut
1238 2052 1253 2071 a
1268 2045 1411 2079 desperata
1431 2045 1554 2080 tristique
1568 2048 1622 2072 vita
1638 2048 1720 2074 citius

932 2090 1104 2117 liberaretur.
1133 2091 1164 2117 Et
1186 2098 1277 2126 neque
1300 2091 1326 2118 id
1354 2091 1482 2118 continuo
1502 2096 1643 2118 assecutus
1669 2096 1721 2124 est,

933 2141 1012 2170 prout
1025 2136 1151 2171 cupiebat
1173 2146 1179 2164 :
1198 2138 1306 2173 agnitus
1328 2138 1400 2164 enim
1421 2145 1435 2163 a
1457 2137 1618 2171 quibusdam
1637 2138 1721 2172 depo-

933 2183 1001 2210 situs
1017 2185 1070 2218 (qq)
1090 2188 1130 2210 est
1148 2191 1181 2210 ne
1207 2183 1400 2218 praefocaretur
1422 2192 1429 2210 :
1455 2183 1555 2210 deinde
1579 2188 1721 2218 postquam

933 2228 960 2254 in
975 2232 1081 2255 secreto
1093 2228 1209 2263 quodam
1233 2228 1304 2261 loco,
1327 2229 1433 2256 modico
1446 2228 1561 2255 vixisset
1589 2233 1721 2263 tempore,

92 2272 225 2306 κωμένος,
247 2273 357 2300 ὲλάκισε
374 2274 412 2310 (1)
430 2274 478 2301 καὶ
501 2274 633 2309 διερῤάγη
654 2276 746 2309 μέσος,
763 2274 809 2300 καὶ
820 2274 880 2307 ἐξε-

939 2280 1054 2307 przeceps
1069 2273 1157 2301 factus
1173 2274 1229 2301 sive
1245 2274 1441 2309 praacipitatus,
1461 2273 1581 2306 inflatus,
1597 2275 1723 2309 diruptus
1758 2315 1761 2318 _

93 2318 162 2353 χύθη
179 2319 216 2354 (‘2)
229 2320 264 2344 τὰ
280 2319 420 2354 σπλάγχνα
433 2320 526 2352 αὑτοῦ,
540 2319 631 2351 καθώς
654 2328 735 2353 φησιν
751 2321 767 2355 ἡ
787 2319 878 2354 βίϐλος

94 2364 149 2390 τῶν
179 2365 318 2400 Πράξεων.
345 2366 376 2392 El
407 2366 435 2392 δὲ
460 2366 506 2393 καὶ
531 2366 686 2401 γέγραπται
704 2367 731 2392 ὲν
762 2366 829 2402 αὐτῇ
844 2367 884 2393 ὅτι

128 2437 137 2451 ⁸
154 2436 233 2464 Joan.
253 2445 328 2470 mu,
352 2438 397 2465 28.
454 2439 464 2453 ‘
481 2439 540 2466 Act.
562 2447 580 2470 ι,
598 2439 642 2465 ts.

931 2328 962 2346 ac
975 2319 1091 2347 difﬁssus
1105 2325 1146 2348 est
1161 2321 1264 2348 medius
1275 2342 1282 2352 ,
1295 2325 1322 2348 et
1336 2320 1421 2348 eil'usa
1435 2326 1499 2348 sunt
1512 2321 1603 2348 omnia
1618 2322 1721 2349 viscera

934 2367 1004 2402 ejus,
1022 2367 1095 2394 sicut
1120 2367 1157 2394 ait
1170 2367 1237 2394 liber
1255 2367 1393 2402 {Actorum
1409 2367 1430 2394 ⁸.
1457 2367 1534 2400 Quod
1552 2368 1574 2395 si
1589 2369 1670 2395 etiam
1693 2369 1720 2395 in

689 2473 787 2504 Varie:
803 2473 956 2504 lectiones
972 2478 1000 2504 et
1017 2478 1111 2505 notua.

129 2549 183 2584 (97)
206 2550 367 2584 ’Υπείγοντα
385 2551 416 2583 Α,
435 2551 506 2585 quod
523 2551 600 2578 nihili
624 2555 676 2578 est.
695 2550 785 2584 Neque
809 2551 882 2585 ὑπή-

94 2593 172 2617 γοντο
187 2586 396 2620 conjiciendum.

128 2620 183 2661 t9?)
206 2621 358 2661 .l‘lcuteuius
394 2621 500 2648 videlur
529 2621 625 2654 legisse
662 2621 878 2661 μεταγοστῆςαι,

91 2656 162 2688 quod
178 2655 243 2682 mihi
259 2657 339 2682 etiam
353 2657 379 2682 in
396 2662 514 2683 mentem
532 2661 651 2688 verterat,
669 2655 789 2682 nondum
806 2655 879 2683 illius

92 2691 316 2724 interpretatione
331 2691 463 2725 inspectu.

128 2725 182 2760 (99;
203 2725 311 2760 Πρηνής
325 2731 366 2765 est
380 2735 486 2765 pronus.
513 2725 794 2765 Ergoninterpretalio
815 2725 878 2765 iiuic

91 2759 151 2787 loco
164 2759 481 2796 non’convcnit.’Cri-do
503 2759 566 2794 ergo
586 2759 760 2796 Euthyiuium
780 2761 876 2795 legisse

92 2795 235 2830 πρησθείς,
258 2801 285 2822 ut
301 2801 343 2823 est
366 2797 392 2823 in
410 2797 513 2823 scliolio
536 2795 703 2830 Apollinarii,
724 2797 751 2822 in
771 2796 873 2823 codici-

90 2830 139 2857 bus
167 2830 372 2865 Mosqueusibus
402 2831 433 2858 ad
455 2832 526 2859 hunc
541 2832 640 2859 locum.
659 2831 723 2857 Nam
753 2831 876 2865 adjectivi

125 2912 180 2943 (cp)
199 2910 283 2936 Nunc.
301 2910 357 2936 Non
367 2915 409 2936 cst
428 2909 454 2936 in
475 2909 579 2937 Graeco.

936 2552 1060 2589 πρηςιής
1076 2552 1200 2589 equidem
1214 2551 1336 2589 exempla
1351 2551 1453 2586 ignoro.
1469 2550 1535 2589 [ide
1545 2549 1626 2589 _eti::_m
1642 2547 1721 2589 Muri-

937 2583 992 2621 te'ri'
1002 2583 1162 2621 Fragmenta
1177 2586 1286 2613 Patrum
1295 2583 1464 2613 Graecorum.
1476 2584 1577 2612 Fascic.
1591 2583 1611 2615 Ι,
1627 2591 1655 2621 p.
1666 2583 1719 2621 l7;

935 2619 1123 2653 HafniaaﬁSS,
1137 2621 1163 2648 8.
1178 2621 1276 2649 Nititur
1287 2626 1376 2658 autem
1393 2621 1449 2658 lucc
1462 2624 1519 2658 tota
1532 2627 1576 2646 res
1599 2619 1720 2658 fabulosa

935 2661 962 2682 et
975 2658 1088 2696 _tragica_
1110 2657 1267 2696 narratione
1291 2655 1398 2696 Papum.
1418 2655 1536 2696 hominis
1557 2655 1669 2696 nugaris
1688 2661 1720 2681 ac

935 2689 1039 2718 nullius
1055 2692 1127 2718 fidei.
1148 2691 1203 2719 Nec
1222 2692 1294 2718 cnim
1317 2689 1463 2726 ἐξηγήσεις
1479 2691 1533 2722 ille,
1550 2691 1598 2717 sed
1619 2689 1720 2724 μύθους

933 2726 1053 2753 scrinsit.

969 2734 1061 2796 ‘(ltljsitta
1082 2763 1176 2797 legunt
1191 2762 1272 2789 etiam
1290 2761 1414 2788 nonnulli
1427 2761 1453 2787 in
1470 2761 1595 2788 Actibus.

968 2798 1006 2831 (2)
1024 2799 1123 2829 Πάντα,
1142 2797 1291 2832 interponit
1308 2797 1338 2823 Α.

126 2941 178 2977 um
198 2946 345 2979 Depositus,
362 2950 415 2972 ctc.
446 2945 553 2979 Laqueo
586 2945 692 2972 solutus
711 2949 761 2972 est.
797 2945 876 2973 Forte
899 2941 1033 2976 κατετέθη
1054 2941 1128 2976 les".
