1939 3075
231 147 287 181 743

230 255 350 290 petebat.
368 253 394 279 in
408 260 460 287 qua
479 260 534 279 non
547 252 646 279 licebat
661 251 694 277 ad
710 255 920 277 monumentum
940 257 1019 277 acce-

228 301 303 328 dere.
327 297 412 328 Judaei
435 298 507 327 enim
529 304 669 331 vesperam
691 295 762 323 illius
779 295 943 322 ParaSCcves
963 302 1021 322 nia-

229 347 479 374 ximehonorabant
487 351 542 371 non
555 342 643 370 solum
655 345 784 375 tanquam
796 339 906 366 Sabbati
920 339 1020 366 festum

230 393 397 426 praecedens,
425 391 475 418 sed
497 389 580 417 etiam
620 393 748 421 tanquam
773 385 872 412 festum
909 388 1021 420 propter

228 439 352 470 Pascha;
371 439 398 464 in
412 437 463 464 hac
482 436 556 464 enim
581 433 728 469 oportebat
745 432 849 459 Pascha
870 431 1019 458 immolari.

231 486 350 512 Sabbato
377 491 442 510 vero
473 483 637 517 quieverunt
664 482 776 514 propter
801 478 896 512 legem.
924 476 1021 504 Adhuc

229 532 303 557 enim
321 528 549 556 consuetudinem
567 526 691 560 etlegcm
713 524 869 551 servabant.
886 522 1019 549 Caeterum

230 579 274 604 die
306 576 449 602 Dominico
465 574 498 600 ad
529 573 683 607 sepulcrum
711 570 806 597 venire
830 569 1019 602 disponebant,

228 623 301 657 quod
318 630 383 650 sane
396 621 477 648 etiam
492 619 628 649 fecerunt,
641 616 724 644 veluti
737 615 816 650 paulo
831 620 892 649 post
903 615 1018 642 dicetur.

228 669 296 696 Cum
322 669 395 695 enim
408 666 529 693 nondum
550 664 661 699 quidam
678 662 818 690 excelsum
840 661 873 688 de
893 668 1020 688 resurre-

228 717 319 743 ctione
333 712 537 749 cognovissent,
547 710 685 745 sepultum
700 715 799 743 corpus
813 714 842 735 se
857 707 1018 735 inventurus

230 762 389 797 sperabant.

264 807 341 834 Vers.
360 806 405 833 62.
426 804 533 831 Postero
550 807 638 830 autem
653 802 695 828 die
711 816 746 820 —
761 800 840 828 Vers.
857 799 902 827 64.
921 800 1020 833 priore.

847 141 1005 173 EUTIIYM
1012 142 1039 172 ΙΙ
1059 141 1241 173 ZIGABENI

265 207 404 243 Siquidem
423 206 531 242 quando
549 204 673 240 sepultus
689 209 730 231 est
756 203 811 238 iam
832 210 944 237 vespera
969 211 1016 237 ap—
1030 206 1052 234 Α

1805 142 1854 174 ἸΗ

1104 203 1169 229 Ὅτε
1179 202 1228 237 μὲν
1242 201 1297 238 γὰρ
1310 202 1410 238 ὲτάφη,
1425 202 1530 237 ἑσπέρα
1550 202 1600 237 ἠδη
1624 199 1756 228 κατέλαϐε
1767 221 1774 233 ,
1797 201 1855 228 καθ’

1070 249 1106 283 ἣν
1123 248 1174 274 οὐκ
1191 248 1254 283 ἐξῆν
1281 249 1322 280 εις
1350 249 1483 283 μνημεῖον
1512 247 1643 282 βαδίζειν.
1666 246 1783 281 Ἐτίμων
1804 248 1855 283 γὰρ

1077 292 1196 319 Ἰουδαῖοι
1217 293 1338 327 μάλιστα
1364 293 1415 328 τὴν
1445 293 1566 328 ἑσπέραν
1593 293 1642 328 τῆς
1680 293 1856 330 ῐιαρασκευῇς

1071 340 1187 374 ἐκείνης,
1218 340 1247 366 οὐ
1277 339 1356 374 μόνον
1377 340 1415 371 ὡς
1436 339 1595 375 προεόρτιον
1627 339 1674 364 τοῦ
1708 338 1853 372 Σαϐϐάτου,

1072 384 1197 412 ἀλλὰκαὶ
1217 385 1254 416 ὡς
1272 385 1376 420 ὲόρτιον
1397 385 1440 411 διὰ
1467 385 1497 411 τὸ
1514 383 1677 419 Πάσχα.”Εν
1701 383 1786 419 ταύτῃ
1805 385 1854 419 γὰρ

1071 431 1126 458 ἔδει
1142 431 1257 458 θύεσθαι
1274 431 1305 458 τὸ
1332 431 1439 466 Πάσχα.
1458 431 1494 457 Τὸ
1515 431 1543 457 δὲ
1558 430 1698 457 Σάϐὀατον
1723 430 1856 465 ἡσύχαζον

1071 477 1114 504 διὰ
1127 478 1172 504 τὸν
1197 478 1289 511 νόμον.
1318 478 1379 504 Ἔτι
1395 478 1451 512 γὰρ
1476 478 1521 503 καὶ
1536 477 1569 503 τὰ
1584 476 1632 512 ἔθη
1655 477 1702 503 καὶ
1720 477 1765 503 τὸν
1781 477 1855 511 νόμον

1072 523 1232 558 ἐφύλαττον.
1264 523 1364 550 Λοιπὸν
1389 521 1436 550 οὖν
1459 523 1488 548 ἐν
1509 524 1543 557 τῇ
1575 523 1702 557 Κυριακῇ
1723 522 1791 555 προς
1813 521 1855 548 τὸν

1071 570 1157 604 τάφον
1177 571 1265 597 ἐλθεῖν
1289 570 1443 601 ἐϐούλοντο,
1466 570 1480 596 ὃ
1494 570 1525 604 δὴ
1544 569 1589 596 καὶ
1615 571 1806 603 πεποιήκασιν,
1821 569 1856 600 ὥς

1074 615 1133 651 μετ’
1155 616 1246 650 ὀλίγον
1275 617 1436 652 ῥηθήσεται.
1467 616 1554 643 Οῠπω
1578 616 1633 650 γὰρ
1661 615 1738 641 οὐδὲν
1758 614 1874 652 ὑψηλὸνθ

1071 663 1171 689 εἰδυῖαι
1184 664 1248 698 περὶ
1257 665 1306 699 τῆς
1319 663 1504 695 ἀναστάσεως,
1516 662 1630 698 ἡλπιζον
1639 662 1728 695 εὑρεῖν
1742 661 1774 688 τὸ
1781 661 1856 695 σῶμα

1071 709 1253 744 τεθαμμένον.

1111 795 1151 831 Τῇ
1165 812 1201 817 —~
1214 796 1343 831 πρώτης.
1369 795 1587 831 Ἀσφαλίσασθαι
1610 795 1656 823 τὸν
1674 795 1768 829 τάφον,
1778 795 1857 830 ἤγουν

229 853 325 881 Muniri
342 851 506 886 sepulcrum.
534 854 596 884 puta
622 847 741 883 sigillum
757 846 858 881 apponi
878 849 905 873 et
921 849 1018 873 custo-

1078 843 1227 878 σφραγισαι
1246 843 1292 870 καὶ
1302 843 1469 879 φρουρῆσαι.
1480 843 1560 869 Ἐπεὶ
1571 843 1599 868 δὲ
1607 842 1661 868 ἔδει
1673 841 1856 877 πιστευθῆναι,

228 898 314 926 diam.
334 883 402 930 Quia
420 900 513 922 autem
529 883 604 921 credi
632 892 787 927 oportebat,
811 892 883 926 quod
899 896 1022 918 mertuus

1078 890 1114 917 ὅτι
1123 891 1171 916 καὶ
1181 890 1310 922 ἀπέθανε,
1320 890 1368 916 καὶ
1379 889 1478 924 ἐτάφη,
1489 890 1536 915 καὶ
1550 889 1661 923 ἀνέστη,
1669 887 1752 923 βλέπε
1766 889 1813 914 καὶ
1825 887 1858 914 τὰ

231 948 341 971 essetet
354 942 490 977 sepultus,
508 941 636 975 quodque
654 938 864 970 resurrexisset,
889 937 951 964 vide
971 937 1022 964 tria

230 992 289 1018 haec
322 990 496 1017 inimicorum
522 986 686 1014 testimoniis
697 985 866 1021 approbata;
894 983 1022 1011 conside—

229 1037 314 1064 randa
334 1040 399 1062 sunt
412 1034 489 1062 enim
504 1033 588 1060 verba
602 1039 710 1059 eorum.
735 1031 813 1063 Quod
834 1030 907 1057 enim
921 1029 998 1056 aiunt
1014 1037 1021 1055 :

228 1082 370 1110 Recordati
388 1089 489 1112 sumus,
506 1082 574 1114 quod
591 1079 717 1113 impostor
731 1076 776 1104 ille
788 1077 855 1103 dixit
872 1076 957 1102 adhuc
984 1075 1023 1102 υἱ-

227 1137 299 1159 vens,
316 1132 461 1154 attestatur
471 1125 543 1160 quod
560 1128 685 1152 mortuus
699 1123 745 1151 sit.
779 1122 857 1155 Quod
873 1126 966 1148 autem
980 1128 1023 1148 se-

229 1177 321 1211 qtlitur
337 1184 344 1200 :
361 1174 426 1200 lube
442 1172 540 1199 innutriri
555 1170 716 1204 sepulcrum,
734 1173 877 1196 attestatur
893 1167 964 1202 quod
977 1175 1023 1194 se—

229 1222 323 1256 pultus
338 1221 382 1247 sit.
401 1219 486 1245 Porro
502 1218 574 1252 quod
598 1216 769 1251 subiungunt
784 1224 791 1242 ι
809 1214 847 1242 Ne
862 1214 968 1249 quando
982 1221 1024 1240 ve-

229 1268 328 1294 nientes
357 1264 479 1299 discipuli
495 1264 551 1298 ejus
570 1263 692 1298 {urentur
709 1262 806 1296 ipsum,
835 1259 942 1295 plenam
958 1258 1024 1286 facit

1070 935 1134 970 τρια
1141 934 1228 961 ταῦτα
1242 934 1458 969 μαρτυρούμενα
1467 935 1543 969 παρὰ
1559 933 1614 960 τῶν
1630 932 1745 968 ἐχθρῶν.
1757 933 1860 967 Σκοτι-η-

1070 981 1129 1007 τέον
1142 981 1197 1015 γὰρ
1214 981 1276 1012 τοὺς
1290 981 1387 1014 λόγους
1396 980 1497 1007 αὐτῶν.
1513 979 1549 1007 Τὸ
1561 980 1620 1015 μὲν,
1640 979 1858 1014 Ἐμνήσθημεν,

1071 1027 1115 1054 ὅτι
1129 1028 1145 1054 ὀ
1163 1026 1280 1060 πλάνος
1294 1026 1410 1060 ἐκεῖνος
1427 1024 1512 1053 εἶπεν·
1524 1028 1566 1054 ἔτι
1584 1025 1650 1058 ζῶν,
1669 1027 1805 1061 μαρτυρεῖ
1821 1025 1860 1051 ὃτι

1072 1073 1202 1100 ἀπέθανεθ
1212 1076 1241 1100 τδ
1249 1074 1287 1107 δὲ,
1296 1073 1451 1101 Κέλευσον
1458 1073 1745 1108 ἀσφαλισθῆναιτὸν
1752 1072 1858 1107 τάφον,

1075 1119 1189 1154 βεϐαιοῖ,
1203 1121 1245 1147 ὅτι
1261 1121 1351 1156 ἐτάφη
1363 1122 1408 1147 ’τὸ
1419 1121 1457 1153 δὲ,
1473 1122 1598 1154 Μήποτε
1612 1120 1756 1152 ἐλθόντες
1769 1121 1796 1146 ot
1807 1127 1860 1154 μα-

1073 1166 1262 1201 θηταὶαὺτοῦ
1278 1168 1434 1201 κλέψωσιν
1446 1167 1550 1198 αὐτὸν,
1566 1167 1736 1202 πληροφορεί
1753 1167 1795 1193 ὅτι
1808 1165 1859 1201 (68)

1072 1213 1286 1248 ἀσφαλισοέντος
1314 1214 1369 1249 (69)
1403 1214 1434 1240 οὐ
1463 1214 1643 1248 κλιπήσεται.
1680 1214 1734 1240 Καὶ
1773 1213 1861 1239 λοιπὴν

1074 1260 1272 1295 ἀναντίρῤητος
1288 1261 1304 1296 ἡ
1319 1261 1477 1291 ἀνάστασις.

229 1313 322 1344 (Νι-ιι),
349 1311 423 1347 quod
450 1311 557 1336 munito
572 1308 709 1344 sepulcro,
737 1314 792 1334 non
806 1305 842 1333 sit
870 1305 944 1332 furto
973 1304 1110 1333 sublatum
1138 1314 1248 1341 corpus,
1287 1310 1315 1334 et
1337 1307 1373 1334 ita
1404 1307 1597 1334 resurrectioni
1631 1307 1782 1334 contradici
1809 1313 1861 1333 non

248 1364 329 1389 otest.

229 1369 329 1396 putest.

267 1407 380 1439 Dignum
398 1407 441 1430 est
468 1406 559 1429 autem
585 1405 616 1428 ut
637 1399 808 1435 inquiramus
833 1398 879 1427 ubi
895 1398 1019 1426 dixerit:

230 1452 291 1479 Post
319 1455 373 1477 tres
390 1450 446 1476 dies
467 1455 616 1482 resurgant.
643 1446 783 1481 Siquidem
809 1445 889 1472 variis
909 1445 935 1471 in
955 1444 1022 1471 locis

230 1500 298 1525 dixnt
311 1497 453 1530 discipulis
470 1504 478 1521 :
494 1494 582 1521 Tertia
595 1494 636 1520 die
647 1501 792 1527 resurgant.
807 1492 834 1519 id
843 1497 948 1519 autem:
960 1490 1022 1518 Post

1111 1397 1204 1429 ’Δξιον
1220 1397 1248 1423 δὲ
1276 1396 1403 1433 ζητῆσαι,
1422 1396 1473 1423 ποῦ
1499 1394 1587 1429 εἶπεν,
1608 1397 1648 1424 ὄτι
1677 1399 1759 1426 Μετὰ
1786 1399 1861 1434 τρεῖς

1075 1443 1187 1478 ἡμέρας
1217 1443 1377 1478 ὲγεζοομαι.
1398 1443 1458 1470 Ὅτι
1474 1444 1523 1478 μὲν
1543 1444 1596 1478 γὰρ
1622 1445 1653 1479 τῇ
1670 1445 1751 1480 τρίτῃ
1773 1446 1858 1481 ἡμέρᾳ

1075 1492 1268 1527 ἀναστήσεται,
1294 1491 1430 1526 διαφόρως
1458 1490 1519 1518 εἷπε
1542 1492 1611 1526 πρὸς
1637 1493 1699 1524 τοὺς
1720 1494 1860 1529 mensa;-

231 1549 281 1570 Ires
296 1544 351 1569 dies
367 1549 515 1576 resurgam,
529 1547 662 1573 nusquam
674 1538 751 1565 dixit.
769 1536 824 1564 Hoc
837 1538 928 1571 itaque
941 1536 1023 1565 Judari

1078 1538 1118 1564 ὅτι
1131 1537 1159 1564 δὲ
1185 1537 1266 1564 Μετὰ
1292 1537 1370 1572 τρεῖς
1398 1537 1508 1572 ἡμέρας
1529 1538 1688 1573 ἐγείρομαι,
1708 1538 1762 1566 οὐκ
1789 1537 1862 1566 εἶπεν

230 1591 265 1616 ab
283 1588 409 1622 exemplo
427 1586 503 1614 Jonae
523 1586 596 1620 quod
612 1584 645 1612 ad
661 1591 709 1611 eos
724 1583 829 1611 dixerat
848 1583 1021 1618 colligebant.

231 1638 403 1665 Postremum
421 1642 484 1662 vero
502 1640 623 1660 errorem
638 1632 777 1663 dicebant,
793 1630 865 1666 quod
879 1638 893 1657 a
908 1629 1023 1657 mortuis

231 1682 428 1714 resurrcxerit;
448 1682 567 1716 priorem
579 1685 643 1706 vero
658 1677 730 1712 quod
745 1677 781 1704 sit
796 1675 880 1704 Filius
895 1676 953 1704 Dei.

268 1830 334 1864 Sed,
352 1837 368 1856 o
383 1826 532 1858 insensati,
555 1832 607 1860 quo
633 1823 742 1851 tandem
761 1821 814 1848 [ine
827 1824 921 1847 essent
935 1819 1023 1854 ipsum

233 1880 306 1907 furto
321 1874 475 1904 sublaturi?
503 1873 561 1900 Nisi
577 1871 650 1898 enim
681 1869 762 1897 tertio
781 1867 825 1895 die
843 1866 1025 1894 resurrexerit

233 1925 304 1952 sicut
333 1920 472 1957 promisit,
499 1918 674 1946 manifestum
698 1920 740 1942 est
766 1913 837 1948 quod
855 1911 973 1947 decepti,
998 1916 1025 1938 et

233 1974 344 2006 propter
359 1974 422 1994 eum
437 1966 471 1992 ab
483 1964 612 1991 omnibus
627 1961 755 1997 gentibus
770 1959 834 1986 odio
853 1959 948 1989 habiti,
965 1957 1025 1984 sine

233 2004 359 2046 domibus
374 2018 400 2041 et
413 2018 536 2040 extorres
549 2009 624 2040 facti,
641 2007 731 2043 potius
739 2004 939 2032 aversabuntur
951 2011 1024 2035 curii,

236 2070 264 2092 ct
281 2064 343 2091 odio
364 2060 503 2088 habebant
516 2061 643 2090 tanquam
669 2054 856 2088 impostorem,
880 2055 907 2078 et
922 2051 959 2078 ita
973 2057 1024 2077 no-

234 2112 292 2139 lent
305 2117 368 2136 eum
384 2106 480 2134 iurari.
497 2103 550 2130 Sed
565 2108 654 2136 neque
670 2099 770 2134 populo
784 2097 951 2133 persuadere
975 2104 1026 2131 po-

236 2161 337 2187 terunt,
356 2153 430 2189 quod
445 2159 459 2178 a
475 2148 590 2177 mortuis
607 2146 768 2173 surrexerit.
786 2144 834 2171 Cui
852 2144 924 2170 enim
951 2143 1024 2169 inni-

236 2202 347 2230 tentur‘!
361 2188 394 2226 an
416 2195 596 2223 vehementia:
614 2190 791 2219 sermonum?
804 2190 877 2223 atqui
893 2188 1024 2215 illitterati

235 2254 309 2276 sunt.
327 2248 366 2272 An
382 2246 451 2271 forte
466 2239 637 2268 abundantia:
650 2238 762 2263 rerum?
784 2236 858 2270 atqui
882 2239 946 2261 sunt
962 2242 1023 2261 om-

236 2302 311 2322 nium
324 2288 500 2327 pauperrimi.
511 2285 625 2314 Generis
640 2283 763 2311 fortassis
775 2281 910 2308 claritati?
929 2288 1021 2307 verum

236 2339 370 2377 ignobiles
399 2343 474 2366 sunt,
492 2333 562 2360 etab
587 2330 751 2366 ignobilibus
767 2327 910 2364 progeniti.
925 2327 1021 2354 Utrum

236 2374 400 2420 suiipsorum
424 2378 612 2409 multitudini?
629 2381 656 2404 at
674 2383 729 2403 non
748 2374 839 2410 plures
855 2378 920 2401 sunt
940 2382 1020 2408 quam

236 2419 390 2460 duodecim.
405 2428 502 2455 Utrum
515 2424 609 2460 patria:
624 2421 781 2457 splendori?
796 2428 888 2447 verum
902 2428 917 2447 a
935 2419 1024 2455 regio-

236 2479 318 2506 nibus
331 2479 395 2504 sunt
406 2474 529 2502 obscuris
541 2476 568 2499 et
587 2468 760 2505 ignobilibus.
780 2467 820 2494 An
838 2466 939 2501 putatis
952 2466 1023 2500 quod

238 2522 414 2560 prmceptoris
434 2515 682 2555 promissionibns?
704 2513 827 2547 Quibus?
841 2513 869 2540 Si
883 2513 956 2540 enim
969 2521 1023 2540 non

237 2558 428 2597 resurrexerit,
452 2571 541 2599 neque
553 2563 605 2589 illis
621 2559 751 2588 credituri
771 2563 844 2586 sunt.
860 2558 1035 2585 Demonstrat.

239 2621 295 2644 tum
310 2618 353 2641 est
372 2613 455 2648 igitur
472 2609 545 2645 quod
565 2615 635 2636 vane
656 2605 832 2641 suspicamini
856 2605 929 2632 hunc
955 2605 1027 2632 l'urto

237 2661 416 2688 auferendum
428 2664 489 2684 esse
503 2664 511 2683 :
526 2655 561 2683 ob
574 2654 662 2682 dictas
677 2653 750 2681 enim
768 2658 864 2679 causas
879 2656 921 2678 est
937 2651 1027 2678 incre-

238 2706 332 2734 dibilc.

1075 1582 1206 1617 οὐδαμοῦ.
1239 1583 1339 1609 Λοιπὸν
1357 1581 1405 1609 οὖν
1430 1583 1554 1609 Ἰουδαῖοι
1584 1584 1637 1610 ἀπὸ
1665 1584 1712 1611 τοῦ
1733 1585 1806 1612 κατὰ
1819 1585 1860 1611 τὸν

1083 1629 1174 1655 Ἰωνᾶν
1187 1629 1419 1664 παραδείγματος,
1445 1629 1492 1656 τοῦ
1515 1629 1644 1664 ῥηθέντος
1664 1630 1733 1666 πρὸς
1751 1633 1860 1663 αὐτοὺς,

1075 1676 1153 1703 τοῦτο
1173 1675 1391 1709 συνελογίσαντο.
1411 1676 1544 1712 Ἐσχάτην
1563 1677 1615 1712 μὲν
1631 1676 1678 1703 οὖν
1694 1676 1801 1713 πλάνην
1821 1678 1862 1703 λέ-

1076 1730 1152 1757 γουσι
1177 1722 1309 1756 περὶτοῦ,
1325 1723 1365 1749 ὁτι
1381 1723 1485 1758 ἠγέρθη
1500 1723 1554 1749 ἀπὸ
1574 1723 1629 1749 τῶν
1646 1723 1752 1758 νεκρῶν
1765 1732 1773 1739 ·
1793 1724 1864 1759 πρώ-

1074 1777 1126 1805 την
1137 1769 1165 1796 ὅὲ.
1182 1770 1246 1804 περὶ
1260 1769 1318 1801 τοῦ,
1333 1769 1373 1795 ὅτι
1388 1769 1452 1800 Υἱὸς
1469 1768 1536 1795 Θεοῦ
1551 1767 1595 1806 ἦν.

1116 1816 1185 1843 Ἀλλ’
1202 1813 1359 1847 ὣάνόητοιι
1377 1818 1543 1850 σκοπήσστε,
1559 1817 1631 1848 τινος
1642 1817 1736 1844 ἕνεκεν
1752 1818 1863 1852 κλέψου-

1076 1870 1119 1888 σιν
1132 1862 1230 1906 α,ύτόν;
1259 1862 1321 1888 Ἐὰν
1346 1863 1401 1896 γὰρ
1420 1862 1471 1888 οὐκ
1488 1863 1590 1898 ἀναστῇ
1611 1864 1644 1898 τῇ
1662 1863 1744 1899 τρίτῃ
1761 1865 1860 1898 ἡμέρᾳ,

1076 1909 1168 1941 καθὼς
1183 1908 1374 1943 ἐπηγγείλατο,
1385 1908 1529 1943 πρόδηλον,
1541 1909 1590 1941 ὡς,
1604 1909 1803 1944 ἀπατηθέντες,
1818 1910 1861 1937 καὶ

1075 1953 1110 1979 δι’
1125 1953 1206 1979 αὑτὸν
1224 1953 1293 1988 πρὸς
1320 1953 1380 1979 ὅλον
1400 1953 1429 1979 τὸ
1447 1953 1522 1984 ἔθνος
1547 1954 1800 1988 ἐκπολεμωθέντες,
1817 1955 1861 1981 καὶ

1079 2001 1178 2032 ἄοικοι,
1207 2001 1255 2026 καὶ
1285 2000 1412 2031 ἀπόλιδες
1424 2001 1580 2035 γενόμενοι,
1601 2001 1862 2037 ἁποστραφήσονται

1078 2046 1176 2080 μᾶλλον
1196 2047 1244 2072 καὶ
1275 2047 1435 2081 μισήσουσιν
1472 2046 1565 2079 αὐτον,
1597 2047 1635 2078 ὡς
1661 2049 1774 2075 πλάνον.
1807 2049 1860 2075 Καὶ

1075 2093 1119 2119 διὰ
1142 2093 1223 2119 τοῦτο
1247 2093 1295 2127 μὲν
1322 2093 1352 2118 οὐ
1370 2092 1531 2127 θελήσουσιν
1557 2093 1649 2125 αὐτὸν,
1677 2094 1733 2130 (70)
1753 2095 1860 2130 κλέψαι,

1083 2139 1152 2166 Ἀλλ’
1166 2139 1226 2165 οὐδὲ
1248 2139 1409 2174 δυνήσονται
1427 2141 1521 2166 πεῖσαι
1544 2139 1588 2167 τὸν
1602 2140 1666 2166 λαὸν
1694 2141 1736 2168 ὃτι
1760 2143 1860 2177 ἠγέρθη

1076 2186 1129 2213 ἀπὸ
1153 2186 1206 2212 τῶν
1222 2185 1338 2219 νεκρῶν.
1367 2186 1426 2212 Τίνι
1441 2186 1494 2222 γὰρ
1521 2188 1569 2212 καὶ
1602 2187 1804 2223 θαρῤήσουσιν;
1830 2189 1860 2223 τῇ

1036 2218 1064 2249 D
1077 2232 1210 2265 δεινότητι
1225 2218 1280 2257 τῶν
1297 2231 1402 2265 λόγωνς
1423 2218 1484 2259 καὶ*
1495 2232 1549 2268 μὴν
1570 2218 1750 2268 thymi-uuam!
1774 2218 1860 2261 Ei'ﬂV:

1084 2278 1165 2304 Ἀλλὰ
1178 2279 1211 2313 τῇ
1224 2277 1369 2313 περιουσίᾳ
1387 2277 1442 2304 τῶν
1460 2279 1626 2314 χρημάτων;
1640 2281 1685 2305 καὶ
1702 2280 1757 2315 μὴν
1775 2281 1861 2307 ἁπάν-

1076 2336 1130 2354 των
1146 2326 1199 2353 eis!
1214 2325 1382 2359 πενέστεροι.
1413 2324 1492 2351 Ἀλλὰ
1507 2325 1540 2360 τῇ
1564 2326 1726 2360 περιφανείᾳ
1747 2327 1796 2352 τοῦ
1819 2327 1862 2361 γέ-

1076 2382 1137 2404 νους
1150 2381 1157 2406 ;
1174 2372 1220 2399 καὶ
1234 2371 1287 2406 μὴν
1301 2371 1418 2402 εὐτελεῖς
1429 2371 1496 2397 εἰσὶν
1509 2370 1539 2403 ἐξ
1557 2371 1674 2397 εὐτελῶν
1684 2380 1690 2386 ·
1715 2372 1798 2399 Ἀλλὰ
1823 2373 1861 2409 τῷ

1076 2419 1174 2455 πλήθει
1201 2417 1321 2451 ἑαυτῶν;
1340 2418 1388 2444 καὶ¹
1415 2417 1468 2452 μὴν
1486 2418 1516 2444 οὺ
1539 2417 1649 2449 πλείους
1667 2419 1718 2446 aiat
1746 2419 1802 2446 τῶν
1819 2420 1862 2445 ἓν·

1075 2466 1152 2493 δεκα.
1176 2464 1258 2492 Ἀλλὰ
1279 2464 1318 2498 τῷ
1334 2463 1506 2498 μεγέθειτῆς
1524 2464 1667 2498 πατρίδος
1683 2463 1732 2490 καὶ
1745 2464 1799 2498 μὴν
1810 2465 1862 2491 ἀπὸ

1076 2513 1184 2547 χωρίων
1201 2510 1272 2537 εἰσὶν
1299 2510 1413 2545 ἀσήμων
1424 2518 1430 2524 ·
1453 2508 1520 2536 ἀλλὰ
1547 2510 1608 2541 ταῖς
1623 2509 1802 2543 ἐπαγγελίαις
1816 2509 1861 2536 τοῦ

1088 2558 1263 2589 διδασκάλου;
1281 2556 1390 2588 Ποίαις;
1418 2555 1449 2581 Εἰ
1469 2555 1506 2590 μὴ
1525 2556 1626 2591 ἀναστῇ
1641 2555 1705 2591 γὰρ,
1717 2555 1775 2581 οὐδ’
1793 2555 1863 2582 ἐκει-

1076 2613 1135 2636 ναις
1150 2603 1321 2630 πιστεύουσι.
1337 2602 1478 2628 Δέδεικται
1505 2602 1596 2628 τοίνυν
1622 2602 1663 2628 ὃτι
1689 2601 1780 2637 μάτην
1795 2602 1861 2628 ὑπο-

1077 2651 1191 2678 πτεύετε
1203 2650 1341 2682 κλαπῆναι
1353 2647 1460 2675 τοῦτονυ
1471 2648 1521 2676 οὐκ
1531 2647 1666 2683 ἐνδέχεται
1677 2649 1731 2683 γὰρ
1759 2647 1804 2675 διὰ
1815 2647 1863 2679 τὰς

1075 2697 1223 2732 εἰρημένας
1235 2695 1334 2726 αἰτίας.

843 2786 940 2819 Variae
955 2786 1108 2819 lectiones
1125 2789 1155 2817 et
1171 2789 1267 2819 notae.

277 2854 333 2924 263)
349 2855 515 2883 '01t.abest.
536 2860 567 2887 Α.

291 2891 334 2923 ΰυ)
351 2889 404 2914 Τοῦ
416 2891 513 2922 τάφου.

291 2891 334 2923 ΰυ)
351 2889 404 2914 Τοῦ
416 2891 513 2922 τάφου.

1119 2847 1175 2885 (70)
1190 2847 1301 2883 Τοῦτον,
1318 2855 1367 2883 pro
1381 2847 1474 2876 αὐτόν.
1491 2847 1523 2874 Α.
