1939 3075
114 148 169 182 ’149

532 151 725 181 COMMENT.
747 149 784 178 ΙΝ
805 148 1037 178 ΜᾹῚἾῚΙΔΕΗΜ.
1057 160 1082 164 ·-
1095 148 1171 177 CAP.
1191 147 1329 178 XXVIII.

1688 147 1742 179 750

120 206 213 240 ελεγον
236 207 301 241 πρῦς
317 207 425 238 ἑαυτάς
447 207 492 240 Τίς
505 207 686 234 ἀποκυλίσει
698 206 769 241 ἡμῖν
795 207 847 232 τὸν
860 205 901 232 1(-

959 205 1055 231 cebant
1077 205 1148 232 inter
1163 212 1223 231 sese
1240 214 1246 231 :
1264 205 1329 238 Quis
1356 203 1467 231 revolvat
1482 204 1553 231 nobis
1574 204 1688 237 .apidem
1711 208 1744 232 ab

115 254 170 279 θον
184 253 239 288 (79)
254 253 288 279 ἐκ
307 252 362 286 τιῙς
381 254 473 286 θύμος
490 252 542 279 τοῦ
559 253 707 287 μνημείου
724 260 734 284 ;
757 251 804 278 καὶ
832 251 903 278 ἀνα-

115 298 268 333 ϐλέψασαι
280 299 455 332 θεωροῦσιν,
468 299 510 325 ὅτι
525 298 762 325 ἀποκεκύλισται
776 299 792 324 ό
806 298 902 330 λίθος.

115 343 175 371 Ἠν
197 344 253 378 γὰρ
266 344 361 379 μέγας
375 345 505 379 σφόδρα.
533 344 676 371 Ἐλοοῦσαι
696 345 744 379 μὲν
762 344 827 378 γὰρ,
845 343 903 369 ἔλε-

115 398 164 424 γον
181 390 249 425 πρδς
272 391 391 425 ἀλλήλας
405 390 500 422 οὕτως·
521 392 549 417 ὲν
570 391 625 425 ὅσῳ
641 389 668 415 δὲ
686 389 772 416 ταῦτα
786 388 901 422 διελογί-

115 436 204 468 ζοντο,
217 436 313 470 γέγονε
330 437 380 471 μὲν
401 437 414 463 6
429 437 553 471 σεισμὸς,
568 435 727 471 προσελθὼν
748 435 776 461 δὲ
789 436 803 461 6
819 435 902 468 ἄγγε-

114 483 159 514 λος
188 483 338 509 ἀπεκύλισε
362 483 408 510 τὸν
437 482 521 514 λίθον,
541 483 587 508 καὶ
604 482 698 508 λοιπὸν
714 481 902 515 ἀνασλέψασαι

115 529 183 564 πρὸς
195 529 242 554 τὸν
257 529 352 563 τάφον,
368 528 530 563 Θεωροῦσιν,
544 529 585 554 ὅτι
603 527 819 554 ἀποκεκὺλισται
837 527 850 552 6
863 526 902 551 λί-

114 575 172 607 θος.
294 576 299 579 ’

156 622 185 647 '0
212 621 325 656 Μάρκος
348 621 387 652 δὲ,
412 621 561 656 φροντίσας
584 621 634 655 τῆς
663 620 822 655 συντομίας,
839 619 901 646 οὔτε

113 668 160 694 τὸν
187 669 299 702 σεισμὸν
329 668 494 702 ἀνέγραψεν,
523 666 597 699 οὔτε,
628 667 670 698 τίς
687 666 837 693 ἀπεκύλισε
857 667 901 692 τὸν

113 714 199 747 λίθον,
213 714 343 746 ἐδίδαξεν.
366 713 483 748 Ὁμοίως
499 713 527 739 δὲ
547 715 594 739 καὶ
611 715 624 739 ὁ
640 713 748 744 Λουκᾶς
769 713 900 746 συνέτεμε

113 761 163 795 τὴν
190 760 254 794 περὶ
282 760 383 786 τούτων
408 759 546 794 διήγησιν,
563 758 658 785 εἰπών·
676 757 775 793 Εὗρον
794 758 828 784 δὲ
848 758 900 784 τὸν

112 807 201 833 λίθον
213 805 496 839 ἀποκεκυλισμένον
508 805 568 832 ἀπὸ
583 805 635 832 τοῦ
647 805 806 839 μνημείου.
831 804 899 830 Πότε

115 851 166 886 μὲν
179 849 225 877 οὖν
237 849 319 886 ἦλθον
338 852 377 882 είς
396 851 427 876 τὸ
443 851 575 885 μνημεῖον
594 850 621 876 αἱ
641 851 782 881 γυναῖκες,
798 849 900 884 ἐδήλω-

957 251 1022 276 oslio
1042 251 1204 277 monumenti
1219 251 1230 277 ?
1246 251 1362 286 Cumque
1378 251 1560 286 respexissent.
1576 251 1661 278 vident
1676 253 1745 287 quod

956 295 1087 322 revolutus
1119 301 1184 323 esset
1208 296 1275 331 lapis
1290 305 1299 322 :
1323 302 1380 323 erat
1401 297 1469 323 enim
1491 297 1598 331 grandis
1619 298 1693 324 valde
1709 298 1742 323 ".

955 339 1022 367 Dum
1051 342 1141 375 itaque
1170 341 1308 373 venirent,
1334 341 1370 368 ita
1397 341 1526 368 dicebant
1555 341 1628 368 inter
1654 349 1743 369 sese:

955 387 1062 414 interim
1074 396 1137 415 vero
1146 389 1210 415 dum
1222 389 1279 415 haec
1291 389 1521 424 colloquerentur,
1536 389 1625 417 factus
1638 394 1679 417 est
1692 394 1746 416 ter-

954 441 1107 467 r:cm0tus;
1139 444 1256 470 cumque
1285 437 1448 463 accessisset
1481 432 1611 472 angelus,
1630 437 1746 464 revolvit

954 479 1081 514 lapidem.
1111 485 1138 507 et
1165 481 1220 516 jam
1253 482 1287 508 ad
1313 487 1522 509 monumentum
1555 483 1744 518 respicientes,

953 526 1046 553 vident
1066 527 1136 561 quod
1155 529 1297 555 revolutus
1313 533 1387 555 esset
1402 529 1483 563 lapis.

989 615 1094 643 Marcus
1110 625 1174 645 sane
1192 617 1316 645 brevitati
1335 618 1460 651 studens,
1486 626 1578 653 neque
1602 624 1743 647 terraemo-

955 665 1009 687 tum
1024 661 1143 695 scripsit,
1160 670 1248 696 neque
1265 663 1327 697 quis
1344 663 1461 698 lapidem
1480 665 1743 692 revolveritdocuit.

953 705 1083 733 Similiter
1098 711 1126 733 et
1144 706 1233 734 Lucas
1247 709 1434 736 narrationem
1457 710 1491 737 de
1504 710 1545 737 his
1559 711 1742 745 abbreviavit,

952 751 1045 778 dicens
1055 752 1226 780 :Invenerunt
1234 753 1348 788 lapidem
1357 763 1373 781 a
1380 761 1547 782 monumento
1558 757 1744 787 revolutum".

951 797 1044 832 itaque
1078 800 1188 832 quando
1224 800 1258 826 ad
1285 806 1494 828 monumentum
1527 803 1655 830 venerint
1679 811 1743 831 mu-

953 843 1042 876 lieres,
1053 844 1276 879 signilicaverunt
1286 847 1477 882 evangelista;
1495 850 1605 883 quando
1621 857 1686 877 vero
1701 858 1746 876 re-

114 884 166 924 σαν
185 898 210 923 οἱ
225 884 429 931 εὖαγγελισταί·
444 884 513 922 πότε
527 896 555 922 δὲ
573 897 674 930 ἀνέστη
690 897 704 922 ὁ
723 895 837 930 Κύριος,
854 894 900 920 οὺ-

959 890 1106 917 surrexerit
1119 890 1256 924 Christus,
1275 892 1366 920 nullus
1382 900 1477 920 eorum
1498 894 1650 922 indicavit:
1672 895 1746 923 solus

113 942 171 974 δεὶς
189 942 279 968 αὐτῶν
291 942 551 978 παρεσημειώσατο.
565 942 653 973 Μόνος
667 942 722 976 γὰρ
739 939 792 967 οἵδε
810 941 899 974 τοῦτο,

115 988 130 1013 ὁ
152 987 242 1022 μόνος,
256 987 292 1019 ὡς
308 986 389 1019 οἶδεν,
407 988 539 1020 ἀναστάς.

151 1033 256 1064 Πάντες
271 1033 299 1059 δὲ
314 1033 468 1068 συμφώνως
487 1035 511 1060 οἱ
531 1034 599 1069 ἱεροὶ
612 1033 734 1069 Πατέρες
764 1034 810 1059 καὶ
829 1033 902 1059 διδα-

114 1079 213 1106 εκαλοι
239 1080 335 1114 καιρὸν
362 1080 412 1111 τῆς
444 1081 620 1112 ἀναστάσεως
639 1080 721 1107 αὐτοῦ
754 1088 831 1114 φασι,
853 1080 902 1116 τὴν

115 1125 228 1160 πρώτην
254 1126 308 1152 τῶν
335 1126 525 1162 ἀλεκτρυόνων
547 1126 630 1162 ᾠδὴν,
648 1127 709 1162 Ιἣτις
726 1127 777 1162 ῆδη
802 1126 833 1152 τὺ
854 1127 902 1161 τῆς

115 1172 264 1207 Κοριακῆς
291 1170 511 1208 προαῗιεκρούετο
535 1173 603 1207 φῶς.
628 1172 673 1198 Διὸ
688 1173 737 1199 καὶ
758 1173 827 1207 μετὰ
852 1172 902 1207 τὴν

113 1220 198 1254 ἕκτην
227 1220 302 1255 ὤραν
325 1220 376 1255 τῆς
391 1221 488 1252 νυκτὸς
511 1222 535 1247 οἱ
550 1220 691 1255 φιλάρετοι
709 1221 759 1255 τὴν
774 1220 902 1255 νηστείαν

115 1265 306 1298 καταλύοντες,
320 1265 369 1300 τῆς
386 1265 557 1301 εὐφροσύνης
571 1266 751 1301 ἀπάρχονται.

161 1312 273 1348 ’Δνέστη
289 1312 317 1338 δὲ
334 1314 364 1348 τῇ
378 1313 460 1348 τρίτῃ
476 1313 579 1348 ἡμέρᾳ,
593 1313 685 1344 καθὼς
699 1312 803 1346 ἔλεγεν.
826 1312 903 1338 Ἐπεὶ

115 1359 171 1394 γὰρ
187 1360 216 1385 ὲν
237 1360 270 1394 τῇ
290 1359 373 1394 ἐνάτῃ
393 1359 452 1395 ὥρᾳ
471 1360 519 1394 τῆς
542 1359 722 1394 παρασκευῆς
753 1359 901 1392 ἀπέθανεν,

116 1407 277 1442 ἀριθμεῖται
301 1406 397 1442 πρώτη
422 1406 471 1441 μὲν
487 1406 578 1441 ἡμέρα
599 1407 615 1440 ὴ
640 1406 815 1441 παρασκευὴ,
840 1405 902 1431 δευ-

114 1453 185 1487 τέρα
211 1452 239 1478 δὲ
262 1452 292 1478 τὸ
320 1452 471 1485 Σάϐϐατον,
497 1451 576 1486 τρίτη
594 1452 622 1478 δὲ
638 1452 654 1486 ἠ
671 1451 808 1487 Κυριακὴ,
826 1452 854 1478 ὲν
872 1449 900 1488 ᾖ,

119 1498 271 1533 ἀρχομένου
285 1497 332 1523 τοῦ
354 1497 465 1532 ὄρθρου,
481 1497 592 1530 ἀνέστη,
615 1497 713 1532 μικρόν
734 1506 760 1523 τι
774 1497 829 1532 πρὸ
853 1497 903 1531 τῆς

116 1543 170 1569 τῶν
195 1543 333 1576 γυναικῶν
366 1543 495 1577 ἀφίξεως,
526 1543 575 1569 καὶ
603 1543 835 1578 συναριθμοῦνται
853 1543 903 1577 τῆς

119 1589 169 1623 μὲν
182 1590 362 1623 παρασκευῆς
372 1589 402 1614 τὺ
418 1589 507 1620 τέλος,
523 1589 572 1623 τῆς
587 1588 616 1614 δὲ
632 1589 804 1623 Κυριακῆςή
821 1589 903 1623 ἀρχή.

123 1635 202 1662 Ἐπεὶ
221 1635 249 1661 δὲ
265 1636 293 1661 ὲν
309 1634 346 1670 τῷ
361 1636 432 1661 κατά
449 1635 494 1661 τὸν
513 1635 606 1661 Ἰωνᾶν
622 1635 827 1670 παραδείγματι
840 1635 903 1670 ἔφη·

118 1681 217 1714 Οὕτως
229 1681 314 1707 ἔσται
329 1681 379 1708 καί
391 1682 407 1707 ὁ
421 1681 488 1713 υίὸς
501 1680 555 1707 τοῦ
573 1680 730 1715 ἀνθρώπου
740 1681 775 1707 ἐν
786 1680 822 1715 τῇ
834 1689 904 1715 κορ-

114 1727 167 1761 δίᾳ
198 1727 253 1761 τῆς
280 1727 337 1761 τῆς
360 1727 437 1760 τρεῖς
465 1726 576 1760 ἡμέρας
604 1726 653 1753 καί
678 1727 757 1760 τρεῖς
780 1728 903 1760 νύκτας·

117 1774 183 1809 περὶ
200 1774 250 1808 μὲν
264 1774 318 1800 τῶν
332 1773 447 1808 ἡμερῶν
463 1773 514 1799 οὐκ
530 1773 589 1799 ἐστι
604 1773 757 1807 διαπορείψ
771 1772 906 1808 ἠρίθμην-

117 1827 163 1846 ται
178 1820 244 1854 γάρ.

155 1876 223 1912 Περὶ
236 1875 265 1903 δέ
283 1884 314 1910 γε
335 1875 389 1902 τῶν
408 1875 515 1902 νυκτῶν
538 1875 665 1912 ἐροῦμεν,
681 1876 718 1908 ὡς
733 1877 758 1902 οἱ
781 1877 904 1903 Ἰουδαῖοι

117 1923 170 1954 ἕως
185 1923 279 1958 τρίτης
295 1923 402 1957 ἡμέρας
427 1923 615 1957 ἠσφαλίσαντο
637 1923 684 1949 τὶν
698 1924 793 1957 τάφον,
807 1923 903 1958 Ιἤγουν,

118 1969 166 1995 ἀπ’
193 1970 280 2003 αὐτῆς
306 1969 356 2003 τῆς
390 1969 569 2004 παρασκευῆς
599 1969 651 2000 ἕως
674 1969 723 2004 τῆς
751 1971 903 2005 Κυριακῆς,

116 2015 194 2050 ἡλίου
216 2015 349 2046 δύνοντος.
367 2014 445 2041 υῦτω
463 2016 517 2050 γὰρ
535 2015 715 2050 ἐψηφίσαντο.
739 2015 794 2051 Τὴν
808 2016 864 2052 (80)
875 2017 903 2043 δὲ

115 2061 212 2095 τρίτην
227 2059 313 2086 νύκτα
328 2060 376 2094 τῆς
392 2061 543 2094 ἀσφαλείας
560 2061 637 2092 ἐκτὸς
651 2061 771 2096 ἀφῆκαν.
783 2062 836 2088 Καὶ
849 2062 903 2088 λοι-

117 2110 177 2140 πὸν,
195 2107 219 2133 εἰ
238 2107 284 2133 καὶ
299 2106 400 2141 ταύτην
414 2106 566 2141 ἀνέμεινεν,
580 2106 676 2141 ἔμελλε
692 2107 817 2140 γενέσθαι
834 2107 901 2134 ὓπο-

117 2162 184 2184 πτος
204 2154 221 2188 ἡ
236 2153 396 2183 ἀνάστασις.
421 2152 476 2178 Καὶ
497 2152 552 2188 γὰρ
570 2153 698 2179 ἀντεῖπον
717 2153 761 2185 ἂν,
778 2153 826 2186 ὡς,
841 2155 901 2180 ἐπεὶ

116 2199 192 2231 ἐντὸς
208 2199 255 2225 τοῦ
269 2198 368 2233 καιροῦ
384 2198 433 2233 τῆς
448 2198 599 2232 ἀσφαλείας
616 2199 666 2225 οὐκ
682 2199 792 2234 ἀνέστη,
811 2199 901 2226 λυθεί-

117 2254 168 2280 σης
195 2245 309 2279 ταύτης,
336 2244 451 2275 ἄπιστος
477 2245 494 2279 ἡ
510 2245 670 2275 ἀνάστασις.
699 2245 818 2281 Ἐκλάπη
847 2245 902 2281 γὰρ

115 2290 224 2321 οὐδενὸς
238 2290 431 2324 φυλάττοντος.
445 2291 547 2316 Λοιπὸν
564 2289 621 2322 οὖν,
640 2290 680 2316 ἔτι
699 2290 901 2324 φυλαττόντων,

116 2337 231 2371 ἀνέστη,
250 2337 401 2373 περιαιρῶν
414 2337 505 2363 πᾶσαν
524 2337 692 2370 ἀντιλογίαν.
709 2337 763 2363 Καὶ
779 2337 840 2363 οὐδὲ
854 2337 904 2372 τὴν

115 2381 212 2417 τρίτην
225 2382 290 2417 ὃλην
313 2382 459 2417 ἀνέμεινεν
472 2381 591 2417 ἡμέραν,
605 2382 662 2409 ἀλλ1
681 2382 762 2415 εὐθὺς
785 2382 904 2418 ἀρχομέ-

116 2437 166 2464 νης
179 2429 286 2464 ἠγέρθη
305 2428 373 2464 (81).
392 2428 429 2454 Τὸ
442 2428 493 2463 μὲν
513 2429 567 2462 γὰρ
580 2429 656 2460 ὲντὸς
669 2428 716 2454 τοῦ
734 2429 829 2463 καιροῦ
852 2428 902 2464 τῆς

116 2475 268 2510 ἀσφαλείας
286 2475 449 2510 ἀναστῆναι,
461 2475 644 2510 ἁνὲγκλητον;
661 2475 691 2501 τὸ
707 2475 736 2501 δὲ
752 2475 903 2509 ὑστερῆσαι

117 2520 226 2553 τούτου,
245 2520 379 2547 ὕποπτον.
402 2521 458 2547 Καὶ
474 2520 505 2546 τὸ
520 2520 568 2555 μὲν
585 2521 735 2556 ταχύτερον
757 2521 807 2555 τῆς
834 2528 902 2554 προ-

117 2566 247 2600 θεσμίας,
267 2566 409 2600 δυνάμεώς
434 2567 494 2592 ἐστι
508 2574 515 2580 ·
540 2566 569 2592 τὸ
590 2566 618 2592 δὲ
634 2566 808 2601 βραδύτερον,
825 2565 904 2592 ἀσθε-

117 2613 203 2644 νείας.

155 2684 179 2695 "'
199 2680 284 2709 Marc.
297 2690 353 2716 xvt,
368 2681 396 2714 5,
408 2681 436 2708 4.
491 2680 513 2696 ⁸³
525 2679 590 2706 an.
609 2689 682 2712 xxtv,
696 2680 722 2706 2.

959 934 1033 962 enim
1052 935 1103 962 hoc
1120 937 1206 970 novit,
1220 937 1266 971 qui
1282 938 1357 965 solus
1376 939 1494 966 surrexit
1511 945 1540 967 ut
1553 941 1638 969 novit.

991 1033 1093 1062 Omnes
1108 1041 1199 1063 autem
1211 1038 1379 1065 unanimiter
1392 1040 1480 1067 sancti
1500 1040 1595 1068 Patres
1606 1046 1634 1069 et
1649 1042 1745 1070 docto-

956 1086 1000 1106 res
1011 1084 1118 1115 tempus
1134 1081 1355 1111 Resurrectionis
1369 1085 1429 1119 ejus
1450 1086 1535 1114 fuisse
1554 1088 1650 1116 dicunt
1673 1091 1746 1118 circa

956 1126 1074 1160 primmn
1090 1128 1268 1162 gallicinium,
1283 1131 1328 1164 qui
1343 1131 1398 1165 jam
1416 1131 1553 1161 Dominici
1577 1135 1632 1162 diei
1658 1137 1746 1165 lucem

956 1171 1129 1206 prtrferebat.
1149 1174 1213 1201 ideo
1227 1182 1335 1210 quoque
1351 1182 1412 1211 post
1428 1184 1531 1206 sextam
1545 1181 1634 1208 noctis
1652 1183 1746 1211 horam

956 1218 1065 1245 virtutis
1079 1223 1239 1251 sectatores,
1252 1221 1453 1258 solutojejunio
1474 1225 1593 1253 laetitiam
1607 1230 1749 1263 auspican-

956 1268 1010 1289 1111⁵.

993 1309 1117 1337 Surrexit
1140 1317 1230 1339 autem
1248 1314 1329 1341 tertio
1355 1315 1399 1343 die
1419 1318 1623 1351 proutdixerat.
1640 1320 1678 1347 Ex
1693 1329 1748 1356 quo

956 1356 1028 1382 erlim
1047 1356 1113 1384 hora
1124 1365 1194 1384 nona
1209 1358 1372 1388 Parasceves
1387 1368 1511 1391 m0rtuus
1525 1369 1578 1397 est,
1588 1372 1749 1394 numeratur

956 1401 1060 1436 primus
1074 1402 1134 1429 dies
1154 1403 1313 1437 Parasceve,
1329 1409 1466 1435 secundus
1479 1409 1637 1445 Sabbatum,
1650 1413 1747 1440 tertius

956 1448 1015 1476 dies
1029 1449 1198 1482 Dominicus,
1216 1451 1243 1478 in
1254 1460 1308 1486 quo
1322 1453 1468 1488 incipiente
1484 1456 1614 1489 diluculo,
1631 1461 1749 1487 surrexit

958 1494 1038 1528 paulo
1054 1499 1200 1530 antequam
1220 1498 1348 1526 mulieres
1360 1500 1522 1528 accederent
1538 1511 1544 1529 :
1561 1508 1586 1530 et
1596 1511 1747 1532 connume-

958 1544 1054 1567 rantur
1069 1541 1156 1575 ipsius
1171 1543 1232 1570 ﬁnis
1254 1543 1428 1580 I’arasceves,
1446 1552 1473 1574 et
1492 1547 1624 1577 Dominici
1644 1551 1747 1585 princi-

957 1586 1041 1620 pium.
1058 1587 1136 1619 Quod
1159 1593 1249 1616 autem
1266 1590 1293 1616 in
1309 1592 1436 1627 exemplo
1447 1593 1480 1620 de
1503 1594 1571 1621 Jona
1595 1596 1683 1623 dixit:
1702 1597 1746 1625 Ita

956 1632 1006 1658 erit
1023 1637 1046 1658 et
1062 1633 1147 1660 Filius
1165 1635 1276 1662 hominis
1290 1637 1316 1663 in
1332 1638 1410 1665 corde
1423 1643 1502 1666 terra?
1516 1640 1597 1668 tribus
1613 1642 1703 1670 diebus
1721 1650 1747 1671 et

961 1677 1042 1703 tribus
1059 1679 1175 1706 noctibus
1189 1679 1224 1711 ⁸⁸,
1241 1681 1274 1708 de
1290 1682 1386 1709 diebus
1407 1684 1515 1719 quidem
1535 1693 1589 1713 non
1609 1692 1650 1715 est
1673 1691 1747 1723 quod

959 1723 1127 1757 haesitemus,
1161 1726 1216 1760 jam
1234 1728 1306 1754 enim
1323 1731 1473 1757 enumerati
1486 1738 1558 1759 sunt.

993 1867 1029 1893 De
1057 1869 1185 1895 noctibus
1205 1876 1269 1895 vero
1289 1870 1421 1903 u‘iccmus,
1441 1873 1514 1905 quod
1533 1873 1617 1901 Judmi
1637 1876 1669 1902 ad
1691 1881 1746 1904 ter-

958 1913 1024 1941 tium
1036 1921 1123 1950 usque
1138 1915 1209 1942 diem
1223 1916 1378 1950 sepulcrum
1392 1919 1559 1952 munierant,
1579 1921 1746 1952 videlicctab
1772 1952 1775 1956 ,

956 1961 1012 1995 ipsa
1022 1960 1169 1989 Parasoeve
1183 1970 1268 1997 usque
1280 1963 1312 1990 ad
1335 1962 1407 1991 diem
1423 1964 1592 1994 Dominicum
1605 1969 1745 1996 occidente

955 2007 1012 2034 sole
1028 2017 1034 2034 :
1049 2009 1085 2035 ita
1105 2008 1177 2036 enim
1210 2010 1401 2038 decreverant.
1420 2012 1538 2040 Tertiam
1555 2022 1620 2042 vero
1636 2022 1744 2043 noctem

955 2054 1058 2088 absque
1073 2055 1225 2083 munitione
1243 2057 1444 2092 relinquebant;
1463 2067 1526 2086 nam
1542 2061 1563 2087 si
1579 2062 1660 2088 etiam
1676 2062 1746 2089 hanc

954 2104 1151 2135 exspectasset,
1176 2108 1302 2137 suspecta
1327 2104 1419 2131 habita
1441 2105 1539 2133 fuisset
1568 2109 1744 2136 resurrectio.

956 2145 1172 2180 Respondissem
1192 2149 1276 2181 enim,
1293 2152 1363 2184 quod
1376 2159 1408 2177 ex
1420 2158 1474 2185 quo
1486 2151 1555 2179 intra
1566 2158 1671 2188 lempus
1683 2162 1728 2181 mu
1738 2170 1745 2174 -

953 2191 1067 2220 nitionil
1086 2201 1140 2220 non
1156 2200 1354 2228 resnrrexerat,
1384 2197 1436 2225 hac
1447 2198 1546 2232 soluta,
1564 2199 1616 2226 [ide
1635 2201 1746 2228 carebat

915 2239 941 2268 D
958 2240 1122 2265 resurrectio
1140 2248 1147 2271 ς
1177 2239 1250 2267 furto
1267 2242 1340 2268 enim
1358 2243 1480 2270 sublatus
1499 2249 1567 2277 erat,
1594 2246 1669 2274 nullo
1695 2255 1745 2274 cu-

957 2283 1104 2311 stodiente.
1114 2285 1208 2320 Itaque
1223 2294 1284 2314 cum
1294 2287 1383 2314 adhuc
1399 2289 1579 2322 custodirent,
1597 2293 1746 2319 resurrexit

957 2337 1067 2358 omnem
1097 2332 1197 2359 tollens
1220 2334 1490 2363 contradictionem:
1509 2341 1535 2362 et
1544 2344 1632 2372 neque
1657 2343 1743 2366 totum

959 2378 1069 2405 tertium
1084 2380 1253 2414 exspectavit
1264 2381 1347 2412 diem,
1365 2382 1414 2409 sed
1427 2382 1518 2409 statim
1533 2391 1593 2410 cum
1612 2385 1745 2420 inciperet

957 2424 1086 2452 surrexit.
1102 2424 1179 2458 Quod
1195 2426 1267 2453 enim
1282 2427 1364 2460 ,intra
1396 2432 1502 2463 tempus
1518 2429 1679 2456 munitionis
1698 2438 1743 2456 re-

957 2476 1091 2506 surgeret,
1105 2472 1181 2507 argui
1197 2480 1253 2500 non
1264 2478 1372 2508 poterat
1387 2482 1394 2500 :
1410 2476 1480 2508 quod
1497 2475 1519 2501 si
1530 2475 1555 2502 id
1571 2477 1743 2510 postmodum

957 2516 1070 2548 faceret,
1084 2522 1243 2552 suspectum
1259 2524 1327 2545 erat.
1343 2519 1411 2546 Nam
1422 2520 1493 2554 quod
1510 2520 1591 2547 citius
1611 2529 1690 2556 quam
1709 2521 1744 2548 sit

958 2563 1141 2590 constitutum
1154 2563 1279 2598 edicitur,
1299 2565 1426 2599 potentiae
1436 2571 1487 2599 est;
1499 2567 1570 2596 quod
1580 2570 1671 2593 autem
1689 2571 1743 2594 tar-

958 2609 1030 2640 dius,
1047 2609 1251 2636 imbecillitatis.

780 2681 801 2695 θ’
823 2679 918 2706 Matth.
933 2689 981 2710 xu.
1000 2681 1042 2707 40.

704 2762 802 2793 Variae
826 2762 975 2793 lectiones
999 2765 1028 2791 et
1048 2765 1141 2791 notae.

157 2848 213 2883 (79)
231 2849 308 2881 Ἀπὸ,
322 2857 372 2884 pro
389 2851 431 2879 ἐκ.
449 2849 482 2876 Δ.

157 2886 213 2919 {80)
230 2885 284 2920 Τῆν
300 2885 395 2919 τρίτην
405 2884 447 2916 δέ,
462 2887 494 2912 Α.

1001 2849 1055 2883 (81)
1073 2848 1195 2882 Ἀνέστη,
1211 2855 1258 2881 pro
1270 2846 1385 2881 ἠγέρθη,
1399 2848 1431 2873 Δ.
