1940 3075
101 140 154 171 ’169

587 147 781 179 COMMENT.
803 147 842 178 IN
864 148 1036 183 MARCUM.
1057 162 1089 168 —
1110 149 1188 180 CAP.
1207 150 1233 181 Ι.

1671 152 1725 182 770

100 199 276 235 ποιούμενος,
305 203 336 238 τῇ
365 211 393 230 τε
416 204 483 239 πρὶς
509 204 677 237 Κολασσαεῖς
692 207 738 232 καὶ
764 207 797 242 τῇ
821 206 887 241 πρὸς

942 207 1044 235 Deinde
1060 215 1122 235 cum
1149 207 1231 235 Petro
1255 207 1347 235 Ronue
1362 216 1537 238 conversatus
1550 215 1601 242 est,
1627 219 1724 246 quem-

101 246 232 280 Τιμόθεον
248 248 375 285 δευτέρᾳ·
392 248 450 276 εἶτα
465 250 504 285 τῷ
519 251 614 286 Πέτρῳ
632 253 714 287 συνῆν
732 253 761 278 ὲν
782 253 887 288 Ῥώμῃ,

100 291 137 323 ὡς
156 293 171 327 ὴ
189 293 285 329 πρώτη
307 295 389 321 αὑτοῦ
413 295 557 331 Ἐπιστολὴ
577 297 724 329 δείκνυσιν,
750 298 781 324 ἐν
803 294 820 334 ᾖ
843 299 890 324 καὶ

101 337 159 364 υίδν
173 338 255 365 αὑτοῦ
276 340 345 367 κατὰ
357 341 464 376 πνεῦμα
477 342 522 368 τὸν
533 343 647 377 Μάρκον
658 339 737 374 οὗτος
751 343 888 378 ὠνόμασε,

102 383 167 418 παρ¹
181 380 212 410 οὗ
228 386 274 411 καὶ
294 386 355 412 ὅλον
372 387 417 413 τὸν
428 388 475 413 τοῦ
497 387 667 422 Εὐαγγεὶίου
682 388 761 422 λόγον
774 390 788 415 ὁ
808 389 888 424 Μάρ-

101 436 149 460 κος
164 430 325 466 μεμάθηκεν
344 432 391 467 (2).
415 433 530 460 Ἔπειτα
548 434 739 469 συνεγράψατο
752 434 782 461 τὺ
798 435 888 469 Εὐαγ-

101 471 191 507 γέλιον
202 496 209 509 ,
226 476 264 509 ὡς
285 478 334 512 μὲν
350 480 452 514 ἱστορεί
465 481 511 506 καὶ
532 480 649 515 Κλήμης
664 481 678 507 ὁ
694 481 887 516 Στρωματεὺς,

100 522 130 547 ὲν
142 522 211 557 αὐτῇ
227 524 261 558 τῇ
282 523 387 561 Ῥώμῃ,
402 526 471 552 κατὰ
484 526 512 552 δὲ
528 527 573 554 τὺν
588 527 783 561 Χρυσόστομον
797 527 845 563 (5),
859 528 888 553 ἐν

99 567 241 603 Αἰγύπτῳ,
261 562 451 605 έπαρακληθεὶς
466 573 518 599 ὑπ)
532 573 586 599 τῶν
609 574 668 599 ἐκεῖ
682 562 805 606 πιστῶν,
818 574 887 608 μετὰ

100 613 148 648 ἐτη
165 614 231 640 δέκα
243 615 292 649 τῆς
306 617 354 642 τοῦ
368 617 494 653 Σωτῆρος
509 618 684 653 ἀναλήψεως.
704 620 850 655 Συμφωνεῖ
858 620 886 646 δὲ

99 659 138 694 τῷ
152 660 286 696 Ματθαίῳ
299 662 370 693 λίαν,
387 663 457 699 πλὴν
471 665 534 691 ὅσον
555 666 660 697 ἐκεῖνός
674 668 733 693 ἐστι
752 667 886 697 πλατύτε-

101 714 157 740 ρος.
178 707 238 742 Χρὴ
253 708 285 743 δὴ
299 708 413 735 καθόλου
430 709 588 743 γινώσκειν,
602 711 640 742 ὼς
656 712 681 737 οἱ
694 712 888 745 εὐαγγελισταὶ

99 752 166 779 ποτὲ
181 753 230 787 μὲν
243 754 314 780 κατὰ
330 755 407 788 τάξιν
423 756 625 791 ἀπαγγέλλουσι
637 759 687 790 τὰς
713 758 888 790 διδασκαλίας

100 797 198 824 καὶτὰ
215 797 344 833 θαύματα
361 800 406 826 τοῦ
426 801 560 835 Χρ.στοῦ,
590 803 665 837 νόμῳ
685 803 816 836 ἱστορίας·
836 811 886 828 πο-

99 842 128 868 τὲ
145 843 183 875 δὲ,
206 845 236 869 οὐ
263 845 378 880 τηροῦσι
405 847 493 880 τάξιν,
512 848 675 880 σπεύδοντες
705 848 786 882 μόνον
803 849 843 879 εἷς
858 848 888 874 τὸ

100 889 282 923 ἀπαγγέλλει-λ
298 891 377 918 αὑτά.

143 982 233 1016 Ἀρχὴ
247 982 299 1009 τοῦ
316 998 350 1003 —-
366 983 429 1017 τοῖς
447 983 625 1018 προφήταις.
656 984 825 1019 Εὐαγγέλιον
841 984 889 1011 νῦν

99 1029 112 1054 ό
130 1028 253 1063 Μάρκος,
266 1029 314 1064 τὴν
330 1030 434 1064 Καινὴν
458 1030 609 1065 Διαθήκην,
625 1031 676 1065 τὴν
691 1031 756 1058 νέαν
773 1030 889 1065 νομοθε-

101 1075 164 1100 σίαν
177 1075 224 1101 τοῦ
244 1075 365 1110 Χριστοῦ
391 1076 521 1112 κέκληκε.
545 1077 622 1103 Διατι
647 1077 676 1103 δὲ
702 1077 789 1108 οὕτως
803 1077 888 1112 αὐτὴν

99 1119 253 1155 ὠνόμασεν,
267 1121 375 1157 εἴρηται
388 1122 417 1149 ὲν
442 1122 481 1158 τῷ
501 1123 640 1158 προοιμίῳ
663 1124 712 1158 τῆς
730 1123 888 1158 ἐξηγήσεως

99 1165 149 1191 τοῦ
166 1166 236 1192 κατὰ
250 1167 389 1194 Ματοαῖον
406 1168 589 1202 Εὑαγγελίου,
605 1168 670 1194 ἔνθα
683 1168 811 1203 περὶτῆς
826 1169 888 1194 ὲπι-

100 1212 208 1247 γραφῆς
216 1212 270 1239 τῶν
280 1213 456 1247 Εὑαγγε).ίων
467 1214 686 1249 προδιείληπται.
694 1214 764 1249 Φησὶ
771 1214 799 1241 δὲ
812 1215 888 1241 ὀπα-

100 1266 156 1293 ρων
171 1259 375 1295 εὐαγγελιςτὴς,
390 1261 431 1287 ὅτι
446 1260 516 1296 ἀρχὴ
533 1261 583 1295 τῆς
599 1261 662 1292 νέας
673 1259 711 1295 (4)
723 1260 888 1295 νομοθεσίας

100 1304 220 1338 Χριστοῦ
235 1305 306 1332 οὕτω
328 1307 450 1340 γέγονεν,
465 1306 503 1337 ὡς
518 1307 678 1342 γέγραπται
698 1308 726 1332 ὲν
743 1307 798 1338 τοῖς
819 1315 887 1342 προι

99 1351 200 1384 φήταις
216 1358 223 1364 ·
239 1351 313 1384 λέγει
326 1351 354 1378 δὲ
374 1351 519 1386 Μαλαχίαν
545 1353 592 1378 καὶ
618 1352 743 1379 Ἡσαΐαν.
763 1348 829 1377 Εἶτα
845 1351 887 1377 τί-

98 1395 164 1429 θησι
179 1395 276 1422 καὶτὰ
293 1397 363 1431 ῥητὰ
387 1397 443 1422 τῶν
470 1396 630 1433 προφητῶν,
647 1397 690 1423 ἵνα
717 1396 817 1432 μάθῃς,
845 1397 888 1422 ὅτι

96 1440 213 1475 τοιαύτη
231 1441 303 1476 ἁρχὴ
318 1442 365 1468 τοῦ
380 1442 548 1476 Εὐαγγελίου
567 1442 695 1476 γέγονεν,
716 1442 776 1467 οἵαν
798 1441 887 1468 ταῦτά

98 1494 196 1519 φασιν.
217 1486 309 1514 Ταῦτα
325 1486 353 1513 δέ
382 1495 477 1521 φασιν,
507 1487 595 1522 ἀρχὴν
619 1486 703 1513 αὑτοῦ
719 1486 886 1521 γενήσεσθαι

96 1531 146 1557 τὸν
168 1532 305 1568 Ἰωάννην,
324 1533 362 1565 ὼς
381 1533 614 1567 ἀναπτυσσόμενα
642 1532 785 1565 δείξουσιν.
809 1532 887 1559 Ἐπεὶ

97 1579 154 1614 γὰρ
168 1580 268 1611 πάντες
283 1581 308 1606 ot
323 1580 464 1616 προφῆται
484 1580 532 1607 καὶ
548 1580 561 1606 ὁ
582 1581 663 1614 νόμος
682 1580 735 1611 ἓως
761 1580 885 1606 Ἰωάννου

99 1627 322 1660 προεφήτευσαν,
351 1626 422 1653 κατὰ
446 1626 490 1653 τὸν
521 1626 569 1652 τοῦ
599 1626 702 1660 Κυρίου
727 1625 816 1659 λόγον,
832 1625 886 1651 ἔδει

99 1672 208 1704 τοῦτον,
236 1673 313 1705 τέλος
328 1673 393 1699 ὄντα
410 1673 460 1708 τῆς
487 1672 622 1704 Παλαιᾱς,
648 1672 736 1706 ἀρχὴν
759 1671 886 1704 γενέσθαι

98 1717 152 1752 τῆς
167 1718 252 1750 Νέας.
271 1718 352 1745 Ἀλλὰ
365 1718 519 1754 διαιρετέον
537 1717 591 1754 ίδεᾳ
610 1717 664 1744 τῶν
677 1717 723 1743 δύο
739 1717 886 1752 προφητῶν

99 1765 136 1792 τὰ
154 1766 235 1800 ῥητά.

142 1810 228 1842 Ἰδοὺ,
244 1809 301 1845 ἐγὼ
311 1824 341 1831 -
356 1810 528 1845 ἔμπροσθέν
543 1817 613 1837 σου.
631 1810 775 1845 Μαλαχίου
794 1810 843 1845 μὲν
857 1810 886 1836 τδ

101 1856 194 1892 ῥητόν·
213 1856 323 1891 εἴρηται
336 1855 364 1882 δὲ
384 1856 448 1891 περὶ
462 1855 560 1882 τούτου
578 1856 670 1890 σαφῶς
687 1857 716 1882 ὲν
733 1857 766 1891 τῇ
786 1856 886 1891 ἐξηγή-

99 1910 143 1928 σει
160 1901 208 1928 τοῦ
221 1901 344 1928 εἰκοστοῦ
354 1902 503 1936 κεφαλαίου
510 1901 556 1928 τοῦ
569 1901 639 1929 κατὰ
650 1901 788 1928 Ματθαῖον
800 1902 888 1935 Εὐαγ-

99 1947 204 1982 γελίου.
225 1947 282 1974 Καὶ
312 1948 443 1982 περιττὸν
466 1948 500 1974 τὰ
525 1947 597 1975 αὐτὰ
628 1947 710 1974 πάλιν
736 1948 776 1979 είς
805 1947 888 1982 μέσον

99 1995 190 2029 ἄγειν.

138 2039 225 2074 Φωνὴ
245 2053 278 2060 -ν
295 2040 416 2074 τρίϐους
440 2039 544 2067 αὐτοῦ.
574 2038 748 2075 [Ἐτοιμάζει
769 2039 808 2075 (5)
837 2040 888 2075 μὲν

96 2087 152 2121 1τὴν
164 2087 223 2114 ὁδὸν
238 2086 351 2122 Κυρίου,
365 2086 437 2121 ὁτὴν
447 2086 547 2121 ἀρετὴν
563 2085 759 2121 ἐργαζόμενος·
774 2086 824 2112 οὐκ
840 2086 887 2112 εὑ-

101 2133 181 2164 θείας
197 2132 225 2158 δὲ
249 2132 323 2159 ποιεῖ
338 2133 390 2163 τὰς
406 2131 517 2167 τρίϐους
531 2131 625 2164 αὑτοῦ,
641 2132 654 2157 ὁ
679 2131 717 2166 μὴ
740 2131 808 2166 πρὸς
825 2132 885 2157 εὐα-

102 2180 234 2215 ρέστησιν
252 2177 333 2210 Θεοῦ,
350 2177 419 2205 ἀλλὰ
437 2178 472 2204 δι’
486 2177 767 2213 ἁνθρωπαρέσκειαν,
786 2178 803 2213 ἡ
827 2185 889 2204 τινα

940 253 1084 280 admodum
1115 255 1188 288 prior
1220 255 1278 290 ejus
1318 255 1433 290 Epistola
1465 257 1645 287 demonstrat.
1671 266 1725 292 qua

940 299 1021 326 etiam
1036 299 1083 326 hic
1101 300 1184 326 ﬁlium
1197 308 1276 327 suum
1291 300 1368 335 juxta
1384 301 1507 335 spiritum
1525 302 1645 330 Marcum
1673 311 1726 338 ap-

940 343 1049 377 pellavit
1063 343 1074 359 ⁸
1092 352 1098 370 :
1113 352 1128 371 a
1148 352 1202 379 quo
1222 344 1334 379 insuper
1353 350 1439 372 totum
1463 347 1600 382 Evangelii
1622 356 1726 376 sermo-

940 394 1001 413 nem
1018 387 1127 414 Mareus
1155 388 1260 419 didicit.
1289 394 1316 416 et
1340 391 1511 424 postmodum
1548 392 1726 428 Evangelium

939 433 1113 467 conscripsit,
1147 434 1298 461 secundum
1329 434 1496 463 Clementem
1522 436 1726 471 Stromaticum,

940 478 992 506 hoc
1017 483 1069 510 est,
1091 480 1136 514 qui
1166 479 1239 506 varia
1267 480 1295 507 in
1323 489 1406 507 unum
1433 483 1585 515 contexuit,
1612 483 1638 510 in
1668 484 1726 519 ipsa

939 523 1024 549 Poma
1042 532 1049 550 :
1063 524 1138 558 juxta
1151 524 1371 560 Chrysoslomum
1386 532 1476 554 autem
1492 527 1518 555 in
1539 529 1665 564 Egypto,
1683 538 1728 558 ro-

938 573 1016 604 gatus
1035 578 1050 596 a
1066 569 1194 597 fratribus
1209 571 1254 606 qui
1271 572 1371 599 ibidem
1395 574 1583 608 morabamur,
1601 581 1661 610 post
1680 577 1727 603 de-

940 616 1040 643 cimum
1068 624 1082 642 a
1106 616 1254 645 Salvatoris
1279 620 1473 654 Assumptione
1498 629 1610 648 annum.
1636 622 1727 650 Pluri-

940 669 1012 688 mum
1029 667 1119 688 autem
1136 671 1198 689 cum
1214 663 1341 691 Μαιώωο
1357 665 1504 698 consentit.
1527 667 1577 693 nisi
1596 669 1667 702 quod
1687 670 1726 695 la-

941 709 994 735 tius
1015 708 1060 735 ille
1090 715 1188 736 cuncta
1215 709 1357 737 describit.
1395 711 1499 746 Ubique
1524 718 1614 740 autent
1657 722 1727 742 sere

939 760 1057 790 oportet,
1070 757 1141 790 quod
1156 758 1329 792 evangelista.-
1345 757 1481 786 interdum
1497 761 1607 794 quidem
1625 761 1727 789 Christi

940 801 1090 828 doctrinam
1108 808 1140 828 ac
1156 802 1287 829 miracula
1318 803 1414 830 ordine
1441 805 1600 832 describunt
1617 806 1644 832 in
1668 814 1727 833 mo-

939 847 1004 873 dum
1021 846 1153 878 bistorim,
1174 847 1338 883 quandoque
1366 856 1431 876 vero
1447 851 1569 878 ordinem
1587 859 1642 878 non
1669 859 1727 878 scr-

940 895 1004 919 vant
1027 900 1034 918 :
1057 892 1083 919 id
1105 893 1193 919 solum
1214 893 1365 927 studentes,
1388 899 1429 928 ut,
1459 897 1531 930 quod
1551 897 1652 924 dictum
1682 902 1731 924 aut

939 937 1041 965 factum
1066 943 1118 971 est,
1145 941 1319 967 annuntient.

974 984 1051 1012 CAP.
1073 986 1093 1011 l.
1120 984 1187 1012 Vers
1213 987 1238 1012 1.
1261 986 1373 1013 Initium
1388 1002 1409 1006 —
1440 987 1517 1014 Vers.
1532 988 1558 1014 2.
1582 989 1726 1022 prophetis.

940 1030 1116 1065 Evangelium
1133 1038 1208 1058 nunc
1221 1030 1328 1058 Marcus
1345 1033 1490 1066 appellavit
1508 1033 1613 1060 Novum
1631 1035 1728 1061 'l'csta-

940 1082 1074 1108 mentum,
1095 1084 1195 1103 novam
1219 1076 1320 1104 Christi
1338 1077 1546 1113 legislationem.
1563 1079 1618 1106 Cur
1635 1085 1727 1107 autem

939 1122 975 1149 ita
991 1122 1185 1155 nominaverit,
1208 1123 1309 1150 dictutn
1327 1128 1370 1150 est
1402 1124 1429 1151 in
1455 1123 1591 1152 Procemio
1615 1134 1726 1154 enarra-

939 1168 1022 1196 tionis
1045 1168 1182 1204 Evangelii
1198 1169 1275 1204 juxta
1298 1169 1466 1203 Matthazurn,
1487 1171 1531 1198 ubi
1551 1171 1584 1198 de
1611 1180 1728 1207 evange-

938 1212 1037 1239 liorum
1053 1212 1232 1248 inscriptione
1248 1218 1392 1241 tractatum
1406 1220 1459 1242 est.
1473 1216 1519 1242 Ait
1531 1224 1596 1251 ergo
1608 1225 1729 1251 praesens

938 1258 1115 1294 evangelista,
1130 1260 1202 1294 quod
1221 1260 1385 1296 principium
1403 1269 1479 1288 novae
1496 1262 1593 1289 Christi
1621 1264 1728 1299 legisla-

939 1304 1019 1332 tionis
1035 1304 1071 1331 ita
1088 1304 1149 1335 fuit.
1181 1305 1252 1332 sicut
1275 1306 1301 1332 in
1331 1307 1472 1341 prophetis
1499 1308 1630 1342 Scriptum
1657 1314 1723 1337 est:

936 1349 1002 1377 dicit.
1016 1355 1106 1376 autent
1123 1349 1218 1377 Isaiam
1234 1355 1261 1377 et
1275 1349 1444 1378 Malacbiam.
1459 1351 1560 1378 Deinde
1572 1359 1602 1380 ea
1617 1361 1727 1388 quoque

937 1394 1027 1430 ponit,
1041 1402 1101 1428 qum
1127 1403 1142 1422 a
1169 1396 1309 1431 prophetis
1335 1396 1406 1424 dicta
1426 1401 1501 1427 sunt.
1525 1401 1553 1424 ut
1566 1398 1658 1425 videas
1673 1400 1727 1426 tale

937 1440 1022 1468 fuisse
1042 1440 1182 1477 Evangelii
1206 1441 1382 1476 principium,
1399 1442 1479 1478 quale
1497 1443 1592 1470 dicunt
1609 1445 1728 1478 prophe-

938 1491 980 1514 tae.
996 1487 1082 1514 Aiunt
1107 1493 1197 1515 autem
1213 1488 1241 1515 bi
1273 1488 1406 1516 Joannem
1438 1489 1520 1516 fuisse
1550 1489 1725 1525 principium,

940 1533 1025 1560 veluti
1051 1533 1122 1561 dicta
1139 1540 1234 1560 eorum
1251 1534 1384 1568 explicata
1399 1534 1636 1563 de'monstrabunt.
1655 1535 1725 1567 Quia

939 1580 1012 1606 enim
1029 1587 1118 1606 omnes
1132 1579 1263 1614 propheta:
1281 1583 1305 1605 et
1324 1579 1366 1606 lea:
1379 1588 1460 1615 usque
1475 1580 1510 1607 ad
1522 1579 1651 1607 Joannem
1663 1588 1727 1614 pro-

937 1625 1117 1659 pltcluvcrunl,
1150 1626 1227 1660 juxta
1255 1625 1361 1653 Domini
1394 1626 1506 1653 verbum
1535 1627 1555 1660 °,
1585 1628 1728 1662 oportebat

938 1671 1020 1704 hunc,
1040 1672 1085 1706 qui
1101 1671 1163 1698 linis
1176 1676 1234 1699 erat
1248 1671 1354 1699 Veteris
1371 1672 1549 1704 Testamenti,
1569 1672 1638 1700 Novi
1653 1681 1728 1707 quo-

937 1723 990 1750 que
1004 1723 1064 1743 esse
1076 1716 1249 1751 principium.
1266 1716 1364 1744 Verum
1378 1716 1567 1752 distinguenda
1583 1723 1646 1744 sunt
1662 1725 1727 1752 pro-

937 1755 1125 1796 pria‘duorum
1146 1762 1341 1797 prophetarum
1360 1763 1478 1790 oracula.

976 1806 1051 1836 Vers.
1071 1808 1098 1834 ‘2.
1118 1808 1184 1835 Ecce
1210 1816 1256 1843 ego
1272 1822 1306 1827 ——
1321 1815 1410 1834 coram
1438 1813 1473 1836 te.
1510 1808 1647 1836 Maltchim
1679 1819 1727 1838 va—

939 1854 1062 1880 ticinium
1091 1859 1142 1881 est.
1171 1853 1210 1880 De
1247 1853 1298 1880 hoe
1326 1858 1415 1881 autem
1450 1854 1592 1882 manifeste
1621 1855 1727 1882 dictum.

938 1905 979 1926 est
1005 1899 1132 1926 vicesimo
1159 1899 1248 1933 capite
1282 1898 1418 1934 Evangelii
1445 1899 1522 1934 juxta
1555 1900 1724 1933 Matthmum,

940 1945 1011 1972 unde
1030 1944 1197 1980 superﬂuum
1218 1949 1291 1972 esset
1304 1944 1398 1972 eadem
1418 1952 1526 1972 rursum
1554 1945 1580 1972 in
1605 1946 1726 1973 medium

938 1991 1082 2018 adducere.

975 2036 1053 2064 Vers.
1074 2037 1100 2064 ὅ.
1128 2036 1184 2063 Voz
1200 2037 1356 2064 —semitas
1381 2037 1449 2071 ejus.
1473 2035 1492 2071 ’ξ-
1512 2036 1648 2072 Praeparat
1662 2039 1725 2072 qui-

939 2083 1001 2111 dem
1017 2082 1132 2110 Domino
1147 2082 1228 2116 viam,
1244 2083 1290 2117 qui
1309 2083 1436 2109 virtutem
1463 2086 1602 2117 operatur.
1627 2082 1656 2109 νη
1666 2091 1726 2110 rum

940 2137 995 2157 non
1011 2134 1099 2157 rectas
1112 2128 1179 2156 facit
1195 2129 1308 2156 semitas
1320 2129 1390 2164 ejus,
1410 2129 1455 2163 qui
1474 2135 1528 2156 non
1545 2129 1579 2156 ad
1605 2129 1653 2156 Dei
1681 2131 1727 2156 be-

940 2175 1118 2210 neplacitum,
1146 2174 1194 2202 sed
1211 2174 1244 2201 ad
1264 2174 1385 2202 studium
1412 2174 1570 2202 hominibus
1589 2175 1725 2210 placendi.

103 2226 218 2258 σκοπὸν,
238 2225 289 2252 οὐκ
313 2224 428 2259 ἀγαθὸν,
451 2224 556 2259 ταύτην
583 2222 778 2260 ἐργαζόμενος.
804 2221 887 2256 Οὗτος

942 2226 988 2250 aut
1001 2221 1118 2256 aliquem
1134 2220 1218 2248 alium
1234 2220 1316 2248 ﬁnem
1332 2229 1387 2248 nun
1415 2221 1528 2254 bonum,
1545 2220 1615 2248 hanc
1630 2229 1727 2256 opera-

99 2272 149 2299 τὸν
176 2271 227 2306 μὲν
255 2271 335 2298 πόνον
361 2271 411 2306 τῆς
437 2270 599 2304 ἑτοιμασίας
619 2269 776 2303 ὑφίσταται,
793 2269 838 2296 τὸν
860 2270 889 2296 δὲ

100 2318 170 2346 Θεὸν
181 2319 231 2345 οὐκ
244 2318 299 2353 ἔχει
311 2318 369 2350 ταῖς
381 2316 524 2348 τοιαύταις
538 2315 643 2351 τρίὸοις
668 2315 889 2351 ὲμπεριπατοῦν-

99 2363 226 2437 τᾝοῦτο
239 2409 287 2437 τοῦ
303 2409 416 2437 Ἡσαΐου
432 2408 517 2436 ἐστίν’
533 2408 706 2444 ἡρμήνευται
718 2406 747 2434 δὲ
765 2407 813 2434 καὶ
826 2407 889 2434 τοῦ-

101 2467 134 2484 το
149 2451 230 2483 ¹ιιῖὶλιν
249 2458 278 2483 ὲν
289 2458 322 2492 τῇ
341 2456 473 2490 ἐξηγήσει
488 2454 537 2481 τοῦ
551 2455 645 2490 τρίτου
659 2453 809 2488 κεφαλαίου
824 2452 870 2479 τοῦ
897 2479 901 2486 ,

102 2503 176 2529 κατὰ
185 2502 326 2529 Ματθαῖον
341 2501 522 2536 Εὐαγγελίου,
538 2500 585 2527 καὶ
597 2500 673 2535 ζήτει
691 2499 759 2526 ἐκεῖ.
772 2500 814 2526 Τὰ
836 2499 885 2534 μὲν

102 2547 151 2577 οὖν
167 2549 325 2584 προφητικὰ
340 2548 426 2575 ταῦτα
441 2547 512 2584 ῥητὰ
529 2547 682 2582 συμφώνως
707 2546 888 2581 κεκράγασιν,

101 2597 168 2623 ὃτιὸ
189 2595 316 2630 Ἰωάννης
339 2594 498 2630 προοδεύσει
515 2593 563 2620 τοῦ
578 2592 708 2628 Χριστοῦ,
729 2593 776 2618 καὶ
791 2591 886 2625 εὑτρε-

102 2689 137 2717 ιι
154 2689 226 2716 Petr.
241 2696 267 2721 v,
286 2688 327 2714 l5.
385 2687 394 2702 '
411 2685 506 2713 Matth.
525 2692 563 2716 xl,
588 2684 631 2710 l3.

941 2273 996 2296 tur.
1018 2267 1068 2296 llic
1087 2267 1160 2295 enim
1177 2267 1296 2294 laborem
1314 2267 1422 2301 quidem
1448 2266 1652 2302 praparationis
1668 2274 1730 2294 sus-

941 2315 1019 2346 tinet,
1035 2314 1119 2342 Deum
1134 2318 1224 2341 autent
1250 2320 1305 2340 non
1332 2313 1414 2341 habet
1436 2313 1591 2348 hujusmodi
1616 2313 1727 2340 semitas

940 2357 1186 2392 perambulantem.

978 2404 1055 2431 Isaia:
1072 2403 1257 2430 testimonium
1281 2408 1332 2436 est,
1350 2403 1421 2438 quod
1443 2404 1524 2431 etiam
1552 2404 1725 2439 explanatum

939 2457 980 2479 est
997 2451 1024 2478 in
1049 2450 1224 2478 enarratione
1251 2450 1326 2478 tertii
1357 2450 1454 2484 capitis
1485 2449 1622 2485 Evangelii
1647 2450 1725 2485 juxta

938 2497 1104 2528 Matthaaum,
1120 2496 1156 2523 ibi
1171 2503 1235 2531 ergo
1248 2496 1371 2530 quaerito.
1389 2495 1451 2524 Haec
1463 2496 1552 2530 itaque
1566 2497 1725 2531 prophetica

938 2544 1008 2570 dicta
1022 2543 1192 2570 concorditer
1210 2543 1337 2573 clamant,
1353 2542 1425 2577 quod
1437 2542 1556 2570 Joannes
1576 2550 1724 2577 praecessu-

941 2597 989 2616 rus
1022 2593 1081 2615 erat
1120 2587 1271 2622 Christum,
1314 2588 1440 2622 viamque
1470 2587 1495 2614 ei
1523 2592 1723 2623 praeparaturus

710 2718 808 2748 Variae
825 2717 977 2748 lectiones
999 2720 1029 2747 et
1045 2718 1138 2747 notae.

143 2810 182 2846 (ἓ)
200 2809 236 2846 lit
249 2816 284 2835 ex
295 2806 442 2846 §_ophronii
461 2806 488 2833 in
507 2805 623 2833 Marcum
639 2801 801 2831 Prazl'ationo
830 2801 887 2828 col-

105 2843 170 2883 ligo.
187 2845 234 2883 lib.
252 2852 277 2872 vt
293 2843 426 2883 φέροινρέ

141 2882 179 2918 (3)
200 2881 277 2908 Τοιιι.
293 2880 347 2911 Vll,
370 2886 395 2912 p.
411 2879 438 2905 υ.

979 2801 1016 2836 (ιι)
1033 2801 1132 2838 μέμ,
1145 2801 1282 2838 abest._A.
1357 2834 1363 2838 _
1455 2832 1480 2838 __

980 2833 1016 2872 (5)
1032 2835 1097 2864 Haec"
1109 2841 1222 2870 uterque
1236 2836 1263 2862 in
1280 2834 1402 2870 margine
1421 2833 1539 2861 exhibet.
