1940 3075
118 151 172 184 777

617 151 808 182 COMMENT.
833 152 870 182 ΙΝ
892 152 1065 187 MARCUM.
1086 167 1119 174 -
1140 155 1219 185 CAP.
1245 156 1268 187 Ι,

1696 158 1750 189 778

155 208 334 236 Μετανοεῖτε
361 224 394 229 -
421 209 605 245 Etiam-edim.
636 209 720 237 Πάλιν
740 209 898 244 Εὐαγγέλιον

996 211 1073 240 Vers.
1089 212 1133 241 l5.
1147 213 1301 250 Ruipiscite
1319 228 1349 234 —
1362 213 1516 250 Evangelia.
1532 214 1650 243 Rursum
1665 215 1753 243 Eran-

116 255 248 288 ενταῦθα,
266 256 315 291 τὴν
343 255 447 290 Καινὴν
479 255 619 292 Διαθήκην
643 255 787 291 ὠνόμασε,
806 265 910 292 παραι-

114 302 181 334 νῶν,
197 303 239 328 ὃτι
267 301 413 328 Πιστεύετε
430 303 463 338 τῇ
478 302 567 338 Καινῇ
595 301 731 338 Διαθήκῃ,
755 302 852 338 ἧγουν,
871 301 910 334 ὡς

113 348 186 384 αὕτη
205 347 357 383 ὑποτίθησι.

152 395 326 429 Περι-πατῶν
340 409 375 415 ——
389 394 493 428 ἁλιεῖς.
512 394 627 431 Εἴρηται
647 394 695 422 καὶ
719 395 784 430 περὶ
806 393 909 422 τούτων

113 444 143 470 ὲν
159 442 198 477 τῷ
209 442 324 476 τοιούτῳ
337 441 489 476 κεφαλαίῳ.

150 488 205 516 Kal
218 487 303 516 εἶπεν
316 503 350 508 -
363 489 580 523 ἠκολούθησαν
594 488 684 522 αὐτῷ.
701 488 755 516 Καὶ
769 489 833 525 περὶ
847 491 907 517 τοὺ-

111 536 169 561 των
182 534 282 570 ὁμοίως
300 535 329 561 ὲν
345 534 443 570 ἐκείνῳ
458 535 578 570 εἴρηται.

147 579 202 606 Kal
219 579 332 613 προϐὰς
353 594 388 599 ——
405 579 511 607 αὐτοῦ.
551 579 667 617 Εἰρηται
691 581 739 609 καὶ
759 583 825 618 περὶ
845 582 908 609 τού-

110 635 166 652 των
183 626 251 653 ἐκεῖ.

146 671 204 698 Kal
229 672 462 707 εἰσπορεύονται
485 687 521 693 -—
544 672 696 700 ἐδίδασκε.
713 673 806 701 Ταῦτα
831 675 878 702 καὶ
892 674 907 701 6

109 719 219 749 Λουκᾶς
236 718 390 754 ἱστόρησεν.
410 716 513 745 Ἦλθον
535 719 564 745 δὲ
581 720 620 750 είς
646 720 835 755 Καπερναοὺμ
851 720 905 747 ἀπὸ

109 764 159 798 τῆς
193 763 333 799 Ναζαρὲτ,
365 764 404 796 ὡς
426 765 440 790 6
472 764 554 796 αὐτὸς
579 765 637 800 (I5)
665 765 903 801 ἑπεσημειώσατο.

113 810 179 844 Τοῖς
192 810 324 837 Σάῢϐασι
338 809 383 843 δὲ,
401 810 462 837 ἀντὶ
476 810 535 844 τοῦ,
571 811 614 838 Ἐν
634 812 695 843 ταῖς
710 813 829 848 ἡμέραις
849 813 904 840 τῶν

109 857 270 889 Σαδδάτων,
285 857 329 883 ὅτε
355 854 389 892 ἦν
413 856 516 892 δηλαδὴ
542 857 697 884 Σὰὒϐατον.
723 858 768 884 Ἐν
789 858 904 890 ταύταις

963 259 1064 293 gelium
1081 259 1236 288 nominavit
1247 260 1292 288 bic
1303 259 1511 290 Testamentum
1523 262 1642 294 Novum,
1653 262 1755 290 adhor-

965 309 1025 332 tans
1041 309 1071 332 ut
1087 305 1163 334 Novo
1177 306 1354 335 Testamento
1367 307 1492 336 credant.
1509 307 1569 341 Vel,
1596 309 1668 337 sicut
1685 309 1753 338 illud

963 351 1077 378 credere
1088 351 1194 379 suadet.

998 393 1077 422 Vers.
1093 394 1136 423 16,
1153 395 1300 423 Ambuluns
1312 397 1513 430 ~piseatores.
1538 397 1574 425 De
1591 398 1634 425 bts
1656 399 1752 426 eodem

962 438 1052 472 capite
1069 438 1172 466 dictum
1184 444 1237 468 est.

999 483 1078 511 Vers.
1093 484 1135 512 l7.
1152 485 1185 512 Et
1201 485 1269 512 dixit
1283 501 1317 507 —
1329 485 1408 514 Vers.
1426 486 1469 515 18.
1498 488 1583 515 secuti
1610 494 1753 518 eumeum,

963 530 1094 558 Similiter
1109 532 1182 559 etde
1199 533 1240 560 bis
1255 532 1351 561 eodem
1367 534 1456 568 capite
1472 534 1574 562 dictum
1593 540 1644 563 est.

998 576 1075 605 Vers.
1095 578 1139 606 l9.
1150 578 1182 606 Et
1193 587 1344 614 progressus
1358 595 1392 600 —
1403 579 1480 608 Vers.
1494 580 1541 608 20.
1562 589 1632 608 eum.
1645 581 1751 610 Dictum

960 627 1003 649 est
1014 623 1048 650 de
1061 623 1104 650 his
1116 624 1226 652 ibidem.

995 667 1074 696 Vcrs.
1091 670 1136 697 2|.
1166 670 1200 698 Et
1212 671 1566 707 ingrediuntur—docebat.
1583 674 1646 702 Haec
1668 675 1750 702 etiam

958 713 1046 742 Lucas
1065 716 1183 752 scripsit.
1197 717 1340 746 Venerunt
1353 724 1445 746 autem
1471 719 1644 755 Capernaum
1670 729 1685 748 a
1699 721 1752 748 Na-

959 762 1063 794 zarelh,
1080 763 1152 791 sicut
1165 764 1209 791 ille
1223 765 1392 800 signiﬁcavit
1407 766 1438 793 ¹’.
1459 766 1587 795 Sabbatis
1605 775 1682 800 vero,
1697 768 1751 796 hoc

957 815 1010 843 est,
1027 811 1125 840 diebus
1150 813 1329 842 Sabbatorum
1343 820 1411 843 erat.
1434 816 1463 843 In
1481 815 1525 843 liis
1536 817 1610 844 enim
1643 817 1750 850 diebus,

957 857 1021 884 dum
1041 857 1095 885 illis
1109 858 1195 886 otium
1212 865 1282 891 erat.
1307 861 1482 896 permittebat
1496 862 1540 890 lex
1556 867 1586 890 ut
1601 870 1747 899 congrega—

111 904 167 938 γὰρ
186 905 245 934 ταῖς
262 903 382 938 ἡμέραις
398 903 530 938 ἀργοῦσιν
545 904 638 936 αὐτοῖς
658 903 812 939 ἐπέτρεπεν
825 905 839 932 6
853 906 898 933 νό-

957 909 1044 932 rentur
1060 912 1091 933 ac
1111 906 1184 942 leges
1197 907 1354 936 recitarent.
1371 909 1448 936 Tunc
1460 917 1525 946 ergo
1540 910 1680 946 ingressus
1694 915 1747 942 est.

112 959 162 985 μος
192 949 369 984 συνάγεσθαι,
386 950 433 976 καὶ
463 950 527 982 τοὺς
557 950 656 985 νόμους
690 951 903 986 ἀναγινώσκειν,

110 997 178 1023 Τότε
215 995 262 1023 οὖν
279 996 434 1032 εἰσήρχετο,
455 997 499 1024 ἵνα
519 996 618 1029 πάντες
649 996 804 1024 ἀκούσωσιν
820 998 903 1024 αὑτοῦ

110 1043 182 1070 κατὰ
200 1042 309 1078 σχολήν.

144 1088 200 1116 Kal
207 1088 441 1123 ἐξεπλήσσοντο
453 1103 484 1110 —-
492 1090 520 1116 al
530 1089 824 1124 Γραμματεῗς.Ταῦτα
836 1093 882 1118 καὶ
890 1093 904 1118 6

109 1135 250 1167 Ματθαϊος
261 1135 418 1170 παρέθηκεν
432 1136 460 1162 ὲν
473 1134 512 1170 τῷ
528 1136 600 1162 τέλει
613 1135 660 1162 τοῦ
673 1136 798 1171 πέμπτου
817 1145 904 1172 κεφα-

107 1182 194 1208 λαίου.
220 1181 289 1208 Ἀλλ’
308 1182 422 1214 ἐκεῖνος,
438 1182 477 1213 είς
487 1181 518 1207 τὺ
534 1181 597 1217 ὅρος
613 1182 748 1217 ἀναϐῆναι
763 1182 837 1217 λέγει
856 1183 903 1210 τὸν

109 1228 238 1264 Χριστὸν,
261 1229 343 1255 κάκεῖ
354 1227 508 1255 καθίσαντα
518 1226 622 1260 διδάξαι
635 1228 699 1260 τοὺς
711 1227 836 1263 μαθητὰς
852 1229 901 1255 αὺ-

107 1274 166 1306 τοῦ,
180 1273 425 1310 παρεστὼτωντῶν
433 1274 531 1309 ὄχλων.
547 1271 614 1300 Εἶτα
625 1274 695 1309 μετὰ
709 1273 818 1309 μακρὰν
826 1274 901 1301 διδα-

110 1320 229 1348 σκαλίαν
247 1321 346 1355 ἐπάγει
358 1320 400 1347 ὅτι
416 1320 463 1347 καὶ
481 1320 680 1355 ἐξεπλήσσοντο
689 1320 715 1346 οί
726 1319 800 1355 ὖχλοι
814 1321 900 1356 ἑπὶτῇ

105 1367 201 1402 διδαχῇ
217 1366 310 1400 αὑτοῦ,
333 1367 380 1393 καὶ
395 1366 428 1392 τὰ
446 1366 519 1401 ἑξῆς.
538 1365 625 1401 Δῆλον
637 1364 684 1392 οὖν
697 1366 782 1399 ἐστιν,
798 1365 839 1392 ὃτι
855 1365 901 1392 καὶ

106 1415 251 1451 ἀμφότερα
266 1414 422 1448 γεγόνασιν.

223 1472 301 1498 ΚΕΦ.
317 1470 356 1499 Α’.
374 1471 444 1505 Περὶ
461 1471 514 1499 τοῦ
525 1470 779 1507 δαιμονιζομένου.

142 1519 198 1546 Καὶ
210 1516 248 1555 ἦν
258 1533 290 1539 —-
300 1518 353 1546 τοῦ
367 1519 453 1545 Θεοῦ.
467 1518 614 1545 Ταῦτακαὶ
627 1519 640 1545 6
651 1519 760 1551 Λουκᾶς
777 1517 898 1554 εἴρηκεν.

958 954 986 977 ut
999 958 1049 985 per
1059 952 1146 979 otium
1162 959 1259 982 omnes
1276 953 1517 991 audirentipsum.

992 1086 1067 1114 Vers.
1088 1087 1134 1115 2‘2.
1146 1088 1178 1115 Et
1196 1090 1337 1124 stupebant
1348 1090 1504 1119 —Scn’btz.
1524 1090 1587 1119 llatc
1602 1091 1747 1120 Matthmus

954 1139 1063 1167 quoque
1074 1134 1167 1168 posuit
1185 1133 1212 1162 in
1229 1135 1283 1171 ﬁne
1306 1135 1394 1170 quinti
1409 1136 1506 1172 capitis
1518 1137 1551 1164 ὀ.
1567 1137 1668 1165 Verum
1699 1138 1747 1165 ille

954 1177 1094 1206 Christum
1112 1179 1138 1206 in
1156 1185 1277 1208 montem
1304 1181 1463 1210 ascendisse
1483 1182 1561 1214 dicit,
1590 1183 1684 1218 ibique
1699 1191 1745 1211 sc-

953 1223 1064 1251 dentetn
1080 1225 1230 1260 discipulos
1241 1234 1306 1254 suos
1323 1227 1461 1261 docuisse,
1478 1229 1631 1257 astantibus
1645 1233 1672 1256 et
1687 1234 1745 1256 tur—

954 1269 995 1297 bis
1009 1278 1017 1302 ;
1034 1270 1134 1298 deinde
1145 1277 1207 1306 post
1223 1272 1334 1309 longum
1361 1282 1518 1303 sermonem
1535 1275 1651 1308 inducit.
1671 1276 1745 1311 quod

954 1316 1036 1344 etiam
1053 1317 1140 1345 turba:
1159 1322 1326 1354 stupuerunt
1352 1327 1437 1355 super
1452 1320 1578 1349 doctrina
1607 1321 1695 1356 ipsius
1710 1323 1744 1354 ".

953 1367 1008 1391 etc.
1024 1363 1197 1393 Manifestum
1210 1372 1277 1401 ergo
1291 1370 1344 1399 est,
1360 1371 1506 1402 utrumque
1518 1368 1620 1395 factum
1636 1375 1708 1396 esse.

1168 1466 1244 1496 UAP.
1264 1467 1288 1495 ί.
1309 1468 1347 1496 De
1355 1469 1528 1498 daemonium.

989 1511 1067 1540 Vcrs.
1086 1513 1131 1542 25.
1157 1513 1304 1541 Eterat—
1319 1514 1398 1544 Vers.
1424 1516 1471 1544 24.
1490 1517 1548 1545 Dei.
1570 1517 1632 1546 Haec
1661 1519 1742 1547 etiam

112 1567 280 1602 ’Δκάῠαρτον
307 1565 336 1592 δὲ
361 1565 475 1592 καλοῦσι
503 1566 533 1592 τδ
552 1565 701 1600 δαιμόνιον,
716 1565 753 1598 ὡς
770 1565 898 1600 ἔφηδυνό-

957 1559 1021 1587 dixit
1036 1559 1123 1588 Lucas
1137 1562 1171 1587 “.
1192 1560 1298 1589 Vocant
1312 1567 1405 1590 autem
1432 1563 1598 1592 daemonium
1622 1565 1743 1593 immun-

107 1621 189 1648 μενον
211 1613 270 1643 ταῖς
297 1611 481 1646 ἁκαθαρσίαις
504 1612 551 1637 καὶ
579 1612 715 1647 μιαρίαις.
752 1612 900 1647 Ἀνέκραξε

105 1661 134 1687 δε
155 1660 168 1686 6
188 1659 342 1694 ἄνθρωπος,
357 1658 394 1693 μὴ
407 1659 535 1693 φέροντος
551 1658 599 1685 τοῦ
622 1659 651 1684 ὲν
667 1657 742 1692 αὑτῷ
758 1657 898 1694 δαιμονίου

102 1707 154 1742 τὴν
178 1705 332 1742 προσϐολὴν
347 1704 397 1740 τῆς
406 1704 543 1740 θεότητος.
561 1705 617 1732 Ἔα
631 1704 670 1737 δὲ,
679 1704 741 1731 ἀντὶ
751 1704 899 1741 τοῦ.¹¹Αφες

104 1753 189 1788 ἡμᾶς.
205 1751 238 1778 Τί
265 1751 354 1778 κοινὸν
368 1751 435 1787 ἡμῖν
461 1750 510 1777 καὶ
536 1749 596 1784 act;
624 1751 785 1786 Ναζαρηνὸν
803 1751 832 1778 δὲ
851 1751 898 1779 τὸν

103 1799 222 1833 Χριστὸν
247 1797 409 1833 ὠνόμασεν,
433 1797 471 1829 ὡς
495 1798 688 1834 ἀνατραφέντα
712 1799 742 1825 ὲν
768 1800 801 1834 τῇ
819 1799 896 1826 πόλει

103 1843 243 1879 Ναζαρὲτ,
260 1843 350 1876 καθὼς
366 1843 423 1880 (16)
441 1844 454 1868 6
467 1844 605 1876 Ματθαῖος
627 1844 780 1880 ἱστόρησεν.

146 1935 300 1963 Ἀπώλειαν
319 1935 348 1962 δὲ
359 1934 476 1962 ἐνταῦθα
489 1935 546 1972 (l7)
561 1937 574 1962 6
590 1935 707 1969 δαίμων,
728 1936 777 1972 τὴν
792 1937 894 1973 ἐποχὴν

100 1982 150 2018 τῆς
171 1981 312 2017 δυνάμεως
328 1982 376 2009 καὶ
390 1982 591 2017 ἁνενεργησίαν
606 1981 654 2010 καὶ
678 1982 771 2016 δίωξιν
787 1984 893 2011 ἑαυτῶν

36 2048 67 2076 χ
101 2028 189 2055 καλεῖ.
207 2029 243 2054 Τὸ
251 2029 294 2055 δέ·
313 2026 385 2055 οἶδὰ
399 2037 436 2055 σε
456 2029 500 2060 τίς
515 2025 552 2062 εἷ,
572 2025 632 2054 εἷπε
645 2049 652 2062 ,
669 2029 826 2056 κολακεύων
842 2031 892 2058 ad-

63 2073 156 2113 ΧΨ.
172 2073 216 2101 ἱνα
235 2074 363 2110 φείσηται
382 2074 465 2102 αὑτοῦ
477 2082 484 2090 ·
499 2075 549 2101 οὐκ
563 2073 623 2101 εἶπε
646 2075 675 2102 δὲ
702 2075 814 2111 Ἄγιος,
833 2078 891 2104 ἀλλ’

105 2120 138 2146 ’0
157 2119 252 2154 ἅγιος,
271 2121 340 2155 μετὰ
357 2120 407 2154 τῆς
419 2120 465 2148 τοῦ
492 2120 595 2157 ἄρθρου
608 2121 780 2158 προσθήκης.
799 2123 890 2157 ’Ἅγιοι

99 2165 150 2199 μὲν
165 2166 219 2200 γὰρ
233 2165 279 2191 καὶ
293 2165 318 2190 οἱ
341 2166 493 2200 προφῆται,
516 2165 584 2192 ἀλλὰ
603 2165 673 2192 κατὰ
691 2166 827 2202 μετοχήνο
843 2167 891 2202 μό-

98 2219 143 2242 νος
152 2210 180 2238 δὲ
191 2211 276 2242 όΘεὸς
288 2210 369 2245 φύσει
382 2212 428 2238 καὶ
444 2212 546 2247 κυρίως
556 2213 643 2247 ἆγιος.
653 2213 702 2240 Διὰ
715 2213 794 2240 τοῦτο
800 2213 889 2240 τοίνυν

952 1606 1029 1638 dum,
1045 1607 1122 1641 quasi
1135 1607 1318 1636 immunditiis
1331 1616 1363 1636 ac
1388 1610 1539 1638 sceleribus
1563 1612 1740 1647 gaudentem.

950 1653 1083 1682 Clamavit
1098 1663 1164 1682 sane
1179 1656 1271 1689 homo,
1284 1663 1340 1684 non
1359 1656 1465 1686 ferente
1486 1659 1559 1693 quod
1583 1659 1612 1686 in
1626 1667 1660 1687 eo
1682 1664 1742 1687 erat

949 1699 1084 1728 daemonio
1100 1701 1154 1728 vim
1166 1701 1331 1730 divinitatis.
1342 1703 1417 1737 Sine,
1429 1704 1538 1737 ltocest,
1555 1705 1665 1734 Dimitte
1678 1713 1740 1734 nos.

948 1745 1019 1780 Quid
1037 1747 1084 1774 tibi
1099 1747 1242 1775 nobiscum
1256 1755 1402 1777 commune
1417 1754 1460 1778 est
1473 1750 1485 1777 ?
1500 1750 1642 1779 Christum
1668 1760 1739 1787 quo-

947 1801 1000 1829 que
1018 1794 1322 1828 vocatitNazarenum.
1335 1803 1368 1822 eo
1379 1796 1453 1831 quod
1476 1796 1502 1823 in
1519 1797 1629 1825 civitate
1653 1797 1740 1826 Naza-

948 1841 1008 1868 reth
1031 1841 1152 1869 nutritus
1179 1845 1263 1875 esset,
1279 1842 1513 1878 quemadmodum
1537 1844 1649 1879 scripsit
1670 1843 1739 1872 Mat-

947 1889 1034 1916 tbaeus
1048 1889 1081 1916 “.

982 1934 1167 1963 Perditioncm
1183 1940 1287 1970 autem,
1300 1941 1380 1964 vocat
1395 1936 1440 1964 hic
1457 1937 1563 1966 dtemon
1589 1939 1737 1968 cobibitio-

945 1989 1009 2009 nem
1039 1989 1095 2008 suae
1118 1982 1274 2017 potestatis,
1292 1982 1479 2018 virtutemque
1497 1985 1675 2017 contrariam,
1704 1994 1736 2013 ac

945 2028 1178 2064 persecutionem.
1197 2029 1225 2056 Id
1239 2030 1320 2057 etiam
1335 2030 1408 2064 quod
1421 2030 1549 2058 additur:
1566 2031 1665 2058 Navita
1676 2033 1735 2067 quis

942 2075 991 2109 sis,
1006 2075 1141 2102 adulando
1155 2075 1178 2102 ei
1194 2074 1273 2108 dixit,
1291 2079 1320 2102 ut
1332 2075 1384 2110 ipsi
1400 2080 1536 2111 parceret.
1563 2076 1622 2104 Non
1645 2078 1734 2106 solum

942 2125 1033 2147 autem
1048 2120 1118 2148 dixit
1133 2120 1259 2154 Sanctus,
1270 2120 1330 2154 sed,
1346 2121 1393 2148 ille
1402 2120 1528 2154 Sanctus,
1542 2130 1604 2150 cutn
1621 2124 1732 2152 articuli

942 2167 1093 2194 additionc.
1109 2166 1251 2202 Siquidem
1269 2173 1296 2196 et
1322 2168 1464 2203 prophetae
1477 2169 1564 2197 sancti
1588 2175 1664 2203 sunt,
1683 2172 1733 2199 sed

943 2222 991 2250 per
1010 2214 1250 2250 participationem
1269 2216 1365 2245 :solus
1381 2221 1474 2244 autem
1488 2217 1561 2245 Deus
1581 2220 1689 2254 proprie
1705 2225 1733 2247 et

97 2254 184 2288 εἶπεν,
207 2256 235 2284 '0
253 2257 342 2291 ἅγιος,
384 2257 445 2284 ἀντὶ
474 2258 532 2293 τοῦ,
559 2260 573 2286 6
601 2259 682 2294 φύσει
713 2261 759 2286 καὶ
788 2260 889 2296 κυρίως

957 2264 1043 2287 tatura
1073 2268 1184 2288 sanczus
1207 2265 1258 2288 cst.
1289 2261 1329 2289 Ob
1353 2262 1379 2290 id
1403 2270 1468 2298 ergo
1489 2263 1579 2292 dixit:
1613 2265 1732 2292 Sanctus

96 2311 184 2337 αγιος.

133 2348 189 2375 Καὶ
197 2349 380 2385 ἐπετίμησεν
392 2350 426 2383 ἐξ
435 2352 539 2378 αὐτοῦ.
549 2366 583 2371 -
592 2351 803 2387 Ἐπετίμησεν,
829 2354 889 2379 ἀντι

96 2395 155 2428 τοῦ,
188 2396 396 2432 Ἐπεστόμισεν.
414 2398 486 2433 Ὅρα
512 2397 552 2432 δὲ,
577 2399 633 2430 πῶς
650 2399 700 2425 οὐκ
719 2399 828 2433 ἐδέξατο
841 2399 889 2435 τὴν

95 2442 150 2468 ἀπὸ
165 2441 212 2468 τοῦ
227 2442 351 2478 δαίμονος
369 2443 524 2479 μαρτυρίαν
538 2444 552 2470 ὁ
566 2443 693 2479 Χριστὸς,
714 2443 802 2470 καίτοι
820 2445 889 2479 dir,-

93 2488 245 2522 Oatioucav;
269 2489 377 2524 πρῶτον
398 2489 459 2524 μὲν,
472 2489 513 2517 ὅτι
527 2490 577 2517 οὐκ
600 2489 745 2526 ἔχρῃζενή
773 2490 886 2526 ἀλήθεια.

95 2534 306 2570 μαρτυρηοῆναι
322 2536 398 2571 παρὰ
419 2535 466 2562 τοῦ
489 2535 623 2570 ψεύδους·

93 2581 180 2614 ἡμᾶς,
201 2580 239 2616 μὴ
252 2581 392 2608 πιστεύειν
402 2582 457 2613 τοῖς
468 2581 588 2617 δαίμοσι,
602 2581 654 2609 κᾶν
669 2582 756 2617 ἀληθῆ
773 2582 882 2616 λέγωσι.

91 2626 264 2662 Φιλοίιευδείς
286 2628 341 2665 γὰρ
364 2629 442 2662 ὄντες
465 2629 513 2656 καὶ
538 2628 749 2665 πολεμιώτατοι,
774 2629 825 2656 οὐκ
850 2629 884 2656 ἄν

151 2697 172 2712 ¹⁹
186 2697 254 2725 Luc.
271 2706 308 2732 tv,
328 2699 372 2726 16.
411 2699 433 2714 '°
450 2698 546 2727 Matth.
565 2708 592 2733 v,
612 2698 637 2725 ί.

650 2537 746 2563 ἔπειτα
765 2536 885 2569 ἐδίδαξεν
910 2529 914 2534 ’

676 2699 696 2714 ⁸⁸
711 2698 807 2727 Matth.
830 2707 877 2732 vn,
889 2699 934 2726 ‘28.

940 2306 995 2339 illc,
1010 2306 1062 2334 hoc
1073 2311 1115 2334 est
1128 2311 1223 2334 natura
1236 2308 1346 2343 proprie
1361 2314 1482 2338 sanctus.

976 2353 1054 2381 V'ers.
1074 2353 1122 2381 25.
1139 2353 1172 2380 Et
1192 2355 1382 2390 increpavit—
1398 2356 1431 2383 ab
1449 2365 1488 2383 eo.
1508 2371 1543 2377 -—
1569 2357 1730 2392 luci-(pavit,

938 2398 990 2428 hoc
1001 2404 1053 2433 est,
1073 2399 1110 2428 Os
1128 2400 1276 2429 obturavit.
1293 2401 1360 2431 Vide
1375 2408 1466 2431 autent
1480 2404 1553 2439 quod
1568 2413 1622 2432 non
1636 2413 1730 2433 susce-

939 2446 1009 2481 perit
1024 2446 1152 2475 Christus
1168 2456 1183 2476 a
1203 2449 1326 2477 (la-mone
1351 2451 1553 2484 testimonium,
1571 2459 1729 2487 quanquam

940 2499 1002 2520 Vera
1019 2493 1135 2521 diceret.
1151 2492 1270 2523 Primum
1291 2496 1402 2531 quidem
1418 2497 1482 2531 quia
1499 2504 1554 2524 non
1571 2498 1629 2525 vult
1658 2498 1730 2525 veri.

938 2543 979 2566 tas
998 2543 1027 2566 ut
1055 2539 1103 2567 sibi
1130 2548 1144 2567 a
1168 2540 1286 2569 falsitate
1318 2543 1496 2578 perhibeatur
1525 2544 1726 2572 testimonium.

937 2581 1043 2612 Deinde
1061 2585 1154 2613 docuit
1168 2594 1219 2614 nos
1239 2595 1274 2614 ne
1291 2588 1462 2616 damonibus
1487 2597 1606 2625 unquam
1633 2590 1728 2617 creda-

936 2637 1010 2663 mus,
1027 2630 1112 2658 etiam
1144 2639 1209 2660 vera
1238 2633 1417 2663 dicentibus:
1442 2642 1504 2662 cum
1531 2635 1604 2662 enim
1633 2639 1727 2663 autent

983 2700 1005 2714 "
1026 2699 1091 2728 [.uc.
1105 2709 1142 2734 tv,
1157 2702 1201 2729 55.
1241 2703 1265 2718 "
1279 2703 1345 2731 Luc.
1366 2712 1402 2736 iv,
1420 2704 1462 2732 16,

684 2779 784 2809 Variae
809 2779 959 2811 lectiones
974 2785 1004 2810 et
1020 2784 1114 2812 notua.

126 2864 183 2899 (l5)
203 2863 466 2900 Παρεσημειώσατο.
484 2865 514 2894 Β.

127 2900 184 2935 (ιθ)
213 2901 334 2932 Λουκᾶς.
354 2900 557 2935 corrigendum.

249 2949 386 2980 ΡΑῑιιοι..
404 2949 462 2980 Ga.
484 2950 612 2981 CXXIX.

973 2865 1029 2901 (17)
1058 2866 1153 2901 Λέγει,
1172 2871 1232 2902 post
1242 2867 1370 2902 ἐνταῦθα,
1389 2868 1463 2897 addit
1477 2869 1508 2895 Α.

1523 2952 1562 2983 25
