1940 3075
214 166 249 197 83

808 167 1001 199 EUTHYMII
1022 168 1205 200 ZIGABENI

1778 173 1831 206 784

197 226 260 252 villa
283 228 330 251 aut
341 224 427 258 vicus,
444 232 504 260 quae
523 224 610 252 muris
626 229 721 260 caret;
735 225 892 261 κωμοπολις
926 234 988 254 rcro

1053 240 1055 262 γ
1075 227 1105 254 ἑν
1130 228 1209 263 μέρει
1226 227 1276 264 μὲν
1292 227 1447 264 ἀτείχιστος
1467 236 1474 245 ·
1500 230 1530 257 ἐν
1553 230 1632 266 μέρει
1667 230 1695 257 δὲ
1718 239 1830 267 τετειχι-

198 271 271 307 quod
285 271 328 298 hie
340 279 357 307 p
368 271 462 305 initur,
478 271 553 299 vicos
567 271 703 307 signiﬁcat
715 271 843 307 majores,
856 277 904 300 aut
913 273 992 308 oppi-

197 318 260 345 dula
279 318 427 350 rusticana,
440 325 501 352 qua:
510 322 538 345 et
547 318 598 345 vici
608 323 635 345 et
643 318 743 353 oppida
755 318 841 346 videri
852 324 968 353 possunt
983 327 990 345 ι

198 364 295 399 partim
310 363 419 398 quidem
447 365 534 391 muris
560 364 771 399 cincta,-partim
786 369 877 392 autem
907 364 993 392 muris

198 410 331 437 carentia.
344 410 492 441 Abeamus.
508 410 606 445 inquit,
623 411 651 437 in
666 410 716 438 hos
729 410 811 438 etiam
825 411 908 443 vicos,
935 411 993 438 sive

197 456 230 483 ad
252 455 310 482 haec
327 455 468 491 oppidula,
487 461 517 484 ut
529 456 620 483 inillis
636 464 746 492 quoque
765 456 922 492 praedicem.
935 456 992 483 Lu-

197 509 244 530 cas
254 510 318 529 vero
329 510 415 536 genus
424 510 533 538 quoque
550 503 753 538 praedicationis
761 503 866 531 addidit
876 503 970 530 dicens
983 511 991 531 :

199 548 307 582 Oportet
325 557 365 576 me
381 549 544 576 aunumiare
558 557 667 585 regnum
682 549 731 576 Dei
748 549 780 582 ",
799 549 872 584 quod
891 549 991 577 -vide|i-

197 601 242 623 cet
257 595 533 630 appropinquaverit,
552 600 582 623 ut
611 603 693 630 super
712 596 857 623 credentes
884 599 991 630 regnet,

197 641 431 674 quemadmodum
448 641 519 668 circa
536 641 673 676 principia
691 640 892 676 praedicationis
909 640 992 668 Chri-

197 686 231 712 sti
245 686 272 712 in
292 685 441 720 Evangelia
459 685 534 720 juxta
554 685 712 712 Matthzcum
743 685 845 711 dictum
867 688 919 711 est.
939 683 992 710 Sed

198 731 304 758 Marcus
320 731 431 766 quidem
445 731 529 759 habet
543 740 549 759 :
565 731 694 766 Egressus
704 738 784 763 sum;
805 729 895 757 Lucas
916 736 991 762 vero,

201 778 295 805 Missus
311 786 370 805 sunt
389 778 420 805 ".
438 778 490 805 Sed
505 778 655 806 verisimile
670 782 874 812 estutrumque
886 776 992 804 dictum

199 824 295 857 fuisse,
315 831 390 851 nunc
407 824 472 856 hoc,
488 831 562 851 nunc
574 829 666 850 autem
694 823 770 851 illud.
792 822 826 849 Et
846 822 910 857 quia
938 822 993 849 duo

198 870 321 905 quaedam
349 874 428 897 erant
445 869 473 896 in
503 869 623 901 Christo,
658 869 731 904 quod
758 867 992 896 diciturzMissu:

198 924 269 948 sum,
299 915 460 952 intelligitur
483 921 612 950 tanquam
644 916 746 948 homo;
780 914 853 950 quod
885 918 989 947 autem,
1008 907 1029 934 Β

202 962 330 998 Egressus
349 970 419 994 sum,
437 962 516 997 quasi
531 962 612 989 Deus.

236 1009 313 1037 Vers.
329 1008 375 1036 59.
395 1008 428 1035 Et
442 1008 605 1044 praedicabat
619 1023 654 1028 —
668 1007 801 1043 ejiciebat.
820 1008 841 1035 A
866 1007 992 1035 doctrina

198 1055 332 1083 transibat.
359 1055 392 1082 ad
420 1054 563 1086 miracula,
587 1059 618 1082 ut
646 1062 716 1089 quos
749 1062 804 1081 non
838 1054 993 1082 attrahebat

199 1111 301 1136 sermo,
317 1101 470 1129 attralieret
487 1101 682 1129 miraculorum
699 1101 832 1136 potentia,
847 1104 875 1127 et
890 1104 920 1127 ut
934 1107 992 1128 ser-

200 1159 309 1179 monem
325 1150 511 1179 continuaret.

241 1244 329 1272 Simul
346 1244 428 1272 etiam
449 1243 535 1279 ﬁgura
549 1243 629 1271 nobis
643 1242 705 1276 fuit,
724 1247 754 1270 ut
767 1249 823 1270 non
850 1242 937 1270 solum
960 1242 994 1270 de

199 1291 298 1318 virtute
319 1290 473 1324 loquamur,
493 1296 587 1316 verum
604 1288 688 1316 etiam
705 1295 864 1323 operemur.

429 1345 506 1373 CAP.
524 1344 567 1372 IV.
585 1344 624 1372 De
640 1344 752 1378 leproso.

234 1394 312 1422 Vers.
327 1393 373 1421 ιο.
392 1392 426 1419 Ει
440 1392 510 1418 venit
525 1406 562 1410 —
578 1391 720 1417 mundare.
740 1390 778 1417 De
805 1390 859 1418 hoc
882 1391 993 1426 leproso

199 1441 303 1468 dictum
318 1444 361 1467 est
377 1443 456 1467 sexto
472 1438 551 1473 juxta
573 1437 732 1465 Matthaaum
752 1436 995 1472 capiteJidentur

202 1492 295 1514 autem
311 1485 493 1521 Evangelistae
505 1483 706 1519 aliquantulum
730 1483 802 1511 circa
827 1488 934 1519 tempus
949 1492 994 1511 sa-

200 1534 320 1560 nationis
335 1532 418 1567 hujus
435 1531 608 1566 discrepare;
622 1530 764 1557 Matthmus
774 1529 907 1564 siquidem
918 1534 995 1558 ante-

1045 274 1142 308 σμένη.
1182 273 1333 310 Ἐχομένας
1357 274 1386 301 δὲ
1417 274 1507 309 λέγει,
1530 275 1584 307 τὰς
1619 275 1832 310 πλησιαζούσας.

1049 319 1237 354 Ἀπέλθωμεν,
1253 320 1331 356 φησὶ,
1346 321 1395 348 καὶ
1410 321 1451 353 είς
1465 321 1578 354 ταύτας.
1611 322 1660 348 Διὰ
1675 321 1755 348 τοῦτο
1779 323 1832 358 γὰρ

1043 363 1204 399 ἐξελήλυθα,
1221 365 1264 392 διὰ
1283 366 1313 392 τὸ
1325 367 1457 401 κηρύξαι,
1473 366 1587 403 δηλαδή,
1620 368 1668 394 καὶ
1684 368 1712 394 ὲν
1725 369 1832 401 αὐταῖς.

1049 411 1079 438 '0
1093 411 1120 437 δὲ
1141 411 1248 443 Λουκᾶς
1267 412 1360 439 καὶτὸ
1380 411 1450 444 εῑδος
1468 412 1515 439 τοῦ
1539 414 1721 449 κηρύγματος
1748 424 1833 451 προσ-

1044 457 1153 492 έθηκεν,
1170 457 1256 484 εἰπών
1275 466 1282 473 ·
1300 458 1341 485 ὅτι
1363 460 1630 494 Εὐαγγελίσασθαί
1648 469 1687 495 με
1711 461 1759 489 δεῖ
1779 463 1834 496 τὴν

1040 504 1205 536 ,βασιλείαν
1224 505 1276 532 τοῦ
1294 505 1379 538 Θεοῦ,
1393 505 1495 542 δηλαδὴ
1512 506 1552 533 ὅτι
1569 507 1696 542 ἤγγικεν,
1723 508 1767 535 ἵνα
1788 508 1833 542 βι-

1043 549 1156 586 σιλεύσῃ
1171 551 1226 577 τῶν
1244 551 1443 585 πιστευόντων,
1475 553 1513 585 ὡς
1540 553 1601 580 κατ’
1623 553 1711 589 ἀρχάς
1723 554 1771 581 τοῦ
1785 564 1829 590 κη-

1045 597 1185 632 ρύγματος
1215 597 1263 624 τοῦ
1297 597 1418 632 Χριστοῦ
1459 599 1488 625 ὲν
1517 598 1556 634 τῷ
1591 600 1662 626 κατὰ
1695 601 1834 628 Ματθαῖον

1043 643 1204 679 Εὖαγγελίῳ
1221 643 1395 680 προείρηται.
1420 645 1502 672 Ἀλλὰ
1519 645 1636 681 Μάρκος
1663 647 1713 681 μέν
1730 655 1811 683 φησιν
1827 655 1834 663 ⁸

1043 690 1084 717 ὅτι
1106 690 1295 724 Ἐξελήλυθα
1316 699 1323 707 ·
1347 692 1455 723 Λουκᾶς
1479 693 1508 719 δὲ
1523 712 1529 724 ,
1558 693 1598 720 ὅτι
1627 694 1834 728 Ἀπέστα.1μαι.

1044 737 1124 768 Εἰκὸς
1144 737 1174 764 δὲ
1196 737 1244 764 καὶ
1264 738 1349 772 ἄμφω
1375 738 1492 773 ῥηθῆναι
1514 738 1562 765 νῦν
1578 740 1627 775 μὲν
1640 739 1730 772 τοῦτο,
1746 740 1794 766 νῦν
1806 740 1834 767 δὲ

1044 784 1142 811 ἐκεῖνο.
1172 784 1229 810 Καὶ
1260 784 1322 811 ἐπεὶ
1348 784 1460 816 διπλοῦς
1489 782 1524 821 ἦν
1550 786 1564 812 6
1585 786 1713 822 Χριστὸς,
1729 787 1760 813 τὺ
1788 786 1836 821 μὲν

1050 829 1266 865 Ἀπέσταλμαι,
1281 830 1319 862 ὡς
1330 830 1476 867 ἄνθρωπος
1491 831 1588 868 εἴρηκε
1603 841 1610 848 ·
1622 833 1652 859 τὸ
1665 833 1694 860 δὲ
1715 832 1835 867 Ἑξελή-

1044 876 1133 909 λυθα,
1153 875 1190 907 ὡς
1206 876 1284 908 Θεός.

1078 1006 1133 1034 Καὶ
1150 1005 1190 1042 ἦν
1202 1008 1368 1043 κηρύσσων
1389 1023 1424 1030 -
1439 1009 1609 1039 ἐκϐάλλων.
1629 1011 1697 1039 ’Λπδ
1723 1012 1773 1048 τῆς
1793 1013 1835 1039 δι-

1043 1051 1194 1085 δασκαλίας
1215 1054 1379 1089 μετέὸαινεν
1402 1055 1452 1082 ἐπὶ
1481 1057 1515 1084 τὰ
1546 1057 1687 1093 θαύματα,
1714 1057 1759 1085 ἵνα
1790 1058 1838 1090 οὓς

1045 1098 1196 1127 ἐπισπᾶται
1213 1099 1268 1136 (24)
1285 1100 1300 1127 6
1315 1100 1404 1136 λόγος,
1435 1102 1539 1139 ἑλκύσῃ
1563 1103 1618 1130 τῶν
1647 1104 1797 1140 θαυμάτων
1818 1106 1836 1141 ﬂ

1044 1146 1170 1182 δύναμις,
1196 1148 1245 1175 καὶ
1266 1148 1313 1176 ⁴ἵνα
1341 1150 1481 1188 βεϐαιώσῃ
1509 1151 1555 1179 τὸν
1579 1151 1658 1186 λόγον
1688 1153 1746 1185 τοῖς
1773 1152 1839 1180 θαύ-

1047 1200 1127 1228 μασι.

1080 1239 1134 1266 Καὶ
1148 1239 1207 1274 ἅμα
1223 1241 1309 1274 τύπος
1329 1242 1397 1277 ἡμῖν
1427 1243 1544 1277 ἐγίνετο,
1571 1244 1619 1272 τοῦ
1637 1245 1675 1281 μὴ
1692 1245 1773 1281 μόνον
1794 1245 1839 1272 λέ-

1044 1292 1104 1318 γειν
1116 1286 1182 1321 περὶ
1198 1287 1311 1322 ἀρετῆς,
1330 1288 1400 1315 ἀλλὰ
1414 1289 1463 1316 καὶ
1480 1290 1625 1324 πράττειν.

1223 1344 1305 1371 ΚΕΦ.
1324 1345 1362 1373 Δ¹.
1379 1346 1449 1380 Περὶ
1463 1346 1517 1374 τοῦ
1533 1347 1660 1381 λεπροῦ.

1081 1390 1137 1415 Καὶ
1161 1388 1282 1425 ἔρχεται
1304 1406 1338 1412 --
1360 1393 1532 1427 καθαρίσαι.
1559 1393 1675 1430 Εἴρηται
1700 1395 1765 1431 περὶ
1791 1396 1840 1423 τοῦ

1045 1435 1196 1469 κεφαλαίου
1217 1437 1314 1463 τούτου
1339 1438 1369 1464 ἐν
1392 1438 1431 1473 τῷ
1448 1439 1522 1474 ἕκτῳ
1539 1440 1681 1475 κεφαλαίῳ
1696 1441 1741 1467 τοῦ
1768 1443 1842 1469 κατὰ

1046 1480 1200 1509 Ματθαϊον.
1228 1483 1372 1510 Φαίνονται
1394 1483 1423 1510 δὲ
1449 1485 1567 1512 ἐνταῦθα
1590 1487 1655 1521 περὶ
1678 1487 1724 1513 τὸν
1744 1488 1842 1522 καιρὸν

1046 1527 1097 1562 τῆς
1123 1528 1222 1560 ίάσεως
1245 1529 1270 1555 oi
1295 1531 1491 1564 εὐαγγελισταὶ
1513 1532 1613 1568 μικρόν
1633 1541 1660 1559 τι
1681 1534 1841 1568 παραλλάτ-

200 1588 284 1615 quam
294 1579 368 1607 Petri
380 1585 489 1605 socrum
501 1580 623 1610 curaret,
636 1576 713 1612 ponit
722 1583 754 1603 ea
764 1583 825 1611 quae
835 1576 869 1604 de
887 1576 994 1611 leproso

1053 1581 1148 1605 ιοντες.
1174 1574 1317 1607 Ματθαίος
1333 1576 1382 1611 μὲν
1409 1577 1475 1612 γὰρ,
1503 1578 1558 1614 πρὸ
1572 1578 1619 1605 τοῦ
1634 1579 1842 1615 θεραπευθῆναι

201 1626 309 1654 sunt“.
326 1624 433 1652 Marcus
450 1631 515 1651 vero
531 1627 559 1650 et
571 1623 661 1650 Lucas
676 1627 771 1657 postea
787 1623 821 1652 “.
838 1621 994 1650 Verisimile

201 1677 244 1699 est
258 1676 350 1699 autem
363 1671 414 1699 hos
425 1670 586 1697 miraculum
595 1674 708 1697 tantum
725 1673 911 1704 perscrutatos
923 1677 995 1703 esse,

201 1724 229 1746 et
241 1719 274 1746 de
286 1723 410 1753 tempore
422 1724 478 1744 non
491 1723 659 1751 magnopere
678 1723 802 1746 curasse.
821 1724 851 1744 re
865 1716 996 1744 videlicet

201 1773 256 1794 non
275 1764 431 1792 necessaria
445 1772 452 1791 :
467 1763 540 1799 quod
552 1766 580 1790 et
596 1762 664 1790 alias
679 1762 838 1798 frequenter
855 1763 992 1791 fecerunt.

236 1855 316 1884 νοτε.
331 1855 376 1882 41.
391 1854 467 1882 Iesus
483 1857 572 1881 autem
586 1868 621 1873 —
633 1853 712 1881 Vers.
727 1852 772 1880 42.
796 1853 938 1880 mundatus
946 1858 995 1881 est.

203 1901 334 1928 Similiter
351 1905 378 1928 et
389 1900 423 1927 de
442 1901 494 1927 hoc
509 1899 610 1927 ibidem
626 1898 730 1926 dictum
754 1902 809 1925 est.

240 1947 318 1975 Vers.
348 1946 393 1974 65.
421 1946 455 1973 Et
492 1946 666 1973 comminatus
689 1959 725 1965 --
753 1944 831 1972 Vers.
860 1944 905 1972 ιι.
928 1944 996 1978 illis,

205 1993 390 2020 tiomminatus
406 1996 448 2019 est
473 1995 500 2019 et
515 1991 623 2018 duobus
651 1990 741 2018 caecis.
772 1990 871 2023 Quaere
903 1985 1012 2017 autem'

204 2038 408 2066 enarrationem
434 2037 533 2064 decimi
562 2037 671 2072 septimi
698 2036 798 2071 capitis
821 2036 900 2072 juxta
927 2037 996 2064 Mat-

202 2085 321 2118 thacum,
334 2085 361 2111 in
374 2091 428 2119 quo
444 2083 477 2111 de
487 2083 702 2111 comminatione
719 2082 823 2110 dictum
836 2087 888 2110 est.
900 2083 999 2111 Emisit

204 2139 270 2159 vero
285 2139 347 2158 eum
358 2138 371 2158 a
385 2135 534 2165 conspectu
553 2138 616 2162 suo,
633 2131 685 2157 hoe
699 2134 743 2157 est
756 2129 926 2157 amandavit.

241 2178 278 2204 Dc
294 2177 336 2204 his
352 2182 442 2204 autem
459 2184 518 2211 qum
534 2180 688 2210 sequuntur
704 2175 766 2203 data
789 2180 835 2202 est
859 2175 996 2210 interpre-

201 2223 272 2250 tatio
289 2222 420 2257 praedicto
438 2225 515 2248 sexto
533 2222 634 2256 capite.

181 2275 185 2279 '
236 2268 318 2295 νει-ς.
337 2267 382 2294 45.
409 2267 459 2294 Ille
485 2271 577 2294 autem
597 2281 632 2286 —-
658 2266 785 2302 undique.
812 2266 881 2294 Cum
904 2272 997 2302 gratus
1013 2262 1034 2288 Ῑ)

205 2323 266 2343 esse
280 2314 362 2341 vellet
374 2313 509 2348 leprosos,
524 2321 579 2340 non
596 2312 659 2340 tulit
671 2317 701 2339 ut
713 2311 875 2339 beneﬁcium
889 2312 999 2340 silentio

205 2366 354 2398 tegeretur,
375 2361 422 2388 sed
449 2360 615 2395 praedicabat
634 2359 720 2386 multa
738 2359 773 2386 de
790 2359 890 2387 Christi
919 2365 998 2395 pote-

204 2414 286 2440 state,
302 2413 330 2435 et
344 2407 540 2435 disseminabat
552 2405 674 2437 verbum,
685 2405 758 2440 quod
766 2405 800 2432 ad
813 2412 876 2432 eum
892 2405 999 2433 dixerat

205 2454 426 2488 Cbristus.puta
444 2460 451 2480 :
471 2451 549 2484 Volo,
564 2451 705 2483 mundare,
726 2455 856 2485 tanquam
878 2458 925 2485 per
949 2459 998 2477 au-

203 2501 361 2528 ctoritatem
390 2500 505 2529 factum,
527 2498 679 2531 statimque
696 2497 724 2524 in
741 2504 809 2532 opus
834 2497 994 2525 deductum.

208 2547 359 2575 Venicbant
369 2551 460 2573 autem
472 2545 593 2579 undique
604 2544 638 2571 ad
651 2543 802 2576 Christum,
817 2548 911 2578 utpote
925 2543 997 2570 fama

206 2594 240 2621 ad
257 2601 353 2621 omnes
377 2595 566 2628 percurrente.
602 2590 671 2617 Dicit
696 2591 769 2618 enim
797 2590 896 2622 Lucas,
924 2590 997 2625 quod

207 2641 403 2676 pervagabatur
415 2638 500 2673 magis
514 2637 548 2664 de
562 2636 608 2663 illo
626 2643 720 2663 rumor
733 2635 768 2668 ⁸⁷,
781 2636 832 2663 hoc
846 2640 889 2663 est
901 2635 975 2663 fama
989 2643 996 2662 :

206 2691 233 2712 et
249 2686 368 2712 laborem
387 2684 512 2711 vincebat
541 2681 678 2717 cupiditas
702 2681 814 2709 videndi
842 2689 917 2714 eum,
947 2681 996 2717 qui

207 2731 274 2758 adeo
288 2731 443 2766 divulgatus
452 2733 543 2756 esset.

260 2799 281 2814 ⁸⁸
291 2798 356 2825 ibid.
366 2799 411 2825 48.
467 2798 490 2814 "
506 2797 573 2825 ibid.
629 2798 650 2814 ³⁵
667 2796 827 2824 Maltlmmt.
841 2796 869 2830 4,
880 2797 924 2824 14.

978 2797 1001 2813 ⁸⁸
1019 2797 1085 2826 Luc.
1101 2806 1138 2828 ιν,
1153 2798 1206 2831 58;
1224 2799 1307 2830 v.12.

1047 1619 1096 1655 τὴν
1117 1621 1257 1656 πενθερὰν
1289 1623 1406 1658 Πέτρου,
1437 1624 1622 1659 παρατίθεται
1645 1625 1680 1652 τὰ
1701 1626 1772 1652 κατὰ
1794 1627 1842 1654 τὸν

1047 1664 1152 1700 λεπρόν
1170 1675 1177 1682 '
1195 1667 1309 1703 Μάρκος
1324 1668 1352 1695 δὲ
1366 1669 1413 1696 καὶ
1429 1670 1549 1703 Λουκᾶς,
1563 1671 1622 1706 μετ’
1639 1671 1736 1707 αὑτήν.
1757 1672 1842 1703 Εἰκὸς

1046 1711 1074 1737 δὲ
1100 1712 1211 1746 αὐτοὺς,
1237 1713 1267 1740 τὸ
1286 1712 1379 1749 θαῦμα
1409 1715 1492 1750 μόνον
1519 1716 1841 1753 ἁκριὸολογησαμένους,

1049 1757 1087 1793 μή
1100 1757 1370 1795 πολυπραγμονῆσαι
1380 1761 1428 1788 τὸν
1444 1762 1553 1798 καιρὸν,
1564 1763 1602 1795 ὡς
1612 1763 1663 1790 οὐκ
1676 1764 1841 1798 ἀναγκαῖον,

1047 1803 1061 1829 ὂ
1075 1805 1122 1830 καὶ
1140 1804 1275 1840 πολλαχοῦ
1294 1808 1490 1841 πεποιήκασιν.

1089 1849 1121 1876 '0
1132 1849 1170 1876 δὲ
1190 1851 1309 1885 Ἰησοῦς
1325 1867 1360 1872 —
1372 1853 1570 1889 ἐκαθαρίσθη.
1586 1855 1702 1891 Εἴρηται
1712 1856 1761 1884 καὶ
1775 1858 1843 1893 περὶ

1047 1895 1150 1922 τούτων
1165 1897 1269 1932 ὁμοίως
1294 1898 1324 1925 έν
1343 1898 1380 1934 τῷ
1399 1901 1510 1935 ῥηθέντι
1524 1901 1676 1938 κεφαλαίῳ.

1085 1943 1140 1972 Καὶ
1154 1945 1415 1982 ἐμϐριμησάμενος
1428 1963 1464 1969 -
1479 1949 1592 1983 αὐτοῖς.
1622 1950 1843 1986 Ἐνεὸριμήσατο

1049 1990 1168 2022 καὶτοῖς
1188 1990 1250 2017 δυσὶ
1274 1992 1397 2026 τυφλοῖς,
1421 1993 1469 2021 καὶ
1491 1994 1612 2030 ζήτησον
1634 1996 1685 2030 τὴν
1708 1996 1842 2032 ἐξήγησιν

1047 2035 1096 2062 τοῦ
1117 2036 1352 2064 ἑπτακαιδεκάτου
1368 2039 1519 2074 κεφαλαίου
1535 2040 1583 2067 τοῦ
1599 2043 1670 2068 κατὰ
1686 2043 1841 2076 Μιπιτῡαῖον¹
1876 2044 1915 2075 /‘

1048 2083 1078 2110 ὲν
1136 2083 1246 2118 εἴρηται
1270 2083 1334 2119 περὶ
1353 2085 1402 2120 τῆς
1428 2086 1635 2122 ὲμὸριμήσεως.
1659 2087 1784 2121 Ἐξὲὃαλε
1798 2076 1878 2117 «ἒὲκ.

1048 2129 1130 2157 αὑτὸν
1141 2129 1301 2157 ἀπενώπιον
1320 2130 1416 2164 αὑτοῦ,
1431 2132 1584 2164 τουτέστιν,
1600 2132 1732 2160 ἀπέλυσε.

1085 2176 1153 2210 Περὶ
1171 2175 1200 2202 δὲ
1221 2175 1276 2202 τῶν
1302 2176 1365 2211 ἑξῆς
1387 2178 1559 2214 ἡρμήνευται
1578 2179 1608 2205 ὲν
1633 2179 1672 2214 τῷ
1691 2179 1845 2215 δηλωθέντι

1049 2221 1122 2257 ἕκτῳ
1143 2222 1297 2257 κεφαλαίῳ.

1092 2266 1119 2292 '0
1138 2266 1173 2293 δὲ
1190 2281 1225 2286 -
1240 2268 1441 2302 πανταχόθεν.
1459 2268 1617 2303 Εὑγνὼμων
1632 2268 1670 2295 ὢν
1689 2270 1703 2295 ό
1726 2269 1843 2306 λεπρὸς,

1050 2312 1100 2339 οὐκ
1115 2313 1244 2348 ἠνέσχετο
1271 2314 1333 2349 σιγῇ
1362 2313 1483 2348 καλύψαι
1507 2315 1557 2349 τὴν
1579 2314 1749 2349 εὐεργεσίαν,
1784 2314 1845 2341 ἀλλ’

1049 2359 1184 2394 ἐκήρυττε
1205 2358 1292 2385 πολλὰ
1318 2360 1382 2394 περὶ
1398 2360 1447 2394 τῆς
1474 2360 1616 2395 δυνάμεως
1638 2360 1686 2387 τοῦ
1708 2360 1846 2395 Χριστοῦ,

1049 2405 1097 2431 καὶ
1109 2404 1255 2440 διεφήμιζε
1270 2405 1316 2432 τὸν
1344 2405 1434 2439 λόγον,
1459 2405 1489 2432 ὃν
1512 2405 1626 2442 εἴρηκεν
1651 2406 1727 2441 αὐτῷ
1741 2408 1755 2432 6
1772 2407 1846 2441 Χρι-

1050 2450 1124 2482 στδς,
1140 2450 1251 2486 δηλαδὴ,
1264 2451 1294 2478 τὸ
1309 2451 1401 2484 Θέλω,
1413 2452 1623 2486 καθαρίσθητι,
1638 2452 1676 2484 ὡς
1691 2453 1750 2487 μετ’
1766 2453 1848 2484 ἐξου-

1052 2496 1114 2528 σίας
1131 2497 1291 2532 γενόμενον,
1316 2499 1364 2525 καὶ
1381 2498 1436 2533 (Ξό)
1463 2498 1545 2531 εὐθὺς
1566 2500 1607 2531 είς
1627 2499 1707 2535 ἔργον
1725 2499 1849 2534 67.65611-

1049 2542 1127 2568 κότα.
1145 2543 1280 2577 Ἥρχοντο
1303 2543 1330 2570 δὲ
1355 2545 1423 2579 πρὸς
1442 2545 1488 2571 τὸν
1511 2545 1630 2580 Χριστὸν
1655 2546 1848 2580 πανταχόθεν,

1049 2586 1096 2615 οἷα
1110 2589 1160 2624 τῆς
1175 2589 1270 2624 φήμης
1288 2589 1334 2616 ἐπὶ
1352 2590 1458 2622 πάντας
1478 2591 1651 2626 διαοεούσης,
1674 2592 1743 2627 Φησὶ
1760 2592 1818 2627 γὰρ
1833 2593 1849 2618 ὁ

1050 2636 1162 2667 Λουκᾶς
1176 2635 1218 2662 ὅτι
1237 2636 1366 2671 διήρχετο
1386 2637 1486 2672 μᾶλλον
1513 2638 1527 2664 6
1554 2637 1634 2672 λόγος
1651 2638 1718 2674 περὶ
1743 2637 1848 2671 αὐτοῦ,

1048 2681 1200 2714 τουτέστιν,
1218 2682 1234 2717 ὴ
1256 2683 1346 2718 φήμη,
1363 2683 1411 2709 καὶ
1428 2684 1506 2710 ὲνίκα
1529 2683 1576 2710 τὸν
1597 2684 1682 2711 κόπον
1704 2685 1720 2720 ή
1744 2683 1850 2710 ἐπιθυ-

1052 2727 1102 2762 μία
1120 2728 1167 2754 τοῦ
1182 2728 1247 2754 ἰδεῖν
1266 2729 1312 2755 τὸν
1329 2730 1526 2765 φημιςόμενον.

1363 2798 1384 2814 ³⁷
1406 2798 1460 2826 Luc
1488 2807 1514 2833 ν,
1534 2799 1574 2827 15.

800 2868 900 2900 Variw
918 2869 1070 2901 lectiones
1086 2874 1118 2902 et
1135 2874 1231 2901 notae.

246 2938 308 2973 ω)
319 2937 411 2971 Forte,
429 2939 579 2973 ἐπεσπᾶτο,
598 2948 646 2969 seu
662 2941 851 2970 ἐπεσπάσατο.

1087 2942 1143 2979 (25)
1163 2943 1218 2977 Ὣς,
1240 2944 1299 2972 loco
1323 2944 1370 2972 καί
1392 2944 1474 2972 habet
1490 2944 1519 2972 Β.
