1940 3075
105 147 162 178 ’τκὸ
196 174 204 184 ,

594 147 789 179 COMMEN’I‘.
808 147 850 178 IN
870 147 1045 179 MARCUM.
1067 161 1105 167 —-
1122 149 1200 181 CAP.
1222 149 1264 180 Il.

1691 151 1754 182 786'

143 205 197 233 Kal.
216 220 251 227 υ-
271 205 308 232 dt‘
324 205 456 240 ἡμερῶν.
474 203 514 231 Δι’
531 211 660 239 ημερων,
676 205 737 231 ανιὶ
755 204 814 238 τοῦ,
830 205 892 231 Διελ

990 205 1067 233 CAP.
1087 205 1120 234 ll.
1149 206 1227 234 Vers.
1245 207 1269 233 1.
1296 205 1329 233 Et
1355 220 1388 227 υ
1410 211 1466 241 post
1483 206 1537 233 dies
1553 206 1666 242 aliquot.
1684 207 1752 236 Post

107 252 214 280 θουσῶν
227 252 341 288 ἡμερῶν
357 253 451 278 τινῶν.

144 299 201 326 Kal
219 299 358 333 ἠκούσθη
374 314 409 319 -
422 299 519 326 ἐστιν.
535 298 582 330 Εἷς
598 297 673 325 οἷκον
686 307 756 326 τινα.

145 387 200 414 Kal
217 387 372 420 εὺθέως-
384 387 488 420 θύραν.
511 386 707 420 Ἀκούσαντες,
727 387 768 414 ὅτι
783 388 813 414 ὲν
835 388 902 422 οἴκῳ

108 433 178 463 ἐστὶ,
207 433 387 468 συνέδραμον,
417 433 657 468 προσδοκήσαντες
685 434 752 469 ῥᾷον
775 435 904 469 ἐντυχεῖν

107 479 192 514 αὐτῷ.
211 479 340 506 Τοσοῦτοι
358 479 386 505 δὲ
399 479 585 514 συνήχθησαν,
605 479 644 511 ὡς
660 479 762 515 μηκέτι
783 479 851 515 μηδὲ
868 479 903 506 τὰ

107 527 176 562 πρὸς
198 527 247 562 τὴν
274 527 362 562 θύραν
389 527 459 562 μέρη
477 528 576 562 χωρεῖν
599 526 723 562 ἑτέρους,
749 527 849 560 εῐτουν,
868 527 904 553 τὰ

108 573 246 609 πρόθυρα,
262 573 315 608 ήδη
334 573 389 600 τῶν
406 573 480 600 ἔνδον
496 573 741 608 πεπληρωμένων.

144 661 198 690 Kal
221 662 366 697 -λόγον,
387 660 438 689 Τὸν
454 662 505 696 τῆς
523 661 713 693 διδασκαλίας.

243 719 322 746 ΚΕΦ.
339 718 379 748 Ε’.
395 719 465 754 Περὶ
476 720 529 746 τοῦ
541 719 760 754 παραλυτικοῦ.

144 764 198 792 Kal
217 779 250 784 —
269 764 433 792 κατέκειτο.
452 765 554 800 Ὅμοια
573 764 679 795 τούτοις
696 765 742 790 καὶ
757 764 773 791 ὁ
792 765 902 797 Λουκᾶς

108 810 248 846 παρέθετο
261 819 267 826 ·
283 810 424 842 Ματθαῖος
438 811 477 842 δὲ,
506 810 541 836 τὰ
562 810 627 845 περὶ
644 809 695 844 τῆς
718 810 817 846 στέγης
838 819 904 838 σιω-

109 857 212 891 πήσας,
227 856 262 883 τὰ
275 855 339 891 ἑξῆς
353 857 455 891 ὁμοίως
470 855 626 891 ἱστόρησεν.

153 902 239 931 Ἰδὼν
256 918 291 924 -
303 903 439 938 ἁμαρτίαι
452 911 522 930 σου.
539 903 657 938 Εἴρηται
673 902 738 939 περὶ
755 902 860 930 τούτων
873 903 902 930 ἓν

110 949 152 985 τῷ
174 948 395 984 τρισκαιδεκάτῳ
420 949 561 984 κεφαλαίῳ
582 948 629 975 τοῦ
652 948 725 976 κατὰ
749 948 902 976 Ματθαῶν.

111 995 272 1030 Παράλυτος
298 995 327 1022 δέ
345 995 413 1028 ἐστι,
444 996 493 1022 καὶ
511 995 567 1027 πᾶς
590 996 604 1022 ὁ
629 994 699 1030 ἔχων
714 995 762 1027 τὰς
773 994 903 1031 δυνάμεις

109 1042 160 1077 τῆς
174 1041 263 1077 ψυχῆς
280 1042 426 1076 ἀκινήτους
443 1043 484 1073 εις
497 1041 631 1077 ἐργασίαν
647 1041 760 1077 ἀρετῆς·
783 1041 840 1068 ἀλλ’
855 1043 904 1069 ἐὰν

110 1087 165 1114 ἀπὸ
184 1087 240 1114 τῶν
257 1087 360 1122 γηΐνων
385 1087 455 1123 ἀρθῇ
474 1087 525 1113 ὑπὸ
538 1085 592 1112 τῶν
612 1087 756 1122 τεσσάρων
779 1087 904 1122 Εὐαγγε-

109 1133 188 1164 λῖων.
207 1134 253 1160 καὶ
268 1132 404 1168 χαλασθῇ,
421 1133 525 1166 εῖτουν,
546 1132 703 1168 ταπεινωοῇ
716 1132 833 1160 ἐνώπιον
854 1133 903 1160 τοῦ

113 1177 246 1214 Χριστοῦ,
263 1179 377 1205 ἀκούσει
393 1179 439 1206 καὶ
465 1175 543 1211 οὗτος
568 1179 611 1212 τὺ,
643 1179 800 1215 Ἀφέωνταί
815 1187 864 1207 σοι
875 1180 904 1206 al

111 1223 252 1258 ἁμαρτίαι
268 1232 338 1251 σου.

147 1269 247 1298 Ἦσαν
261 1270 294 1297 δὲ
310 1286 344 1291 —-
359 1271 375 1298 ὀ
391 1271 459 1305 Θεός
475 1271 614 1307 ;Εἴρηται
638 1272 686 1299 καὶ
710 1273 773 1308 περ).
794 1271 899 1300 τούτων

115 1317 184 1343 εκεῖ.

152 1363 204 1390 Kal
222 1363 380 1396 εὐθέως-
403 1363 518 1397 ὰῠτοῖς.
550 1364 665 1400 Πνεῦμα
695 1365 826 1400 ἐνταῦθα,
856 1367 906 1401 τὴν

112 1409 230 1444 θεότητα
246 1409 334 1437 καλεῖ.
356 1409 400 1442 Ὦς
413 1410 479 1442 Θεὸς
499 1410 554 1446 γὰρ
569 1410 640 1446 ἔγνω
656 1411 706 1443 τὰς
719 1412 836 1445 διανοίας
857 1414 907 1440 αὑ-

112 1456 178 1483 τῶν.

154 1503 186 1530 Τί
201 1503 294 1530 ταῦτα
312 1518 349 1524 --
372 1504 550 1538 περιπάτει;
576 1504 692 1540 Εἴρηται
709 1505 756 1534 καὶ
769 1506 833 1541 περὶ
846 1505 907 1532 τού-

114 1557 181 1576 των,
199 1549 310 1584 ὁμοίως.

153 1595 222 1623 Ἵνα
241 1611 276 1616 -
288 1596 374 1624 οἶκόν
387 1604 456 1624 σου.
471 1597 528 1624 Καὶ
546 1597 610 1632 περὶ
625 1597 729 1624 τούτων
744 1598 773 1624 ὲν
799 1597 838 1632 τῷ
858 1598 906 1632 δη-

115 1640 228 1668 λωθέντι
243 1642 383 1678 κεφαλαίῳ
398 1643 584 1678 ἡρμήνευται.

151 1729 208 1758 Καὶ
226 1731 342 1767 ἠγέρθη
354 1748 386 1753 -
398 1733 529 1768 εἴδομεν.
554 1733 609 1761 Καὶ
624 1732 714 1760 ταῦτα
730 1733 826 1768 ἐκεινῳ
851 1733 908 1760 δια-

117 1777 280 1813 σεσάφηται.
293 1779 430 1807 Οὐδέποτε
442 1780 470 1807 δὲ
484 1780 570 1813 οὕτως
585 1780 705 1816 εἰδομεν,
730 1781 773 1815 ἐφ’
801 1781 908 1815 ἐτέρου,

117 1822 251 1858 δηλονότι,
272 1826 534 1861 τερατουργοῦντος.

155 1869 211 1897 Kal
224 1885 258 1891 —
270 1872 393 1906 αὐτούς.
416 1873 541 1908 Ἐξῆλθε,
561 1873 670 1908 φεύγων
691 1883 720 1901 τε
737 1873 782 1901 τὸν
801 1874 849 1900 ἐπὶ
872 1872 910 1908 τῷ

119 1915 241 1952 θαύματι
254 1917 363 1953 κρότον,
376 1919 425 1946 καὶ
437 1919 538 1947 ἓδιάσαι
557 1920 732 1955 βουλόμενος.

248 1975 326 2001 ΚΕΦ.
346 1975 392 2009 q’.
413 1976 484 2011 Περὶ
499 1976 573 2004 Λευτ
587 1976 640 2004 τοῦ
651 1977 793 2004 τελώνου.

157 2018 211 2047 Kal
225 2021 367 2055 παράγων
381 2036 415 2042 -
430 2021 523 2055 αὐτῷ.
544 2022 574 2049 '0
591 2021 674 2054 Λευῒς
695 2019 784 2055 οὗτος,
804 2023 818 2049 ὁ
833 2023 911 2049 Ματ-

53 2070 70 2084 ἰ
83 2091 105 2104 Χ
119 2066 196 2098 Θαῖός
210 2067 279 2095 ἐστι.
295 2067 436 2103 Διώνυμος
450 2068 504 2104 γὰρ
519 2066 565 2104 ἦν.
584 2069 652 2104 Περὶ
682 2065 712 2095 οὗ
738 2068 910 2104 λεπτομερέ-

124 2091 279 2098 ⁷⁷⁷⁷¹“⁷⁷“”
296 2091 434 2103 """r‘"
456 2091 503 2104 l’r
522 2091 565 2104 'I"
585 2091 652 2104 -“Γ“
684 2091 711 2095 ’⁷
739 2091 894 2104 """‘r"r'

83 2091 216 2148 \Nﬂ'spov
240 2114 269 2140 ἐν
300 2113 338 2149 τῷ
363 2115 660 2150 τεσσαρεσκαιδεκάτῳ
690 2114 834 2150 κεφαλαίῳ
862 2114 910 2142 τοῦ

119 2159 192 2186 κατὰ
216 2159 355 2187 Ματθαῖον
374 2161 543 2195 Εὐαγγελὶου
570 2161 743 2196 προείρηται.
772 2161 844 2196 Ὅρα
870 2160 910 2193 δὲ,

122 2206 182 2237 πῶς
207 2206 349 2241 ἐκλέγεται
365 2207 428 2238 τοὺς
447 2207 551 2240 ἀξίους,
565 2207 661 2243 ὥσπερ
688 2207 864 2242 μαργαρίτας
882 2208 911 2233 ἐν

121 2252 245 2288 βορὸόρῳ
261 2253 415 2287 κειμένους.

156 2298 210 2326 Kal
221 2299 485 2333 ἐγένετο-αὐτῷ.
503 2300 559 2327 Καὶ
581 2299 648 2336 περὶ
665 2299 769 2327 τούτων
794 2300 912 2326 πάντων

121 2345 151 2371 ὲν
163 2345 259 2381 ἐκείνῳ
275 2346 313 2381 τῷ
329 2346 470 2381 κεφαλαίῳ
486 2347 615 2382 ζήτησον.

158 2391 213 2418 Kal
222 2392 458 2426 -άμαρτωλούς
468 2393 535 2429 (26).
554 2394 598 2420 Ἐν
611 2393 707 2429 ἐκείνῳ
717 2393 756 2429 τῷ
772 2394 913 2430 κεφαλαξῳ

122 2438 171 2464 καὶ
193 2437 280 2464 ταῦτα
305 2438 561 2474 διηρμηνεύθησαν.
595 2439 780 2467 Ἐπελάϐοντο
806 2441 836 2467 δὲ
864 2441 912 2467 τοῦ

121 2483 261 2518 Χριστοῦ,
287 2483 325 2516 ὡς
349 2484 387 2520 μὴ
404 2484 609 2519 διαστέλλοντος
635 2486 690 2513 ἀνὰ
725 2487 808 2522 μέσον
834 2487 913 2520 ἁγίου

121 2530 171 2556 καὶ
187 2529 304 2566 βεϐήλου
329 2531 400 2557 κατὰ
412 2530 457 2557 τὸν
473 2531 568 2566 νόμον,
596 2532 633 2568 μὴ
659 2533 853 2566 γινώσκοντες,
877 2533 914 2565 ὡς

123 2575 196 2610 ὑπὲρ
209 2575 258 2608 τὴν
273 2576 391 2610 νομικὴν
404 2575 504 2611 χρῆσιν
518 2576 635 2611 παρέχει
654 2577 705 2611 τὴν
721 2577 915 2613 φιλάνθρωπον

121 2621 215 2656 χάριν.
236 2620 266 2647 ’0
282 2620 331 2655 μὲν
347 2621 402 2656 γὰρ
419 2621 501 2656 νόμος
526 2622 654 2655 ἐξέϐαλλε
674 2623 704 2648 το
728 2623 826 2656 κακὸν,
844 2623 858 2649 ὸ
885 2623 914 2650 δὲ

122 2667 241 2703 Χριστὸς
258 2666 435 2702 μετέϐαλλεν.
450 2667 570 2701 Ἐδειξεν
585 2668 632 2695 οὖν
642 2669 682 2695 ὃτι
696 2669 745 2703 οὐχ
760 2668 798 2701 ὡς
813 2669 909 2705 κριτὴς

179 2759 201 2776 ³⁸
218 2759 284 2786 Luc.
300 2768 325 2789 ν,
349 2760 390 2787 18.
447 2759 468 2775 ³⁸
497 2758 591 2787 Matth.
607 2767 642 2792 ix,
657 2760 684 2788 2.

956 251 1026 284 dies,
1044 252 1095 279 hoc
1106 255 1159 282 est.
1180 252 1326 287 prteterit-is
1343 252 1573 288 aliquotdiebus.

992 299 1068 326 Vers.
1089 299 1113 327 1.
1131 299 1164 326 Et
1179 299 1300 326 auditum
1317 304 1354 326 est
1368 315 1402 321 -—
1415 304 1489 326 esset.
1520 299 1551 326 in
1573 299 1654 326 domo
1683 307 1750 335 qua-

955 347 1029 374 dam.

992 392 1068 420 Vers.
1095 393 1123 420 2.
1150 393 1182 420 Et
1207 394 1298 420 statim
1323 408 1359 413 ———
1379 394 1507 428 januam.
1529 393 1582 420 Ubi
1610 393 1751 421 audissent

954 437 1026 473 quod
1048 437 1075 465 in
1094 437 1175 466 domo
1195 443 1265 472 erat,
1284 443 1488 466 concurrerunt
1517 443 1648 474 putantes
1677 440 1749 475 quod

954 484 990 512 ita
1010 484 1118 512 facilius
1138 485 1170 513 ad
1190 493 1252 513 eum
1268 485 1443 513 accederent.
1462 485 1515 512 Tot
1528 491 1620 513 autem
1633 493 1751 519 congre-

954 531 1007 566 gati
1030 535 1106 563 sunt,
1137 535 1167 559 ut
1182 531 1238 566 jam
1262 538 1353 566 neque
1379 530 1438 558 loca
1463 532 1524 566 quae
1541 532 1613 559 circa
1638 531 1749 566 januam

954 582 1032 605 erant
1044 577 1107 613 (hoc
1119 581 1160 604 est
1174 577 1338 605 vestibulum
1352 577 1462 612 domus)
1475 581 1607 612 caperent
1619 577 1750 612 reliquos,

955 624 1065 658 impleta
1076 624 1132 659 jam
1150 624 1210 659 ipsa
1228 624 1320 652 domo.

990 670 1067 698 Vers.
1081 670 1108 697 2.
1126 670 1160 697 Et
1176 685 1211 691 —
1225 670 1343 698 verbum.
1360 670 1495 698 Videlicet
1510 671 1656 698 doctrinm.

1168 726 1244 755 CAP;
1262 727 1294 754 V.
1313 725 1350 754 De
1365 727 1526 762 paralytiéo.

992 772 1066 800 Vers.
1081 772 1107 800 5.
1129 772 1299 800 Et—Vers.
1316 773 1342 800 4.
1367 773 1488 808 jacebat.
1510 773 1614 801 Similia
1642 783 1752 810 quoque

955 818 998 846 liis
1011 820 1102 854 posuit
1114 819 1200 847 Lucas
1214 820 1237 836 ³⁸
1249 828 1256 853 ;
1282 819 1426 847 Matthteus
1439 827 1505 848 vero
1517 821 1551 848 de
1567 825 1639 849 tecto
1649 827 1752 854 tacens.

918 878 939 906 Β
954 865 1056 900 reliqua
1072 865 1200 894 similiter
1220 866 1316 894 retulit
1329 866 1363 894 ³⁵.

991 909 1069 937 Vers.
1092 910 1118 937 5.
1136 909 1255 938 futuit":
1268 925 1302 930 --
1316 914 1425 945 peccata
1443 915 1499 938 tua.
1521 911 1630 939 Dictum
1655 916 1698 939 est
1719 911 1753 939 de

955 955 996 983 his
1011 956 1119 983 decimo
1135 957 1216 984 tertio
1233 957 1312 992 juxta
1329 957 1490 984 Matlhaaum
1508 960 1609 992 capite.
1628 958 1677 985 Est
1701 966 1751 985 au—

955 1005 1010 1030 tem
1027 1003 1194 1038 paralyticus
1209 1003 1336 1030 similiter
1357 1004 1520 1039 quicunque
1536 1003 1635 1031 animas
1652 1008 1751 1037 potens

955 1049 1007 1076 tias
1019 1049 1053 1077 ad
1069 1049 1179 1077 vit-Iutis
1197 1057 1268 1085 opus
1282 1050 1365 1077 habet
1380 1049 1545 1077 immobiles.
1570 1049 1651 1083 Quod
1666 1051 1688 1077 si
1706 1058 1754 1084 per

955 1099 1071 1130 quatuor
1077 1095 1257 1131 evangelistas
1266 1102 1279 1121 a
1288 1095 1405 1122 terrenis
1412 1095 1752 1128 eievetur,etdemittalur,

955 1140 1013 1168 sive
1026 1140 1188 1168 humiiietur
1200 1148 1293 1168 coram
1307 1140 1431 1174 Christo,
1446 1140 1540 1168 audiet
1555 1145 1583 1168 et
1596 1140 1653 1175 ipse
1672 1149 1678 1167 :
1694 1141 1748 1168 Πυ-

956 1185 1036 1211 missa
1050 1189 1112 1212 sunt
1127 1185 1173 1212 tibi
1188 1189 1296 1216 peccata
1315 1189 1373 1212 tua.

995 1273 1069 1301 Vers.
1085 1273 1111 1301 θ.
1122 1273 1216 1300 Erant
1228 1278 1360 1300 autem—
1372 1272 1449 1301 Vers.
1467 1274 1494 1300 7.
1516 1273 1600 1300 Deum
1616 1273 1628 1300 .9
1643 1273 1752 1300 Dictum

956 1325 999 1348 est
1013 1320 1047 1347 de
1065 1320 1107 1347 his
1122 1320 1232 1347 ibidem.

994 1367 1070 1395 Vers.
1085 1367 1112 1394 8.
1137 1367 1170 1394 Et
1194 1367 1286 1394 statim
1312 1381 1346 1387 —-
1363 1367 1411 1393 eis.
1438 1365 1572 1401 Spiritum
1599 1371 1678 1394 vocat
1705 1367 1751 1394 hie

956 1413 1129 1441 divinitatem
1147 1422 1153 1439 :
1171 1418 1301 1448 tanquam
1317 1412 1389 1440 Deus
1409 1413 1482 1439 enim
1500 1413 1630 1447 cognovit
1645 1413 1750 1447 cogitas

959 1458 1048 1486 tiones
1065 1467 1172 1485 eorum.

994 1503 1071 1530 Vers.
1089 1504 1115 1531 8.
1139 1504 1169 1531 Ut
1182 1504 1245 1539 quid
1259 1502 1314 1530 lucc
1332 1518 1365 1522 η
1382 1502 1459 1536 VersI
1473 1502 1499 1529 9.
1521 1503 1655 1530 ambula?
1671 1503 1755 1530 Simi-

919 1553 942 1582 α
958 1546 1020 1574 liter
1034 1551 1062 1574 et
1077 1548 1110 1575 de
1124 1547 1175 1575 hoc
1190 1548 1292 1576 dictum
1308 1553 1358 1575 est.

996 1593 1074 1620 Vers.
1097 1593 1142 1620 10.
1170 1593 1342 1621 Ut—Vers.
1375 1592 1419 1621 1|.
1453 1594 1561 1620 domum
1602 1599 1686 1622 tuam.
1720 1595 1753 1621 Et

960 1639 1053 1667 dehis
1076 1647 1185 1675 quoque
1210 1639 1273 1667 data
1301 1644 1344 1668 est
1364 1639 1599 1675 praedictocapite
1615 1639 1753 1676 interpre-

962 1686 1038 1713 latio.

997 1732 1074 1760 Vers.
1087 1732 1130 1759 1‘2.
1148 1731 1183 1760 Ει
1197 1733 1312 1760 surrexit
1324 1748 1358 1754 ——
1382 1734 1506 1761 vidimus.
1531 1732 1564 1761 Et
1576 1734 1634 1761 haec
1648 1733 1751 1760 ibidem

961 1779 1102 1813 explanata
1116 1784 1190 1806 sunt.
1204 1778 1349 1814 Nunquam
1364 1785 1457 1807 autem
1471 1780 1600 1812 vidimus,
1623 1780 1752 1807 videlicet

961 1825 995 1852 ab
1011 1824 1074 1858 alio,
1091 1825 1136 1859 qui
1151 1825 1310 1853 admiranda
1324 1829 1497 1861 operaretur.

999 1871 1075 1898 Vers.
1091 1871 1133 1897 15.
1147 1871 1179 1898 Et
1194 1886 1227 1891 -—
1240 1879 1294 1898 eos.
1308 1871 1439 1906 Egressus
1455 1877 1496 1899 est
1506 1871 1613 1907 fugiens
1625 1872 1751 1907 plausum

962 1917 995 1944 de
1009 1916 1151 1950 miraculo,
1169 1920 1197 1944 et
1210 1917 1324 1952 cupiens
1337 1925 1351 1944 a
1369 1917 1448 1944 turba
1464 1917 1599 1952 separari.

1133 1973 1209 2001 CAP.
1232 1972 1276 2001 Vl.
1295 1973 1332 2000 De
1348 1973 1410 2001 Levi
1424 1974 1578 2009 publicano.

998 2021 1074 2048 Vers.
1101 2021 1144 2048 Η.
1169 2020 1201 2048 Et
1224 2022 1511 2056 prwteriens—eum.
1542 2021 1607 2048 Levi
1638 2023 1681 2049 hic
1711 2029 1753 2050 est

961 2067 1104 2094 Matthzeus
1121 2071 1200 2100 ;erat
1211 2067 1284 2094 enim
1298 2067 1456 2100 binominis,
1474 2067 1508 2095 de
1521 2075 1575 2102 quo
1605 2069 1752 2103 particula-

963 2113 1020 2140 rius
1045 2113 1148 2140 dictum
1174 2117 1217 2140 est
1239 2113 1348 2141 decimo
1372 2117 1470 2148 quarto
1498 2114 1588 2149 capite
1612 2113 1754 2150 Evangelii

962 2160 1113 2188 secundum
1140 2159 1309 2186 Matthaeum.
1339 2159 1406 2187 Vide
1429 2164 1520 2187 autem
1545 2161 1683 2194 quomodo
1707 2168 1755 2188 eos

964 2204 1011 2240 qui
1036 2205 1111 2240 digni
1133 2208 1198 2232 sunt
1219 2204 1311 2239 eligat,
1335 2206 1413 2239 quasi
1443 2206 1605 2241 margaritas
1636 2206 1663 2233 in
1696 2206 1754 2234 luto

964 2252 1097 2287 iacentes.

1003 2297 1080 2325 Vers.
1106 2297 1150 2324 15.
1173 2297 1207 2325 Et
1231 2299 1333 2334 factum
1363 2302 1400 2324 est
1415 2312 1450 2318 ——
1464 2305 1534 2325 eum.
1556 2298 1641 2326 Etiam
1659 2299 1693 2326 de
1712 2300 1756 2326 his

967 2345 1095 2373 omnibus
1108 2344 1136 2372 in
1151 2353 1184 2373 eo
1203 2345 1293 2380 capite
1313 2344 1430 2380 require.

1003 2392 1081 2420 Vers.
1099 2391 1140 2418 16.
1157 2391 1321 2419 Et—Vers.
1339 2391 1381 2419 17.
1407 2392 1443 2418 ad
1457 2392 1650 2427 paenitentiam.
1666 2393 1755 2419 Etinm

967 2438 1025 2466 haec
1039 2437 1067 2464 in
1086 2444 1119 2464 co
1138 2437 1227 2472 capite
1247 2437 1383 2464 declarata
1411 2442 1484 2464 sunt.
1506 2437 1756 2472 Reprehendebant

965 2489 1057 2511 autem
1071 2483 1221 2514 Christum,
1240 2484 1318 2518 quasi
1333 2482 1404 2509 nihil
1419 2482 1588 2510 discriminis
1609 2482 1755 2510 facientem

966 2530 1036 2557 inter
1050 2533 1174 2557 sanctum
1195 2534 1223 2556 el.
1252 2536 1316 2556 eum
1337 2528 1384 2563 qui
1402 2528 1480 2562 juxta
1505 2529 1604 2564 legem.
1619 2529 1754 2563 profanus

966 2576 1127 2608 habebatur,
1139 2582 1194 2602 non
1203 2581 1381 2610 agnoscentes
1392 2574 1462 2609 quod
1472 2582 1552 2606 supra
1568 2574 1633 2609 legis
1645 2582 1760 2601 constre-

966 2623 1088 2650 tudinem
1102 2626 1244 2657 praestaret
1262 2620 1446 2648 humanitatis
1456 2621 1582 2656 gratiam.
1601 2620 1654 2647 Lex
1670 2620 1757 2654 siqui-

965 2669 1028 2696 dem
1053 2675 1165 2703 pravum
1182 2666 1309 2701 ejiciebat
1324 2675 1332 2700 ;
1350 2666 1478 2694 Christus
1494 2674 1558 2694 vero
1584 2666 1758 2696 immutabat.

722 2806 819 2837 Vatiae
849 2806 1000 2837 lectiones
1016 2810 1046 2836 et
1063 2808 1157 2836 notua.

165 2889 221 2924 (26)
241 2890 280 2916 Ad
288 2890 478 2925 paenitentiam,
492 2891 562 2925 quod
581 2891 733 2920 llentcnius
751 2890 842 2923 habet,
859 2892 956 2918 neuter
970 2897 1092 2916 meorum
1107 2888 1240 2925 agnoscit.
