1940 3075
202 134 252 166 791

825 137 1015 167 EUTHYMII
1036 137 1217 168 ZlGABElVl

1785 139 1841 171 7%

203 194 358 222 Verisimile
378 199 421 222 est
437 201 501 230 ergo
514 198 578 221 tunc
586 194 695 222 dixisse.
714 195 865 222 vocandum
879 203 939 223 esse
953 195 996 223 Pe-

1064 198 1247 232 C'punrsﬁezaz
1278 198 1398 232 Πέτρος.
1420 197 1502 229 Εἰκὸς
1531 196 1577 224 οὖν
1595 197 1654 224 τότε
1674 197 1723 232 μὲν
1739 198 1842 230 εἰπεῖν,

203 247 286 274 trum,
296 249 369 269 nunc
383 246 474 269 autem
487 248 584 268 νησῖδι-ο
596 248 658 268 eum
671 240 792 268 Petrum.

238 288 336 321 Qua‘re
364 292 454 315 autem
480 287 588 314 decimo
606 295 680 315 nono
709 288 800 322 capite
820 287 897 322 juxta
926 288 995 316 Mat-

204 335 303 362 thzeum
319 334 516 369 expositionem
537 334 752 362 enumerationis
768 335 909 362 nominum
926 334 996 362 duo-

203 378 291 405 decim
314 378 511 413 apostolorum,
530 382 558 405 et
573 377 665 406 omnia
682 385 732 406 suo
750 379 873 406 invenies
887 378 994 407 ordine.

239 468 317 496 Vers.
337 468 381 496 Π.
399 468 433 495 Et
448 468 575 495 Iacobum
592 484 627 490 —
641 469 751 504 fratrem
763 468 864 496 Jacobi.
880 469 898 494 A
918 476 995 495 ροιιιν-

202 515 277 542 muni
293 522 444 550 cognomen
461 515 605 542 asciscitur
620 524 625 542 :
647 519 674 542 et
689 519 801 550 propter
813 523 861 542 eos
876 514 922 549 qui
949 522 995 542 se-

201 565 325 594 quuntur
333 560 385 587 hoc
397 560 561 587 assumitur.

240 607 317 634 Vers.
339 607 371 634 Et
383 607 508 642 imposuit
526 623 558 629 —
574 607 696 635 (ouili-ui.
716 607 792 634 Sicut
803 606 875 634 ﬁlius
893 605 996 641 iniqui-

204 653 269 680 tatis
283 652 383 680 dicitur
398 653 443 687 qui
461 652 573 687 iniquus
595 657 653 682 est:
681 658 710 681 et
731 653 802 680 ﬁlius
819 651 994 688 perditionis.

203 699 328 733 perditus
352 707 359 731 ;
382 704 408 725 et
420 697 493 725 ﬁlius
505 699 590 733 pacis,
607 699 737 734 paciﬁcus
753 707 761 725 :
777 698 814 726 ita
827 705 936 733 quoque
949 697 996 724 ﬁlii

203 745 315 774 tonitrui
343 744 388 780 qui
416 749 531 773 tonant:
547 750 674 781 tanquam
694 745 844 773 tonitruum
865 745 938 772 enim
963 743 997 771 de

202 791 272 820 coelo
289 791 424 822 auditum,
439 791 466 818 hi
485 791 576 818 divina
596 797 727 819 tonarunt
740 791 867 827 dogmata
882 800 890 825 ;
914 790 996 818 Jaro-

203 838 254 864 bus
270 837 381 872 quidem
396 838 455 865 sine
468 838 616 873 scriptura,
632 838 751 867 Joannes
764 846 828 866 vero
840 837 995 866 scribendo.

204 884 357 920 Boanerges
376 888 466 911 autem
482 884 645 912 llebraicum
664 892 765 912 nomen
780 889 833 918 est,
861 886 995 920 quemad-

204 930 316 957 modum
337 934 364 957 et
375 929 494 965 Cephas.

239 977 316 1004 Vers.
328 976 372 1004 ‘l8.
390 977 423 1003 Et
440 977 574 1004 Andream
590 992 623 998 -—-
635 977 714 1005 Vers.
730 977 773 1004 19.
794 977 880 1006 illum.
903 978 942 1006 De
954 978 997 1006 his

204 1024 333 1051 omnibus
353 1024 454 1051 d:ctum
471 1029 511 1052 est
528 1025 657 1060 przedicto
682 1025 790 1053 decimo
807 1033 879 1053 nono
906 1025 997 1062 capite

203 1071 279 1106 iuxta
293 1070 461 1098 Matthmum.

239 1118 318 1146 Vers.
331 1118 380 1145 ‘20.
397 1118 431 1145 Ει
443 1118 550 1146 ueniunt
561 1119 773 1146 —-manducare.
786 1118 815 1146 in
826 1119 937 1147 domum
950 1128 997 1147 cu-

202 1163 310 1198 jusdam
329 1162 430 1190 ﬁdelis.

239 1210 316 1238 Vers.
331 1210 375 1237 2i.
390 1210 424 1237 EI
438 1218 496 1237 cum
509 1211 644 1238 audissent
654 1219 764 1239 -—-eum.
778 1211 845 1239 Cum
857 1211 998 1239 audissent

203 1257 345 1285 domestici
362 1258 422 1290 ejus
436 1258 548 1285 multam
566 1258 715 1286 convenire
732 1258 851 1294 turbam,
871 1258 999 1285 exierunt

207 1308 236 1331 ut
255 1312 317 1331 eum
337 1304 511 1337 cohiberent,
531 1312 564 1332 ac
580 1305 759 1340 prohiberent
770 1313 804 1332 ne
818 1304 937 1339 amplius
953 1311 998 1330 sa-

205 1354 295 1377 naret.
310 1350 445 1378 Fortassis
460 1355 550 1378 autem
569 1355 648 1378 erant
661 1351 690 1378 hi
713 1351 814 1378 fratres
831 1358 864 1378 ex
884 1349 998 1385 Joseph,

205 1400 253 1423 aut
271 1396 338 1424 alias
350 1396 470 1432 cognati.

240 1442 319 1470 Vers.
335 1443 381 1471 2|.
399 1441 528 1470 Dicebant
541 1444 612 1470 —in
626 1451 761 1471 excessum
777 1450 865 1470 versus
886 1446 936 1469 est.
952 1441 998 1469 Di-

205 1492 305 1520 cebant
314 1490 423 1526 quidam
437 1489 532 1521 invidi,
548 1489 620 1525 quod
633 1489 779 1524 desiperet,
792 1489 855 1524 quia
866 1495 897 1515 se
911 1492 997 1516 totum

205 1538 239 1565 ad
255 1537 359 1565 dandas
383 1535 515 1563 sanitates
538 1535 922 1565 tradiderat-.humanitatem
948 1535 999 1563 du-

205 1589 301 1613 centes
317 1583 447 1615 furorem.
459 1588 486 1610 et
499 1583 714 1610 misericordiam
742 1583 872 1611 facientes
883 1582 998 1611 crimen.
1014 1571 1035 1600 ο

209 1630 242 1657 Et
268 1637 332 1657 vere
356 1628 382 1655 hi
408 1628 589 1656 insaniebant.
620 1629 667 1656 Sic
695 1636 760 1664 ergo
783 1627 943 1664 intelligitur
957 1627 1002 1655 hic

206 1683 306 1706 sermo.
333 1675 404 1710 quod
422 1675 548 1702 exierunt
572 1674 625 1707 sui,
637 1679 666 1702 ut
680 1675 858 1710 prohiberent
873 1682 947 1702 eum.

244 1721 297 1749 Alii
315 1728 380 1748 vero
408 1729 468 1755 qum
483 1720 555 1748 dicta
578 1724 642 1748 sunt
665 1721 745 1748 aliter
769 1720 1000 1754 interpretantur,

207 1767 281 1802 quod
301 1767 428 1794 exierunt
442 1766 484 1794 sui
504 1769 533 1793 ut
547 1769 672 1794 tenerent
692 1773 754 1793 eum
774 1773 809 1792 ne
828 1765 998 1793 discederet:

208 1813 337 1842 dit-ebant
351 1812 423 1840 enim
437 1812 558 1847 quidam.
570 1813 642 1847 quod
653 1813 815 1840 excessisset
828 1812 885 1840 sive
896 1812 1001 1841 disces-

209 1860 288 1887 sisset
302 1867 317 1886 a
333 1866 362 1886 se
380 1863 492 1893 propter
507 1858 625 1885 turbam.

248 1905 308 1937 Vel.
324 1905 454 1932 exierunt
468 1909 498 1931 ut
514 1909 641 1932 tenerent
656 1912 718 1932 eum
743 1904 801 1932 sive
815 1903 975 1939 adjuvarent
991 1912 998 1936 ;

208 1952 336 1979 dicebant
347 1951 420 1978 enim
431 1951 503 1986 quod
512 1950 677 1978 excessisset
688 1951 746 1977 sive
764 1950 912 1978 dissolutus
928 1955 1000 1978 esset

208 2007 223 2026 a
239 1999 330 2034 vigore
343 1997 465 2033 corporis
476 2005 531 2033 pra:
549 1997 634 2039 nimio
646 1997 749 2025 labore.

245 2045 323 2073 Vers.
338 2044 384 2072 τε.
409 2044 508 2072 Scriba:
521 2044 600 2071 etiam
615 2044 797 2071 -άιεηιοηὶα,
820 2043 876 2071 lloc
893 2047 921 2070 et
931 2043 1000 2071 Pha-

209 2092 281 2120 risaei
301 2091 430 2119 dicebant
447 2090 576 2118 vicesimo
592 2090 713 2118 secundo
735 2089 813 2125 juxta
843 2089 999 2117 Mammium

208 2137 318 2173 capite;
336 2141 363 2164 et
378 2135 414 2163 ibi
432 2143 523 2171 quaere
539 2135 748 2170 expositionem.

1047 245 1087 271 ὅτι
1109 244 1241 280 κληθήσῃ
1258 244 1427 279 Πέτρος’νῦν
1439 244 1468 271 δὲ
1485 243 1600 271 καλέσαι
1614 243 1710 271 τοῦτον
1725 243 1841 279 Πέτρον.

1084 291 1207 326 Ζήτησον
1224 291 1280 325 (55)
1298 290 1326 317 δὲ
1349 291 1379 317 ἐν
1394 290 1433 325 τῷ
1448 290 1683 325 ἐννεακαιδεκάτῳ
1699 290 1842 324 κεφαλαίῳ

1047 337 1095 365 τοῦ
1108 337 1180 364 κατὰ
1194 337 1334 364 Ματθαῖον
1346 336 1395 371 τὴν
1411 337 1543 372 ἐξήγησιν
1557 336 1608 371 τῆς
1621 336 1842 371 ἀπαριθμήσεως

1047 384 1103 411 τῶν
1120 384 1263 420 ὀνομάτων
1278 383 1329 418 τῆς
1342 383 1494 415 δωδεκάδος
1517 383 1571 410 τῶν
1598 383 1768 416 ἀποστόλων,
1791 384 1842 410 καὶ

1048 431 1178 466 εὑρήσεις
1198 431 1289 458 πάντα
1304 430 1377 459 κατὰ
1392 430 1472 464 λόγον
1497 430 1666 465 τεταγμένα.

1083 478 1138 505 Kal
1160 477 1303 505 Ἰάκωϐον
1320 492 1356 498 -
1370 476 1507 511 ἀδελφὸν
1520 476 1573 503 τοῦ
1597 475 1750 503 Ἰακώϐου.
1770 475 1840 502 Ἀπὸ

1048 525 1140 552 κοινοῦ
1158 525 1199 558 τὸ,
1228 524 1440 560 προσκαλεῖται.
1470 523 1525 550 Καὶ
1550 522 1607 558 γὰρ
1631 522 1679 549 καὶ
1702 522 1748 549 ἐπὶ
1774 522 1840 553 τοὺς

1047 572 1113 608 ἑξῆς
1128 572 1211 600 τοῦτο
1225 573 1259 599 λα
1265 572 1411 607 μῦἁνεται.

1084 618 1138 646 Kal
1153 617 1303 651 ἐπέθηκεν
1314 616 1502 650 -βροντῆς,
1512 615 1621 651 Ὥσπερ
1635 615 1693 647 υἱὸς
1706 613 1838 649 ἀνομίας,

1047 667 1061 693 ὁ
1077 666 1190 700 ἄνομος,
1210 664 1258 690 καὶ
1273 664 1331 694 υἱὸς
1348 662 1498 695 ἀπωλείας,
1513 663 1527 689 ὸ
1542 661 1702 695 ἀπολωλὼς,
1718 661 1766 688 καὶ
1780 661 1840 692 υἱὸς

1047 714 1171 748 εἰρήνης.
1188 712 1203 739 ὁ
1221 710 1364 747 εἰρηνικός
1381 719 1388 726 ·
1408 710 1480 737 οὕτω
1506 710 1554 737 καὶ
1583 710 1637 737 υἱοὶ
1665 709 1790 744 βροντῆς,
1814 708 1841 734 οἱ

1048 759 1227 795 βροντῶντες.
1253 758 1338 792 Δίκην
1354 757 1409 793 γὰρ
1434 756 1550 792 βροντῆς
1564 755 1710 791 οὐρανόθεν
1725 754 1824 787 ὲξάκου
1834 770 1841 774 -

1049 814 1112 832 στον
1128 804 1298 840 ὲσρὸντησαν
1313 799 1389 830 οὗτοι
1401 803 1435 830 τὰ
1451 802 1597 836 θεολογικὰ
1605 802 1741 837 δόγματα,
1759 802 1774 827 ὀ
1790 801 1840 836 μὲν

1055 851 1202 884 Ἰάκωϐος,
1232 850 1379 887 ἀγράφωςο
1406 850 1421 877 ὁ
1449 849 1479 876 δὲ
1513 849 1656 883 Ἰωάννης,
1679 847 1841 883 ἐγγράφως.

1014 887 1034 911 Β
1056 897 1202 934 Ἐὃραῖχὸν
1216 897 1245 924 δὲ
1258 896 1290 923 τὸ
1299 897 1465 933 Βοανεργὲς,
1482 895 1578 931 ὥσπερ
1599 894 1686 922 καὶτὸ
1705 895 1747 930 Κη
1758 894 1823 928 φᾶς-

1084 990 1139 1018 Kal
1159 988 1303 1024 Ἀνδρέαν
1319 1003 1355 1010 —-
1369 988 1475 1016 αὐτόν.
1499 987 1569 1023 Περὶ
1595 985 1701 1013 τούτων
1729 985 1841 1012 πάντων

1050 1036 1158 1072 εἴρηται
1174 1037 1203 1063 ὲν
1216 1036 1255 1071 τῷ
1267 1035 1417 1071 δηλωθέντι
1432 1034 1672 1068 ἐννεακαιδεκάτῳ
1684 1031 1840 1067 κεφαλαίῳ.

1084 1125 1139 1154 Καὶ
1153 1125 1292 1160 ἔρχονται
1305 1139 1341 1146 -
1353 1124 1471 1160 φαγεῖν.
1489 1124 1537 1156 Εἰς
1556 1122 1631 1151 οἶκόν
1643 1130 1717 1154 τινος
1732 1120 1841 1148 πιστοῦ.

1085 1218 1141 1246 Kal
1164 1217 1353 1249 ἀκούσαντες
1373 1230 1408 1235 -
1426 1215 1532 1242 αὐτόν.
1562 1213 1744 1244 Ἀκούσαντες
1761 1211 1785 1239 ot
1799 1212 1843 1237 ot-

1050 1266 1121 1293 κεϊοι
1148 1264 1242 1293 αὑτοῦ,
1260 1264 1301 1290 ὅτι
1325 1262 1488 1297 συνέρχεται
1509 1260 1595 1291 πολὺς
1616 1259 1706 1295 ὄχλος,
1727 1257 1844 1292 ἐξῆλθον

1050 1312 1174 1347 ἐπισχεῖν
1183 1311 1276 1342 αὑτὸν,
1289 1310 1336 1336 καὶ
1345 1308 1468 1335 κωλῦσαι
1488 1306 1657 1343 θεραπεύειν
1671 1304 1842 1340 περαιτέρω.

1051 1357 1114 1386 Εῒεν
1133 1358 1155 1385 δ’
1175 1357 1208 1385 ἂν
1230 1354 1314 1388 οὗτοι,
1329 1355 1384 1382 εἴτε
1404 1356 1428 1381 οἱ
1444 1354 1474 1387 ἐξ
1494 1354 1597 1390 Ἰωσὴφ
1618 1352 1731 1388 ἀδελφοὶ
1745 1350 1842 1384 αὑτοῦ,

1050 1407 1105 1434 εἴτε
1129 1405 1178 1433 καὶ
1191 1405 1280 1439 ἕτεροι
1298 1403 1452 1438 συγγενεῖς.

1089 1452 1217 1486 Ἔλεγον
1231 1465 1266 1471 -——
1276 1449 1400 1483 ἐξέστη.
1417 1449 1532 1483 Ἔλεγον
1544 1447 1599 1483 γάρ
1614 1454 1687 1477 τινες
1702 1444 1840 1480 φθονεροὶ,

1051 1499 1093 1525 ὅτι
1121 1497 1327 1534 παρεφρόνησε,
1347 1495 1415 1523 διότι
1431 1495 1493 1522 ὅλον
1512 1493 1610 1522 ἑαυτὸν
1631 1492 1770 1520 ἐπέδωκεν
1801 1491 1843 1522 εις

1052 1545 1082 1573 τὸ
1098 1543 1275 1580 θεραπεύειν,
1294 1543 1344 1578 τὴν
1371 1541 1578 1578 φιλανθρωπίαν
1603 1539 1762 1576 νομίζοντες
1790 1545 1844 1572 μα-

1053 1593 1124 1625 νίαν,
1144 1591 1192 1619 καὶ
1204 1591 1248 1618 τὸν
1263 1589 1349 1623 ἔλεον,
1365 1589 1492 1624 ἔγκλημα
1506 1587 1677 1622 ποιούμενοι,
1689 1586 1737 1612 καὶ
1758 1585 1844 1615 ὅντως

1054 1637 1133 1665 αὐτοὶ
1149 1635 1321 1672 μαινόμενοι.
1340 1634 1390 1662 Διὰ
1409 1633 1483 1669 -γοῢν
1494 1633 1540 1661 τὸν
1555 1633 1635 1667 λόγον
1657 1630 1751 1659 τοῦτον
1777 1630 1845 1665 μᾶλ-

1052 1684 1099 1711 λον
1115 1683 1230 1718 ἐξῆλθον
1244 1683 1269 1709 οἱ
1282 1681 1365 1709 αὐτοῦ
1381 1681 1505 1708 κωλῦσαι
1525 1681 1618 1707 αὐτόν.

1090 1729 1199 1764 Ἔτεροι
1217 1728 1292 1755 δὲτὰ
1307 1727 1378 1764 ῥητὰ
1396 1728 1500 1763 τρόπον
1517 1727 1613 1762 ἕτερον
1628 1723 1843 1760 ἑρμηνεύουσιν,

1052 1775 1093 1802 ὅτι
1109 1774 1222 1809 ἐξῆλθον
1235 1775 1259 1800 οἱ
1273 1775 1367 1801 οἰκεῖοι
1382 1774 1466 1801 αὑτοῦ
1484 1774 1619 1809 κρατῆσαι
1635 1771 1727 1802 αὑτὸν,
1744 1770 1787 1796 ἵνα
1806 1769 1845 1804 μή

1053 1822 1232 1857 ὑποχωρὴσῃ.
1251 1821 1364 1855 Ἔλεγον
1380 1821 1435 1855 γάρ
1451 1829 1535 1852 τινες,
1562 1820 1602 1846 ὅτι
1635 1817 1775 1850 Ἐξέστη,
1789 1817 1844 1851 ἡγ-

1052 1877 1113 1900 ουν,
1136 1869 1257 1903 Ἀπέστη
1275 1869 1322 1894 ἀπ’
1344 1867 1434 1894 αὐτῶν
1446 1866 1491 1894 διὰ
1505 1867 1551 1893 τὸν
1565 1866 1656 1901 δχλον,

1089 1914 1125 1940 Ἢ
1148 1913 1297 1948 Ἐξῆλθον
1309 1912 1458 1948 κρατῆσαι
1472 1911 1576 1943 αὑτὸν,
1595 1911 1730 1941 τουτέστι,
1751 1910 1846 1943 Παρα-

1052 1960 1199 1996 ϐοηθῆσαι.
1218 1959 1332 1994 Ἔλεγον
1353 1959 1407 1994 γὰρ
1424 1960 1466 1985 ὃτι
1484 1957 1624 1991 Ἐξέστη,
1648 1957 1661 1984 ὃ
1687 1958 1744 1983 ἐστι
1768 1956 1846 1990 Παρ-

1052 2006 1135 2042 ελύθη
1153 2007 1199 2033 τὸν
1215 2008 1290 2033 τόνον
1307 2004 1354 2032 τοῦ
1370 2005 1506 2040 σώματος,
1520 2005 1590 2038 ἄγαν
1606 2002 1754 2033 κοπιάσας.

1088 2023 1135 2042 υυιι
1159 2023 1198 2033 νυν
1220 2023 1290 2033 wvur
1312 2023 1354 2032 υυιι
1370 2023 1506 2040 nuru-v5,
1520 2023 1589 2038 *μην
1607 2023 1754 2033 ηνη--υ--ξ-

1088 2052 1144 2080 Καὶ
1167 2053 1194 2079 οὶ
1220 2050 1409 2086 Γραμματεῖς
1424 2065 1456 2071 -
1473 2050 1623 2084 δαιμόνια.
1655 2045 1741 2075 Εἶπον
1764 2023 1923 2120 10V

1088 2099 1100 2120 ὶ
1117 2098 1141 2120 ni
1156 2099 1301 2120 mammia:
1321 2097 1350 2120 ὲν
1367 2097 1405 2120 τῶ
1422 2095 1539 2120 εἰκοστῶ
1556 2095 1676 2120 δευτέρω
1701 2094 1790 2120 κεωαλ
1823 2102 1846 2120 ω

1052 2099 1100 2127 καὶ
1117 2098 1141 2124 οἱ
1156 2099 1301 2133 Φαρισαῖοι
1321 2097 1350 2123 ὲν
1367 2097 1405 2131 τῷ
1422 2095 1539 2130 εἰκοστῷ
1556 2095 1676 2130 δευτέρῳ
1701 2094 1846 2127 κεφαλάτῷ

1051 2144 1099 2171 τοῦ
1124 2143 1195 2171 κατὰ
1222 2142 1373 2176 Ματθαῖον,
1392 2143 1438 2170 καὶ
1455 2142 1575 2178 ζήτησον
1593 2142 1652 2168 ἐκεῖ
1667 2141 1717 2175 τὴν
1740 2140 1845 2174 ἐξήγη-

1053 2199 1106 2217 σιν.

243 2236 322 2264 Vers.
335 2235 381 2263 25.
394 2233 494 2267 Quibus
504 2233 538 2260 ad
549 2242 576 2260 se
587 2233 685 2261 vocatis
696 2248 730 2252 —
742 2232 805 2259 illis.
822 2232 850 2259 ln
867 2231 996 2268 exemplis

1089 2238 1143 2265 Kal
1171 2236 1462 2272 προσκαλεσάμενος
1482 2236 1594 2269 αὐτοὺς
1613 2251 1649 2256 -—
1662 2235 1777 2268 αὐτοῖς.
1801 2234 1848 2260 Ἐν

209 2289 238 2311 ct
255 2280 490 2310 similitudinibus.

246 2327 324 2355 Ἴθι-ε.
340 2327 385 2354 εὖ.
402 2326 537 2359 Quomodo
549 2330 630 2361 potest
648 2325 765 2360 ejicere?
785 2324 894 2354 Dictum
909 2330 952 2353 est
967 2325 1001 2354 de

210 2376 253 2403 his
268 2375 320 2402 hoc
332 2373 430 2410 capite.

247 2419 321 2448 Vers.
337 2419 382 2447 24.
397 2418 432 2446 Et
441 2419 464 2446 si
473 2433 508 2439 —
521 2417 599 2446 Vers.
614 2417 659 2446 25.
678 2418 735 2445 illa.
749 2418 838 2446 Etiam
850 2418 883 2446 de
892 2418 934 2446 his
949 2419 1004 2446 dis-

210 2469 337 2502 putatum
351 2468 404 2492 est.

249 2512 326 2540 Vers.
337 2511 383 2538 ‘26.
398 2510 431 2538 Et
441 2511 464 2537 si
474 2525 510 2532 —
523 2511 610 2538 habet.
625 2510 722 2545 Quaere
735 2510 817 2539 etiam
831 2511 864 2539 de
881 2510 923 2538 his
936 2518 1005 2546 prae-

211 2559 286 2586 dicto
303 2558 401 2592 capite.

247 2604 324 2632 Vers.
337 2604 382 2631 27.
400 2603 484 2631 Nemo
497 2619 535 2624 —
547 2605 664 2639 diripiat.
684 2604 745 2633 llaec
765 2613 874 2641 quoque
901 2606 1003 2634 ibidem

209 2653 316 2688 integre
333 2652 468 2680 declarata
483 2657 557 2680 sunt.

243 2698 321 2726 Vers.
334 2699 379 2727 28.
392 2699 475 2726 Amen
488 2714 523 2720 —
537 2699 613 2728 Vers.
628 2700 672 2727 29.
696 2700 802 2735 judicii.
818 2700 881 2728 llaec
892 2705 1003 2735 prater-

212 2752 242 2772 ea
277 2745 408 2781 optimam
436 2745 472 2772 ibi
493 2751 571 2774 nacta
593 2751 657 2775 sunt
681 2747 944 2782 interpretationem.
969 2746 1000 2773 In

1054 2293 1092 2311 πα
1096 2284 1188 2320 ραδειγ
1193 2293 1285 2319 μασιν.

1089 2330 1156 2362 Πῶς
1180 2330 1305 2357 δύναται
1319 2345 1355 2350 -
1373 2329 1536 2357 ἐκϐάλλειν
1551 2338 1560 2362 ;
1582 2328 1698 2365 Εἴρηται
1710 2328 1776 2364 περὶ
1785 2328 1849 2355 τού-

1053 2386 1108 2404 των
1127 2378 1156 2404 ἐν
1173 2377 1269 2413 ἐκείνῳ
1281 2377 1320 2412 τῷ
1336 2377 1488 2412 κεφαλαίῳ.

1091 2423 1145 2451 Kal
1158 2423 1214 2450 ἐὰν
1231 2439 1257 2443 -
1279 2423 1390 2457 ἐκείνη.
1420 2423 1475 2450 Καὶ
1496 2423 1678 2458 περὶτούτων
1702 2422 1732 2448 ἐν
1749 2421 1849 2456 ἐκεινῳ

1056 2469 1220 2505 διείληπται.

1094 2516 1147 2544 Καὶ
1160 2517 1187 2543 εὶ
1202 2531 1234 2536 -
1252 2517 1323 2552 ἔχει.
1340 2517 1464 2552 Ζήτησον
1476 2517 1505 2543 ὲν
1523 2515 1562 2551 τῷ
1577 2514 1725 2550 δηλωθέντι
1760 2522 1850 2548 κεφας

1063 2561 1133 2597 λαιῳ
1149 2562 1195 2589 καὶ
1211 2562 1275 2596 περὶ
1288 2562 1402 2589 τούτων.

1094 2608 1199 2642 Οὐδεὶς
1219 2625 1251 2630 --
1267 2608 1433 2644 «imperiam.
1470 2609 1525 2636 Καὶ
1553 2608 1640 2636 ταῦτα
1669 2607 1785 2640 ἐντελῶς
1820 2609 1850 2635 ἐν

1056 2654 1131 2690 αὐτῷ
1147 2655 1403 2691 διηρμηνεύθησαν.

1101 2701 1189 2736 Ἀμὴν
1205 2717 1238 2722 -
1254 2703 1391 2736 κρίσεως.
1423 2703 1483 2730 Ἔτι
1512 2703 1558 2730 καὶ
1587 2702 1672 2730 ταῦτα
1696 2702 1849 2738 καλλίστης

1056 2749 1115 2775 ἐκεῖ
1130 2749 1181 2783 τῆς
1200 2748 1358 2785 ἐξηγήσεως
1375 2751 1568 2786 τετυχήκασιν.
1595 2750 1647 2784 Εἰς
1674 2749 1728 2776 τὸν
1753 2749 1850 2778 αἰῶνα

800 2839 898 2871 Variae
910 2839 1062 2871 lectiones
1086 2842 1116 2870 et
1132 2843 1226 2872 notae.

250 2872 305 2908 (35)
335 2875 389 2900 Καὶ
405 2874 518 2911 ζήτησον
537 2878 593 2907 νῦν.
612 2880 646 2906 Δ.
