1940 3075
94 157 150 187 793

577 152 773 184 COMMENT.
795 151 834 182 ιΝ
853 151 1027 182 MARCUM.
1050 163 1079 168 -
1101 151 1180 182 CAP.
1199 151 1251 181 IV.

1674 153 1729 184 ’194

97 215 146 249 μὲν
170 211 228 246 οὖν,
255 206 315 240 ἀντὶ
341 212 399 244 τοῦ,
427 211 573 238 Οὐδέποτε,
591 210 690 245 Κρὶσιν
714 209 743 236 δὲ
757 209 815 241 νῦν,
831 209 881 241 τὴν

957 211 1074 240 ternum,
1091 207 1144 234 hoc
1160 211 1211 239 est,
1231 207 1386 241 Nunquam.
1412 207 1550 235 Judieium
1581 216 1646 236 vero
1663 210 1728 237 dixit

96 259 265 294 κατάκρισιν
291 257 379 285 εἶπεν.
405 256 471 284 Εἶτα
495 254 663 291 προσέθηκε.
682 254 729 281 καὶ
751 253 824 280 διατι
850 253 885 280 τὰ

97 305 217 340 ῥηθέντα
232 304 355 339 εἴρηκεν.

134 351 200 377 ’Ὅτι
212 365 243 371 -
255 350 328 384 ἔχει.
347 349 463 384 Ἔλεγον
478 347 569 381 τοῦτο,
590 347 616 374 οἱ
629 346 768 380 λέγοντες,
781 347 824 373 ὅτι
837 345 885 372 Ba-

97 396 227 428 ελζεσοὺλ
240 397 307 432 ἔχει.

135 444 291 477 Ἔρχονται
307 456 340 463 -—
359 442 484 476 ζητοῦσί
496 449 542 469 σε.
560 441 683 477 Ζήτησον
699 439 764 474 περὶ
778 437 883 465 τούτων

97 490 169 524 πρὶς
190 490 229 524 τῷ
252 489 325 516 τέλει
342 489 390 516 τοῦ
404 488 530 516 εἰκοστοῦ
546 487 640 524 τρίτου
668 485 818 521 κεφαλαίου
836 483 884 510 τοῦ

97 535 170 562 κατὰ
186 535 337 562 Ματθαῖον.

133 581 187 608 Καὶ
202 581 346 615 ἀπεκρίθη
358 595 392 602 —-
412 580 509 614 μήτηρ
520 580 597 607 ἐστι.
618 579 673 606 Καὶ
699 577 764 613 περὶ
783 576 886 604 τούτων

96 628 208 654 πάντων
239 627 364 659 ἁκοιὸὦς
392 627 521 662 εὑρήσεις
546 627 575 654 ὲν
599 625 696 660 ἐκεινῳ
731 623 770 659 τῷ
802 631 888 657 κεφα-

95 674 167 709 λαίῳ
181 674 248 711 (56).

940 260 1014 279 nunc
1027 252 1299 280 condemnationem.
1327 253 1431 281 Deinde
1445 253 1520 281 addit
1537 255 1618 282 etiam
1646 263 1730 291 quare

939 298 1067 334 prmdicta
1081 299 1193 327 dixerit.

974 345 1050 373 Vers.
1071 345 1116 373 50.
1137 345 1342 378 Quiaf—habal.
1359 346 1493 374 Dicebant
1514 347 1576 380 hoc,
1589 347 1729 376 affirman-

938 395 989 423 tes,
1003 391 1074 426 quod
1091 390 1233 418 Beelzebul
1251 391 1374 418 haberet.

975 437 1104 464 Vers.5l.
1115 436 1260 464 Etveniunt
1275 436 1382 464 —Vers.
1399 438 1577 473 ὃῖξᾳιιωνιιηι
1593 437 1730 471 te.Qna:re

937 484 970 511 de
982 484 1023 511 his
1038 484 1109 511 circa
1127 484 1208 511 ﬁnem
1229 484 1351 512 vicesimi
1367 485 1439 513 tertii
1463 485 1560 520 capitis
1580 486 1729 513 secundum

939 529 1106 556 Malthmum.

972 576 1050 604 Vers.
1066 577 1111 604 55.
1137 577 1170 604 Et
1197 577 1329 611 respondit
1343 592 1378 597 -—-
1392 576 1471 604 Vers.
1492 577 1538 605 55.
1565 583 1651 604 mater
1678 571 1728 604 est.

940 622 1059 650 Rursum
1077 630 1141 650 sane
1152 628 1178 650 et
1191 623 1224 650 de
1236 623 1279 650 his
1296 623 1423 651 omnibus
1441 629 1536 651 exacte
1547 623 1671 652 invenies
1685 631 1731 650 sn-

940 669 1064 701 pradicto
1080 669 1179 704 capite.

131 721 151 756 1-
166 723 229 749 Haec
241 725 331 749 autem
349 721 417 750 dixit
431 729 484 749 non
498 721 630 756 abjiciens
644 720 756 747 omnino
770 720 884 745 matrem
897 720 925 743 et
940 715 1048 748 fratres,
1060 717 1107 744 sed
1119 716 1269 744 ostendens
1280 716 1353 752 quod
1367 717 1441 744 omni
1457 717 1611 752 cognationi
1630 724 1731 752 corpo-

96 769 146 796 rali
161 768 282 803 praeponi
295 768 375 795 debet
387 768 486 795 anima:
500 767 679 795 familiaritas.

79 831 82 834 -
134 816 187 844 Kal
201 815 294 843 πάλιν
310 831 342 836 -
357 815 513 849 θαλάσσῃ.
537 815 611 841 Ἐκεῖ
629 814 677 840 καὶ
699 812 764 848 περὶ
781 810 883 836 τούτων

974 807 1049 835 CAP.
1067 806 1112 834 IV.
1129 806 1206 839 Vers,
1219 807 1284 834 LEt
1302 808 1398 834 iterum
1411 807 1445 828 '—
1457 808 1483 834 in
1499 808 1579 834 mari.
1596 807 1632 835 lbi
1648 810 1730 836 etiam

95 864 227 898 ζήτησον.
261 862 389 889 Ἐκάθισε
418 862 446 889 δὲ
471 861 552 894 οῢτω,
582 860 745 895 βουλόμενος
779 857 885 888 πάντας

957 862 971 881 e
980 853 1023 880 his
1037 860 1137 888 quare.
1150 852 1228 881 Sedit
1242 858 1345 886 autem,
1357 853 1451 881 volens
1464 853 1499 880 ita
1511 861 1606 880 omnes
1617 854 1731 887 habere,

96 909 170 936 κατὰ
189 908 336 944 πρόσωπον
353 908 437 943 ἔχειν,
454 908 500 934 καὶ
521 906 623 941 μηδένα
638 905 709 932 κατὰ
722 904 820 935 νώτου,
839 902 886 929 καὶ

960 898 1099 932 ullumque
1116 902 1179 932 post
1195 902 1300 934 tergum
1319 907 1326 926 :
1347 903 1400 926 eta
1418 898 1484 926 mari
1502 899 1660 934 piscabatur
1683 907 1732 927 eos

96 955 152 982 ἀπὸ
167 955 216 989 τῆς
233 954 373 988 Θαλάσσης
390 954 480 989 ήλὶευε
492 954 555 984 τοὺς
571 953 599 978 ὲν
610 953 643 987 τῇ
663 951 709 986 γῆ.

133 1001 188 1028 Kal
203 1001 263 1034 πᾶς
279 1015 313 1020 —
325 999 373 1035 ἦν.
394 1001 499 1033 Ἥγουν
523 999 569 1025 ἐπὶ
584 997 630 1024 τὸν
653 996 778 1031 αἰγιαλὸν
793 995 887 1030 εἱστή-

97 1056 152 1078 κει,
171 1047 263 1078 καθὼς
275 1044 335 1073 εἷπε
350 1045 501 1077 Ματθαῖος.

188 1104 268 1131 ΚΕΦ.
285 1102 324 1131 ϐ’,
340 1102 408 1136 Περὶ
424 1102 477 1129 τοῦ
495 1103 612 1135 σπόρου
631 1099 797 1135 παραϐολή.

133 1150 187 1178 Καὶ
205 1149 367 1176 ἐδίδασκεν
380 1163 416 1168 —-
430 1148 541 1175 πολλά.
555 1148 671 1183 Εἴρηται
688 1147 752 1181 περὶ
765 1145 820 1172 τῶν
835 1154 887 1172 πα-

100 1195 225 1231 ραὸολῶν
252 1195 356 1221 τούτων
372 1195 402 1221 ὲν
415 1194 454 1229 τῷ
469 1193 587 1228 εἰκοστῷ
606 1193 729 1228 τετάρτῳ
745 1191 888 1226 κεφαλαίῳ

97 1243 146 1270 τοῦ
167 1242 238 1269 κατὰ
256 1241 410 1270 Ματϐαῐον.

134 1289 188 1316 Kal
204 1289 309 1323 ἔλεγεν
322 1304 358 1308 -
371 1287 506 1315 ἀκούετε.
529 1287 643 1321 Ἤγουν,
656 1285 814 1321 προσέχετε.

143 1381 217 1408 Ἰδοὺ
231 1395 266 1400 -
276 1380 395 1408 ἑκατόν.
409 1380 477 1415 Περὶ
492 1378 595 1406 τούτων
614 1378 724 1406 πάντων
735 1378 887 1413 εἰρήκαμεν

98 1428 128 1455 ιν
142 1427 182 1462 τῷ
200 1427 310 1462 ῥηθέντι
326 1425 468 1460 κεφαλαίῳ
483 1425 543 1452 καθ’
557 1424 672 1451 ἕκαστον
687 1423 777 1458 ῥητόν.

134 1475 189 1502 Kal
203 1475 352 1508 ἕλεγεν-
364 1473 507 1500 ἀκουέτω.
531 1472 560 1498 '0
582 1471 652 1506 ἔχων
668 1468 726 1498 ὦτα
739 1469 832 1504 νοητὰ,
847 1469 888 1502 είς

98 1522 128 1549 τὸ
145 1521 278 1553 συνιέναι,
294 1521 419 1547 συνιέτω.

135 1566 248 1593 Ὅτε-ι
267 1564 453 1598 παραϐολήν.
480 1564 510 1589 Ol
532 1562 597 1598 περὶ
627 1561 720 1593 αὑτὸν,
741 1561 838 1596 ἢγουν,
862 1561 886 1586 ol.

99 1613 151 1647 τῆς
181 1610 412 1646 ἑϐδομηκοντάδος
446 1609 501 1636 τῶν
530 1609 618 1635 ἄλλων
646 1607 786 1643 μαθητῶν.
820 1607 887 1633 Ἐπ-

98 1658 215 1693 ηρώτων
230 1656 258 1684 δὲ
271 1656 353 1683 αὑτὸν
369 1655 433 1690 περὶ
448 1655 498 1689 τῆς
511 1654 682 1690 παραεολῆς,
698 1654 738 1680 ὅτι
756 1653 798 1685 τίς
815 1652 857 1687 εῐη
870 1653 887 1688 ή

100 1704 242 1739 παραδολὴ
260 1702 341 1738 αὕτη,
355 1702 444 1733 καθὼς
461 1701 579 1736 ἔγραψεν
597 1701 610 1726 ὁ
629 1700 746 1726 Λουκᾶς.

136 1750 189 1777 Kal
202 1750 308 1784 ἔλεγεν
321 1764 356 1770 —
370 1747 423 1775 τοῦ
437 1747 522 1774 Θεοῦ.
543 1747 659 1782 Εἴρηται
675 1745 722 1772 καὶ
738 1743 804 1781 περὶ
817 1743 886 1770 τού-

98 1805 147 1823 του
164 1797 193 1823 ὲν
209 1796 306 1831 ἐκείνῳ
320 1794 359 1829 τῷ
371 1794 524 1829 κεφαλαίῳ.

140 1841 284 1874 Ἕκεινοις
296 1854 331 1860 ——
347 1841 472 1875 γίνεται.
493 1838 566 1870 Ἐξω
591 1837 666 1871 λέγει
681 1838 745 1869 τοὺς
771 1836 823 1869 ἔξω
838 1837 888 1870 τῆς

100 1887 141 1918 εῐς
153 1886 236 1912 αὑτὸν
248 1885 367 1917 πίστεως
378 1893 386 1901 ⁸
403 1885 431 1912 έν
440 1883 609 1920 παραϐολαῖς
624 1883 652 1910 δὲ
665 1882 697 1909 τὰ
712 1883 801 1908 πάντα
816 1881 889 1915 γίνε-

99 1941 156 1962 ται.
176 1932 210 1959 τὰ
228 1931 279 1966 τῆς
290 1930 477 1961 διδασκαλίας,
490 1929 622 1964 δηλονότι.

135 1977 199 2004 Ἵνα
209 1993 244 1998 -
254 1976 391 2004 συνιῶσι.
406 1977 452 2010 To,
465 1977 533 2003 Ἵνα
541 1975 709 2008 ,βλέποντες
718 1973 888 2006 βλέπωσιν,

101 2023 285 2053 ἀναδίπλωσις
300 2023 368 2054 ὲστι,
379 2022 439 2049 ἀντὶ
455 2021 514 2053 τοῦ,
526 2022 585 2048 Ἰνα
601 2020 736 2057 βλέπωσιν
747 2041 754 2047 .
773 2019 890 2055 Ὁμοίως

54 2066 61 2070 κ
75 2092 79 2094 γ
91 2070 192 2117 gina
206 2070 247 2103 τὸ,
268 2069 445 2101 Ἀκούοντες
460 2068 622 2100 ἀκούωσιν,
638 2067 697 2093 ἀντὶ
713 2066 771 2099 τοῦ,
796 2065 890 2093 Ἀκού-

100 2111 164 2142 ὦὲι.
180 2116 261 2150 Λέγει
277 2115 316 2148 δὲ,
334 2115 375 2141 ὅτι
393 2115 437 2141 ἵνα
462 2114 582 2149 βλέπωσι
608 2114 658 2148 μὲν
685 2113 735 2147 τὴν
760 2111 891 2138 διδασκα-

98 2162 181 2193 λίαν.
210 2161 258 2188 ἅτε
295 2160 485 2196 ὲνωτιζόμενοι
521 2160 642 2194 ταυτήν·
683 2159 721 2194 μὴ
764 2158 840 2185 ἴδωσι
862 2158 890 2185 δὲ

938 944 986 980 qui
997 945 1024 971 in
1036 950 1108 972 terra
1123 948 1213 971 erant.

975 991 1052 1019 Vers.
1068 992 1092 1018 1.
1107 990 1366 1026 Omnisque—erat.
1384 991 1440 1020 Hoc
1455 996 1508 1024 est,
1525 993 1634 1020 stabant
1645 992 1673 1020 in
1686 993 1731 1021 lit‘

939 1041 1007 1068 tore,
1025 1037 1094 1065 sicut
1112 1037 1385 1070 dixitjMatthaaus“.

1099 1093 1176 1120 CAP.
1195 1093 1240 1120 IX.
1259 1093 1297 1120 De
1311 1093 1409 1120 semine
1432 1094 1570 1127 parabole.

975 1139 1051 1167 Vers.
1063 1139 1090 1166 2.
1105 1139 1139 1166 Et
1159 1140 1265 1166 docebat
1277 1155 1310 1159 —
1322 1139 1416 1166 mulla.
1444 1139 1550 1166 Dictum
1564 1145 1605 1167 est
1628 1140 1662 1167 de
1689 1140 1731 1168 his

938 1186 1074 1221 parabolis
1094 1185 1224 1213 vicesimo
1243 1191 1341 1220 quarto
1366 1186 1455 1220 capite
1469 1186 1543 1220 juxta
1562 1186 1728 1214 Mattlneum.

973 1260 1050 1301 vers.
1063 1273 1090 1300 Ξ.
1107 1273 1142 1300 Et
1153 1273 1254 1300 dicebat
1267 1287 1293 1292 ι-
1306 1272 1419 1300 Vers.5.
1430 1274 1535 1300 Audite.
1551 1274 1624 1308 Sive,
1642 1275 1731 1302 anim-

939 1319 1082 1347 advertite.

976 1365 1053 1392 Vers.
1069 1365 1096 1392 3.
1111 1365 1178 1392 Ecce
1190 1380 1225 1385 —
1234 1364 1312 1392 Vers.
1328 1365 1355 1392 8.
1379 1370 1492 1392 centum.
1505 1365 1542 1392 De
1554 1365 1595 1393 his
1604 1367 1731 1394 omnibus

939 1412 1011 1440 dicto
1025 1412 1114 1447 capite
1132 1412 1165 1439 ad
1177 1412 1258 1440 verba
1276 1412 1383 1447 singula
1400 1411 1531 1440 diximus.

974 1457 1051 1486 Vers.
1061 1458 1088 1486 9.
1107 1458 1142 1485 Et
1159 1458 1258 1485 dicebat
1272 1472 1306 1477 ——
1320 1457 1428 1485 audiat.
1438 1457 1487 1490 Qui
1505 1458 1586 1485 habet
1597 1459 1730 1486 auresin-

941 1504 1109 1532 tellcctualcs
1121 1504 1154 1531 ad
1168 1504 1373 1540 intelligendum
1388 1505 1532 1540 intelligat.

976 1549 1051 1577 Vers.
1069 1549 1112 1577 lt).
1145 1548 1435 1583 Cum—parabolam.
1466 1550 1516 1583 Qui
1543 1551 1614 1578 circa
1640 1551 1730 1586 ipsum

939 1599 1027 1628 erant,
1041 1595 1093 1623 hoc
1108 1599 1150 1622 est
1174 1595 1344 1631 septuaginta
1361 1596 1501 1631 discipuli.
1523 1595 1731 1632 lnterrogabant

938 1648 1029 1671 autem
1046 1643 1080 1671 de
1099 1640 1238 1678 parabola,
1254 1652 1314 1678 qua;
1334 1644 1462 1672 videlicet
1488 1649 1562 1672 esset
1577 1646 1634 1672 haec
1649 1653 1730 1680 para-

938 1689 1010 1722 bola,
1023 1689 1092 1717 sicut
1109 1690 1218 1725 scripsit
1232 1691 1359 1718 Lucas“.

977 1734 1055 1763 Vers.
1075 1736 1118 1764 Η.
1134 1735 1168 1763 Et
1186 1736 1287 1763 dicebat
1301 1752 1336 1757 —
1351 1736 1409 1763 Del.
1433 1736 1538 1764 Dictum
1551 1742 1593 1765 est
1616 1737 1650 1765 de
1667 1737 1729 1771 hnc,

940 1780 1036 1808 eodem
1055 1781 1157 1816 capite.

976 1826 1053 1854 Vers.
1075 1828 1118 1854 Η.
1144 1828 1200 1855 Illis
1213 1843 1242 1848 —
1266 1829 1342 1863 ﬁunt.
1360 1828 1437 1856 Foris
1456 1837 1516 1857 esse
1534 1830 1601 1857 dicit
1618 1838 1666 1857 eos
1682 1831 1728 1865 qui

940 1877 1005 1900 sunt
1019 1878 1096 1900 extra
1112 1874 1192 1901 ﬁdem
1211 1875 1238 1901 in
1251 1874 1352 1909 ipsum.
1379 1875 1407 1901 In
1429 1875 1564 1910 parabolis
1581 1883 1645 1903 vero
1661 1877 1730 1903 ﬁunt

941 1920 1043 1951 omnia.
1058 1927 1119 1955 qua:
1133 1919 1261 1947 videlicet
1280 1921 1312 1947 ad
1327 1921 1479 1948 doctrinam
1494 1921 1643 1956 pertinent.

977 1964 1107 1993 VersJﬁ.
1119 1967 1150 1994 Ut
1162 1981 1195 1986 —
1205 1966 1366 2002 intelligant.
1383 1966 1449 1994 Illud
1463 1976 1470 1994 :
1485 1967 1519 1994 Ut
1535 1968 1648 1995 videntes
1660 1968 1730 1995 vide-

941 2016 997 2044 ant,
1012 2012 1193 2047 reduplicatio
1209 2017 1261 2046 est,
1279 2021 1327 2048 pro
1341 2021 1374 2040 eo
1385 2014 1457 2048 quod
1474 2018 1528 2047 est,
1555 2013 1590 2041 Ut
1606 2015 1727 2042 videant.

943 2057 1074 2085 Similiter
1091 2059 1174 2086 illud:
1190 2059 1341 2093 Audientes,
1362 2059 1415 2086 hoe
1438 2064 1489 2091 est,
1513 2059 1640 2087 Audiant.
1660 2060 1728 2086 Dicit

941 2113 1027 2140 ergo:
1047 2105 1083 2133 Ut
1099 2105 1209 2132 videant
1225 2106 1334 2140 quidem
1351 2106 1513 2139 doctrinam,
1530 2111 1657 2140 tanquam
1686 2110 1728 2133 at-

942 2151 1009 2178 tenti
1029 2151 1062 2178 ad
1092 2158 1171 2185 eam;
1189 2159 1244 2179 non
1264 2157 1380 2179 cernant
1410 2156 1500 2179 autem
1535 2159 1607 2185 eam,
1638 2156 1728 2187 utpote

99 2208 204 2243 αὐτὴν,
234 2208 282 2235 ἅτε
312 2206 522 2242 κεκαλυμμένην
551 2207 584 2242 τῇ
614 2205 670 2241 (37)
696 2205 814 2240 ἀσαφείᾳ
836 2205 885 2239 τῆς

957 2197 1074 2224 :irabolae
1123 2197 1288 2225 obscuritate
1334 2202 1497 2232 contectam,
1524 2206 1557 2226 eo
1583 2199 1655 2234 quod
1680 2206 1728 2226 co-

99 2255 272 2290 πειραόολῆς,
291 2254 335 2281 διὰ
349 2254 380 2280 τὸ
397 2251 467 2280 εἶναι
483 2253 582 2284 αὐτοὺς
603 2251 729 2285 ἀναξίους
752 2252 802 2286 τῆς
816 2251 888 2284 γνώ-

101 2309 171 2332 σεως
183 2300 279 2336 αὐτῆς,
292 2301 329 2333 ὼς
345 2300 483 2331 ἀνιάτους.
514 2299 554 2326 Τὰ
569 2298 639 2325 αὐτά
658 2297 686 2325 δὲ
706 2297 782 2333 δηλοῖ
798 2299 844 2324 καὶ
857 2297 888 2324 τὸ

99 2347 175 2382 ἑξῆς.

144 2393 187 2419 Ἑν
202 2393 230 2420 δὲ
243 2392 282 2428 τῷ
290 2392 437 2428 δηλωθέντι
448 2391 589 2426 κεφαλαίῳ
602 2391 649 2418 τοῦ
665 2392 736 2418 κατὰ
747 2391 888 2419 Ματθαῖον

102 2438 186 2473 ἑτέρα
203 2440 293 2465 κεῖται
305 2438 449 2471 ἀπολογία,
462 2438 509 2465 καὶ
524 2437 607 2470 εἰκὸς,
627 2438 786 2473 ἀμφοτέρας
801 2437 887 2473 ρηθῆο

100 2493 146 2511 ναι
162 2484 237 2519 παρὰ
253 2484 300 2510 τοῦ
322 2484 452 2519 Χριστοῦ.

137 2530 260 2564 Μήποτε
275 2547 305 2552 -
320 2531 526 2566 ἁμαρτήματα.
554 2531 669 2566 Εἴρηται
683 2531 731 2557 καὶ
747 2530 812 2556 περὶ
824 2529 886 2556 τού-

99 2586 146 2604 του
162 2577 190 2604 ὲν
203 2577 241 2613 τῷ
255 2577 366 2613 τοιούτῳ
382 2577 531 2612 κεφαλαίῳ.

159 2634 181 2650 ⁸⁸
201 2634 295 2662 Matth.
310 2642 370 2668 xm,
384 2634 411 2662 2.
466 2634 490 2649 "
512 2633 579 2661 Luc.
595 2641 652 2667 vni,
665 2634 691 2661 9.

943 2243 1065 2279 gnitione
1087 2243 1147 2279 ejus
1163 2243 1265 2279 indigni
1284 2250 1386 2277 essent,
1412 2245 1490 2279 quasi
1506 2245 1728 2273 immedicabiles.

943 2289 1005 2317 Haec
1019 2289 1083 2317 item
1097 2289 1254 2318 manifestat
1267 2291 1348 2319 etiam
1364 2291 1436 2326 quod
1450 2291 1583 2327 sequitur.

981 2390 1012 2416 In
1028 2390 1100 2417 dicto
1114 2394 1204 2418 autem
1221 2391 1369 2419 secundum
1390 2390 1544 2419 Matthmum
1561 2392 1658 2426 capite,
1676 2391 1726 2418 alia

947 2435 1058 2471 ponitur
1078 2437 1228 2472 responsio,
1245 2442 1273 2465 et
1291 2437 1437 2465 verisimile
1461 2443 1503 2465 est
1531 2442 1677 2473 utrumque
1688 2439 1722 2464 di-

943 2487 1016 2509 ctum
1035 2482 1144 2511 luissea
1162 2483 1281 2511 Christo.

979 2528 1113 2556 Veranii.
1141 2529 1457 2566 Nequundo—peccata.
1487 2529 1593 2558 Dictum
1623 2535 1666 2558 est
1692 2531 1725 2558 de

943 2574 1004 2608 hoc,
1022 2574 1081 2602 loco
1097 2583 1183 2610 supra
1196 2577 1280 2605 dicto.

706 2691 805 2722 Varias
816 2692 971 2724 lectiones
991 2697 1022 2724 et
1037 2697 1130 2724 none.

140 2754 196 2789 (56)
220 2753 297 2790 Quod
315 2754 358 2781 hic
371 2762 403 2781 ex
425 2754 465 2781 sui
496 2753 596 2781 codicis
630 2754 752 2790 margine
782 2755 886 2784 addidit

102 2790 240 2817 scholium
261 2789 410 2816 llentenius
428 2794 524 2824 neuter
541 2796 676 2824 rmeornm
693 2790 824 2824 agnoscit.
854 2791 882 2818 In

102 2825 205 2853 Catena
227 2824 340 2851 Victoris
360 2823 522 2852 Antiocheni
540 2823 576 2851 ita
594 2823 721 2857 legiturzi
735 2824 828 2852 Ταῦτα
853 2826 882 2852 δὲ

103 2861 156 2895 ἔφη
184 2861 234 2886 οὐκ
256 2859 465 2895 ἀποδοκιμάζων
485 2859 594 2895 πάντως
617 2858 666 2893 τὴν
697 2859 803 2894 μητέρα
833 2862 880 2887 καὶ

105 2894 169 2928 τοϊς
188 2894 329 2930 ἀδελφοὺς,
351 2894 417 2923 ἀλλὰ
436 2895 542 2926 δεικνὺς
557 2894 599 2921 ὅτι
613 2894 701 2930 πάσης
719 2896 878 2930 συγγενείας

941 2757 1100 2791 σωματικῆς
1115 2758 1235 2792 προτιμᾷ
1247 2757 1296 2791 τὴν
1309 2756 1358 2792 τῆς
1370 2756 1414 2792 ψυη
1427 2756 1459 2790 ἧς
1487 2755 1652 2790 οἰκειότητα.
1685 2755 1720 2782 Ita

941 2791 1079 2819 Possinus.
1098 2800 1125 2819 ο.
1148 2791 1192 2819 75.
1214 2797 1240 2819 et
1267 2791 1294 2819 in
1312 2799 1371 2819 mea
1402 2766 1558 2819 ﬁosnuensi
1589 2790 1720 2819 editione.

938 2790 1084 2824 Possinus,
1098 2790 1201 2827 p.75,
1214 2790 1240 2819 et
1267 2791 1294 2819 in
1312 2790 1382 2820 tnea'
1402 2790 1558 2827 Mosquensi
1589 2790 1721 2824 editione,

936 2834 964 2861 p.
991 2827 1036 2854 56.

971 2862 1026 2897 (37)
1053 2862 1211 2897 Ἀσφαλείῳ
1233 2863 1264 2890 Α.
