1940 3075
89 144 143 175 797

571 143 763 174 COMMENT.
786 142 827 173 IN
846 142 1021 173 MARCUM.
1034 156 1070 162 —
1088 143 1166 175 CAP.
1189 144 1240 176 IV.

1670 146 1724 178 798

87 201 144 228 τῶν
184 202 376 236 χρηστοτέρων
413 199 624 237 παραμυθῆται,
658 199 877 236 παραθηγὸντων

938 199 1039 227 ltiliora
1053 201 1220 234 consolatur,
1238 208 1298 236 quae
1312 209 1362 229 nos
1373 201 1407 229 ad
1420 202 1550 230 virtutem
1563 206 1700 230 exacuunt
1713 209 1721 235 ;

88 249 163 282 ἡμᾶς
174 248 214 279 είς
234 247 354 283 ἀρετήν·
372 247 465 282 ἡμέρα
478 247 532 281 γὰρ
544 246 641 279 ταῦτα,
657 246 702 273 διὰ
717 245 764 272 τὸν
795 254 882 280 φωτι-

89 295 159 329 σμὸν
171 296 221 328 τῆς
233 293 405 330 εὐφροσύνης
416 302 424 310 ·
439 293 598 328 βλαστάνειν
606 292 636 320 δὲ
651 293 697 320 καὶ
711 292 881 328 μηκύνεσθαι

87 341 135 368 τδν
159 340 261 376 σπόρον
285 341 315 367 ὲν
340 340 438 375 ἀγνοίᾳ
465 339 513 367 τοῦ
541 340 705 375 σπείραντος
730 337 883 374 statemen-

88 389 193 422 φαίνων
209 387 240 414 τὸ
253 387 409 422 αὐτόματον
426 387 477 421 τῆς
494 386 626 421 τοιαύτης
640 385 818 421 βλαστήσεως
835 386 882 412 καὶ

87 434 242 469 αὐξήσεως,
265 434 312 460 καὶ
335 433 377 460 ὃτι
399 433 469 459 κατὰ
499 433 672 467 προαίρεσιν,
688 432 735 459 καὶ
760 432 791 458 οὐ
809 431 881 458 κατὰ

87 481 213 516 ἀνάγκην
231 479 376 515 βλαστάνει
396 479 446 506 καὶ
474 478 601 512 αὒξεται.
631 478 687 505 Καὶ
707 478 786 505 τοῦτο
799 477 881 513 δῆλον

87 528 143 555 ἀπδ
155 528 210 554 τῶν
225 528 299 562 ἑξῆς.

118 572 276 605 Αὐτομὰτη
291 586 327 592 -
343 571 462 606 στάχυϊ.
482 571 587 606 Χὸρτον
608 570 657 605 μὲν
674 569 879 605 βλαστάνουσιν,

87 619 113 644 οἱ
138 618 226 653 ἀρχὴν
246 620 296 652 τῆς
315 617 417 653 ἀρετῆς
443 617 679 652 παραφαίνοντες,
710 616 758 643 καὶ
779 616 881 643 ἁπαλοὶ

87 664 157 700 πρὸς
172 664 281 698 ἀγῶνας
297 663 374 696 ὄντες
387 663 427 691 ἔτι
442 671 449 678 ·
465 663 566 698 στάχυν
581 663 622 696 δὲ,
647 663 672 689 οἰ
692 662 881 698 προκόψαντες

86 711 127 741 εἰς
146 710 177 736 τὸ
189 710 292 744 ἀγαθὸν
306 709 354 737 καὶ
376 709 552 745 στερρότερα,
578 708 647 744 πρὸς
673 708 723 740 τὰς
749 707 880 743 ἐπηρείας

86 755 230 790 γεγονότες
265 755 313 781 καὶ
343 755 398 790 γὰρ
415 756 428 781 ὁ
443 755 548 789 Στάχυς
566 755 613 781 καὶ
630 754 687 789 (42)
712 754 807 788 γόνασι
824 753 881 780 δια-

87 800 233 832 ζώννυται,
243 801 290 828 καὶ
304 799 395 835 ὄρθιος
407 799 527 835 ἵσταται)
547 807 554 816 ·
569 799 662 835 πλήρη
673 799 702 826 δὲ
712 799 797 832 σῖτον,
815 799 840 825 οἱ
851 798 881 825 τὸ

87 847 191 874 τέλειον
209 846 462 882 καρποφοροῦντες.

123 936 213 963 Ὅταν
223 935 258 962 δὲ
272 951 306 956 -
319 937 336 962 ὁ
350 935 501 970 θερισμός.
515 950 551 954 -
564 935 658 961 Ὅταν
669 934 802 969 παραδῷ,
817 934 878 961 ἀντὶ

87 982 148 1016 τοῦ,
170 983 254 1009 Ὅταν
266 982 371 1017 ὥριμος
385 981 509 1016 γένηται,
525 981 674 1012 τουτέστιν,
691 981 756 1007 ὅταν
770 981 873 1011 πάντες

86 1029 111 1055 oi
136 1028 348 1063 καρποφορῆσαι
371 1027 514 1062 μέλλοντες
529 1027 774 1063 καρποφορήσωσι.
807 1026 873 1062 Δρέ-

88 1081 172 1100 πανον
184 1073 222 1106 δὲ,
241 1073 255 1099 ὁ
269 1073 358 1107 λόγος,
374 1073 389 1098 ὁ
407 1072 457 1108 τὴν
472 1072 627 1099 συντέλειαν
640 1073 688 1099 τοῦ
713 1072 816 1107 κόσμου
832 1080 878 1098 κε-

86 1119 191 1146 λεύων·
222 1119 355 1154 Θερισμὸς
380 1119 420 1150 δὲ,
453 1120 470 1155 η
498 1118 650 1154 συγκομιδὴ
673 1118 728 1145 τῶν
751 1118 875 1146 δικαίων.

87 1163 167 1193 Οὗτοι
185 1165 238 1201 γὰρ
255 1165 358 1200 καρποὶ
371 1165 419 1191 τοῦ
434 1164 613 1199 εὐαγγελικοῦ
632 1164 801 1200 σπέρματος.

122 1213 176 1239 Καὶ
187 1211 429 1246 ἕλεγε-αὺτήν;
442 1210 722 1246 -Παρασαλοῦμεν
732 1211 800 1248 (45),
814 1211 876 1238 ἀντὶ

85 1259 146 1291 τοῦ,
162 1258 389 1294 Παραδείξομεν..

127 1307 177 1338 Ὧς
201 1306 313 1333 κόκκον
344 1305 508 1338 σινάπεως.
551 1304 753 1339 Παραδείξομεν
778 1304 875 1340 αὐτὴν,

87 1352 221 1388 δηλονότι.
254 1353 377 1387 Ζήτησον
391 1352 420 1378 δὲ
436 1352 486 1386 τὴν
503 1351 633 1386 ἐξήγησιν
646 1351 696 1385 τῆς
711 1351 872 1387 παραδολῆς

86 1398 190 1434 ταύτης
219 1399 283 1434 ὅλης
300 1398 329 1425 ἐν
345 1398 384 1434 τῷ
397 1397 515 1433 εἰκοστῷ
530 1398 654 1433 τετάρτῳ
672 1397 814 1433 κεφαλαίῳ
828 1397 875 1424 τοῦ

87 1445 158 1471 κατὰ
171 1445 322 1472 Ματθαίον.

122 1492 175 1525 ’ος
185 1491 259 1519 ὅταν
271 1508 307 1513 -
319 1491 542 1526 πατασκηνοῦν.
559 1491 662 1528 Τρίτην
681 1491 814 1527 εὑρήσεις
825 1490 876 1526 τὴν

934 254 996 273 nam
1012 247 1071 274 haec
1085 246 1155 274 diem
1176 247 1339 281 signiﬁcant,
1360 253 1475 283 propter
1495 247 1723 275 illuminationem

933 292 1043 320 laetitiie.
1059 292 1219 320 Germinare
1237 301 1301 321 vero
1315 298 1447 329 segetem,
1466 297 1493 320 et
1512 293 1539 320 in
1553 293 1636 320 altum
1660 301 1724 320 sur-

933 347 996 374 gere
1012 339 1091 370 dixit.
1109 339 1174 366 dum
1191 340 1299 375 ignorat
1314 340 1337 367 is
1355 340 1401 375 qui
1428 339 1586 370 seminavit,
1611 344 1722 373 sponta-

933 394 1015 414 neum
1039 394 1108 421 opus
1128 386 1307 414 manifestans
1327 386 1532 422 germinationis
1554 391 1635 420 atque
1661 393 1722 411 cre—

932 432 1042 459 menti:
1076 433 1202 468 quodque
1216 433 1293 467 juxta
1319 433 1486 460 voluntatem
1509 437 1537 460 et
1561 439 1616 458 non
1646 431 1722 465 juxta

932 479 1124 507 necessitatem
1138 480 1273 515 germinat
1282 487 1313 506 ac
1323 479 1438 512 crescit;
1448 484 1475 507 et
1486 480 1537 506 hoc
1548 477 1722 506 manifestum

932 530 971 553 est
986 533 1017 553 ex
1038 525 1080 553 his
1094 533 1155 560 qua:
1167 530 1332 560 sequuntur.

968 572 1045 599 Vers.
1060 572 1105 599 28.
1122 572 1194 600 Ultro
1209 586 1240 592 αι
1260 572 1287 598 in
1304 572 1385 606 spica.
1400 570 1514 598 llerbam
1538 569 1646 603 quidem
1661 576 1721 603 ger—

932 618 1046 650 minant.
1062 619 1107 653 qui
1129 619 1238 646 virtutis
1255 618 1420 653 principium
1443 617 1676 644 demonstrantes.
1689 613 1722 640 ad

932 664 1082 691 certamina
1107 669 1173 692 sunt
1198 664 1288 691 adhuc
1305 663 1426 691 delicati.
1450 662 1560 698 Spicam
1580 668 1655 692 vero,
1676 659 1721 694 qui

932 708 959 735 in
972 709 1043 736 bono
1071 710 1255 745 progressi,et
1281 709 1314 736 ad
1339 708 1512 736 sull‘ereudas
1539 705 1722 734 contumelias

931 754 1056 782 duriores
1080 755 1171 783 eﬂecti
1195 759 1281 788 sunt;
1303 755 1378 790 spica
1394 753 1530 789 siquidem
1557 750 1721 778 internodiis

931 801 1117 837 distinguitur,
1143 807 1171 829 et
1191 805 1262 829 recta
1288 801 1317 828 in
1343 801 1428 827 altum
1455 799 1580 833 erigitur.
1607 797 1720 823 Plenum

932 852 1023 874 autem
1050 847 1229 880 frumentum,
1256 847 1304 882 qui
1326 846 1477 882 perfectam
1504 844 1632 871 virtutem
1665 842 1722 869 l‘ru-

930 893 1064 921 ctiﬁcant.

964 940 1043 967 Vers.
1057 939 1103 966 29.
1119 938 1185 967 Cum
1196 944 1284 965 autem
1299 953 1333 958 —
1347 937 1445 964 messis.
1456 950 1490 956 —
1500 934 1566 962 Cum
1578 933 1721 967 productus

929 986 1021 1020 fuerit,
1034 985 1092 1013 sive
1107 992 1169 1012 cum
1183 984 1344 1012 maturuerit
1360 992 1366 1010 :
1381 984 1433 1010 hoc
1446 981 1556 1012 est,ubi
1568 987 1664 1007 omnes
1673 979 1720 1012 qni

928 1033 1045 1059 fructum
1056 1036 1119 1059 sunt
1127 1031 1233 1058 allaturi
1243 1028 1478 1057 fructiﬁcaverint.
1489 1026 1596 1053 Falcem
1605 1032 1668 1052 vero
1679 1024 1720 1051 di-

928 1078 1161 1112 citverbuin,quo
1169 1077 1265 1104 mundi
1290 1071 1718 1111 imperabitconsummationem.

928 1124 1023 1152 Messis
1043 1129 1162 1156 autem,
1189 1123 1306 1151 COiCCliO
1328 1123 1466 1156 justorum
1497 1122 1560 1151 est;
1590 1117 1618 1144 hi
1646 1117 1719 1143 eniin

928 1170 1033 1198 fructus
1051 1175 1115 1198 sunt
1128 1171 1290 1206 evangelicae
1302 1169 1416 1204 segetis.

965 1218 1042 1246 Vers.
1058 1218 1103 1245 '50.
1122 1218 1156 1245 Et
1172 1217 1273 1244 dicebat
1290 1231 1324 1236 ———
1338 1216 1427 1244 illud?
1442 1214 1629 1249 Conferamus,
1668 1211 1720 1237 hoc

927 1271 979 1299 est,
999 1265 1123 1300 exemplo
1138 1263 1382 1291 manilestabimns.

965 1313 1041 1340 Vcrs.
1053 1311 1099 1339 3|.
1115 1311 1162 1339 Eu
1173 1312 1240 1337 sicut
1255 1317 1367 1345 granum
1380 1308 1491 1343 sinapis.
1510 1305 1606 1338 Quaere
1628 1307 1719 1330 autem

928 1359 1011 1387 totius
1021 1359 1103 1393 hujus
1112 1358 1247 1393 parabole
1262 1355 1460 1391 expositionem
1475 1353 1605 1380 vicesimo
1619 1353 1717 1386 quarto

927 1405 1018 1440 capite
1035 1403 1174 1440 Evangelii
1186 1403 1263 1438 juxta
1285 1401 1454 1429 Matthmum.

963 1496 1040 1525 Vers.
1054 1495 1098 1523 3|.
1114 1495 1189 1528 Quod
1206 1494 1269 1521 dum
1281 1508 1317 1514 --
1331 1492 1409 1520 Vers.
1424 1491 1469 1518 55.
1488 1489 1636 1523 nidiﬁcare.
1650 1486 1718 1512 Ter-

84 1538 245 1574 παραὸολὴν
266 1541 369 1574 ταύτην
393 1538 566 1574 τεταγμένην
582 1539 611 1565 ὲν
626 1539 688 1570 ταῖς
704 1537 876 1573 παραϐολαῖς

938 1544 968 1571 ,io
980 1544 1040 1571 loco
1058 1542 1214 1578 parabolam
1240 1541 1311 1568 hanc
1333 1538 1459 1566 invenies
1481 1538 1552 1564 inter
1577 1532 1719 1570 parabolas

85 1584 134 1611 τοῦ
150 1585 281 1620 ῥηθέντος
300 1585 425 1612 εἰκοστοῦ
447 1585 579 1620 τετάρτου
592 1584 752 1620 κεφαλαίου.

121 1629 177 1656 Καὶ
202 1629 354 1662 τοιαύταις
373 1643 408 1649 -
434 1629 568 1656 ἀκούειν.
601 1628 702 1661 Καθὼς
721 1627 793 1665 ἦσαν
807 1629 877 1662 ἄξιοι

84 1675 208 1702 ἀκούειν.
231 1675 346 1711 Εἴρηται
360 1675 390 1702 δὲ
416 1676 464 1702 καὶ
485 1676 551 1710 περὶ
570 1675 668 1702 τούτου
685 1676 715 1702 ὲν
731 1675 770 1712 τῷ
787 1675 878 1712 δηλω-

84 1722 159 1749 θέντι
175 1721 328 1757 κεφαλαίῳ,
345 1721 393 1747 ἐπὶ
411 1721 506 1753 τέλους
523 1721 578 1748 τῶν
593 1721 770 1757 παραϐολῶν.

120 1768 217 1801 Χωρὶς
229 1783 264 1788 -
282 1767 392 1795 πάντα.
422 1767 468 1794 Ἐν
483 1767 581 1802 ὶκείνῳ
595 1768 681 1795 ταῦτα
694 1768 783 1795 πάντα
798 1777 878 1796 σεσα-

85 1814 229 1849 φήνισται.

121 1872 202 1900 ΚΕΦ.
224 1873 252 1899 I'.
270 1872 339 1906 Περὶ
353 1871 409 1906 τῆς
420 1872 620 1907 ἐπιτιμήσεως
633 1872 694 1899 τῶν
711 1873 840 1902 ὑδάτων.

121 1919 176 1946 Kal
188 1919 270 1954 λέγει
279 1919 428 1952 -πλυίᾳλ
440 1920 531 1952 -Ὠς
541 1917 592 1954 ἦν,
607 1919 667 1946 ἀντὶ
676 1919 735 1951 τοῦ,
755 1920 798 1951 Ὠς
813 1919 877 1946 ἑκά-

87 1964 154 2000 θητο
174 1966 203 1990 ὲν
225 1965 263 2000 τῷ
278 1965 374 2000 πλοίῳ.
402 1965 445 1991 Ἐν
462 1964 550 2000 τούτῳ
565 1964 619 2000 γὰρ
639 1965 798 2000 καθήμενος
824 1966 877 1993 ὲδί-

85 2011 196 2044 δασκεν,
219 2011 257 2043 ὡς
283 2011 459 2046 προείρηται.
497 2010 534 2037 Τὸ
561 2011 602 2042 δὲ,
633 2011 685 2038 Ἐν
709 2011 810 2045 ἐκείνῃ
838 2012 876 2046 τῇ

52 2056 54 2058 ⁷
85 2057 194 2110 {gignat-1,
209 2056 265 2084 ῐσον
279 2057 337 2110 ἐιστὶ
353 2057 403 2110 τῷ,
425 2058 470 2084 ‘Ev
484 2058 533 2093 μιᾷ
555 2057 608 2084 τῶν
623 2058 747 2093 ἡμερῶν,
765 2058 802 2090 ὡς
815 2057 876 2085 εἷπε

85 2102 206 2135 ABG-45;.
232 2103 299 2130 Οὐδὲ
317 2103 375 2139 (44)
398 2103 452 2139 γὰρ
464 2104 573 2139 ἐκείνην
584 2103 668 2138 δηλοῖ,
684 2103 746 2131 καθ’
757 2104 791 2140 ἢν
814 2102 876 2132 εἶπε

85 2150 135 2182 τὰς
159 2149 328 2185 παραϐολὰς,
353 2150 412 2177 ἀλλ’
442 2150 551 2184 ἑτέραν,
575 2150 637 2177 καθ’
660 2152 694 2186 ἢν
724 2151 759 2178 τὰ
791 2151 876 2187 ῥηθη-

929 1590 995 1618 dicti
1011 1589 1131 1617 vicesimi
1148 1589 1237 1623 quarti
1254 1586 1362 1622 capitis.

967 1636 1102 1664 Vers.35.
1134 1635 1169 1662 Et
1198 1631 1512 1669 hujusmodi—audire.
1543 1628 1628 1655 Prout
1644 1624 1717 1660 digni

928 1688 1007 1713 erant
1024 1687 1052 1710 et
1064 1683 1119 1717 apti
1135 1681 1170 1709 ad
1181 1681 1358 1709 audiendum.
1382 1679 1489 1706 Dictum
1510 1681 1551 1703 est
1567 1681 1660 1702 autem
1683 1672 1717 1699 de

929 1733 980 1760 hoc
998 1730 1127 1766 praedicto
1139 1729 1227 1765 capite
1244 1728 1317 1755 circa
1336 1726 1417 1753 linem
1432 1723 1634 1760 parabolarum.

963 1778 1041 1805 Vers.
1060 1776 1104 1804 54.
1121 1775 1185 1803 Sine
1198 1789 1233 1794 —
1248 1774 1346 1801 omnia.
1367 1772 1470 1800 Ibidem
1481 1769 1572 1798 omnia
1589 1771 1647 1795 haec
1668 1766 1712 1793 de-

927 1826 1029 1853 clarata
1043 1827 1117 1851 sunt.

1021 1880 1097 1908 CAP.
1115 1878 1148 1906 Χ.
1165 1877 1201 1904 De
1214 1876 1393 1910 increpatione
1404 1873 1473 1902 venti
1488 1877 1512 1899 et
1524 1871 1618 1898 moris.

963 1927 1043 1954 Vers.
1056 1925 1101 1952 35.
1120 1924 1153 1951 Et
1165 1923 1203 1950 ait
1235 1919 1392 1950 —Vers.56.
1415 1918 1530 1952 navigio.
1552 1930 1588 1937 —
1602 1914 1635 1941 Ut
1648 1919 1715 1946 erat,

927 1974 980 2002 hoc
994 1977 1046 2004 cst,
1061 1970 1138 2000 Sicut
1149 1969 1260 1998 sedebat
1276 1969 1301 1995 in
1315 1967 1441 2002 navigio;
1461 1965 1489 1991 in
1505 1971 1538 1990 eo
1551 1963 1635 1990 enim.
1646 1961 1717 1987 sicut

926 2021 1030 2048 dictum
1038 2023 1093 2051 est,
1109 2017 1209 2046 sedens
1224 2015 1350 2043 docebat.
1369 2011 1448 2046 Quod
1471 2014 1562 2036 autem
1589 2007 1690 2034 dicitur
1707 2014 1713 2031 :

927 2068 962 2096 In
981 2066 1094 2097 dieillo,
1116 2063 1229 2099 perinde
1245 2065 1287 2089 est
1301 2068 1333 2087 ac
1350 2060 1373 2086 si
1390 2058 1505 2086 dixisset
1519 2065 1526 2083 :
1542 2055 1575 2083 In
1587 2062 1639 2081 uno
1659 2053 1715 2079 die-

926 2113 1077 2146 rum,sicut
1088 2109 1265 2138 habetLucas
1276 2107 1309 2134 ".
1322 2106 1416 2140 Neque
1432 2104 1506 2131 enim
1519 2102 1595 2129 illum
1611 2101 1712 2130 innuit,

927 2161 954 2189 in
969 2167 1023 2196 quo
1036 2158 1105 2186 dixit
1124 2156 1278 2192 parabolas,
1299 2153 1347 2182 sed
1362 2153 1456 2183 alium,
1478 2157 1533 2185 quo
1555 2148 1626 2175 facta
1649 2150 1714 2196 sunt

86 2198 190 2232 σόμενα
221 2197 328 2231 γίγονε,
355 2197 448 2229 καθὼς
473 2198 521 2224 καὶ
545 2198 575 2224 ιν
603 2197 676 2234 ἀρχῇ
703 2197 752 2225 τοῦ
779 2198 874 2233 τρίτου

938 2216 957 2235 ra
973 2194 1033 2242 quae
1052 2206 1187 2234 dicentur.
1212 2204 1284 2230 sicut
1306 2201 1387 2228 etiam
1418 2200 1444 2225 in
1473 2197 1609 2233 principio
1642 2194 1714 2221 tertii

85 2243 237 2277 κεφαλαίου
271 2242 318 2271 τοῦ
351 2244 425 2270 κατὰ
460 2243 604 2271 Ματθαῖον
634 2245 876 2280 παρεσημειωσά-

107 2289 166 2315 εθα.

107 2298 166 2315 sua.

86 2298 105 2324 μ
119 2335 173 2362 Kal
192 2335 316 2362 ἆλλα-
327 2334 433 2363 αὐτοῦ.
451 2335 520 2362 Μετ’
536 2334 619 2362 αὐτοῦ
637 2335 685 2362 τοῦ
703 2335 810 2368 πλοίου,
827 2335 876 2371 δη-

83 2380 184 2407 λονότι.
202 2381 363 2416 Προσέθηκε
374 2381 402 2407 δὲ
425 2381 490 2416 περὶ
505 2380 561 2408 τῶν
580 2381 681 2414 ἄλλων,
697 2383 747 2417 οὐχ
766 2381 874 2414 ἁπλῶς,

85 2426 155 2452 ἀλλὰ
172 2426 258 2458 δεῖξαι
286 2427 382 2459 θέλων,
401 2427 441 2454 ὅτι
464 2426 546 2454 τοῦτο
575 2427 656 2463 μόνον
687 2427 873 2463 ὲκλυδωνίσθη

86 2472 149 2499 κατ’
160 2473 328 2507 οἰκονομίαν.

129 2573 188 2600 Καὶ
218 2573 334 2608 γίνεται
361 2589 398 2594 -—
432 2572 612 2608 γεμίζεσθαι.
657 2573 774 2609 Εἴρηται
807 2574 874 2609 περὶ

85 2620 191 2646 τούτων
216 2620 245 2646 ἐν
260 2619 298 2655 τῷ
314 2619 450 2655 ἑνδεκάτῳ
476 2618 618 2654 κεφαλαίῳ
638 2619 685 2646 τοῦ
707 2619 778 2647 κατὰ
792 2620 872 2646 Ματ-

83 2666 171 2693 θαῖον.

155 2738 177 2754 ⁴⁷
192 2737 258 2765 Luc.
273 2745 331 2771 vin,
349 2737 394 2764 22.

925 2253 1024 2289 capitis
1033 2252 1113 2288 juxta
1127 2249 1281 2278 Matthzum
1293 2245 1519 2283 signiﬁcavimus.

961 2344 1040 2372 Vers.
1057 2343 1102 2371 '56.
1117 2341 1168 2369 Sed
1181 2345 1206 2369 et
1217 2340 1278 2368 alite
1291 2353 1324 2360 -—
1336 2337 1392 2366 illo.
1413 2336 1480 2364 Cum
1493 2335 1541 2363 illo
1558 2338 1622 2370 puta
1641 2331 1714 2360 naviv

925 2390 969 2426 εἰς)
979 2390 1053 2424 (nam
1065 2377 1166 2420 πλοῖον.
1177 2387 1249 2423 quod
1259 2387 1346 2414 navim
1357 2385 1416 2413 sive
1427 2379 1712 2419 navigiumsignilicat,

926 2437 1029 2464 Graecis
1045 2440 1170 2463 neutrum
1187 2434 1250 2469 est).
1275 2433 1387 2461 Addidit
1404 2435 1496 2459 autem
1514 2429 1547 2456 de
1567 2428 1638 2458 aliis,
1655 2432 1711 2452 non

926 2485 1028 2519 absque
1049 2491 1142 2515 causa,
1164 2482 1211 2510 sed
1232 2485 1261 2509 ut
1283 2481 1418 2511 ostendat,
1442 2477 1515 2513 quod
1530 2483 1578 2504 sua
1594 2471 1713 2508 disposi—

927 2531 1000 2558 tione
1015 2529 1103 2557 solum
1119 2530 1170 2556 hoc
1184 2527 1324 2563 navigium
1341 2526 1495 2562 periculum
1511 2521 1689 2551 sustinuerit.

963 2576 1039 2605 Vers.
1055 2576 1100 2603 57.
1117 2576 1152 2603 Et
1170 2573 1471 2607 ariturﬂiiitpleretur.
1496 2570 1603 2598 Dictum
1621 2573 1662 2597 est
1678 2568 1719 2596 de.

926 2623 988 2656 hoc,
1011 2624 1100 2658 capite
1112 2622 1256 2650 undecimo
1267 2621 1343 2656 juxta
1360 2618 1527 2646 Mattbazum.

689 2771 787 2804 Vario)
803 2772 959 2804 lectiones
972 2775 1002 2804 et
1017 2778 1114 2804 noue.

123 2846 177 2881 (ﬂ)
193 2845 280 2873 Gloss.
293 2845 378 2874 Labb.
395 2844 487 2881 Nodos
501 2853 508 2872 :
522 2844 586 2878 γόνυ
603 2845 739 2880 καλάμου.

121 2884 177 2918 (63)
193 2882 230 2910 Ita
242 2881 314 2909 enim
326 2881 418 2916 legunt
433 2880 542 2909 codices
558 2881 590 2913 Λ,
609 2881 638 2913 Β,
650 2881 678 2908 in
694 2885 779 2909 textu.
796 2880 867 2916 Ergo

916 2845 1000 2881 paulo
1014 2849 1078 2873 ante
1093 2845 1178 2881 etiam,
1189 2844 1319 2874 exhibere
1332 2842 1476 2876 debebant,
1490 2840 1674 2879 ὀμοιώσοςιενι

959 2881 1016 2916 (ιι)
1032 2882 1070 2908 oo
1084 2882 1150 2916 γάρ.
1171 2880 1201 2908 u.
1220 2921 1225 2926 ι
