1940 3075
248 134 302 166 709

866 135 1059 166 EUTIIYMII
1080 137 1263 168 ZIGABEN!

1825 140 1871 173 800

285 191 361 218 Vers.
372 190 416 218 38.
428 190 462 218 Et
474 195 542 219 erat.
559 206 593 212 ——
610 191 689 219 Vers.
702 191 745 218 39.
760 199 869 226 magna.
881 190 988 218 Dictum
1002 195 1041 218 est

1132 192 1185 219 Kal
1206 190 1246 228 ἦν
1264 195 1307 213 ——-"
1316 193 1447 228 μεγάλη.
1465 192 1600 228 ,Ἔρῤήθη
1628 191 1675 219 καὶ
1693 192 1756 228 περὶ
1781 194 1876 222 τούτων

250 235 350 264 ibidem
363 238 396 264 de
414 237 456 264 his
472 237 610 264 omnibus.

291 285 420 313 Vers.“).
440 284 474 311 Et
494 284 678 312 dixit—ita?
699 284 732 311 Ut
752 284 817 319 quid
844 284 881 312 ita
911 284 1013 312 timetis
1030 283 1041 310 ?

249 341 311 361 cum
331 340 373 359 me
389 331 529 358 vobiscum
547 331 681 362 habeatis,
706 331 751 366 qui
770 339 885 366 possum
903 331 937 358 de.
953 335 1042 358 morte

251 385 372 409 servare,
388 381 415 404 et
432 376 523 403 omnia
539 384 662 411 pOSSlllll.

285 425 363 453 Vers.
380 424 424 451 40.
437 423 572 456 Quomodo
586 438 620 443 —
633 422 784 458 ﬁduciam?
800 422 920 450 Firmam
942 431 974 451 ac
997 423 1041 451 in-

249 471 412 498 dubitatum.

285 517 363 544 Vers.
391 516 437 544 41.
461 515 494 543 Et
513 515 657 543 titnuerunt
677 532 704 536 ——
722 517 756 544 ei.
774 517 861 544 Etiam
883 517 917 545 de
938 517 982 545 his
1002 517 1039 545 ibi

249 561 351 589 dictum
367 566 419 589 est.

487 620 564 647 CAP.
579 620 624 649 Xl.
641 620 678 648 lle
697 621 808 657 legione.

284 666 360 694 CAP.
377 667 408 695 V.
430 667 506 694 Vers.
526 668 550 694 i.
569 666 602 693 Et
625 673 751 694 venerunt
768 683 804 689 —
825 667 1040 696 Gadarenorum.

253 714 356 740 Dictum
371 718 414 741 est
429 714 462 741 de
485 714 527 741 bis
542 713 706 741 duodecimo
717 712 858 749 Evangelii
872 714 949 749 juxta
974 715 1038 741 Mat-

252 761 353 787 thzeum
372 761 470 794 rapite.

291 805 366 833 Vers.
377 806 405 832 2.
417 806 450 833 Et
460 814 563 842 egresso
575 821 610 826 —
622 805 701 834 Vers.
735 807 762 834 5.
787 807 972 834 monumentis.
1003 807 1041 834 lbi

253 849 332 876 ttiam
349 849 407 877 haec
417 858 518 884 quaere.

289 894 365 922 Vers.
383 895 409 922 3.
425 895 458 922 Et
489 905 569 931 neque
588 911 624 917 —
645 897 723 925 Vers.
759 897 785 924 6.
820 898 942 925 adoravit
970 906 1042 925 eum.

253 938 332 966 Clara
345 946 408 967 sunt
422 941 479 969 lucc
492 947 519 968 et
537 942 693 971 manifesta.

290 986 364 1014 Vers.
383 988 408 1014 7.
430 987 463 1014 Et
483 987 603 1015 clamans
622 989 767 1016 ——Ea:celsi
784 991 796 1018 ?
811 990 907 1023 Quaere
923 990 950 1017 in
970 990 1043 1018 dicto

253 1031 323 1058 loco.

288 1078 366 1107 Vers.
385 1080 410 1106 7.
426 1079 529 1114 Adjuro
551 1096 586 1101 -—
607 1085 741 1117 torqueas.
768 1081 840 1111 Sane
862 1083 914 1112 hoc
933 1092 1044 1120 quoque

253 1124 347 1151 licebit
366 1130 394 1152 ut
410 1126 473 1153 inde
486 1134 644 1162 cognoscas.

289 1170 363 1198 Vers.
389 1172 416 1198 8.
435 1171 541 1200 Dicebat
561 1187 596 1193 ——
616 1167 731 1202 hornine.
756 1175 847 1204 Multis
871 1178 1043 1207 daemonibus

252 1217 368 1252 imperat
388 1219 465 1253 quasi
490 1228 559 1247 unus
586 1227 671 1255 esset,
694 1228 806 1258 propter
828 1225 1042 1253 imbecillitatem

253 1263 384 1299 ipsorum.

289 1311 367 1338 Vers.
402 1312 427 1339 9.
456 1312 489 1339 Et
515 1314 747 1350 interrogabat—
769 1325 869 1345 sumus.
900 1318 1044 1348 Hominem

252 1357 364 1391 quidem
371 1358 564 1395 interrogabat,
572 1361 873 1397 sedpervenitqutestio
882 1364 915 1391 ad
925 1364 999 1391 multi
1008 1371 1046 1392 tu-

253 1401 345 1428 dinem
357 1403 522 1436 daemonum,
532 1405 614 1439 quiin
629 1405 688 1440 ipso
698 1412 777 1434 erant
790 1417 795 1434 :
806 1409 867 1436 ideo
877 1418 984 1444 quoque
1000 1419 1045 1438 re-

253 1449 365 1482 spondit
394 1450 542 1478 multitudo
562 1451 685 1480 illorum.
710 1453 790 1488 Legio
819 1460 909 1482 autem
933 1462 1044 1492 propter

254 1495 456 1523 multitudinem
474 1497 538 1524 dicti
557 1503 631 1526 sunt.
650 1498 763 1535 Proprie
779 1501 853 1528 enim
878 1502 948 1538 legio
972 1497 1044 1531 mili-

253 1546 310 1569 tum
328 1550 425 1578 agmen
439 1549 490 1571 est.
507 1545 785 1581 lnterrogabatvero.
799 1554 829 1575 ut
845 1556 1043 1584 cognoscerem

259 1588 304 1622 qui
323 1595 472 1624 praesentes
494 1596 583 1624 erant,
607 1593 682 1627 quod
707 1594 856 1622 multorum
887 1595 1043 1624 daemonum

255 1633 438 1663 habitaculum
454 1641 514 1664 erat
526 1645 598 1664 unus
613 1638 706 1666 homo.

289 1681 365 1708 Vers.
391 1681 434 1709 10.
461 1682 495 1709 Et
518 1683 710 1718 deprecabatur
727 1700 760 1706 -—
784 1687 929 1723 regionem.
956 1689 1044 1718 Lucas

252 1735 317 1755 vero
334 1728 410 1761 dixit,
431 1730 503 1764 quod
522 1731 604 1758 etiam
619 1732 841 1771 deprecabantur
854 1743 930 1767 eum,
949 1737 1043 1771 neju-

254 1773 331 1800 beret
343 1774 410 1809 ipsis
427 1779 457 1802 ut
479 1772 507 1803 iu
529 1777 655 1813 abyssum
674 1778 746 1806 irent
772 1779 806 1807 “.
827 1780 982 1809 Verisimile
1003 1787 1042 1810 est

251 1825 354 1853 autem,
372 1822 442 1856 quod
457 1826 486 1849 et
505 1823 557 1850 hoc
573 1829 601 1851 et
619 1824 684 1852 illud
702 1826 936 1861 deprecabantur.

288 1866 365 1894 Vers.
382 1868 426 1895 11.
442 1868 509 1895 Erat
526 1874 614 1897 autem
630 1885 665 1890 —
681 1871 758 1899 Vers.
792 1874 835 1900 15.
860 1874 888 1901 in
907 1875 986 1902 mari.
1006 1874 1043 1903 De

251 1913 293 1940 his
317 1915 509 1949 particularius
529 1917 633 1945 dictum
645 1924 688 1946 est
711 1920 842 1954 praedicto
859 1922 950 1957 capite
974 1922 1043 1949 duo-

252 1961 369 1990 decimo.

287 2006 364 2035 Vers.
383 2008 425 2036 14.
442 2008 492 2041 Qui
512 2018 572 2037 vero
587 2011 730 2046 pascebant
745 2027 779 2033 --
794 2013 862 2048 quod
894 2014 1042 2042 acciderat.

251 2052 382 2081 Similiter
398 2060 426 2082 et
438 2056 471 2083 de
488 2057 530 2084 bis
543 2057 644 2085 dictum
662 2064 714 2085 est.

287 2098 364 2128 Vers.
383 2101 429 2129 15.
444 2102 476 2128 Et
490 2103 596 2130 veniunt
611 2118 645 2123 ——
662 2105 818 2134 timuerunt.
844 2106 932 2135 Lucas
947 2113 1041 2136 autem

251 2147 320 2174 dixit
334 2149 415 2175 etiam
432 2157 439 2175 :
471 2148 521 2176 Ubi
531 2150 685 2178 invenerunt
701 2160 760 2179 eum
780 2153 913 2181 sedentem
928 2155 961 2188 ",
977 2161 1043 2190 puta

251 2195 284 2221 ad
305 2195 387 2228 pedes
404 2194 478 2222 Jesu.

288 2240 365 2268 Vers.
390 2242 432 2269 16.
458 2241 617 2271 Narrabant
644 2245 869 2274 —dtt’moniaco.
895 2247 1040 2280 Quomodo

253 2286 323 2314 facta
337 2287 426 2317 fuerat
439 2289 466 2316 in
482 2299 515 2318 eo
531 2293 646 2320 mutatio
659 2301 691 2320 ac
709 2301 774 2321 sana
790 2302 878 2321 mens.

288 2331 365 2360 Vers.
394 2334 437 2361 16.
453 2335 485 2362 Et
501 2337 532 2363 de
549 2339 646 2371 porcis.
667 2338 810 2371 Quomodo
826 2339 853 2366 hi
872 2339 1021 2374 perierant.

287 2382 365 2409 Vers.
383 2382 426 2409 ΓΙ.
441 2382 629 2418 Coeperuntque
648 2400 683 2405 -—
699 2393 800 2412 eorum.
819 2385 951 2413 Similiter
965 2391 992 2413 et
1007 2387 1041 2414 de

253 2427 295 2454 bis
309 2427 389 2455 docet
407 2428 557 2463 capitulum
574 2429 653 2457 illud.

287 2473 364 2502 Vers.
380 2474 423 2503 18.
439 2475 558 2511 Cumque
577 2478 735 2505 ascendisset
751 2493 785 2498 --
800 2487 859 2505 cum
879 2487 918 2506 eo.
940 2480 1040 2507 Gratus

251 2520 341 2553 simul,
358 2525 385 2548 et
397 2521 535 2549 dtemones
558 2523 667 2556 timens.
693 2532 726 2551 ne
748 2525 807 2552 sine
827 2525 874 2554 illo
899 2527 1039 2559 inventus,

252 2574 359 2596 rursum
377 2568 417 2595 eis
438 2569 601 2598 traderetur.

287 2657 365 2687 Vers.
384 2659 428 2687 19.
442 2659 519 2687 Iesus
535 2665 624 2688 autent
641 2677 676 2682 ——
690 2664 812 2690 misertus
834 2665 868 2691 sit
887 2664 936 2691 tui.
953 2663 1040 2691 Dimi-

1094 238 1204 264 πάντων
1219 239 1248 265 ἐν
1262 238 1370 274 ἐκείνῳ.

1127 284 1181 312 Kal
1195 282 1280 312 εἶπεν
1294 301 1329 305 -
1340 286 1453 319 οὔτως;
1467 284 1543 312 Διατί
1555 283 1678 318 φοῦεϊσθε
1698 284 1795 316 οὕτως,
1808 285 1877 321 ἕχον-

1093 339 1140 360 τες
1154 331 1214 366 μεθ’
1231 332 1340 358 ἑαυτῶν
1357 332 1417 368 ἐμὲ,
1434 332 1480 358 τὸν
1512 331 1611 364 σώζειν
1632 332 1665 358 ὲκ
1680 330 1794 359 θανάτου
1809 333 1877 368 ἰσχύ-

1092 384 1169 408 οντα,
1189 377 1237 403 καὶ
1255 377 1345 404 πάντα
1358 377 1508 413 δυνάμενον
1523 387 1532 412 ;

1131 423 1196 457 Πῶς
1208 437 1241 443 -
1255 424 1370 456 πίστιν,
1394 425 1578 458 ’Λδιστακτον,
1593 425 1793 461 ἀναμφίὅολον.

1130 513 1184 540 Kal
1198 513 1395 548 ἐφοϐήθησαν
1405 529 1441 534 —
1455 514 1546 547 αὐτῷ.
1566 515 1620 541 Καὶ
1637 515 1812 550 περὶτούτων
1824 516 1876 543 ἐκεῖ

1093 559 1252 594 δεδήλωται.

1248 616 1326 643 ΚΕΦ.
1349 616 1402 644 IA'.
1423 617 1493 651 Περὶ
1515 617 1570 644 τοῦ
1586 616 1746 651 λεγεῶνος.

1130 661 1187 689 Καὶ
1208 660 1306 696 ἦλθον
1331 662 1573 697 -Γαδαρηνῶν,
1611 663 1727 699 Εἴρηται
1749 664 1811 700 περὶ
1823 665 1877 692 τού-

1093 717 1148 735 των
1179 709 1208 734 ἐν
1227 708 1265 743 τῷ
1295 709 1441 744 δωδεκάτκρ
1469 709 1610 745 κεφαλαίῳ
1639 709 1687 737 τοῦ
1714 711 1784 738 κατὰ
1807 712 1876 738 Ματ-

1093 755 1178 782 θαῖον.

1129 801 1184 828 Kal
1202 800 1368 833 ἐξελθόντι.
1395 816 1432 823 —-
1455 802 1624 837 μνήμασιν.
1652 803 1727 831 Ἐκεῖ
1737 806 1786 832 καὶ
1798 806 1877 833 ταῦτα

1096 847 1227 883 ζήτησον.

1131 893 1186 920 Kal
1201 893 1271 921 οὔτε
1289 910 1323 914 -
1342 895 1577 929 προσεκύνησεν
1597 896 1689 930 αὐτῷ.
1708 897 1787 932 Σαφῆ
1801 898 1878 925 ταῦτα

1096 940 1143 966 καὶ
1159 939 1289 974 πρόδηλα.

1130 986 1184 1012 Καὶ
1212 985 1326 1020 κράξας
1340 1002 1371 1007 -
1396 986 1566 1022 Ὑψίστου;
1593 989 1716 1024 Ζήτησον
1742 991 1773 1017 ἐν
1789 991 1825 1025 τῷ
1836 993 1878 1027 ρη-

1096 1031 1167 1058 θέντι
1182 1032 1332 1067 κεφαλαίῳ.

1137 1077 1256 1112 Ὁρκίζω
1285 1094 1323 1099 --
1347 1079 1538 1116 βασανίσῃς.
1581 1081 1702 1109 Ἐκεῖθεν
1735 1091 1784 1110 και
1808 1083 1879 1110 τοῦτο

1095 1125 1190 1159 γνοίης
1205 1125 1249 1152 ἄν.

1134 1173 1240 1208 Ἔλεγε
1254 1188 1290 1193 —-
1312 1174 1482 1209 ἀνθρώπου.
1506 1176 1550 1207 Ὠς
1569 1176 1618 1210 ἑνὶ,
1634 1177 1690 1209 τοῖς
1706 1178 1814 1210 πολλοῖς
1830 1178 1878 1204 δαί-

1098 1227 1187 1254 μοσιν,
1206 1220 1359 1254 ἐπιτάττει,
1381 1221 1424 1248 διὰ
1442 1222 1491 1258 τὴν
1507 1222 1651 1250 ἀσθένειαν
1666 1224 1769 1252 αὐτῶν.

1132 1310 1186 1338 Kal
1205 1311 1344 1345 ἐπηρώτα
1359 1327 1396 1332 -
1407 1312 1511 1347 ἐσμέν.
1531 1314 1583 1341 Τὸν
1597 1314 1741 1350 ἄνθρωπον
1755 1316 1803 1351 μὲν
1818 1315 1877 1351 ἔπη-

1099 1357 1191 1392 ρώτα·
1220 1357 1289 1393 πρὸς
1312 1358 1344 1384 τὸ
1366 1357 1469 1393 πλῆθος
1484 1359 1512 1386 δὲ
1538 1360 1592 1386 τῶν
1610 1361 1639 1387 ὲν
1654 1361 1730 1396 αὐτῷ
1752 1362 1877 1396 δαιμόνων

1100 1402 1238 1430 διέϐαινεν
1258 1405 1274 1440 ἡ
1291 1403 1436 1440 ἐρώτησις.
1471 1406 1516 1432 Διὸ
1539 1407 1586 1433 καὶ
1606 1407 1638 1433 τὸ
1663 1407 1768 1442 πλῆθος
1786 1408 1878 1435 τούτων

1097 1450 1246 1485 ἀπεκρίθη.
1278 1450 1392 1485 Δεγεὼν
1415 1451 1444 1478 δὲ
1469 1452 1639 1487 ὠνομάζετο,
1662 1454 1706 1480 διὰ
1723 1453 1757 1480 τὺ
1774 1453 1877 1488 πλῆθος.

1097 1496 1207 1530 Λεγεὼν
1235 1497 1289 1533 γὰρ
1320 1499 1435 1534 κυρίως,
1468 1499 1563 1534 τάγμα
1587 1499 1647 1535 (45)
1678 1509 1877 1536 στρατιωτιχον.

1103 1542 1250 1577 Ἑπηρὼτα
1276 1543 1315 1576 δὲ,
1331 1543 1374 1570 ἵνα
1390 1544 1492 1578 γνῶσιν
1511 1545 1536 1571 οῑ
1548 1546 1694 1580 παρόντες,
1711 1546 1756 1572 ὅτι
1783 1545 1878 1573 πολλῶν

1094 1589 1231 1625 δαιμόνων
1251 1589 1413 1626 οἰκητήριον
1424 1591 1438 1618 6
1455 1589 1496 1624 εἷς
1509 1591 1652 1627 ἅνθρωπος
1663 1589 1708 1628 ἦν.

1130 1683 1186 1710 Kal
1204 1683 1369 1717 παρεκάλει
1392 1697 1429 1704 σ-
1452 1683 1560 1718 χώρας.
1583 1682 1614 1710 ‘0
1628 1683 1656 1710 δὲ
1670 1683 1782 1716 Λουκᾶς
1793 1682 1878 1711 εἶπεν

1094 1729 1136 1756 ὅτι
1151 1730 1198 1756 καὶ
1217 1730 1367 1764 παρεκάλει
1382 1729 1475 1761 αὐτὸν,
1490 1729 1532 1756 ἵνα
1551 1730 1588 1765 μὴ
1606 1731 1723 1766 ἐπιτάξῃ
1738 1731 1831 1762 αὐτοῖς
1843 1731 1876 1761 εἰς

1093 1775 1143 1811 τὴν
1158 1775 1277 1802 ἄϐυσσον
1293 1775 1434 1802 ἀπελθεῖν.
1464 1776 1547 1808 Εἰκὸς
1562 1776 1626 1812 γὰρ,
1649 1777 1698 1804 καὶ
1712 1777 1778 1813 περὶ
1793 1777 1876 1804 τούτου

1094 1822 1222 1848 κάκείνου
1242 1821 1425 1858 παρακαλεῖν.

1128 1866 1186 1895 Ἦν
1199 1867 1233 1894 δὲ
1246 1883 1281 1888 -
1296 1868 1331 1895 ἐν
1346 1867 1384 1903 τῇ
1403 1869 1559 1903 θαλάσσῃ.
1579 1869 1646 1904 Περῖ
1661 1869 1767 1896 τούτων
1779 1870 1879 1905 εῖρητα.

1093 1915 1273 1951 λεπτομερῶς
1304 1916 1334 1942 ὲν
1358 1915 1398 1951 τῷ
1412 1915 1604 1952 λπρορρηθέντι
1634 1915 1779 1951 δωδεκάτῳ
1802 1925 1880 1950 κεφα-

1093 1963 1172 1997 λαίῳ.

1130 2011 1162 2036 Ol
1182 2009 1216 2036 δὲ
1228 2009 1401 2042 βόσκοντες
1415 2025 1450 2032 -
1464 2008 1602 2044 γεγονός.
1624 2009 1742 2044 Ὁμοίως
1762 2011 1808 2037 καὶ
1821 2019 1851 2036 πε
1856 2009 1879 2044 pl.

1130 2014 1162 2036 οι
1182 2014 1216 2036 δὲ
1228 2014 1401 2042 ,βόσκοντες
1415 2025 1450 2032 -
1464 2014 1602 2044 γεγονός.
1624 2014 1742 2044 ὐμοῐως
1762 2014 1808 2037 καὶ
1815 2014 1919 2109 Ψ

1093 2064 1208 2083 τουτων.

1129 2102 1184 2129 Kal
1209 2102 1352 2137 ἔρχονται
1380 2117 1415 2123 -
1442 2101 1649 2136 ἐφοϐήθησαν.
1672 2101 1703 2127 ’0
1731 2103 1758 2129 δὲ
1782 2101 1880 2134 Λοῧιᾶς

1093 2146 1166 2180 εἶπε,
1179 2149 1226 2175 καὶ
1240 2148 1302 2175 Ποῧ
1327 2146 1419 2182 εὖρον
1431 2147 1526 2175 αὑτὸν
1550 2147 1734 2182 καθήμενον,
1752 2149 1792 2175 ὅτι
1813 2150 1880 2184 παρὰ

1057 2210 1080 2239 D
1095 2197 1157 2229 τοὺς
1174 2197 1260 2227 πόδας
1278 2196 1326 2223 τοῦ
1342 2195 1443 2231 Ἰησοῦ.

1129 2244 1322 2278 Διηγήσαντο
1353 2258 1390 2263 --
1423 2243 1665 2280 δαιμονιζομένῳ.
1694 2244 1758 2277 Πῶς
1779 2244 1881 2280 ἐγένετο

1093 2291 1169 2323 αὐτῷ
1184 2291 1199 2325 ὴ
1219 2289 1358 2325 μεταϐολὴ
1374 2289 1421 2316 καὶ
1438 2290 1612 2326 σωφροσύνη.

1128 2335 1181 2363 Kal
1201 2335 1266 2369 περὶ
1279 2334 1339 2361 τῶν
1357 2335 1477 2368 χοΙρων.
1496 2334 1558 2366 Πῶς
1574 2331 1650 2361 οὗτοι
1663 2334 1816 2362 ἀπώλοντο.

1129 2382 1182 2410 Καὶ
1197 2380 1330 2415 ἤρξαντο
1341 2395 1376 2401 -
1388 2379 1498 2407 αὐτῶν.
1514 2381 1568 2407 Καὶ
1581 2381 1646 2416 περὶ
1663 2381 1768 2408 τούτων
1788 2381 1880 2414 ὁμοίως

1093 2429 1124 2456 es
1137 2428 1285 2463 κεφάλαιον
1303 2427 1392 2454 ἐκεῖνο
1405 2427 1537 2453 διδάσκει.

1127 2477 1184 2504 Kal
1200 2476 1347 2511 ἐμϐάντος
1369 2476 1478 2510 -μετ’
1491 2475 1595 2503 αὐτοῦ.
1615 2476 1696 2511 Ἀμα
1715 2476 1767 2511 μὲν
1783 2475 1878 2508 εὐγνω-

1095 2523 1196 2560 μονῶν,
1223 2523 1282 2557 ἅμα
1300 2522 1328 2548 δὲ
1347 2522 1394 2548 καὶ
1420 2521 1590 2557 φοϐούμενος
1605 2523 1669 2554 τοὺς
1688 2522 1831 2557 δαίμονας,
1848 2519 1881 2554 μὴ

1094 2571 1179 2605 χωρὶς
1190 2569 1274 2596 αὑτοῦ
1291 2568 1384 2596 τοῦτον
1401 2567 1539 2603 εὑρόντες,
1569 2567 1652 2594 πάλιν
1676 2567 1881 2602 ὲπιπηδήσωσιν

1093 2617 1179 2653 αὐτῷ.

1131 2665 1159 2691 '0
1174 2663 1209 2690 δὲ
1221 2661 1337 2697 Ἰησοῦς
1359 2676 1392 2682 -
1413 2659 1529 2694 ὴλέπσέ
1539 2667 1585 2687 σε.
1619 2660 1769 2686 Ἀπέλυσεν
1793 2659 1879 2688 αὑτὸν,

251 2704 358 2732 sitcum
383 2705 488 2740 abjecto
501 2714 567 2734 sane
578 2707 613 2735 ab
627 2715 660 2735 eo
672 2708 828 2743 hujusrnodi
848 2709 954 2742 timore,
969 2711 1040 2745 quod

1115 2711 1170 2738 ιῦτο
1198 2709 1248 2745 μὲν
1272 2709 1318 2735 τὴν
1333 2706 1455 2734 τοιοῦτον
1471 2705 1555 2741 φόϐον
1573 2706 1696 2733 ὲκὸαλὼν
1723 2705 1773 2732 ἀπ’
1787 2704 1878 2738 αὐτιῦ,

255 2795 277 2812 ⁵⁵
293 2794 359 2823 Luc.
375 2803 423 2823 vtll
451 2796 496 2824 51.
551 2798 574 2814 ⁵⁹
588 2799 656 2826 Ibid.
668 2799 713 2826 35.

869 2835 970 2866 Variae
981 2835 1133 2867 lectiones
1150 2837 1181 2865 et
1203 2835 1297 2865 uotae.

300 2868 355 2904 (45)
375 2870 510 2906 Τάγματα
527 2874 722 2908 στρατιωτικά.
741 2875 772 2902 Δ.
