1940 3075
75 159 134 193 801

561 162 757 195 COMMENT.
784 164 824 195 IN
843 163 1020 194 MARCUM.
1038 176 1074 183 -
1093 164 1174 195 CAP.
1194 167 1227 197 ν.

1665 169 1719 200 802

75 218 117 251 ὡς
146 217 246 253 μηκέτι
271 217 325 245 τῶν
348 217 484 253 δαιμόνων
515 219 752 255 κατατολμώντων
766 220 870 246 αὑτοῦ·

931 227 980 247 ion
994 220 1129 248 auderent
1140 221 1173 248 ad
1185 228 1247 248 eum
1259 221 1397 251 daemones
1411 223 1554 259 accedere,
1565 228 1593 251 et
1605 229 1633 251 ut
1647 224 1720 258 Illos.

76 264 164 291 τοῦτο
180 264 220 297 δὲ,
235 264 282 291 καὶ
313 264 356 291 ἵνα
373 267 428 296 τοῖς
454 265 483 292 ἐν
503 266 541 301 τῷ
556 267 623 303 οἴκῳ
634 267 682 293 καὶ
711 268 745 302 τῇ
762 267 874 302 πατρίδι

76 311 167 338 αὐτοῦ
187 310 349 343 διδάσκαλος
369 311 415 338 τοῦ
430 311 572 347 θαύματος
586 312 711 348 γένηται.
738 313 795 340 Οὐκ
811 312 874 340 εἷπε

75 358 118 392 δὲ,
135 359 176 385 ὅτι
198 359 267 384 Ὀσα
282 367 324 384 σοι
346 359 495 393 πεποίηκα,
509 359 566 386 ἀλλ’
578 360 617 386 ὅτι
636 360 711 386 Ὅσα
722 368 772 387 σοι
785 361 801 386 ὀ
813 361 874 386 Κυ-

72 414 146 440 ριος
161 405 320 438 πεποίηκε,
345 405 384 440 τῷ
405 406 493 442 Πατρὶ
515 407 546 432 τὸ
570 406 662 442 θαῦμα
689 406 875 441 ἐπιγραφόμε-

78 460 135 484 νος,
159 451 205 478 καὶ
233 450 372 478 παιδεύων
389 452 473 486 ἡμᾶς,
488 451 527 487 τῷ
541 451 602 488 Θεῷ
623 453 657 479 τὰ
671 452 874 488 κατορθώματα

76 497 293 533 ἐπιγράφεσθαι.

114 544 170 570 Kal
187 543 308 578 ἀπῆλθε
323 558 358 563 -
374 544 549 580 ἐθαύμαζον.
574 545 603 571 '0
621 545 671 580 μὲν
690 545 809 580 Χριστὸς
825 545 874 580 pe-

78 591 257 625 τριοφρονῶν,
284 590 323 626 τῷ
350 591 439 626 Πατρὶ
466 593 496 618 τὸ
523 591 605 628 ἔργον
634 592 790 628 ἀνέθηκεν⁸
814 593 827 619 ό
845 592 874 619 δὲ

77 636 262 671 θεραπευθεὶς
292 637 474 672 εὐγνωμονῶν
489 659 496 670 ,
517 638 555 674 τῷ
584 638 695 674 Χριστῷ
722 639 802 665 τοῦτο
825 638 872 666 ἀνο

77 681 175 708 ετίθει.

78 739 160 766 ΚΕΦ.
175 739 224 767 ΙΒ’.
239 739 309 774 Περί
323 740 379 775 τῆς
390 742 538 776 θυγατρὸς
550 742 603 770 τοῦ
611 742 871 778 ἀρχισυναγώγου.

114 785 171 812 Kal
216 785 457 820 διαπεράσαντος
497 787 549 814 τοῦ
595 788 749 823 Ἰησοῦ-
778 788 873 823 ἐσχά-

77 837 135 863 τως
152 831 226 866 ἔχει.
244 832 311 867 Περὶ
325 832 422 860 τούτου
448 833 610 868 διελάὸομεν
630 836 658 860 ἑν
672 834 711 869 τῷ
729 843 873 861 πεντεκαι-

78 876 187 912 δεκάτῳ
203 878 344 914 κεφαλαίῳ
357 878 403 906 τοῦ
415 880 486 907 κατὰ
499 879 648 908 Ματθαῖον.
666 880 702 907 Th
719 880 747 907 δὲ
763 880 872 916 Ἐσχά-
889 900 910 928 Β

79 932 137 958 τως
152 925 226 959 ἔχει,
244 925 306 952 ἀντὶ
318 925 376 958 τοῦ,
395 925 544 953 Τελευταῖα
557 926 642 953 πνέει.

118 972 185 998 Ἵνα
199 971 297 999 ἐλθὼν
310 985 346 991 -—
359 971 492 1006 ζήσεται.
507 972 577 999 Καθ’
595 972 749 1008 ὑπερϐατόν
766 974 840 1001 ἐστιν
856 974 872 1009 ἡ

79 1019 136 1046 τῶν
149 1019 242 1055 ῥητῶν
269 1018 407 1051 σύνταξις,
423 1019 463 1045 ὅτι
493 1019 648 1054 παρεκάλει
674 1019 756 1046 αὐτὸν
775 1019 871 1051 πολλὰ,

80 1066 126 1093 tua.
152 1065 237 1093 ἐλθὼν
267 1065 349 1102 ἐπιθῇ
376 1065 451 1101 αὐτῷ
482 1065 532 1098 τὰς
556 1067 661 1102 χεῖρας,
686 1066 782 1093 καὶτὰ
797 1065 871 1101 ἑξῆς.

80 1110 148 1138 Εἶτα
163 1112 194 1138 τὸ
206 1112 235 1138 ὲν
252 1111 337 1147 μέσῳ.

115 1158 171 1185 Καὶ
186 1156 305 1192 ἀπῆλθε
319 1172 352 1177 -
363 1157 467 1185 αὐτὸν.
488 1157 667 1193 Συνέπνιγον,
680 1154 759 1185 εἷπεν
775 1158 789 1184 ὁ
801 1158 872 1184 Λου-

81 1204 143 1237 κᾶς,
159 1203 247 1232 εῖτουν
275 1204 423 1231 συνώθουν.

194 1261 274 1288 ΚΕΦ.
290 1259 340 1287 ΙΓ¹.
355 1262 424 1296 Περί
445 1261 501 1296 τῆς
512 1261 745 1297 αἰμορῤοούσης.

116 1307 170 1335 Kal
183 1308 260 1342 γυνὴ
276 1322 310 1328 -
324 1308 428 1335 αὑτοῦ.
445 1308 480 1335 Τὸ
494 1309 642 1344 κεφάλαιον
659 1308 737 1336 τοῦτο
749 1307 872 1344 φανερώ-

84 1361 160 1388 τερον
174 1353 305 1388 ἐξέθηκεν
321 1354 334 1380 ό
349 1354 469 1388 Λουκᾶς,
492 1355 540 1381 καὶ
566 1355 685 1391 ζήτησον
706 1354 771 1391 παρ’
796 1353 872 1389 αὐτῷ

82 1399 130 1434 τὴν
141 1399 274 1434 ἐξήγησιν
289 1399 336 1426 τοῦ
349 1399 473 1426 εἰκοστοῦ
491 1400 572 1428 ἕκτου
583 1401 741 1436 κεφαλαίου-

119 1491 226 1524 ”Ελετ·ε
246 1505 282 1510 -
313 1490 499 1524 σωθήσομαι.
535 1490 651 1525 Εἴρηται
679 1491 744 1527 περὶ
774 1492 870 1520 τούτου

82 1536 162 1572 ἐντῷ
176 1536 363 1571 ὲξκαιδεκάτῳ
389 1535 530 1571 κεφαλαίῳ
556 1535 604 1563 τοῦ
631 1537 702 1564 κατὰ
719 1538 870 1566 Ματθαϊον.

117 1629 171 1656 Kal
187 1629 297 1661 εὐθέως
309 1642 344 1647 -
359 1627 518 1662 μάστιγος.
538 1627 629 1661 Ἔγνω
650 1627 694 1654 διὰ
707 1628 754 1655 τοῦ
775 1628 870 1664 σώμα-

83 1682 140 1705 τος,
158 1673 258 1708 μηκέτι
287 1672 449 1707 ῥαινομένου
468 1673 523 1703 τοῖς
544 1672 722 1707 σταλαγμοῖς,
741 1673 782 1698 ὅτι
797 1672 872 1699 τεθε-

84 1720 230 1756 ράπευται.
260 1719 390 1752 Μάστιγα
403 1718 441 1750 δὲ,
457 1718 505 1753 τὴν
521 1720 597 1745 νόσον
613 1718 753 1750 ἐκάλεσεν,
768 1718 806 1750 ὡς
820 1727 872 1754 μα-

82 1767 225 1798 στίζουσαν
242 1764 336 1799 αὐτὴν,
355 1764 402 1792 καὶ
415 1764 454 1800 τῷ
470 1764 543 1800 πόνῳ
557 1765 605 1792 καὶ
621 1766 654 1800 τῇ
674 1764 802 1800 αἰσχύνῃ.

117 1857 170 1883 Kal
184 1857 293 1889 εὐθέως
304 1871 339 1876 -
353 1855 412 1891 τὴν
427 1855 516 1883 τοῦτο
532 1855 717 1889 ποιήσασαν.
747 1856 870 1891 Ζήτησον

82 1904 130 1931 καὶ
147 1903 213 1938 περὶ
225 1903 328 1930 τούτων
341 1903 370 1930 ἐν
384 1904 416 1938 τῇ
429 1902 560 1938 ἐξηγήσει
576 1901 624 1928 τοῦ
641 1901 764 1929 εἰκοστοῦ
788 1902 868 1929 ἕκτου

83 1950 231 1984 κεφαλαίου
260 1949 308 1976 τοῦ
336 1949 407 1976 κατὰ
431 1949 541 1975 Λουκᾶν
568 1948 746 1982 Εὑαγγελὶου.
781 1948 867 1981 Τδδὲ,

926 266 971 301 qui
981 270 1059 293 erant
1074 266 1100 293 in
1114 266 1195 293 domo
1207 271 1234 294 et
1247 267 1332 301 patria
1347 275 1406 299 sua.
1416 268 1527 296 doceret
1539 269 1718 297 miraculum.

926 311 985 338 Non
998 310 1064 338 dixit
1081 315 1171 338 autem
1189 320 1196 338 :
1209 312 1315 344 Quanta
1331 312 1378 339 tibi
1394 312 1517 343 fecerim,
1532 314 1579 340 sed
1592 322 1599 340 :
1613 313 1720 346 Quanta

925 358 972 384 tibi
987 357 1111 384 Dominus
1125 358 1225 392 fecerit.
1246 358 1320 385 Patri
1335 359 1496 386 miraculum
1523 360 1665 388 ascribens
1687 369 1719 389 ac

924 404 1026 431 docens
1051 411 1109 435 nos.
1133 408 1163 430 ut
1180 405 1287 440 egregia
1306 405 1440 432 virtutum
1462 413 1544 440 opera
1563 405 1619 434 Deo
1639 407 1719 434 attri-

925 450 1050 478 buamus.

960 539 1039 567 Vers.
1059 540 1105 568 20.
1124 541 1157 567 Et
1172 541 1237 568 abiit
1253 556 1289 560 —
1305 542 1485 569 mirabantur.
1509 541 1635 570 Christus
1661 551 1720 571 nio—

924 586 1018 614 destia:
1046 595 1126 615 causa
1160 588 1232 614 Patri
1267 589 1430 616 miraculum
1454 589 1643 619 attribuebat:
1671 590 1717 624 qui

923 636 1014 659 autem
1040 637 1153 661 curatus
1169 634 1268 666 fuerat,
1293 642 1354 661 cum
1380 639 1473 669 gratus
1495 639 1581 667 esset,
1608 635 1717 662 Christo

923 679 1089 706 ascribebat.

1074 737 1149 764 CAP.
1167 738 1224 764 ΧΗ.
1242 738 1278 764 De
1296 738 1353 772 ﬁlia
1369 739 1581 774 archisynagogi.

962 784 1038 812 Vers.
1055 784 1100 811 2|.
1117 783 1234 819 Cimique
1251 783 1325 810 Jbsus
1349 785 1411 811 navi
1433 785 1580 819 trajecissut
1592 801 1625 805 —
1638 785 1718 813 Vcrs.

922 830 968 858 25.
993 831 1021 858 in
1043 831 1167 858 extremis
1188 835 1235 857 est.
1251 830 1289 857 De
1306 831 1358 858 hoc
1374 831 1584 865 disputavimus
1608 832 1716 859 decimo

924 876 1024 911 quinto
1044 877 1134 911 capite
1156 876 1295 912 Evangelii
1313 877 1463 903 secundum
1490 877 1658 904 lllatthmum.
1685 879 1718 904 lu

923 923 1049 950 extremis
1061 928 1110 955 est,
1128 923 1180 949 hoc
1192 927 1233 949 est
1250 922 1431 950 novissimum
1444 922 1553 950 exhalat
1565 923 1703 958 spiritum.

958 970 1038 997 νει-ε.
1056 969 1101 996 23.
1123 969 1154 997 Ut
1178 970 1282 996 ueniens
1299 984 1333 989 -—
1347 970 1454 996 viveret.
1473 969 1526 996 Per
1547 970 1716 1005 hyperbaton

922 1020 965 1044 est
984 1016 1052 1043 ordo
1072 1015 1219 1043 verborum
1244 1024 1251 1042 :
1273 1015 1347 1051 quod
1369 1015 1497 1043 videlicet
1519 1015 1718 1050 deprecabatur

923 1070 985 1090 eum
1003 1063 1131 1095 multum,
1154 1067 1184 1089 ut
1207 1062 1333 1095 veniens,
1364 1063 1520 1097 imponeret
1542 1062 1580 1089 illi
1603 1070 1714 1095 manus,

922 1113 988 1142 etc.,
1002 1108 1102 1135 deinde
1122 1108 1246 1141 addatur,
1264 1109 1337 1143 quod
1353 1108 1380 1135 in
1397 1108 1487 1135 medio
1498 1112 1551 1135 est.

957 1154 1036 1182 Vers.
1052 1154 1098 1181 24.
1114 1154 1146 1181 Et
1165 1155 1244 1181 abiit.
1254 1169 1290 1174 ——
1303 1163 1372 1181 eum.
1387 1153 1570 1182 Coarctabant
1580 1162 1656 1188 eum,
1679 1155 1717 1182 ait

922 1197 1012 1226 Lucas
1023 1198 1059 1230 ",
1075 1199 1133 1226 sive
1149 1199 1337 1234 impellebant.

923 1255 999 1283 CAP.
1014 1254 1083 1282 XIII.
1098 1255 1137 1282 De
1155 1256 1263 1283 muliere
1282 1257 1393 1292 sanguis
1418 1258 1546 1292 proﬂuvio
1564 1258 1714 1285 laborante.

958 1300 1036 1330 Vers.
1062 1301 1108 1328 25.
1147 1301 1184 1328 Et
1222 1301 1328 1329 mulier.
1360 1317 1395 1322 —
1425 1302 1560 1330 Vers.27.
1583 1304 1650 1338 ejus.
1681 1317 1717 1325 —-

922 1345 1011 1382 Caput
1038 1347 1090 1374 hoc
1113 1347 1284 1375 manifestius
1314 1348 1458 1383 proposuit
1478 1349 1566 1376 Lucas
1591 1358 1598 1377 :
1625 1357 1717 1385 qurere

922 1401 988 1430 ergo
1016 1395 1087 1430 apud
1117 1403 1179 1423 eum
1222 1396 1427 1423 enarrationem
1467 1396 1599 1425 vicesimo
1639 1402 1717 1425 sexto

923 1441 1022 1476 capite.

958 1487 1038 1515 Vers.
1053 1487 1099 1515 28.
1111 1487 1252 1515 Dicebat—
1282 1489 1358 1517 salva
1373 1498 1427 1517 ero.
1440 1490 1548 1518 Dictum
1563 1490 1647 1518 estde
1663 1490 1716 1518 hoc

922 1533 1029 1562 decimo
1059 1539 1136 1562 sexto
1165 1535 1254 1570 capite
1281 1535 1420 1572 Evangelii
1457 1537 1611 1565 secundum
1648 1537 1716 1566 Mat-

884 1574 906 1604 C
923 1580 1035 1608 thmum.

957 1627 1036 1654 Vers.
1068 1627 1113 1655 29.
1130 1627 1164 1654 Et
1190 1629 1315 1656 continuo
1343 1630 1509 1665 —ﬂagello.
1530 1630 1665 1667 Cognovit
1688 1631 1716 1658 in

921 1680 1046 1708 corpore,
1056 1674 1139 1708 quod,
1157 1682 1190 1701 cx
1206 1683 1260 1710 quo
1273 1676 1329 1710 jam
1339 1684 1394 1703 non
1409 1676 1527 1705 ﬂuerent
1547 1683 1631 1713 gutta:
1650 1687 1717 1707 san-

921 1718 1021 1753 guinis,
1042 1726 1136 1747 sanata
1153 1726 1235 1748 esset.
1259 1721 1407 1758 Flagellum
1439 1731 1502 1750 vero
1529 1724 1715 1753 inﬁrmitatem

923 1764 1085 1799 nominavit,
1098 1770 1128 1794 ut
1142 1774 1203 1801 qua:
1218 1767 1303 1802 ipsam
1319 1773 1377 1796 tum
1393 1769 1499 1801 labore,
1533 1774 1589 1797 tum
1610 1772 1716 1806 pudore

924 1811 1116 1846 ﬂagellaverat.

962 1858 1037 1886 Vcrs.
1052 1859 1096 1886 50.
1111 1859 1258 1895 Statimque
1270 1876 1305 1880 —
1317 1861 1395 1889 Vers.
1415 1862 1460 1890 '52.
1476 1871 1534 1898 qua:
1548 1863 1595 1890 lioc
1607 1865 1704 1899 fecerat

924 1903 1021 1938 Qutere
1035 1906 1118 1932 etiam
1133 1905 1167 1933 de
1180 1906 1222 1934 his
1235 1906 1263 1933 in
1273 1908 1445 1942 expositione
1458 1909 1659 1946 vicesimiscxti
1668 1917 1714 1937 ca-

923 1951 989 1986 pitis
1012 1952 1151 1988 Evangelii
1172 1954 1326 1981 secundum
1347 1954 1463 1983 Lucam.

82 1996 211 2031 ὲπιγνοὺς
239 1996 268 2022 ὲν
287 1994 376 2029 ἐαυτῷ
391 1994 440 2029 τὴν
456 1993 487 2025 ἐξ
517 1992 601 2020 αὑτοῦ
620 1993 736 2027 δύναμιν
766 1991 939 2028 ἐξελθοῦσαν,
961 1994 1024 2022 καθ’
1045 1996 1201 2033 ὑπερϐατὸν
1235 1998 1436 2033 ἀναγνωστέον,
1468 2001 1510 2028 ὅτι
1545 2001 1671 2036 ἐπιγνοὺς
1687 2003 1715 2028 ἐν

82 2043 170 2079 ἑαυτῷ
184 2043 233 2078 τὴν
251 2041 411 2075 ἐξελθοῦσαν
427 2040 457 2074 ἐξ
470 2040 552 2066 αὐτοῦ
568 2040 693 2074 δύναμιν.

95 2091 159 2119 ’δἨ
188 2090 222 2117 δὲ
245 2088 323 2124 γυνὴ
349 2103 377 2110 —
413 2087 549 2122 εφήνην,
579 2087 635 2114 Καὶ
663 2085 750 2113 ταῦτα
778 2085 869 2114 πάντα

82 2135 323 2174 διηρμηνεύθησαν
336 2135 365 2161 ὲν
381 2132 420 2169 τῷ
436 2133 544 2169 ῥηθέντι
563 2131 680 2167 εἰκοστῷ
692 2132 764 2168 ἕκτῳ
782 2141 869 2167 κείρα-

81 2185 161 2219 λαίῳ.

956 2068 1090 2114 Vers.53.
1108 2086 1206 2113 Mulier
1234 2091 1372 2114 autem—
1391 2087 1470 2117 νει-ε.
1498 2090 1543 2118 54.
1573 2091 1607 2118 In
1634 2102 1712 2129 pace.

921 2130 984 2160 llaec
995 2140 1104 2168 quoque
1122 2133 1216 2160 omnia
1227 2133 1365 2161 declarata
1380 2140 1446 2163 sunt
1469 2136 1497 2164 in
1520 2139 1650 2172 praedicto
1673 2141 1713 2168 vi-

921 2178 1025 2205 cesimo
1045 2182 1122 2206 sexto
1138 2180 1238 2214 capite.

119 2230 172 2258 Kal
186 2233 249 2257 ισθι
273 2243 308 2249 -
331 2227 479 2263 μάστιγός
494 2235 564 2254 σου.
589 2225 676 2252 Τοῦτο
692 2224 753 2252 οὕτε
770 2226 784 2252 ό
796 2226 870 2252 Ματ-

961 2223 1036 2251 Vers.
1052 2224 1098 2253 54.
1127 2224 1161 2251 Et
1177 2230 1231 2252 esto
1256 2241 1290 2246 —
1311 2227 1418 2262 ﬂagello
1445 2232 1499 2256 tuo.
1528 2229 1619 2266 Neque
1643 2232 1713 2260 Mat-

83 2277 167 2308 (ιαῖος,
181 2274 242 2302 οὔτε
260 2275 274 2301 ὁ
287 2273 395 2304 Λουκᾶς
408 2271 632 2308 προστεθείκασι,
651 2271 699 2297 καὶ
717 2270 811 2298 καινὸν
825 2271 870 2297 οὐ-

82 2322 136 2348 δέν.
168 2321 281 2355 Εἴρηται
308 2319 374 2354 γὰρ,
391 2319 430 2345 ὅτι
446 2318 479 2345 τὰ
494 2317 532 2353 μὴ
556 2318 704 2351 ἀναγκαῖα,
720 2317 792 2348 τινὲς
820 2317 870 2351 μὲν

82 2370 136 2396 τῶν
149 2368 350 2403 εὑαγγελιστῶν
365 2366 585 2401 παρελίμπανον,
602 2364 751 2400 συντομίας
770 2364 868 2400 χάριν·

83 2415 155 2446 τινὲς
170 2415 198 2441 δὲ
221 2414 267 2440 καὶ
287 2413 374 2440 ταῦτα
391 2412 577 2447 συνέγραφον,
599 2410 745 2446 ἀκριϐείας
764 2410 868 2437 ἕνεκεν.

83 2461 163 2493 Εἰκὸς
195 2461 235 2490 δὲ,
261 2459 360 2491 αὐτοὺς
374 2460 422 2485 καὶ
451 2458 505 2486 τῶν
526 2459 575 2493 μὲν
601 2457 751 2493 θαυμάτων
767 2465 871 2493 μνημο-

83 2507 187 2535 νεύεινο
204 2507 258 2534 τῶν
272 2507 300 2533 δὲ
320 2505 451 2541 ῥημάτων
468 2506 506 2540 μὴ
520 2505 640 2533 πάντων.

121 2600 185 2626 Ἔτι
203 2613 239 2618 -
254 2596 440 2624 διδάσκαλον
451 2603 461 2628 ;
475 2595 675 2629 ν-’Ἐρχονται
685 2594 745 2622 ἀπὸ
758 2594 810 2621 τοῦ
821 2595 871 2629 ἀρ-

82 2644 303 2682 χισυναγώγου,
335 2641 488 2670 τουτέστιν.
519 2640 573 2667 ἀπὸ
602 2642 651 2676 τῆς
685 2640 775 2672 οἰκίας
821 2640 868 2667 τοῦ

83 2690 319 2727 ἀρχισυναγώγου.
336 2688 484 2720 Σκύλλεις
504 2687 542 2719 δὲ,
556 2687 617 2713 ἀντὶ
631 2685 690 2719 τοῦ,
714 2687 866 2723 Περισπᾷς,

84 2737 214 2773 ἐνοχλεῖς.
240 2736 271 2762 Οἰ
289 2735 342 2769 γὰρ
359 2734 423 2771 περὶ
453 2733 498 2759 τὸν
528 2732 755 2768 ἀρχισυνάγωγον
783 2732 867 2768 ἀτελῆ

85 2783 174 2809 πίστιν
192 2782 232 2812 εἰς
248 2780 367 2816 Χριστὸν
379 2779 497 2815 ἔχοντες,
510 2777 713 2812 ὑπελάμὸανον,
728 2777 769 2804 ὃτι
785 2778 866 2812 νοσή-

86 2837 159 2864 ματα
180 2829 230 2864 μὲν
242 2827 330 2854 πάντα
354 2827 466 2854 δύναται
483 2825 654 2861 θεραπεύειν,
673 2825 826 2861 ἀναστῆσαι
839 2825 867 2851 δὲ

138 2911 160 2928 ⁸⁰
186 2909 251 2938 Luc.
269 2917 329 2944 vm,
360 2909 407 2937 42.
460 2909 479 2926 ⁶¹
499 2909 593 2938 Matth.
610 2911 704 2946 tx,22.

921 2270 1009 2298 thaeus
1019 2271 1052 2304 ",
1067 2279 1156 2307 neque
1167 2272 1338 2301 Lucas"hoc
1346 2274 1508 2303 addiderunt
1520 2285 1526 2303 :
1542 2284 1593 2305 nec
1599 2279 1710 2308 mirum.

921 2316 1060 2352 Siquidem
1080 2317 1183 2345 dictum
1197 2323 1249 2350 est,
1262 2319 1334 2354 quod
1346 2327 1388 2353 ea,
1408 2328 1468 2356 quae
1481 2325 1635 2351 necessaria
1655 2333 1710 2353 non

920 2368 1010 2397 erant,
1035 2364 1146 2399 quidam
1166 2363 1348 2401 Evangelistaa
1371 2368 1629 2402 praetermittebant,
1647 2370 1711 2398 bre-

919 2410 1011 2438 vitatis
1027 2411 1138 2446 gratia:
1166 2410 1277 2446 quidam
1307 2419 1373 2440 vero
1395 2413 1477 2440 etiam
1506 2414 1565 2441 hac
1591 2415 1711 2443 ascribe-

921 2456 997 2488 bant,
1019 2456 1166 2491 diligentiae
1176 2464 1268 2484 causa.
1291 2457 1444 2485 Verisimile
1464 2467 1574 2494 quoque
1592 2466 1643 2493 est,
1662 2469 1711 2489 eos

921 2502 1116 2530 miraculorum
1129 2503 1239 2538 quidem
1269 2504 1438 2536 meminisse.
1453 2513 1508 2532 non
1534 2510 1626 2533 autem
1652 2515 1712 2534 om-

921 2548 999 2576 nium
1016 2549 1178 2576 verborum.

956 2595 1033 2623 Vers.
1045 2595 1090 2623 55.
1101 2595 1190 2623 Adhuc
1200 2611 1231 2618 ι-
1244 2597 1420 2632 magistrum?
1436 2597 1546 2624 Veniunt
1561 2607 1578 2625 α
1592 2599 1711 2634 principe

920 2640 1078 2678 Synagogaz,
1092 2643 1144 2670 hoc
1160 2648 1211 2676 est,
1232 2643 1252 2669 A
1287 2645 1369 2671 domo
1382 2644 1478 2679 ipsius.
1497 2644 1578 2672 Verus
1607 2649 1710 2677 autem,

924 2688 976 2716 hoc
990 2694 1041 2722 est,
1071 2689 1208 2722 Molestus,
1228 2691 1332 2718 turbas.
1349 2691 1494 2719 Domestici
1514 2692 1587 2719 enim
1604 2693 1709 2728 princi-

922 2733 964 2769 pis
977 2734 1133 2769 Synagogae,
1151 2742 1212 2762 Cum
1230 2735 1417 2770 imperfectam
1430 2738 1455 2764 in
1476 2737 1614 2766 Christum
1627 2738 1708 2767 ﬁdem

922 2781 1067 2814 haberent,
1084 2781 1305 2816 suspicabantur,
1323 2783 1395 2817 quod
1409 2791 1517 2812 omnem
1537 2790 1612 2813 certe
1627 2786 1709 2820 πενίη

922 2827 1045 2855 tudinem
1062 2835 1159 2855 sanare
1176 2833 1279 2863 posset,
1296 2834 1434 2856 mortuum
1457 2835 1548 2859 autem
1575 2831 1708 2860 suscitare

761 2911 783 2926 “
796 2909 862 2938 Luc.
877 2917 936 2942 vin,
953 2909 998 2936 48.
