1940 3075
100 130 152 162 833

569 127 765 158 COMMENT.
789 128 829 157 ΙΝ
852 127 1026 158 MARCUM.
1044 139 1078 148 -ο
1098 129 1178 160 CAP.
1198 130 1269 161 XII.

1675 135 1726 166 83(

134 188 190 215 Καὶ
208 168 370 216 ἀπέστειλε
387 202 420 206 -
440 186 627 222 ἀμπελῶνος.
662 186 706 213 Ἐν
730 186 826 222 ἐκείνῳ
841 187 888 214 καὶ

976 186 1054 215 Vers.
1071 188 1097 215 ἓ.
1111 188 1145 215 Et
1169 189 1255 215 emisit
1267 203 1302 209 -—-
1330 189 1422 216 viuere.
1440 188 1468 216 ln
1481 189 1526 216 illo
1538 190 1619 217 etiam
1635 191 1669 219 de
1682 192 1727 220 his

98 235 162 270 περὶ
178 234 281 261 τούτων
295 234 434 269 εὑρήσεις.
451 234 522 268 Ὀρα
535 233 573 267 δὲ,
590 233 647 264 πῶς
656 233 681 259 οἱ
694 234 814 267 γεωργοὶ
824 233 887 264 τοὺς

99 281 222 315 καρποὺς
243 279 433 311 ἀπαιτοῦνται,
459 279 497 310 ὠς
517 279 684 314 ἐπιμεληταὶ
698 277 747 305 καὶ
768 277 889 312 φύλακες

97 322 145 348 τοῦ
162 322 334 357 ἀμπελῶνος.

135 369 168 395 01
186 367 220 394 δὲ
233 382 267 388 -
281 368 474 396 ἀπέκτειναν.
488 368 541 395 Καὶ
559 367 645 395 ταῦτα
661 367 752 394 πάντα
766 368 888 405 διηρμη-

100 415 236 450 νεύοησαν
252 414 354 450 ὁμοίως
373 415 442 442 ἐκεῖ.

136 460 201 486 Ἔτι
227 473 260 479 -
284 459 472 494 ἀμπελῶνος.
495 461 550 487 Καὶ
573 460 660 489 ταῦτα
687 461 889 498 παραπλησίως

99 503 148 536 τῆς
163 504 356 540 προσηκούσης
370 506 428 532 ἐκεῖ
441 508 622 541 τετυχήκασιν
634 508 800 544 ἐξηγήσεως.

138 595 169 622 Τί
182 593 241 623 οὖν
256 610 290 615 -
303 595 420 630 ἄλλοις,
436 597 497 623 Ἔτι
511 598 559 624 καὶ
577 597 676 625 ταῦτα.

138 641 214 668 οὐδὲ
226 657 259 661 -
275 642 438 677 ὀφθαλμοῖς
453 643 548 678 ἡμῶν.
572 643 689 678 Ὁμοίως
705 644 752 671 καὶ
766 643 862 673 ταῦτα.

134 734 189 760 Kal
214 733 338 767 ἐζήτουν
350 749 385 755 —-
404 732 480 762 εἶπεν.
505 736 585 770 Πρὸς
597 736 719 770 αὐτοὺς,
750 738 811 765 ἀντὶ
829 738 888 772 τοῦ,

98 779 166 814 περὶ
179 779 269 806 αὐτῶν
287 800 293 807 .
318 780 397 807 Οὕτω
416 781 470 816 γὰρ
496 779 573 808 εἶπεν
592 783 606 809 ό
621 782 773 817 Ματθαϊος,
789 784 854 820 παρ’
867 781 889 818 ᾧ

98 825 148 852 καὶ
158 825 194 852 τὰ
212 825 329 861 ῥηθέντα
344 826 433 853 πάντα
453 827 664 863 διασεσάιρηται.

941 232 1075 260 invenies.
1089 233 1154 260 Vide
1168 233 1409 268 autemquomodo
1426 234 1460 260 ab
1477 234 1602 269 agricolis
1624 236 1729 264 fructus

943 282 1085 313 repetunt,
1103 283 1232 313 tanquam
1251 287 1265 306 a
1281 279 1505 313 procuratoribus
1522 286 1554 306 ac
1571 280 1729 308 custodit-us

945 323 1038 350 vinem.

978 368 1057 395 Vers.
1074 369 1101 396 5.
1122 370 1156 396 At
1172 369 1211 396 illi
1225 385 1259 389 —
1276 369 1351 397 Vers.
1366 370 1391 396 5.
1407 370 1566 398 occiderunt.
1588 372 1650 399 ΙΙ.ιέ
1664 380 1730 407 quo-

940 421 993 448 que
1009 413 1099 440 omnia
1115 413 1242 441 similiter
1258 414 1294 440 ibi
1311 414 1448 441 declarata
1464 420 1536 441 sunt.

972 456 1049 486 Vcrs.
1066 459 1092 486 6.
1112 459 1203 486 Adhuc
1216 475 1251 478 —
1264 461 1342 487 Vers.
1357 461 1384 487 8.
1403 461 1516 488 vineam.
1533 460 1565 487 Et
1585 462 1640 488 ΙΜὈ
1653 462 1729 488 simi-

939 505 1002 531 liter
1016 506 1139 540 proxime
1155 506 1291 533 accedunt
1303 505 1337 532 ad
1353 513 1424 539 eam,
1439 514 1499 541 qua:
1529 507 1565 534 ibi
1583 507 1645 534 data
1675 512 1727 541 est,

941 552 1158 579 enarrationem.

977 597 1054 625 Vers.
1074 597 1102 625 9.
1131 597 1200 630 Quid
1223 606 1328 633 ergo—
1339 597 1409 624 aliis.
1426 597 1560 625 Praeterea
1577 602 1604 625 et
1620 598 1688 626 limo.

972 643 1050 671 Vcrs.
1063 643 1105 671 10.
1140 645 1179 670 An
1191 652 1237 671 nec
1252 659 1286 663 —
1300 644 1378 672 Vers.
1401 645 1445 672 11.
1457 645 1540 671 oculis
1558 646 1666 672 nostris.
1683 645 1726 672 Si—

942 689 1046 716 militer
1067 695 1092 716 cl
1110 690 1178 718 haec.

976 735 1054 762 Vcrs.
1070 735 1112 762 12.
1128 735 1162 762 Et
1178 736 1328 770 quwrebant
1340 751 1373 755 —
1385 735 1591 763 dixerat.—Ad
1610 745 1662 770 eos,
1678 737 1730 763 huc

942 781 1037 813 est,de
1050 780 1137 815 ipsis;
1153 782 1190 808 ita
1199 782 1272 809 enim
1288 782 1356 810 dixit
1376 782 1530 816 Manlia-us,
1552 784 1623 818 apud
1648 791 1728 818 quem

941 826 1071 861 praedicta
1088 828 1179 854 omnia
1196 828 1367 856 manifestata
1381 833 1443 856 sunt
1456 828 1489 855 ⁶⁹.

135 871 191 899 Καὶ
204 871 333 906 ἀφέντες
346 873 440 899 αὑτὸν
459 872 609 906 ἀπῆλθον.
620 874 679 901 Ἵνα
699 874 736 910 μὴ
752 876 800 902 καὶ
823 875 888 903 ἄλλα

977 872 1056 900 Vers.
1074 874 1117 900 12.
1134 873 1168 900 Ει
1195 882 1224 901 eo
1239 875 1329 901 relicto
1350 875 1447 910 egressi
1470 880 1542 901 sunt.
1569 874 1608 902 Ne
1636 881 1664 903 et
1678 876 1730 903 alia

97 917 160 943 κατ’
174 917 264 944 αὐτῶν
279 918 355 954 εἴπῃ,
369 919 416 945 καὶ
434 918 477 945 ἵνα
500 919 708 948 συσκευάσωσιν
737 922 887 958 ἐπιϐουλὴν

98 963 162 989 κατ’
174 963 269 991 αὐτοῦ,

99 1018 180 1045 Κῡῐι.
208 1018 258 1045 ΛΖ¹
273 1039 279 1046 .
306 1019 377 1053 Περὶ
397 1019 467 1060 τῶν.
477 1020 731 1056 ἐπερωτησάντων
759 1022 807 1050 διὰ
837 1023 891 1050 τὸν

429 1063 547 1089 κηνσον
558 1075 565 1083 .

137 1099 192 1126 Καὶ
209 1100 434 1128 ἀποστέλλουσι
451 1117 484 1122 -
499 1102 588 1137 λόγῳ.
615 1102 730 1137 Εἴρηται
746 1103 809 1139 περὶ
826 1103 890 1130 τού-

99 1154 155 1172 των
173 1147 202 1173 ὲν
214 1147 252 1182 τῷ
265 1148 445 1184 πεντηκοστῷ
458 1140 558 1184 πρώτῳ
584 1149 722 1185 κεφαλαίῳ
742 1149 790 1176 τοῦ
819 1151 891 1178 κατὰ

99 1190 253 1224 Ματθαῖον,
268 1192 308 1223 εις
321 1192 350 1218 τὸ
365 1192 441 1224 τέλος
459 1193 527 1228 (70).

141 1238 173 1263 Ol
196 1252 231 1257 —
255 1237 421 1272 διδάσκεις.
455 1239 515 1266 Ἐπ’
541 1239 706 1274 ἀληθείας,
732 1241 794 1268 ἀντὶ
827 1241 889 1274 τοῦ,

100 1282 221 1318 άληθῶς.
251 1283 365 1319 Εἴρηται
379 1284 408 1311 δὲ
422 1284 468 1311 καὶ
486 1286 550 1321 περὶ
563 1285 664 1313 τούτων
676 1287 704 1312 ὲν
721 1286 828 1322 ἐκεινῳ.

52 1361 57 1365 η
138 1328 261 1360 Ἔξεστι
278 1344 310 1349 —
330 1329 377 1356 ἐπ’
392 1330 482 1363 αὐτῷ.
503 1331 558 1358 Καὶ
586 1332 651 1367 περὶ
664 1331 767 1359 τούτων
782 1332 891 1360 πάντων

100 1376 160 1402 ἐκεῖ
172 1375 383 1411 διηρμήνευται.

220 1435 299 1461 ΚΕΦ.
315 1434 380 1462 ΑΠ’.
393 1435 463 1470 Περὶ
479 1435 539 1464 τῶν
554 1436 776 1465 Σαδδουκαίων.

138 1480 193 1507 Καὶ
219 1481 359 1515 ἔρχονται
386 1497 421 1501 -
439 1479 527 1509 εἶναι.
559 1483 675 1518 Εἴρηται
701 1484 766 1519 περὶ
788 1483 890 1510 τούτων

941 918 1071 947 adversus
1086 927 1133 947 eos
1143 920 1246 948 diceret
1265 929 1272 948 :
1290 925 1374 956 utque
1387 920 1501 948 insidias
1521 920 1652 948 adversus
1665 929 1728 948 eum

942 970 1140 999 praepararent.

941 1017 1018 1046 CAP.
1031 1019 1166 1049 XXXVII.
1178 1021 1217 1049 De
1237 1021 1463 1061 interrogantibts
1486 1017 1627 1049 Dominum
1656 1031 1730 1051 occa-

1241 1064 1312 1083 ειοηε
1325 1065 1416 1083 census
1422 1076 1428 1083 .

978 1099 1057 1129 Vers.
1073 1101 1114 1129 i5.
1135 1101 1168 1128 Et
1184 1102 1353 1129 emittunt—
1364 1111 1494 1129 sermone.
1511 1102 1616 1130 Dictum
1634 1108 1676 1131 est
1693 1104 1727 1131 de

942 1147 985 1175 his
1010 1147 1234 1184 quinquagesimo
1253 1149 1343 1183 primo
1368 1149 1445 1184 juxta
1465 1149 1622 1177 Matthatutu
1636 1149 1727 1185 capite

942 1193 1014 1219 circa
1029 1192 1120 1220 ﬁnem.

978 1238 1055 1266 Vers.
1073 1238 1116 1266 Η.
1134 1238 1186 1271 Qui
1198 1254 1232 1259 -—
1243 1239 1329 1267 doces.
1340 1239 1370 1267 In
1386 1239 1508 1274 veritate,
1524 1240 1576 1268 hoc
1585 1245 1636 1274 cst,
1651 1249 1726 1269 vere.

943 1285 1049 1312 Dictum
1063 1290 1105 1313 est
1121 1289 1148 1312 et
1164 1286 1197 1313 de
1209 1286 1252 1314 liis
1269 1286 1382 1314 ibidem.

977 1331 1055 1358 Vers.
1076 1332 1119 1358 14.
1147 1331 1266 1358 Licet—
1281 1332 1358 1360 Vers.
1378 1334 1420 1360 i7.
1436 1333 1468 1359 de
1489 1341 1530 1360 eo.
1549 1334 1584 1361 De
1603 1334 1644 1361 bis
1658 1341 1728 1369 quo-

942 1385 994 1412 que
1012 1377 1141 1405 omnibus
1155 1377 1218 1404 data
1231 1382 1273 1404 est
1283 1378 1319 1405 ibi
1333 1379 1535 1413 interpretatio.

1092 1433 1168 1461 CAP.
1182 1433 1326 1462 XXXVIII.
1347 1434 1386 1461 De
1407 1434 1572 1463 Sadduca'is.

981 1480 1057 1507 \‘crs.
1074 1480 1117 1507 18.
1135 1480 1167 1506 Et
1184 1481 1289 1507 veniunt
1305 1496 1340 1501 —
1353 1489 1415 1508 osse.
1437 1482 1544 1508 Dictum
1567 1486 1609 1509 est
1633 1482 1667 1510 de
1688 1482 1731 1511 his

99 1528 132 1553 ὲν
165 1526 205 1562 τῷ
239 1527 418 1563 πεντηκοστῷ
457 1529 545 1564 τρίτῳ
575 1529 716 1564 κεφαλαίῳ
744 1529 792 1556 τοῦ
821 1529 888 1556 κατὰ

963 1526 1170 1561 ninquagesimo
1193 1526 1273 1554 tertio
1290 1527 1380 1562 capite
1414 1527 1552 1563 Evangelii
1578 1528 1730 1556 secundum

99 1572 253 1599 Ματοαῖον.

138 1619 194 1645 Καὶ
223 1619 425 1653 ἐπηρώτησαν
447 1634 482 1639 -
506 1619 546 1653 τῷ
572 1620 694 1656 ἁδελφῷ
722 1621 826 1650 αὐτοῦ.
848 1622 892 1648 'Ev

99 1665 200 1700 ἐκείνῳ
214 1667 277 1700 περὶ
293 1665 395 1692 τούτων
414 1667 522 1702 ἐλέχθη.

144 1710 237 1737 Ἑπτὰ
260 1726 295 1731 -
321 1711 461 1746 γυναῖκα.
492 1712 609 1748 Ὁμοίως
632 1714 679 1741 καὶ
707 1715 771 1750 περὶ
791 1715 894 1742 τούτων

100 1758 223 1784 πάντων.

139 1802 194 1830 Καὶ
209 1803 382 1838 ἀποκριθεὶς
397 1819 432 1824 -
447 1805 540 1837 Θεοῦ;
554 1805 603 1831 Διὰ
626 1804 718 1838 τοῦτο,
735 1806 830 1837 ποῖον;
844 1804 893 1831 Διὰ

99 1848 134 1874 τὸ
157 1848 244 1880 οὕτως
265 1849 398 1884 ἐμπαθῶς
431 1850 635 1886 ὑπολαμϐάνειν
662 1852 726 1887 περὶ
753 1851 803 1886 τῆς
827 1851 894 1877 ἀνα-

100 1892 236 1925 στάσεως.

142 1940 177 1966 Ἦ
192 1940 235 1967 διὰ
267 1941 297 1967 τὸ
323 1941 360 1977 μὴ
391 1942 490 1969 εἰδέναι
516 1942 564 1974 τὰς
593 1943 722 1979 Γραφὰς,
755 1944 823 1979 μηδὲ
841 1944 893 1980 τὴν

99 1985 221 2021 δύναμιν
248 1987 294 2013 τοῦ
322 1987 411 2020 Θεοῦ,
447 1989 514 2024 περὶ
543 1986 580 2016 ὧν
614 1989 717 2025 ὁμοίως
748 1991 807 2017 ἐκεῖ
836 1990 894 2016 δια-

100 2031 268 2067 σεςάφηται.

141 2077 233 2104 Ὅταν
246 2093 282 2098 —-
298 2079 445 2112 οὐρανοῖς.
470 2079 557 2106 Ὅταν
584 2081 722 2107 ἀναστῶσι
741 2081 843 2114 πάντες
867 2084 891 2109 οἱ

99 2123 255 2159 ἄνθρωποι.
276 2125 332 2152 Καὶ
348 2126 414 2161 περὶ
430 2125 534 2153 τούτων
551 2126 579 2153 δὲ
607 2127 725 2162 ζήτησον
748 2128 777 2154 ὲν
797 2129 895 2165 ἐκείνῳ

101 2170 142 2205 τῷ
159 2170 308 2205 κεφαλαίῳ,

944 1571 1110 1598 Μοιῑιιθευηι.

980 1617 1057 1644 Vers.
1070 1617 1112 1644 is.
1122 1617 1505 1653 Etinterrogaverunt—Vers.
1520 1617 1562 1645 i9.
1580 1618 1659 1654 fratri
1673 1627 1731 1648 sua.

945 1662 972 1690 In
990 1663 1035 1690 illo
1053 1663 1155 1690 dictum
1181 1667 1223 1690 est
1239 1663 1272 1691 de
1292 1663 1345 1691 his.

979 1709 1056 1736 Vers.
1072 1708 1117 1736 το.
1132 1709 1236 1744 Septem
1253 1725 1286 1730 —
1299 1710 1378 1738 νει-ε.
1397 1710 1442 1738 25.
1462 1718 1583 1739 uxorent.
1600 1710 1732 1739 Similiter

944 1759 970 1782 et
988 1755 1021 1782 de
1038 1755 1082 1782 his
1099 1755 1236 1783 omnibus.

983 1800 1058 1828 Vers.
1077 1801 1120 1828 9.4.
1134 1802 1166 1828 Et
1181 1802 1338 1836 respondens
1350 1817 1383 1821 —
1394 1801 1465 1829 Dei?
1489 1817 1524 1822 —
1542 1802 1651 1837 Propter
1665 1804 1732 1836 IIOC,’

945 1845 1100 1878 Quidnam?
1115 1845 1229 1880 Propter
1252 1847 1310 1878 hoc,
1322 1847 1395 1881 quod
1410 1847 1556 1874 carnaliter
1584 1847 1618 1875 de
1638 1855 1731 1875 resur-

945 1896 1065 1919 rectione
1092 1893 1228 1920 sentiatis.

983 1938 1028 1965 Vel
1047 1938 1157 1974 Propter
1168 1940 1226 1971 hoc,
1253 1941 1322 1975 quod
1338 1940 1460 1967 nesciatis
1485 1939 1635 1974 Scriptura:
1652 1949 1733 1976 neque

945 1985 1089 2019 potentiam
1117 1985 1174 2014 Dei.
1202 1985 1241 2012 De
1276 1986 1376 2020 quibus
1403 1987 1526 2014 similiter
1556 1987 1590 2013 ibi
1631 1987 1733 2014 dictum

946 2036 997 2059 est.

985 2076 1060 2104 Vers.
1076 2077 1121 2104 25.
1140 2077 1205 2105 Cum
1219 2093 1254 2097 —
1271 2079 1353 2106 caelis.
1378 2093 1414 2097 -—-
1443 2077 1507 2105 Cum
1533 2079 1733 2111 resurreurint,

948 2131 1043 2150 omnes
1060 2124 1186 2151 videlicet
1203 2123 1339 2151 homines.
1365 2123 1396 2150 Et
1411 2124 1443 2151 de
1462 2124 1504 2150 lllS
1517 2131 1624 2158 quoque
1638 2123 1734 2150 codem

947 2169 1035 2204 capite
1053 2177 1154 2204 quiane.

139 2215 211 2249 Περὶ
225 2231 259 2238 --
271 2216 397 2246 ζώντων.
413 2217 470 2244 Καὶ
487 2218 572 2245 ταῦτα
587 2219 677 2246 πάντα
696 2219 754 2246 ἐκεῖ
768 2220 888 2248 λελεπτυ-

980 2217 1057 2245 Vcrs.
1069 2218 1114 2244 ‘26.
1129 2217 1167 2244 De
1182 2232 1217 2236 ——
1232 2216 1309 2244 Vers.
1326 2217 1371 2243 2'1.
1387 2217 1539 2244 viventium.
1568 2217 1600 2243 Et
1618 2217 1676 2244 lucc
1696 2216 1734 2243 ibi

102 2263 231 2297 λέγηται.
260 2262 320 2297 Χρὴ
336 2262 364 2289 δὲ
381 2263 537 2297 γινώσκειν,
555 2264 596 2291 ὅτι
617 2265 665 2292 καὶ
681 2265 699 2299 ὴ
715 2264 795 2300 βάτος
808 2266 855 2292 καὶ
881 2268 894 2293 ὁ

104 2309 188 2342 βάτος
201 2309 355 2344 ἀδιαφόρως
367 2310 504 2343 λέγονται.

148 2354 248 2389 Ὑμεῖς
262 2370 296 2374 ———
322 2355 491 2383 πλανᾶσθε.
526 2356 582 2391 Οὐχ
603 2357 706 2390 ἁπλῶς,
724 2357 792 2385 ἀλλὰ
811 2359 894 2386 πάνυ.

104 2401 194 2428 Τοῦτο
219 2401 247 2428 δὲ
279 2401 461 2438 προσέθηκεν,
478 2403 516 2435 ὡς
543 2404 684 2440 προδήλως
705 2405 894 2440 ἐληλεγμένων

105 2450 238 2484 ἀνοήτων.

236 2506 316 2534 ΚΕΦ.
333 2507 395 2534 ΛΘ’.
413 2506 482 2541 Περὶ
498 2506 552 2533 τοῦ
572 2506 778 2541 Γραμματέως.

145 2552 200 2578 Kal.
231 2551 403 2585 προσελθὼν
427 2566 462 2570 -
481 2551 611 2586 ἐντολή;
644 2552 741 2587 Πρώτη
766 2553 893 2586 πάντων,

106 2597 162 2624 τῶν
175 2597 422 2632 νόμωνΑΕἴρηται
447 2597 476 2623 δὲ
495 2597 559 2631 περὶ
572 2597 668 2623 τούτου
683 2598 713 2624 ὲν
729 2597 767 2632 τῷ
794 2606 896 2633 πεντη-

110 2643 201 2678 κοστῷ
221 2644 343 2678 τετάρτῳ
359 2642 500 2677 κεφαλαίῳ
514 2642 559 2669 τοῦ
575 2644 645 2669 κατὰ
670 2642 822 2670 Ματθαῖον.

165 2777 188 2792 δ’
207 2780 302 2807 Matth.
334 2787 390 2811 xxi,
407 2779 452 2806 45.

946 2271 994 2298 per
1007 2263 1111 2298 singula
1121 2269 1185 2291 sunt
1194 2263 1348 2299 explanata.

984 2356 1059 2384 Vers.
1092 2357 1137 2384 ‘27.
1163 2357 1211 2384 Vos
1235 2372 1269 2377 —
1289 2358 1396 2384 erratis.
1422 2357 1480 2385 Non
1508 2363 1657 2392 utcunque,
1687 2357 1734 2384 sed

946 2403 1070 2432 multum.
1089 2403 1145 2430 Hoc
1164 2408 1255 2431 autem
1270 2404 1383 2435 addidit.
1401 2409 1529 2439 tanquam
1554 2412 1649 2432 eorum
1666 2403 1735 2431 insi-

950 2450 1080 2485 pientiam
1092 2450 1236 2477 manifeste
1252 2458 1382 2485 arguens.

1150 2505 1226 2532 CAP.
1243 2505 1362 2532 XXXIX.
1383 2506 1418 2532 De
1435 2505 1540 2533 Scriba.

985 2552 1060 2580 Vers.
1074 2552 1119 2579 28.
1147 2551 1181 2578 Et
1198 2552 1322 2578 accedens
1336 2567 1371 2572 -—-
1387 2553 1572 2578 mandatorum
1587 2551 1599 2576 ?
1616 2550 1735 2576 Primum

949 2598 1158 2632 omnium,quae
1170 2603 1236 2625 sunt
1256 2599 1282 2625 in
1312 2597 1379 2632 lege.
1413 2597 1518 2624 Dictum
1537 2600 1577 2623 est
1601 2600 1690 2622 autent
1702 2595 1736 2621 de

951 2644 1004 2670 hoc
1032 2644 1258 2678 quinquagesimo
1279 2648 1376 2678 quarto
1408 2643 1497 2677 capite
1525 2641 1666 2676 Evangelii
1691 2648 1735 2667 se-

951 2690 1072 2717 cundum
1091 2690 1261 2718 Muttlireum.

719 2813 816 2844 Vatiae
846 2813 1001 2845 lectiones
1029 2819 1058 2845 et
1074 2819 1166 2845 notae.

148 2855 204 2890 (70)
218 2855 285 2890 Περὶ
298 2854 326 2881 τὸ
339 2854 424 2888 τέλος,
440 2853 469 2880 Β.
