1940 3075
154 157 203 190 851

154 262 256 290 locutu:
275 268 324 295 ut,
347 271 401 291 non
416 264 473 291 haec
500 263 600 296 solum,
625 264 672 291 sed
690 268 718 291 et
731 264 822 290 omnia
851 264 943 295 wrba,

154 313 287 343 quotquot
305 309 344 336 eis
361 309 467 337 locutus
492 313 533 336 est
556 317 570 336 ιι
585 309 629 337 die
645 309 853 338 resurrectionis
876 317 943 341 suae,

155 355 243 383 donec
264 355 391 390 completi
417 359 481 382 sunt
503 356 683 391 quadraginta
700 356 770 388 dies,
793 355 820 382 in
843 356 944 390 quibus

153 400 303 436 apparebat
328 401 481 436 discipulis,
495 406 522 429 et
545 401 757 429 conversabatur
778 410 838 429 vum
856 402 896 429 eis
909 403 942 430 ⁸³.

190 494 296 521 Dictum
310 499 352 522 est
375 499 465 522 autent
492 495 526 522 de
539 496 728 531 assumptione
742 504 790 523 sua
806 496 886 523 etiam
916 496 943 522 in

155 540 209 567 ﬁne
226 540 365 576 Evangeli
376 542 451 575 juxta
463 541 629 570 Mattbzenm.

189 584 267 613 Vers.
283 587 327 613 l9.
345 586 378 613 Et
405 587 472 614 sedit
487 603 522 607 ——
538 588 594 615 Dei.
618 587 698 623 Atqui
732 588 802 615 Deus
817 593 844 615 et
863 587 944 615 Pater

154 632 214 667 ejus
228 640 289 659 cum
307 633 343 659 sit
358 634 546 668 incorporeus.
563 642 733 669 nequaqnam
750 635 845 662 dextra
862 635 944 662 habet

152 682 199 705 aut
207 679 329 707 sinistra:
343 679 368 706 bi
378 688 495 715 namque
509 679 617 708 habitus
629 685 856 716 suntcorpomm.
872 681 946 708 Beli-

154 733 239 760 quum
255 730 298 752 est
313 734 388 760 ergo,
405 731 434 753 ut
457 727 552 754 sedere
569 727 664 761 ipsius,
683 728 805 762 requiem
832 727 945 755 manife-

153 774 246 798 stetac
259 770 415 799 fruitionem
429 773 608 808 diviniregni.
622 772 699 806 Quod
713 777 805 800 autem
817 774 943 801 additur:

153 815 175 842 Α
194 817 293 844 dextris
320 817 378 850 Dei,
397 817 598 846 l'amilaritatem
618 819 730 846 denotat
750 827 783 846 ac
810 819 943 854 aequalem

154 869 216 889 cum
226 861 305 890 Patre
320 863 464 891 honorem.

774 159 965 190 EUTHYMII
985 160 1165 190 ZIGABENI

189 217 265 245 Vers.
292 217 335 246 19.
359 217 486 244 Dominus
507 217 596 253 itaque
612 232 647 239 -—
660 217 947 253 mlum—Postquam
959 218 987 248 Α

1039 219 1070 246 ’0
1084 220 1145 254 μὲν
1163 217 1220 248 οὖν
1237 220 1345 254 Κύριος
1357 235 1393 240 -
1408 220 1548 254 οὐρανόν.
1565 219 1642 246 Μετὰ
1655 219 1684 247 τὸ
1698 220 1776 254 λιιλῆ-

997 274 1041 292 aut
1057 266 1148 298 αὐτοῖς
1161 267 1191 292 οὐ
1211 267 1291 301 μόνον
1305 266 1369 297 τοὺς
1381 265 1476 299 λόγους
1488 265 1610 296 τούτους,
1627 265 1694 292 ἀλλὰ
1711 268 1776 293 πάν-

995 319 1054 343 τας,
1079 312 1157 343 ὅσους
1176 312 1291 346 {tu}.qu
1310 311 1426 344 τούτοις,
1451 311 1505 338 ἀπὸ
1526 311 1576 346 τῆς
1593 311 1700 346 ἡμέρας
1729 313 1775 346 τῆς

995 357 1173 389 ἀναστάσεως
1186 357 1268 384 αὑτοῦ
1286 358 1366 392 μέχρι
1382 356 1605 391 συμπληρώσεως
1617 356 1671 383 τῶν
1685 365 1776 383 τεσσα-

994 403 1115 437 ράκοντα
1132 404 1252 438 ἡμερῶν,
1270 404 1299 429 ὲν
1316 401 1359 434 ui;
1375 401 1409 438 ἦν
1422 402 1606 438 ὀπτανόμενος
1620 403 1675 434 τοῖς
1692 403 1775 438 μαθη-

994 449 1063 480 ταῖς.
1079 449 1126 475 καὶ
1144 449 1368 484 συναυλιζόμενος
1389 449 1456 483 (88).

1030 494 1195 529 Εἵρηταιδὲ
1222 496 1285 530 περ).
1308 497 1357 529 τῆς
1381 495 1541 530 ἀναλήψεως
1567 494 1651 521 αὑτοῦ
1676 495 1721 521 καὶ
1749 496 1775 520 ὲν

994 540 1032 575 τῷ
1045 540 1115 566 τέλει
1131 542 1178 574 τῆς
1193 539 1347 574 ἐξηγήσεως
1361 540 1407 566 τοῦ
1423 541 1494 567 κατὰ
1509 540 1656 567 Ματθαῖον.

1029 586 1083 612 Καὶ
1101 585 1242 612 ἐκάθισεν
1256 601 1289 606 -
1306 586 1358 613 τοῦ
1375 585 1459 613 Θεοῦ.
1480 587 1533 612 Καὶ
1552 586 1604 620 μὴν
1621 587 1634 612 ὁ
1651 586 1716 616 Θεὸς
1732 587 1776 613 καὶ

995 632 1090 665 Πατὴρ
1114 631 1207 662 αὑτοῦ,
1233 630 1378 666 ἀσώματος
1395 631 1443 663 ὣν,
1465 632 1514 657 οὐκ
1537 631 1569 657 ἂν
1586 632 1641 666 ἔχοι
1664 631 1735 663 δεξιὰ
1760 631 1775 666 ἦ

996 677 1139 713 ἁριατερά.
1163 676 1224 702 Τῶν
1241 676 1375 710 σωμάτων
1389 677 1444 711 γὰρ
1459 675 1544 702 ταῦτα
1560 676 1700 711 σχήματα.
1717 676 1776 702 Λοι-

995 724 1045 749 πὸν
1072 721 1119 749 οὖν
1142 722 1172 748 τὸ
1194 723 1243 756 μὲν
1263 722 1372 748 καθίσαι
1392 722 1467 757 δηλοῖ
1482 722 1637 748 ἀνάπαυσιν
1653 721 1700 748 καὶ
1714 721 1777 747 ἀπό-

995 769 1090 795 λαυσιν
1106 768 1156 803 τῆς
1177 769 1252 800 θείας
1267 768 1420 799 βασιλείας·
1443 768 1473 794 τὺ
1488 767 1516 794 δὲ
1539 768 1589 793 Ἐκ
1606 767 1715 799 δεξιῶν
1727 767 1778 794 τοῦ

997 814 1071 841 Θεοῦ
1096 813 1231 840 οίχείωαιν
1252 814 1300 840 καὶ
1333 814 1479 849 ὀμοτιμίαν
1497 815 1565 848 πρὸς
1587 813 1633 840 τὸν
1662 813 1777 849 Πατέρα.

189 907 210 942 ἰ-
225 908 284 936 Non
307 913 411 936 tantum
432 910 458 937 in
487 910 591 938 dextris
610 910 699 938 Patris
725 912 820 939 sedere
846 911 946 939 dicitur

1033 906 1082 943 [οὑ
1105 907 1186 942 μόνον
1212 907 1268 943 (89)
1294 906 1430 941 καθῆσθαι
1453 907 1482 933 ἐν
1502 906 1576 940 δεξιᾷ
1601 906 1649 933 τοῦ
1678 906 1780 942 "acpbe

155 951 251 985 Filius,
267 961 360 981 verum
376 954 458 982 etiam
474 959 546 982 stare
561 964 569 981 :
585 956 816 990 quemadmodum
833 956 860 983 in
877 956 946 983 libro

155 998 285 1025 Actorum
311 999 378 1027 dixit
399 999 605 1034 Stephanus“;
632 1006 662 1027 ut
685 1001 752 1028 illud
769 1001 879 1036 quidem
901 1009 946 1028 rc-

156 1043 248 1079 quiem
269 1044 393 1079 dcsignet
415 1045 691 1077 intransmutabilem,
709 1046 762 1073 hoc
783 1052 873 1074 autem
900 1047 946 1073 tir-

156 1097 227 1131 mam
252 1097 285 1117 ac
305 1089 424 1117 divinam
447 1090 473 1118 in
500 1091 571 1119 bono
594 1091 839 1120 confirmationem.
870 1092 947 1120 Unde

157 1135 230 1162 nulla
244 1135 398 1170 linjusmodi
408 1137 554 1165 verborum
568 1137 721 1166 immutatio
733 1137 946 1173 redditaliquam

157 1181 301 1208 sententiae
323 1181 522 1209 diversitatem.
540 1182 675 1211 Praeterea
701 1191 762 1211 cum
787 1183 856 1211 dixit
876 1187 948 1211 stare

157 1227 266 1260 Filium,
282 1235 335 1255 non
356 1229 424 1256 dixit
439 1229 535 1257 sedere
551 1229 658 1257 Patrem
678 1239 685 1257 :
702 1238 736 1257 ne
747 1238 779 1257 ex
800 1230 851 1258 hoc
869 1230 948 1257 intel-

157 1271 271 1308 ligamus
286 1273 468 1301 diﬂ‘erentiam
484 1274 636 1309 dignitatis.
659 1275 757 1302 Restat
770 1275 862 1310 igitur.
879 1279 908 1302 ut
920 1278 950 1302 et

157 1319 306 1347 consedere
320 1319 392 1347 Patri
410 1320 516 1348 dicatur
526 1326 553 1348 et
568 1322 650 1349 simul
667 1329 728 1349 cum
744 1329 777 1349 eo
791 1326 875 1349 stare.

193 1373 271 1401 Vers.
286 1373 333 1400 20.
353 1373 399 1401 Illi
418 1382 478 1401 vero
491 1389 526 1394 —
539 1375 631 1410 signis.
641 1374 801 1402 Sermonem
815 1374 948 1409 praedica-

160 1419 253 1446 tionis.

196 1463 303 1491 Utinam
317 1469 407 1492 autem
422 1469 450 1492 et
467 1471 558 1493 sermo
575 1465 710 1493 doctrinae
724 1468 825 1492 nostra;
849 1463 951 1491 conﬁr-

158 1512 249 1536 metur
266 1517 313 1544 per
336 1510 530 1545 subsequentia
556 1509 656 1538 debita:
682 1509 792 1537 virtutis
807 1509 898 1544 signa.
919 1513 948 1536 ut

997 955 1011 981 ὸ
1032 953 1106 984 Υιδς,
1124 953 1192 980 ἀλλὰ
1209 953 1256 979 καὶ
1274 953 1401 980 ἵστασθαι
1417 954 1537 988 λέγεται,
1555 955 1592 986 ὼς
1607 955 1636 980 ὲν
1650 956 1683 988 τῇ
1700 954 1780 988 βίϐλῳ

996 998 1051 1025 τῶν
1068 998 1199 1034 Πράξεων
1218 998 1232 1024 ὁ
1246 998 1380 1032 Στέφανος
1396 999 1506 1035 εἴρηκε·
1521 999 1569 1026 τοῦ
1598 1000 1647 1034 μὲν
1664 999 1694 1026 τὸ
1708 999 1783 1026 καθι-

997 1045 1111 1080 δρῦσθαι
1126 1044 1302 1079 ἀμεταθέτως
1314 1053 1321 1059 ’
1342 1045 1389 1072 τοῦ
1403 1046 1443 1078 δὲ,
1461 1046 1491 1072 τὸ
1509 1046 1660 1081 βεεηκέναι
1676 1046 1779 1079 παγίως

997 1092 1027 1117 τὸ
1051 1090 1122 1117 θεῖον
1144 1091 1174 1116 ὲν
1198 1089 1238 1125 τῷ
1260 1090 1365 1126 ἀγαθῷ,
1387 1091 1612 1126 δογματίζοντος·
1640 1090 1688 1117 καὶ
1709 1091 1782 1117 οὐδὲν

998 1139 1014 1172 ὴ
1031 1137 1084 1163 τῶν
1102 1137 1232 1173 ῥημάτων
1250 1137 1378 1173 ἑτερότης
1393 1139 1458 1173 περὶ
1473 1137 1519 1164 τὸν
1534 1137 1596 1163 νοῦν
1611 1137 1781 1172 διαφέρεται.

1000 1183 1105 1215 ’Ἄλλως
1118 1192 1160 1216 τε,
1173 1184 1187 1209 ὸ
1201 1183 1287 1209 εἰπὼν
1302 1183 1429 1210 ἵστασθαι
1445 1184 1490 1210 τὸν
1506 1184 1569 1211 Υἰὺν
1584 1185 1638 1210 οὐχ
1655 1182 1717 1210 εἷπε
1731 1191 1781 1210 κα‹

999 1228 1097 1264 θῆσθαι
1120 1229 1165 1256 τὸν
1184 1229 1306 1265 Πατέρα,
1322 1229 1366 1257 ἵνα
1387 1230 1435 1256 καὶ
1457 1229 1513 1264 (90)
1532 1230 1665 1264 διαφορὰν
1682 1230 1783 1264 νοήσω-

999 1284 1051 1311 μεν
1064 1275 1231 1311 ἀξιώματος.
1245 1275 1346 1302 Λοιπὸν
1359 1273 1406 1302 οὖν
1422 1276 1470 1303 καὶ
1481 1276 1654 1311 συγχάθηται
1669 1277 1715 1303 καὶ
1725 1284 1784 1302 συν-

1001 1320 1130 1356 inurat].

1040 1367 1166 1394 Ἐκεῖνοι
1181 1367 1216 1394 δὲ
1229 1382 1265 1388 -
1277 1368 1419 1404 σημείων.
1433 1367 1499 1403 [Τὸν
1514 1368 1593 1403 λόγον
1603 1368 1652 1395 τοῦ
1667 1367 1722 1403 (9|)
1737 1376 1786 1403 κη-

1000 1414 1164 1449 ρύγματος.]

1035 1460 1085 1495 Εῖη
1109 1459 1138 1486 δὲ
1160 1461 1209 1488 καὶ
1222 1461 1268 1488 τὸν
1288 1461 1367 1496 λόγον
1385 1461 1435 1496 τῆς
1448 1460 1586 1496 ἡμετέρας
1610 1459 1786 1491 διδασκαλίας

1001 1506 1179 1541 βεϐαιοῦσθαι
1202 1507 1246 1534 διὰ
1269 1508 1323 1534 τῶν
1343 1508 1535 1534 ἐπακολουθεῖν
1557 1507 1722 1541 ὀφειλόντων
1742 1514 1787 1540 ut,—

159 1554 189 1581 in
202 1554 254 1582 (ine
266 1555 327 1582 vita:
339 1561 440 1584 nostra:
455 1556 567 1591 perfecti
577 1556 758 1588 inveniamur,
769 1563 818 1591 per
830 1555 946 1590 gratiam

1004 1553 1084 1588 μείων
1100 1552 1149 1588 τῆς
1167 1553 1284 1588 ἀρετῆς,
1302 1553 1347 1581 ἴνα
1361 1554 1459 1581 τέλειοι
1474 1553 1634 1589 εὑρεθῶμεν
1650 1555 1680 1580 ὲν
1693 1553 1731 1588 τῷ
1745 1553 1784 1578 τέ·

160 1607 188 1630 et
206 1602 401 1637 benignitatem
420 1603 528 1630 Domini
545 1603 633 1631 nostri
649 1603 714 1631 Jesu
723 1602 834 1630 Christi.
847 1603 946 1629 Amen.

215 1798 238 1816 "
250 1799 313 1826 Act.
324 1806 346 1832 t,
358 1798 386 1830 5.
402 1799 430 1827 ι.
489 1798 513 1816 ’⁸
525 1799 587 1827 Act.
603 1806 653 1832 νη,
665 1798 712 1827 56.

997 1599 1038 1625 λει
1050 1599 1099 1634 τῆς
1113 1599 1251 1634 ἡμετέρας
1266 1600 1349 1635 ζωῆς,
1363 1601 1455 1636 χάριτι
1470 1601 1517 1627 χαὶ
1532 1599 1726 1636 φιλανθρωπίᾳ
1739 1597 1787 1625 τοῦ

997 1646 1101 1682 Κυρίου
1118 1645 1197 1680 ὴμῶν
1218 1646 1306 1681 Ἰησοῦ
1323 1645 1452 1682 Χριστοῦ.
1475 1647 1572 1682 ⁹Δμήν.
1592 1652 1597 1657 ”

1354 1693 1437 1725 Τέλος

1167 1739 1213 1766 τοῦ
1229 1739 1299 1767 κατὰ
1315 1740 1429 1775 Μάρκον
1443 1738 1622 1774 Εὑαγγελίου.

734 1858 834 1890 Variae
851 1857 1006 1889 lectiones
1021 1860 1051 1888 et
1073 1861 1170 1889 notae.

199 1942 254 1977 (88)
268 1943 313 1970 Sic
330 1947 443 1977 uterque
456 1941 551 1970 codex.

199 1978 256 2014 (89)
271 1978 377 2007 lnclusa
393 1978 478 2006 codex
497 1982 612 2014 uterque
624 1977 651 2006 in
669 1979 790 2015 margine
807 1977 929 2007 exhibet.

1040 1943 1096 1976 (90)
1112 1942 1167 1969 Καί
1181 1943 1283 1972 omittit
1303 1943 1323 1970 Β

1038 1980 1095 2016 (91)
1110 1978 1216 2006 Inclusa
1235 1981 1334 2008 absunt
1350 1981 1383 2008 Α.
