  <div class='ocr_page' id='page_1' title='image "/cluster/home/n/w/nwhite01/storage/ocr_20150623/129/njp.32101077773065/459.png"; bbox 0 0 1940 3075; ppageno 0'>
   <div class='ocr_carea' id='block_1_1' title="bbox 211 153 264 185">
    <p class='ocr_par' dir='ltr' id='par_1_1' title="bbox 211 153 264 185">
     <span class='ocr_line' id='line_1_1' title="bbox 211 153 264 185; baseline 0 -1"><span class='ocrx_word' id='word_1_1' title='bbox 211 153 264 185; x_wconf 84' lang='grc'><strong>859</strong></span> 
     </span>
    </p>
   </div>
   <div class='ocr_carea' id='block_1_2' title="bbox 828 149 1223 183">
    <p class='ocr_par' dir='ltr' id='par_1_2' title="bbox 828 149 1223 183">
     <span class='ocr_line' id='line_1_2' title="bbox 828 149 1223 183; baseline -0.008 -1"><span class='ocrx_word' id='word_1_2' title='bbox 828 152 1022 183; x_wconf 84' lang='lat' dir='ltr'><strong>EUTHYMII</strong></span> <span class='ocrx_word' id='word_1_3' title='bbox 1041 149 1223 182; x_wconf 82' lang='lat' dir='ltr'><strong>ZIGABENI</strong></span> 
     </span>
    </p>
   </div>
   <div class='ocr_carea' id='block_1_3' title="bbox 1783 146 1840 179">
    <p class='ocr_par' dir='ltr' id='par_1_3' title="bbox 1783 146 1840 179">
     <span class='ocr_line' id='line_1_3' title="bbox 1783 146 1840 179; baseline -0.018 0"><span class='ocrx_word' id='word_1_4' title='bbox 1783 146 1840 179; x_wconf 77' lang='lat'><strong>860</strong></span> 
     </span>
    </p>
   </div>
   <div class='ocr_carea' id='block_1_4' title="bbox 247 206 1002 246">
    <p class='ocr_par' dir='ltr' id='par_1_4' title="bbox 247 210 998 246">
     <span class='ocr_line' id='line_1_4' title="bbox 247 210 998 246; baseline -0.004 -6"><span class='ocrx_word' id='word_1_5' title='bbox 247 213 325 240; x_wconf 84' lang='lat' dir='ltr'><strong>Vers.</strong></span> <span class='ocrx_word' id='word_1_6' title='bbox 340 212 368 240; x_wconf 72' lang='lat'><strong>2.</strong></span> <span class='ocrx_word' id='word_1_7' title='bbox 384 212 459 240; x_wconf 80' lang='lat' dir='ltr'><strong>Sicut</strong></span> <span class='ocrx_word' id='word_1_8' title='bbox 472 226 506 232; x_wconf 91' lang='lat'><strong>--</strong></span> <span class='ocrx_word' id='word_1_9' title='bbox 519 211 602 238; x_wconf 79' lang='lat' dir='ltr'><strong>verbi.</strong></span> <span class='ocrx_word' id='word_1_10' title='bbox 618 211 637 238; x_wconf 78' lang='grc' dir='ltr'><strong>Α</strong></span> <span class='ocrx_word' id='word_1_11' title='bbox 653 210 789 246; x_wconf 88' lang='lat' dir='ltr'><strong>principio</strong></span> <span class='ocrx_word' id='word_1_12' title='bbox 802 211 998 238; x_wconf 80' lang='lat' dir='ltr'><strong>miraculorum</strong></span> 
     </span>
    </p>
   </div>
   <div class='ocr_carea' id='block_1_5' title="bbox 1062 206 1839 246">
    <p class='ocr_par' dir='ltr' id='par_1_5' title="bbox 1086 206 1839 242">
     <span class='ocr_line' id='line_1_5' title="bbox 1086 206 1839 242; baseline -0.005 -4"><span class='ocrx_word' id='word_1_13' title='bbox 1086 210 1190 242; x_wconf 83' lang='grc' dir='ltr'><strong>Καθὼς</strong></span> <span class='ocrx_word' id='word_1_14' title='bbox 1206 225 1239 229; x_wconf 93' lang='grc'><strong>-</strong></span> <span class='ocrx_word' id='word_1_15' title='bbox 1256 208 1360 241; x_wconf 63' lang='grc' dir='ltr'>λόγου.</span> <span class='ocrx_word' id='word_1_16' title='bbox 1381 207 1441 233; x_wconf 81' lang='grc' dir='ltr'><strong>Ἀπ’</strong></span> <span class='ocrx_word' id='word_1_17' title='bbox 1456 207 1544 242; x_wconf 80' lang='grc' dir='ltr'>ἀρχῆς</span> <span class='ocrx_word' id='word_1_18' title='bbox 1559 206 1613 234; x_wconf 83' lang='grc' dir='ltr'><strong>τῶν</strong></span> <span class='ocrx_word' id='word_1_19' title='bbox 1630 206 1776 241; x_wconf 75' lang='grc' dir='ltr'>Θαυμάτων</span> <span class='ocrx_word' id='word_1_20' title='bbox 1787 213 1839 234; x_wconf 79' lang='grc' dir='ltr'><strong>και</strong></span> 
     </span>
    </p>
   </div>
   <div class='ocr_carea' id='block_1_6' title="bbox 209 255 999 293">
    <p class='ocr_par' dir='ltr' id='par_1_6' title="bbox 209 255 999 293">
     <span class='ocr_line' id='line_1_6' title="bbox 209 255 999 293; baseline -0.003 -9"><span class='ocrx_word' id='word_1_21' title='bbox 209 262 235 284; x_wconf 87' lang='lat' dir='ltr'><strong>et</strong></span> <span class='ocrx_word' id='word_1_22' title='bbox 252 258 420 293; x_wconf 85' lang='lat' dir='ltr'><strong>dogmatum.</strong></span> <span class='ocrx_word' id='word_1_23' title='bbox 441 256 497 283; x_wconf 88' lang='lat' dir='ltr'><strong>Hoc</strong></span> <span class='ocrx_word' id='word_1_24' title='bbox 515 259 608 282; x_wconf 87' lang='lat' dir='ltr'><strong>autem</strong></span> <span class='ocrx_word' id='word_1_25' title='bbox 626 255 751 282; x_wconf 89' lang='lat' dir='ltr'><strong>scribens</strong></span> <span class='ocrx_word' id='word_1_26' title='bbox 775 255 908 287; x_wconf 75' lang='lat' dir='ltr'><strong>ostendit,</strong></span> <span class='ocrx_word' id='word_1_27' title='bbox 925 255 999 290; x_wconf 79' lang='lat' dir='ltr'><strong>quod</strong></span> 
     </span>
    </p>
   </div>
   <div class='ocr_carea' id='block_1_7' title="bbox 211 301 1000 338">
    <p class='ocr_par' dir='ltr' id='par_1_7' title="bbox 211 301 1000 338">
     <span class='ocr_line' id='line_1_7' title="bbox 211 301 1000 338; baseline -0.004 -7"><span class='ocrx_word' id='word_1_28' title='bbox 211 304 270 338; x_wconf 87' lang='lat' dir='ltr'><strong>ipse</strong></span> <span class='ocrx_word' id='word_1_29' title='bbox 295 303 348 330; x_wconf 85' lang='lat' dir='ltr'><strong>illis</strong></span> <span class='ocrx_word' id='word_1_30' title='bbox 371 302 510 337; x_wconf 82' lang='lat' dir='ltr'><strong>posterior</strong></span> <span class='ocrx_word' id='word_1_31' title='bbox 526 302 559 330; x_wconf 86' lang='lat' dir='ltr'><strong>ad</strong></span> <span class='ocrx_word' id='word_1_32' title='bbox 577 302 665 336; x_wconf 91' lang='lat' dir='ltr'><strong>ipsum</strong></span> <span class='ocrx_word' id='word_1_33' title='bbox 683 302 844 329; x_wconf 77' lang='lat' dir='ltr'><strong>accessisset</strong></span> <span class='ocrx_word' id='word_1_34' title='bbox 859 309 865 328; x_wconf 92' lang='lat'>:</span> <span class='ocrx_word' id='word_1_35' title='bbox 884 301 1000 336; x_wconf 84' lang='lat' dir='ltr'><strong>ideoque</strong></span> 
     </span>
    </p>
   </div>
   <div class='ocr_carea' id='block_1_8' title="bbox 211 348 1000 384">
    <p class='ocr_par' dir='ltr' id='par_1_8' title="bbox 211 348 1000 384">
     <span class='ocr_line' id='line_1_8' title="bbox 211 348 1000 384; baseline -0.003 -7"><span class='ocrx_word' id='word_1_36' title='bbox 211 351 270 377; x_wconf 64' lang='lat' dir='ltr'><strong>haec</strong></span> <span class='ocrx_word' id='word_1_37' title='bbox 283 350 318 377; x_wconf 85' lang='lat' dir='ltr'><strong>ab</strong></span> <span class='ocrx_word' id='word_1_38' title='bbox 337 349 391 376; x_wconf 85' lang='lat' dir='ltr'><strong>illis</strong></span> <span class='ocrx_word' id='word_1_39' title='bbox 404 348 547 382; x_wconf 91' lang='lat' dir='ltr'><strong>didicerat,</strong></span> <span class='ocrx_word' id='word_1_40' title='bbox 560 348 605 384; x_wconf 91' lang='lat' dir='ltr'><strong>qui</strong></span> <span class='ocrx_word' id='word_1_41' title='bbox 622 356 732 382; x_wconf 81' lang='lat' dir='ltr'><strong>semper</strong></span> <span class='ocrx_word' id='word_1_42' title='bbox 746 356 807 375; x_wconf 74' lang='lat' dir='ltr'><strong>cum</strong></span> <span class='ocrx_word' id='word_1_43' title='bbox 822 348 930 375; x_wconf 84' lang='lat' dir='ltr'><strong>Christo</strong></span> <span class='ocrx_word' id='word_1_44' title='bbox 944 349 1000 375; x_wconf 78' lang='lat' dir='ltr'><strong>fne-</strong></span> 
     </span>
    </p>
   </div>
   <div class='ocr_carea' id='block_1_9' title="bbox 210 394 999 430">
    <p class='ocr_par' dir='ltr' id='par_1_9' title="bbox 210 394 999 430">
     <span class='ocr_line' id='line_1_9' title="bbox 210 394 999 430; baseline -0.003 -8"><span class='ocrx_word' id='word_1_45' title='bbox 210 400 282 428; x_wconf 86' lang='lat' dir='ltr'><strong>rant,</strong></span> <span class='ocrx_word' id='word_1_46' title='bbox 296 403 327 422; x_wconf 87' lang='lat' dir='ltr'><strong>ac</strong></span> <span class='ocrx_word' id='word_1_47' title='bbox 344 395 450 430; x_wconf 84' lang='lat' dir='ltr'><strong>singula</strong></span> <span class='ocrx_word' id='word_1_48' title='bbox 466 395 591 422; x_wconf 81' lang='lat' dir='ltr'><strong>viderant</strong></span> <span class='ocrx_word' id='word_1_49' title='bbox 606 399 631 421; x_wconf 87' lang='lat' dir='ltr'><strong>et</strong></span> <span class='ocrx_word' id='word_1_50' title='bbox 646 395 812 427; x_wconf 82' lang='lat' dir='ltr'><strong>audierant;</strong></span> <span class='ocrx_word' id='word_1_51' title='bbox 829 394 895 421; x_wconf 87' lang='lat' dir='ltr'><strong>dicit</strong></span> <span class='ocrx_word' id='word_1_52' title='bbox 908 398 999 421; x_wconf 86' lang='lat' dir='ltr'><strong>autem</strong></span> 
     </span>
    </p>
   </div>
   <div class='ocr_carea' id='block_1_10' title="bbox 210 439 998 475">
    <p class='ocr_par' dir='ltr' id='par_1_10' title="bbox 210 439 998 475">
     <span class='ocr_line' id='line_1_10' title="bbox 210 439 998 475; baseline 0.001 -8"><span class='ocrx_word' id='word_1_53' title='bbox 210 448 258 468; x_wconf 89' lang='lat' dir='ltr'><strong>eos</strong></span> <span class='ocrx_word' id='word_1_54' title='bbox 277 440 436 475; x_wconf 84' lang='lat' dir='ltr'><strong>discipulos,</strong></span> <span class='ocrx_word' id='word_1_55' title='bbox 456 440 501 475; x_wconf 86' lang='lat' dir='ltr'><strong>qui</strong></span> <span class='ocrx_word' id='word_1_56' title='bbox 518 448 533 468; x_wconf 90' lang='lat' dir='ltr'><strong>e</strong></span> <span class='ocrx_word' id='word_1_57' title='bbox 547 440 716 468; x_wconf 83' lang='lat' dir='ltr'><strong>duodenario</strong></span> <span class='ocrx_word' id='word_1_58' title='bbox 736 439 847 467; x_wconf 88' lang='lat' dir='ltr'><strong>luerunt</strong></span> <span class='ocrx_word' id='word_1_59' title='bbox 871 447 998 468; x_wconf 85' lang='lat' dir='ltr'><strong>numero.</strong></span> 
     </span>
    </p>
   </div>
   <div class='ocr_carea' id='block_1_11' title="bbox 212 484 1001 521">
    <p class='ocr_par' dir='ltr' id='par_1_11' title="bbox 212 484 1001 521">
     <span class='ocr_line' id='line_1_11' title="bbox 212 484 1001 521; baseline 0.003 -10"><span class='ocrx_word' id='word_1_60' title='bbox 212 484 329 512; x_wconf 83' lang='lat' dir='ltr'><strong>Verbum</strong></span> <span class='ocrx_word' id='word_1_61' title='bbox 346 493 412 513; x_wconf 89' lang='lat' dir='ltr'><strong>vero</strong></span> <span class='ocrx_word' id='word_1_62' title='bbox 428 485 554 521; x_wconf 79' lang='lat' dir='ltr'><strong>intelligit</strong></span> <span class='ocrx_word' id='word_1_63' title='bbox 580 485 624 513; x_wconf 87' lang='lat' dir='ltr'><strong>hic</strong></span> <span class='ocrx_word' id='word_1_64' title='bbox 643 485 797 517; x_wconf 89' lang='lat' dir='ltr'><strong>Christum,</strong></span> <span class='ocrx_word' id='word_1_65' title='bbox 824 487 870 520; x_wconf 90' lang='lat' dir='ltr'><strong>qui</strong></span> <span class='ocrx_word' id='word_1_66' title='bbox 896 485 931 513; x_wconf 89' lang='lat' dir='ltr'><strong>ab</strong></span> <span class='ocrx_word' id='word_1_67' title='bbox 957 486 1001 513; x_wconf 88' lang='lat' dir='ltr'><strong>his</strong></span> 
     </span>
    </p>
   </div>
   <div class='ocr_carea' id='block_1_12' title="bbox 210 529 1002 564">
    <p class='ocr_par' dir='ltr' id='par_1_12' title="bbox 210 529 1002 564">
     <span class='ocr_line' id='line_1_12' title="bbox 210 529 1002 564; baseline 0.001 -7"><span class='ocrx_word' id='word_1_68' title='bbox 210 538 258 564; x_wconf 87' lang='lat' dir='ltr'><strong>per</strong></span> <span class='ocrx_word' id='word_1_69' title='bbox 272 529 488 558; x_wconf 80' lang='lat' dir='ltr'><strong>incarnationem</strong></span> <span class='ocrx_word' id='word_1_70' title='bbox 504 538 535 557; x_wconf 87' lang='lat' dir='ltr'><strong>ac</strong></span> <span class='ocrx_word' id='word_1_71' title='bbox 549 530 745 558; x_wconf 81' lang='lat' dir='ltr'><strong>humanitatem</strong></span> <span class='ocrx_word' id='word_1_72' title='bbox 769 532 844 559; x_wconf 80' lang='lat' dir='ltr'><strong>visus</strong></span> <span class='ocrx_word' id='word_1_73' title='bbox 856 537 906 558; x_wconf 86' lang='lat' dir='ltr'><strong>est.</strong></span> <span class='ocrx_word' id='word_1_74' title='bbox 922 531 1002 559; x_wconf 85' lang='lat' dir='ltr'><strong>Mini-</strong></span> 
     </span>
    </p>
   </div>
   <div class='ocr_carea' id='block_1_13' title="bbox 210 576 1001 612">
    <p class='ocr_par' dir='ltr' id='par_1_13' title="bbox 210 576 1001 612">
     <span class='ocr_line' id='line_1_13' title="bbox 210 576 1001 612; baseline 0.003 -9"><span class='ocrx_word' id='word_1_75' title='bbox 210 581 283 604; x_wconf 89' lang='lat' dir='ltr'><strong>stros</strong></span> <span class='ocrx_word' id='word_1_76' title='bbox 296 585 405 611; x_wconf 88' lang='lat' dir='ltr'><strong>quoque</strong></span> <span class='ocrx_word' id='word_1_77' title='bbox 420 577 470 604; x_wconf 89' lang='lat' dir='ltr'><strong>hos</strong></span> <span class='ocrx_word' id='word_1_78' title='bbox 486 576 650 610; x_wconf 74' lang='lat' dir='ltr'><strong>nominavit,</strong></span> <span class='ocrx_word' id='word_1_79' title='bbox 661 582 755 612; x_wconf 89' lang='lat' dir='ltr'><strong>utpote</strong></span> <span class='ocrx_word' id='word_1_80' title='bbox 769 578 909 605; x_wconf 84' lang='lat' dir='ltr'><strong>auditores</strong></span> <span class='ocrx_word' id='word_1_81' title='bbox 923 582 951 605; x_wconf 85' lang='lat' dir='ltr'><strong>et</strong></span> <span class='ocrx_word' id='word_1_82' title='bbox 968 578 1001 606; x_wconf 87' lang='lat' dir='ltr'><strong>ad</strong></span> 
     </span>
    </p>
   </div>
   <div class='ocr_carea' id='block_1_14' title="bbox 212 622 657 658">
    <p class='ocr_par' dir='ltr' id='par_1_14' title="bbox 212 622 657 658">
     <span class='ocr_line' id='line_1_14' title="bbox 212 622 657 658; baseline 0.004 -10"><span class='ocrx_word' id='word_1_83' title='bbox 212 622 274 649; x_wconf 85' lang='lat' dir='ltr'><strong>ﬁdei</strong></span> <span class='ocrx_word' id='word_1_84' title='bbox 292 623 512 658; x_wconf 79' lang='lat' dir='ltr'><strong>praedicationem</strong></span> <span class='ocrx_word' id='word_1_85' title='bbox 529 623 657 653; x_wconf 87' lang='lat' dir='ltr'><strong>emissos.</strong></span> 
     </span>
    </p>
   </div>
   <div class='ocr_carea' id='block_1_15' title="bbox 249 667 1002 704">
    <p class='ocr_par' dir='ltr' id='par_1_15' title="bbox 249 667 1002 704">
     <span class='ocr_line' id='line_1_15' title="bbox 249 667 1002 704; baseline 0.004 -10"><span class='ocrx_word' id='word_1_86' title='bbox 249 667 322 696; x_wconf 74' lang='lat' dir='ltr'><strong>Vcrs.</strong></span> <span class='ocrx_word' id='word_1_87' title='bbox 340 669 366 696; x_wconf 82' lang='grc'><strong>5.</strong></span> <span class='ocrx_word' id='word_1_88' title='bbox 391 669 481 697; x_wconf 78' lang='lat' dir='ltr'><strong>Visum</strong></span> <span class='ocrx_word' id='word_1_89' title='bbox 501 675 538 698; x_wconf 76' lang='lat' dir='ltr'><strong>est</strong></span> <span class='ocrx_word' id='word_1_90' title='bbox 554 686 590 691; x_wconf 89' lang='lat'><strong>-—</strong></span> <span class='ocrx_word' id='word_1_91' title='bbox 604 669 754 704; x_wconf 83' lang='lat' dir='ltr'><strong>Theophile.</strong></span> <span class='ocrx_word' id='word_1_92' title='bbox 780 669 926 697; x_wconf 86' lang='lat' dir='ltr'><strong>Assecutio</strong></span> <span class='ocrx_word' id='word_1_93' title='bbox 949 669 1002 697; x_wconf 84' lang='lat' dir='ltr'><strong>hoc</strong></span> 
     </span>
    </p>
   </div>
   <div class='ocr_carea' id='block_1_16' title="bbox 211 707 1003 751">
    <p class='ocr_par' dir='ltr' id='par_1_16' title="bbox 211 707 1003 751">
     <span class='ocr_line' id='line_1_16' title="bbox 211 707 1003 751; baseline 0.004 -11"><span class='ocrx_word' id='word_1_94' title='bbox 211 713 270 741; x_wconf 86' lang='lat' dir='ltr'><strong>loco</strong></span> <span class='ocrx_word' id='word_1_95' title='bbox 285 723 333 750; x_wconf 88' lang='lat' dir='ltr'><strong>pro</strong></span> <span class='ocrx_word' id='word_1_96' title='bbox 351 717 506 751; x_wconf 80' lang='lat' dir='ltr'><strong>cognitione</strong></span> <span class='ocrx_word' id='word_1_97' title='bbox 521 717 655 745; x_wconf 87' lang='lat' dir='ltr'><strong>sumenda</strong></span> <span class='ocrx_word' id='word_1_98' title='bbox 671 721 723 743; x_wconf 89' lang='lat' dir='ltr'><strong>est.</strong></span> <span class='ocrx_word' id='word_1_99' title='bbox 741 716 846 744; x_wconf 82' lang='lat' dir='ltr'><strong>Cuncta</strong></span> <span class='ocrx_word' id='word_1_100' title='bbox 875 707 1003 744; x_wconf 77' lang='lat' dir='ltr'><strong>videlicet</strong></span> 
     </span>
    </p>
   </div>
   <div class='ocr_carea' id='block_1_17' title="bbox 210 760 1003 795">
    <p class='ocr_par' dir='ltr' id='par_1_17' title="bbox 210 760 1003 795">
     <span class='ocr_line' id='line_1_17' title="bbox 210 760 1003 795; baseline 0.004 -10"><span class='ocrx_word' id='word_1_101' title='bbox 210 767 294 793; x_wconf 87' lang='lat' dir='ltr'><strong>opera</strong></span> <span class='ocrx_word' id='word_1_102' title='bbox 309 760 460 789; x_wconf 85' lang='lat' dir='ltr'><strong>Salvatoris</strong></span> <span class='ocrx_word' id='word_1_103' title='bbox 474 770 505 789; x_wconf 87' lang='lat' dir='ltr'><strong>ac</strong></span> <span class='ocrx_word' id='word_1_104' title='bbox 528 769 683 790; x_wconf 84' lang='lat' dir='ltr'><strong>sermones.</strong></span> <span class='ocrx_word' id='word_1_105' title='bbox 707 761 779 788; x_wconf 90' lang='lat' dir='ltr'><strong>Dicit</strong></span> <span class='ocrx_word' id='word_1_106' title='bbox 797 768 885 795; x_wconf 74' lang='lat' dir='ltr'><strong>ergo:</strong></span> <span class='ocrx_word' id='word_1_107' title='bbox 913 760 1003 788; x_wconf 80' lang='lat' dir='ltr'><strong>Visum</strong></span> 
     </span>
    </p>
   </div>
   <div class='ocr_carea' id='block_1_18' title="bbox 211 806 1002 842">
    <p class='ocr_par' dir='ltr' id='par_1_18' title="bbox 211 806 1002 842">
     <span class='ocr_line' id='line_1_18' title="bbox 211 806 1002 842; baseline 0.005 -11"><span class='ocrx_word' id='word_1_108' title='bbox 211 810 250 831; x_wconf 80' lang='lat' dir='ltr'><strong>est</strong></span> <span class='ocrx_word' id='word_1_109' title='bbox 270 811 294 832; x_wconf 89' lang='lat' dir='ltr'><strong>et</strong></span> <span class='ocrx_word' id='word_1_110' title='bbox 318 806 392 837; x_wconf 81' lang='lat' dir='ltr'><strong>mihi.</strong></span> <span class='ocrx_word' id='word_1_111' title='bbox 411 807 464 834; x_wconf 89' lang='lat' dir='ltr'><strong>hoc</strong></span> <span class='ocrx_word' id='word_1_112' title='bbox 479 812 533 840; x_wconf 86' lang='lat' dir='ltr'><strong>est,</strong></span> <span class='ocrx_word' id='word_1_113' title='bbox 559 807 679 841; x_wconf 66' lang='lat' dir='ltr'><strong>:Equum</strong></span> <span class='ocrx_word' id='word_1_114' title='bbox 705 807 832 841; x_wconf 82' lang='lat' dir='ltr'><strong>apparuit</strong></span> <span class='ocrx_word' id='word_1_115' title='bbox 859 807 937 839; x_wconf 91' lang='lat' dir='ltr'><strong>mihi,</strong></span> <span class='ocrx_word' id='word_1_116' title='bbox 956 808 1002 842; x_wconf 86' lang='lat' dir='ltr'><strong>qui</strong></span> 
     </span>
    </p>
   </div>
   <div class='ocr_carea' id='block_1_19' title="bbox 211 853 1002 888">
    <p class='ocr_par' dir='ltr' id='par_1_19' title="bbox 211 853 1002 888">
     <span class='ocr_line' id='line_1_19' title="bbox 211 853 1002 888; baseline 0.005 -11"><span class='ocrx_word' id='word_1_117' title='bbox 211 855 310 878; x_wconf 88' lang='lat' dir='ltr'><strong>cuncta</strong></span> <span class='ocrx_word' id='word_1_118' title='bbox 327 859 342 878; x_wconf 91' lang='lat' dir='ltr'><strong>a</strong></span> <span class='ocrx_word' id='word_1_119' title='bbox 357 853 502 888; x_wconf 66' lang='lat' dir='ltr'><strong>Tprincipio</strong></span> <span class='ocrx_word' id='word_1_120' title='bbox 526 857 652 880; x_wconf 83' lang='lat' dir='ltr'><strong>accurate</strong></span> <span class='ocrx_word' id='word_1_121' title='bbox 675 853 803 888; x_wconf 80' lang='lat' dir='ltr'><strong>cognovi,</strong></span> <span class='ocrx_word' id='word_1_122' title='bbox 827 853 924 880; x_wconf 89' lang='lat' dir='ltr'><strong>ordine</strong></span> <span class='ocrx_word' id='word_1_123' title='bbox 953 853 1002 881; x_wconf 86' lang='lat' dir='ltr'><strong>tibi</strong></span> 
     </span>
    </p>
   </div>
   <div class='ocr_carea' id='block_1_20' title="bbox 212 897 948 927">
    <p class='ocr_par' dir='ltr' id='par_1_20' title="bbox 212 897 948 927">
     <span class='ocr_line' id='line_1_20' title="bbox 212 897 948 927; baseline 0.004 -4"><span class='ocrx_word' id='word_1_124' title='bbox 212 897 342 925; x_wconf 85' lang='lat' dir='ltr'><strong>scribere.</strong></span> <span class='ocrx_word' id='word_1_125' title='bbox 358 898 460 926; x_wconf 83' lang='lat' dir='ltr'><strong>Deinde</strong></span> <span class='ocrx_word' id='word_1_126' title='bbox 476 899 559 926; x_wconf 88' lang='lat' dir='ltr'><strong>etiam</strong></span> <span class='ocrx_word' id='word_1_127' title='bbox 571 899 708 926; x_wconf 84' lang='lat' dir='ltr'><strong>scribendi</strong></span> <span class='ocrx_word' id='word_1_128' title='bbox 733 906 846 926; x_wconf 80' lang='lat' dir='ltr'><strong>causam</strong></span> <span class='ocrx_word' id='word_1_129' title='bbox 862 899 948 927; x_wconf 86' lang='lat' dir='ltr'><strong>addit.</strong></span> 
     </span>
    </p>
   </div>
   <div class='ocr_carea' id='block_1_21' title="bbox 247 986 1005 1026">
    <p class='ocr_par' dir='ltr' id='par_1_21' title="bbox 247 986 1005 1026">
     <span class='ocr_line' id='line_1_21' title="bbox 247 986 1005 1026; baseline 0.007 -12"><span class='ocrx_word' id='word_1_130' title='bbox 247 986 268 1022; x_wconf 76' lang='lat'><strong>1-</strong></span> <span class='ocrx_word' id='word_1_131' title='bbox 281 986 329 1014; x_wconf 87' lang='lat' dir='ltr'><strong>Hic</strong></span> <span class='ocrx_word' id='word_1_132' title='bbox 343 989 471 1016; x_wconf 90' lang='lat' dir='ltr'><strong>senatorii</strong></span> <span class='ocrx_word' id='word_1_133' title='bbox 493 994 553 1016; x_wconf 88' lang='lat' dir='ltr'><strong>erat</strong></span> <span class='ocrx_word' id='word_1_134' title='bbox 569 989 686 1023; x_wconf 89' lang='lat' dir='ltr'><strong>ordinis,</strong></span> <span class='ocrx_word' id='word_1_135' title='bbox 705 995 734 1018; x_wconf 87' lang='lat' dir='ltr'><strong>et</strong></span> <span class='ocrx_word' id='word_1_136' title='bbox 757 989 881 1018; x_wconf 80' lang='lat' dir='ltr'><strong>fortassis</strong></span> <span class='ocrx_word' id='word_1_137' title='bbox 907 991 1005 1026; x_wconf 60' lang='lat' dir='ltr'><strong>pratic-</strong></span> 
     </span>
    </p>
   </div>
   <div class='ocr_carea' id='block_1_22' title="bbox 212 1033 1006 1072">
    <p class='ocr_par' dir='ltr' id='par_1_22' title="bbox 212 1033 1006 1072">
     <span class='ocr_line' id='line_1_22' title="bbox 212 1033 1006 1072; baseline 0.005 -11"><span class='ocrx_word' id='word_1_138' title='bbox 212 1038 285 1061; x_wconf 89' lang='lat' dir='ltr'><strong>ctus.</strong></span> <span class='ocrx_word' id='word_1_139' title='bbox 307 1033 417 1062; x_wconf 87' lang='lat' dir='ltr'><strong>Strenui</strong></span> <span class='ocrx_word' id='word_1_140' title='bbox 431 1035 504 1062; x_wconf 85' lang='lat' dir='ltr'><strong>enim</strong></span> <span class='ocrx_word' id='word_1_141' title='bbox 519 1043 619 1064; x_wconf 87' lang='lat' dir='ltr'><strong>nomen</strong></span> <span class='ocrx_word' id='word_1_142' title='bbox 634 1036 668 1063; x_wconf 92' lang='lat' dir='ltr'><strong>ad</strong></span> <span class='ocrx_word' id='word_1_143' title='bbox 689 1036 818 1071; x_wconf 53' lang='lat' dir='ltr'><strong>prasides</strong></span> <span class='ocrx_word' id='word_1_144' title='bbox 829 1044 861 1064; x_wconf 89' lang='lat' dir='ltr'><strong>ac</strong></span> <span class='ocrx_word' id='word_1_145' title='bbox 875 1037 1006 1072; x_wconf 85' lang='lat' dir='ltr'><strong>primates</strong></span> 
     </span>
    </p>
   </div>
   <div class='ocr_carea' id='block_1_23' title="bbox 212 1080 1004 1117">
    <p class='ocr_par' dir='ltr' id='par_1_23' title="bbox 212 1080 1004 1117">
     <span class='ocr_line' id='line_1_23' title="bbox 212 1080 1004 1117; baseline 0.006 -11"><span class='ocrx_word' id='word_1_146' title='bbox 212 1080 353 1108; x_wconf 84' lang='lat' dir='ltr'><strong>dicebatur</strong></span> <span class='ocrx_word' id='word_1_147' title='bbox 366 1081 454 1109; x_wconf 88' lang='lat' dir='ltr'><strong>:sicut</strong></span> <span class='ocrx_word' id='word_1_148' title='bbox 465 1088 493 1110; x_wconf 88' lang='lat' dir='ltr'><strong>et</strong></span> <span class='ocrx_word' id='word_1_149' title='bbox 506 1081 606 1109; x_wconf 77' lang='lat' dir='ltr'><strong>Paulus</strong></span> <span class='ocrx_word' id='word_1_150' title='bbox 619 1083 657 1110; x_wconf 86' lang='lat' dir='ltr'><strong>ait</strong></span> <span class='ocrx_word' id='word_1_151' title='bbox 669 1082 701 1109; x_wconf 89' lang='lat' dir='ltr'><strong>ad</strong></span> <span class='ocrx_word' id='word_1_152' title='bbox 716 1083 857 1117; x_wconf 64' lang='lat' dir='ltr'><strong>praesidem</strong></span> <span class='ocrx_word' id='word_1_153' title='bbox 872 1083 984 1111; x_wconf 80' lang='lat' dir='ltr'><strong>Festum</strong></span> <span class='ocrx_word' id='word_1_154' title='bbox 995 1093 1004 1111; x_wconf 89' lang='lat'><strong>:</strong></span> 
     </span>
    </p>
   </div>
   <div class='ocr_carea' id='block_1_24' title="bbox 212 1125 1004 1162">
    <p class='ocr_par' dir='ltr' id='par_1_24' title="bbox 212 1125 1004 1162">
     <span class='ocr_line' id='line_1_24' title="bbox 212 1125 1004 1162; baseline 0.005 -10"><span class='ocrx_word' id='word_1_155' title='bbox 212 1125 323 1153; x_wconf 82' lang='lat' dir='ltr'><strong>Strenue</strong></span> <span class='ocrx_word' id='word_1_156' title='bbox 333 1125 408 1154; x_wconf 82' lang='lat' dir='ltr'><strong>Feste</strong></span> <span class='ocrx_word' id='word_1_157' title='bbox 422 1127 442 1154; x_wconf 83' lang='lat'><strong>&#39;.</strong></span> <span class='ocrx_word' id='word_1_158' title='bbox 455 1127 551 1154; x_wconf 89' lang='lat' dir='ltr'><strong>Omnis</strong></span> <span class='ocrx_word' id='word_1_159' title='bbox 563 1127 645 1155; x_wconf 77' lang='lat' dir='ltr'><strong>etiam</strong></span> <span class='ocrx_word' id='word_1_160' title='bbox 655 1128 748 1159; x_wconf 87' lang='lat' dir='ltr'><strong>homo,</strong></span> <span class='ocrx_word' id='word_1_161' title='bbox 760 1128 806 1162; x_wconf 85' lang='lat' dir='ltr'><strong>qui</strong></span> <span class='ocrx_word' id='word_1_162' title='bbox 823 1128 908 1155; x_wconf 87' lang='lat' dir='ltr'><strong>Deum</strong></span> <span class='ocrx_word' id='word_1_163' title='bbox 920 1133 1004 1161; x_wconf 84' lang='lat' dir='ltr'><strong>amat,</strong></span> 
     </span>
    </p>
   </div>
   <div class='ocr_carea' id='block_1_25' title="bbox 212 1173 1006 1208">
    <p class='ocr_par' dir='ltr' id='par_1_25' title="bbox 212 1173 1006 1208">
     <span class='ocr_line' id='line_1_25' title="bbox 212 1173 1006 1208; baseline 0.004 -10"><span class='ocrx_word' id='word_1_164' title='bbox 212 1176 321 1206; x_wconf 86' lang='lat' dir='ltr'><strong>sumpta</strong></span> <span class='ocrx_word' id='word_1_165' title='bbox 338 1173 470 1201; x_wconf 87' lang='lat' dir='ltr'><strong>adversus</strong></span> <span class='ocrx_word' id='word_1_166' title='bbox 486 1173 647 1201; x_wconf 80' lang='lat' dir='ltr'><strong>aﬂ‘ectinnes</strong></span> <span class='ocrx_word' id='word_1_167' title='bbox 664 1173 895 1206; x_wconf 78' lang='lat' dir='ltr'><strong>fortitudine,dici</strong></span> <span class='ocrx_word' id='word_1_168' title='bbox 912 1178 1006 1208; x_wconf 86' lang='lat' dir='ltr'><strong>potest</strong></span> 
     </span>
    </p>
   </div>
   <div class='ocr_carea' id='block_1_26' title="bbox 213 1218 1002 1255">
    <p class='ocr_par' dir='ltr' id='par_1_26' title="bbox 213 1218 1002 1255">
     <span class='ocr_line' id='line_1_26' title="bbox 213 1218 1002 1255; baseline 0.004 -12"><span class='ocrx_word' id='word_1_169' title='bbox 213 1222 341 1245; x_wconf 80' lang='lat' dir='ltr'><strong>strenuus</strong></span> <span class='ocrx_word' id='word_1_170' title='bbox 363 1218 534 1253; x_wconf 84' lang='lat' dir='ltr'><strong>Theophilus</strong></span> <span class='ocrx_word' id='word_1_171' title='bbox 573 1227 605 1247; x_wconf 90' lang='lat' dir='ltr'><strong>ac</strong></span> <span class='ocrx_word' id='word_1_172' title='bbox 630 1219 741 1255; x_wconf 85' lang='lat' dir='ltr'><strong>dignus,</strong></span> <span class='ocrx_word' id='word_1_173' title='bbox 770 1219 817 1254; x_wconf 91' lang='lat' dir='ltr'><strong>qui</strong></span> <span class='ocrx_word' id='word_1_174' title='bbox 847 1219 1002 1247; x_wconf 87' lang='lat' dir='ltr'><strong>doctrinam</strong></span> 
     </span>
    </p>
   </div>
   <div class='ocr_carea' id='block_1_27' title="bbox 213 1263 517 1299">
    <p class='ocr_par' dir='ltr' id='par_1_27' title="bbox 213 1263 517 1299">
     <span class='ocr_line' id='line_1_27' title="bbox 213 1263 517 1299; baseline 0.01 -10"><span class='ocrx_word' id='word_1_175' title='bbox 213 1263 306 1290; x_wconf 87' lang='lat' dir='ltr'><strong>audiat</strong></span> <span class='ocrx_word' id='word_1_176' title='bbox 319 1264 517 1299; x_wconf 83' lang='lat' dir='ltr'><strong>evangelicam.</strong></span> 
     </span>
    </p>
   </div>
   <div class='ocr_carea' id='block_1_28' title="bbox 248 1309 1005 1347">
    <p class='ocr_par' dir='ltr' id='par_1_28' title="bbox 248 1309 1005 1347">
     <span class='ocr_line' id='line_1_28' title="bbox 248 1309 1005 1347; baseline 0.007 -11"><span class='ocrx_word' id='word_1_177' title='bbox 248 1309 327 1336; x_wconf 86' lang='lat' dir='ltr'><strong>Vers.</strong></span> <span class='ocrx_word' id='word_1_178' title='bbox 346 1311 372 1338; x_wconf 76' lang='grc'><strong>4.</strong></span> <span class='ocrx_word' id='word_1_179' title='bbox 387 1311 417 1338; x_wconf 89' lang='lat' dir='ltr'><strong>Ut</strong></span> <span class='ocrx_word' id='word_1_180' title='bbox 429 1325 464 1332; x_wconf 82' lang='lat'><strong>--</strong></span> <span class='ocrx_word' id='word_1_181' title='bbox 477 1312 673 1341; x_wconf 86' lang='lat' dir='ltr'><strong>certitudinem.</strong></span> <span class='ocrx_word' id='word_1_182' title='bbox 689 1312 725 1341; x_wconf 85' lang='lat' dir='ltr'><strong>Ut</strong></span> <span class='ocrx_word' id='word_1_183' title='bbox 740 1320 904 1347; x_wconf 78' lang='lat' dir='ltr'><strong>agnoscens,</strong></span> <span class='ocrx_word' id='word_1_184' title='bbox 923 1313 1005 1341; x_wconf 86' lang='lat' dir='ltr'><strong>vehe-</strong></span> 
     </span>
    </p>
   </div>
   <div class='ocr_carea' id='block_1_29' title="bbox 213 1356 1003 1394">
    <p class='ocr_par' dir='ltr' id='par_1_29' title="bbox 213 1356 1003 1394">
     <span class='ocr_line' id='line_1_29' title="bbox 213 1356 1003 1394; baseline 0.006 -13"><span class='ocrx_word' id='word_1_185' title='bbox 213 1356 332 1383; x_wconf 85' lang='lat' dir='ltr'><strong>mentius</strong></span> <span class='ocrx_word' id='word_1_186' title='bbox 357 1364 515 1385; x_wconf 76' lang='lat' dir='ltr'><strong>sermonum</strong></span> <span class='ocrx_word' id='word_1_187' title='bbox 533 1358 595 1386; x_wconf 84' lang='lat' dir='ltr'><strong>ﬁdei</strong></span> <span class='ocrx_word' id='word_1_188' title='bbox 615 1359 782 1386; x_wconf 86' lang='lat' dir='ltr'><strong>certitudine</strong></span> <span class='ocrx_word' id='word_1_189' title='bbox 799 1359 916 1393; x_wconf 83' lang='lat' dir='ltr'><strong>rapiaris</strong></span> <span class='ocrx_word' id='word_1_190' title='bbox 932 1359 1003 1394; x_wconf 83' lang='lat' dir='ltr'><strong>(bb);</strong></span> 
     </span>
    </p>
   </div>
   <div class='ocr_carea' id='block_1_30' title="bbox 214 1400 1004 1439">
    <p class='ocr_par' dir='ltr' id='par_1_30' title="bbox 214 1400 1004 1439">
     <span class='ocr_line' id='line_1_30' title="bbox 214 1400 1004 1439; baseline 0.005 -12"><span class='ocrx_word' id='word_1_191' title='bbox 214 1400 249 1427; x_wconf 91' lang='lat' dir='ltr'><strong>de</strong></span> <span class='ocrx_word' id='word_1_192' title='bbox 263 1400 364 1434; x_wconf 78' lang='lat' dir='ltr'><strong>quibus</strong></span> <span class='ocrx_word' id='word_1_193' title='bbox 380 1401 501 1430; x_wconf 84' lang='lat' dir='ltr'><strong>imbutus</strong></span> <span class='ocrx_word' id='word_1_194' title='bbox 515 1402 619 1435; x_wconf 80' lang='lat' dir='ltr'><strong>fueras.</strong></span> <span class='ocrx_word' id='word_1_195' title='bbox 638 1403 708 1436; x_wconf 87' lang='lat' dir='ltr'><strong>sive,</strong></span> <span class='ocrx_word' id='word_1_196' title='bbox 727 1404 761 1432; x_wconf 90' lang='lat' dir='ltr'><strong>de</strong></span> <span class='ocrx_word' id='word_1_197' title='bbox 777 1404 878 1439; x_wconf 89' lang='lat' dir='ltr'><strong>quibus</strong></span> <span class='ocrx_word' id='word_1_198' title='bbox 889 1404 1004 1432; x_wconf 90' lang='lat' dir='ltr'><strong>edoctus</strong></span> 
     </span>
    </p>
   </div>
   <div class='ocr_carea' id='block_1_31' title="bbox 213 1447 1003 1485">
    <p class='ocr_par' dir='ltr' id='par_1_31' title="bbox 213 1447 1003 1485">
     <span class='ocr_line' id='line_1_31' title="bbox 213 1447 1003 1485; baseline 0.006 -12"><span class='ocrx_word' id='word_1_199' title='bbox 213 1454 254 1476; x_wconf 85' lang='lat' dir='ltr'><strong>es,</strong></span> <span class='ocrx_word' id='word_1_200' title='bbox 276 1455 309 1474; x_wconf 87' lang='lat' dir='ltr'><strong>ne</strong></span> <span class='ocrx_word' id='word_1_201' title='bbox 327 1451 353 1474; x_wconf 84' lang='lat' dir='ltr'><strong>te</strong></span> <span class='ocrx_word' id='word_1_202' title='bbox 375 1447 451 1476; x_wconf 79' lang='lat' dir='ltr'><strong>fallat</strong></span> <span class='ocrx_word' id='word_1_203' title='bbox 464 1450 597 1483; x_wconf 86' lang='lat' dir='ltr'><strong>narratio,</strong></span> <span class='ocrx_word' id='word_1_204' title='bbox 620 1458 702 1485; x_wconf 77' lang='lat' dir='ltr'><strong>quam</strong></span> <span class='ocrx_word' id='word_1_205' title='bbox 723 1451 803 1478; x_wconf 91' lang='lat' dir='ltr'><strong>multi</strong></span> <span class='ocrx_word' id='word_1_206' title='bbox 826 1455 1003 1479; x_wconf 86' lang='lat' dir='ltr'><strong>tentaverunt</strong></span> 
     </span>
    </p>
   </div>
   <div class='ocr_carea' id='block_1_32' title="bbox 212 1492 853 1529">
    <p class='ocr_par' dir='ltr' id='par_1_32' title="bbox 212 1492 853 1529">
     <span class='ocr_line' id='line_1_32' title="bbox 212 1492 853 1529; baseline 0.008 -11"><span class='ocrx_word' id='word_1_207' title='bbox 212 1494 347 1524; x_wconf 77' lang='lat' dir='ltr'><strong>retexere,</strong></span> <span class='ocrx_word' id='word_1_208' title='bbox 370 1492 449 1520; x_wconf 84' lang='lat' dir='ltr'><strong>sicuti</strong></span> <span class='ocrx_word' id='word_1_209' title='bbox 466 1494 593 1529; x_wconf 85' lang='lat' dir='ltr'><strong>superius</strong></span> <span class='ocrx_word' id='word_1_210' title='bbox 611 1495 783 1523; x_wconf 82' lang='lat' dir='ltr'><strong>declaratum</strong></span> <span class='ocrx_word' id='word_1_211' title='bbox 799 1500 853 1523; x_wconf 79' lang='lat' dir='ltr'><strong>est.</strong></span> 
     </span>
    </p>
   </div>
   <div class='ocr_carea' id='block_1_33' title="bbox 249 1536 1004 1577">
    <p class='ocr_par' dir='ltr' id='par_1_33' title="bbox 249 1536 1004 1577">
     <span class='ocr_line' id='line_1_33' title="bbox 249 1536 1004 1577; baseline 0.008 -13"><span class='ocrx_word' id='word_1_212' title='bbox 249 1536 327 1565; x_wconf 84' lang='lat' dir='ltr'><strong>Vers.</strong></span> <span class='ocrx_word' id='word_1_213' title='bbox 339 1537 365 1565; x_wconf 88' lang='lat'><strong>5.</strong></span> <span class='ocrx_word' id='word_1_214' title='bbox 381 1538 442 1565; x_wconf 83' lang='lat' dir='ltr'><strong>Fuit</strong></span> <span class='ocrx_word' id='word_1_215' title='bbox 455 1553 490 1559; x_wconf 98' lang='lat'>—</span> <span class='ocrx_word' id='word_1_216' title='bbox 501 1539 659 1568; x_wconf 75' lang='lat' dir='ltr'><strong>Zacharias.</strong></span> <span class='ocrx_word' id='word_1_217' title='bbox 671 1541 780 1569; x_wconf 82' lang='lat' dir='ltr'><strong>Patrem</strong></span> <span class='ocrx_word' id='word_1_218' title='bbox 789 1542 855 1570; x_wconf 92' lang='lat' dir='ltr'><strong>dicit</strong></span> <span class='ocrx_word' id='word_1_219' title='bbox 864 1542 1004 1577; x_wconf 74' lang='lat' dir='ltr'><strong>Baptistae.</strong></span> 
     </span>
    </p>
   </div>
   <div class='ocr_carea' id='block_1_34' title="bbox 1051 252 1840 289">
    <p class='ocr_par' dir='ltr' id='par_1_34' title="bbox 1051 252 1840 289">
     <span class='ocr_line' id='line_1_34' title="bbox 1051 252 1840 289; baseline -0.005 -7"><span class='ocrx_word' id='word_1_220' title='bbox 1051 255 1105 282; x_wconf 86' lang='grc' dir='ltr'><strong>τῶν</strong></span> <span class='ocrx_word' id='word_1_221' title='bbox 1117 255 1272 289; x_wconf 87' lang='grc' dir='ltr'>δογμάτων.</span> <span class='ocrx_word' id='word_1_222' title='bbox 1290 253 1376 280; x_wconf 82' lang='grc' dir='ltr'>Τοῦτο</span> <span class='ocrx_word' id='word_1_223' title='bbox 1389 253 1417 280; x_wconf 87' lang='grc' dir='ltr'><strong>δὲ</strong></span> <span class='ocrx_word' id='word_1_224' title='bbox 1434 253 1552 288; x_wconf 74' lang='grc' dir='ltr'>γράψας,</span> <span class='ocrx_word' id='word_1_225' title='bbox 1567 252 1668 286; x_wconf 74' lang='grc' dir='ltr'><strong>ἔδειξεν</strong></span> <span class='ocrx_word' id='word_1_226' title='bbox 1695 253 1736 279; x_wconf 81' lang='grc' dir='ltr'>ὅτι</span> <span class='ocrx_word' id='word_1_227' title='bbox 1752 254 1840 286; x_wconf 73' lang='grc' dir='ltr'>αὑτδς</span> 
     </span>
    </p>
   </div>
   <div class='ocr_carea' id='block_1_35' title="bbox 1053 300 1842 336">
    <p class='ocr_par' dir='ltr' id='par_1_35' title="bbox 1053 300 1842 336">
     <span class='ocr_line' id='line_1_35' title="bbox 1053 300 1842 336; baseline 0 -8"><span class='ocrx_word' id='word_1_228' title='bbox 1053 302 1167 335; x_wconf 76' lang='grc' dir='ltr'><strong>ὕστερος</strong></span> <span class='ocrx_word' id='word_1_229' title='bbox 1183 301 1296 328; x_wconf 75' lang='grc' dir='ltr'><strong>ἐκείνων</strong></span> <span class='ocrx_word' id='word_1_230' title='bbox 1320 300 1465 335; x_wconf 75' lang='grc' dir='ltr'><strong>ἐφοίτησεν</strong></span> <span class='ocrx_word' id='word_1_231' title='bbox 1479 300 1553 335; x_wconf 78' lang='grc' dir='ltr'>αὑτῷ</span> <span class='ocrx_word' id='word_1_232' title='bbox 1564 308 1571 315; x_wconf 82' lang='lat'>&#39;</span> <span class='ocrx_word' id='word_1_233' title='bbox 1585 300 1625 326; x_wconf 86' lang='grc' dir='ltr'><strong>διδ</strong></span> <span class='ocrx_word' id='word_1_234' title='bbox 1644 301 1691 327; x_wconf 81' lang='grc' dir='ltr'>καὶ</span> <span class='ocrx_word' id='word_1_235' title='bbox 1709 302 1775 336; x_wconf 83' lang='grc' dir='ltr'>παρ’</span> <span class='ocrx_word' id='word_1_236' title='bbox 1787 303 1842 328; x_wconf 75' lang='grc' dir='ltr'><strong>αὖ-</strong></span> 
     </span>
    </p>
   </div>
   <div class='ocr_carea' id='block_1_36' title="bbox 1051 346 1837 383">
    <p class='ocr_par' dir='ltr' id='par_1_36' title="bbox 1051 346 1837 383">
     <span class='ocr_line' id='line_1_36' title="bbox 1051 346 1837 383; baseline 0.001 -9"><span class='ocrx_word' id='word_1_237' title='bbox 1051 347 1106 374; x_wconf 85' lang='grc' dir='ltr'>τῶν</span> <span class='ocrx_word' id='word_1_238' title='bbox 1125 348 1210 383; x_wconf 74' lang='grc' dir='ltr'><strong>ἔμαθε</strong></span> <span class='ocrx_word' id='word_1_239' title='bbox 1225 347 1323 378; x_wconf 86' lang='grc' dir='ltr'>ταῦτα,</span> <span class='ocrx_word' id='word_1_240' title='bbox 1336 346 1380 373; x_wconf 77' lang='grc' dir='ltr'>διὰ</span> <span class='ocrx_word' id='word_1_241' title='bbox 1395 347 1496 378; x_wconf 78' lang='grc' dir='ltr'>παντὸς</span> <span class='ocrx_word' id='word_1_242' title='bbox 1509 347 1646 374; x_wconf 78' lang='grc' dir='ltr'><strong>συνόντων</strong></span> <span class='ocrx_word' id='word_1_243' title='bbox 1661 347 1699 381; x_wconf 84' lang='grc' dir='ltr'>τῷ</span> <span class='ocrx_word' id='word_1_244' title='bbox 1713 349 1837 383; x_wconf 70' lang='grc' dir='ltr'>Χριστῷ,</span> 
     </span>
    </p>
   </div>
   <div class='ocr_carea' id='block_1_37' title="bbox 1052 393 1841 428">
    <p class='ocr_par' dir='ltr' id='par_1_37' title="bbox 1052 393 1841 428">
     <span class='ocr_line' id='line_1_37' title="bbox 1052 393 1841 428; baseline 0 -7"><span class='ocrx_word' id='word_1_245' title='bbox 1052 393 1101 421; x_wconf 71' lang='grc' dir='ltr'>καὶ</span> <span class='ocrx_word' id='word_1_246' title='bbox 1124 395 1249 428; x_wconf 78' lang='grc' dir='ltr'><strong>ὁρώντων</strong></span> <span class='ocrx_word' id='word_1_247' title='bbox 1264 393 1312 419; x_wconf 76' lang='grc' dir='ltr'>καὶ</span> <span class='ocrx_word' id='word_1_248' title='bbox 1325 393 1478 419; x_wconf 80' lang='grc' dir='ltr'>ἀκουόντων</span> <span class='ocrx_word' id='word_1_249' title='bbox 1498 393 1612 420; x_wconf 68' lang='grc' dir='ltr'>ἕκαστον</span> <span class='ocrx_word' id='word_1_250' title='bbox 1631 393 1706 428; x_wconf 80' lang='grc' dir='ltr'><strong>λέγει</strong></span> <span class='ocrx_word' id='word_1_251' title='bbox 1723 394 1752 420; x_wconf 83' lang='grc' dir='ltr'><strong>δὲ</strong></span> <span class='ocrx_word' id='word_1_252' title='bbox 1773 396 1841 425; x_wconf 78' lang='grc' dir='ltr'>τοὺς</span> 
     </span>
    </p>
   </div>
   <div class='ocr_carea' id='block_1_38' title="bbox 1053 438 1839 474">
    <p class='ocr_par' dir='ltr' id='par_1_38' title="bbox 1053 438 1839 474">
     <span class='ocr_line' id='line_1_38' title="bbox 1053 438 1839 474; baseline 0.001 -9"><span class='ocrx_word' id='word_1_253' title='bbox 1053 439 1102 473; x_wconf 85' lang='grc' dir='ltr'><strong>τῆς</strong></span> <span class='ocrx_word' id='word_1_254' title='bbox 1119 439 1270 469; x_wconf 83' lang='grc' dir='ltr'>δωδεκὰδος</span> <span class='ocrx_word' id='word_1_255' title='bbox 1295 438 1349 465; x_wconf 82' lang='grc' dir='ltr'>τῶν</span> <span class='ocrx_word' id='word_1_256' title='bbox 1377 438 1518 473; x_wconf 79' lang='grc' dir='ltr'><strong>μαθητῶν.</strong></span> <span class='ocrx_word' id='word_1_257' title='bbox 1535 438 1623 472; x_wconf 83' lang='grc' dir='ltr'>Λόγον</span> <span class='ocrx_word' id='word_1_258' title='bbox 1639 439 1667 465; x_wconf 84' lang='grc' dir='ltr'><strong>δὲ</strong></span> <span class='ocrx_word' id='word_1_259' title='bbox 1690 440 1736 465; x_wconf 72' lang='grc' dir='ltr'><strong>τὸν</strong></span> <span class='ocrx_word' id='word_1_260' title='bbox 1769 441 1839 474; x_wconf 87' lang='grc' dir='ltr'>Χρι-</span> 
     </span>
    </p>
   </div>
   <div class='ocr_carea' id='block_1_39' title="bbox 1053 483 1839 520">
    <p class='ocr_par' dir='ltr' id='par_1_39' title="bbox 1053 483 1839 520">
     <span class='ocr_line' id='line_1_39' title="bbox 1053 483 1839 520; baseline 0.003 -10"><span class='ocrx_word' id='word_1_261' title='bbox 1053 485 1115 510; x_wconf 82' lang='grc' dir='ltr'>στὸν</span> <span class='ocrx_word' id='word_1_262' title='bbox 1129 484 1248 511; x_wconf 71' lang='grc' dir='ltr'>ἐνταῦθά</span> <span class='ocrx_word' id='word_1_263' title='bbox 1262 484 1498 518; x_wconf 82' lang='grc' dir='ltr'>φησιν,όραθέντα</span> <span class='ocrx_word' id='word_1_264' title='bbox 1511 483 1616 515; x_wconf 83' lang='grc' dir='ltr'><strong>τούτοις</strong></span> <span class='ocrx_word' id='word_1_265' title='bbox 1639 484 1683 511; x_wconf 84' lang='grc' dir='ltr'><strong>διὰ</strong></span> <span class='ocrx_word' id='word_1_266' title='bbox 1696 485 1746 520; x_wconf 82' lang='grc' dir='ltr'><strong>τῆς</strong></span> <span class='ocrx_word' id='word_1_267' title='bbox 1759 486 1839 512; x_wconf 74' lang='grc' dir='ltr'>ἐναν-</span> 
     </span>
    </p>
   </div>
   <div class='ocr_carea' id='block_1_40' title="bbox 1056 530 1842 565">
    <p class='ocr_par' dir='ltr' id='par_1_40' title="bbox 1056 530 1842 565">
     <span class='ocr_line' id='line_1_40' title="bbox 1056 530 1842 565; baseline 0.003 -9"><span class='ocrx_word' id='word_1_268' title='bbox 1056 530 1225 565; x_wconf 83' lang='grc' dir='ltr'>ορωπήσεως</span> <span class='ocrx_word' id='word_1_269' title='bbox 1244 540 1251 547; x_wconf 87' lang='grc'>·</span> <span class='ocrx_word' id='word_1_270' title='bbox 1272 530 1414 565; x_wconf 83' lang='grc' dir='ltr'><strong>ὑπηρέτας</strong></span> <span class='ocrx_word' id='word_1_271' title='bbox 1429 530 1457 556; x_wconf 81' lang='grc' dir='ltr'><strong>δὲ</strong></span> <span class='ocrx_word' id='word_1_272' title='bbox 1481 530 1594 562; x_wconf 79' lang='grc' dir='ltr'><strong>τούτους</strong></span> <span class='ocrx_word' id='word_1_273' title='bbox 1619 530 1774 565; x_wconf 83' lang='grc' dir='ltr'>ὠνόμασεν.</span> <span class='ocrx_word' id='word_1_274' title='bbox 1802 531 1842 562; x_wconf 80' lang='grc' dir='ltr'><strong>ὡς</strong></span> 
     </span>
    </p>
   </div>
   <div class='ocr_carea' id='block_1_41' title="bbox 1054 576 1841 613">
    <p class='ocr_par' dir='ltr' id='par_1_41' title="bbox 1054 576 1841 613">
     <span class='ocr_line' id='line_1_41' title="bbox 1054 576 1841 613; baseline 0.001 -10"><span class='ocrx_word' id='word_1_275' title='bbox 1054 577 1204 611; x_wconf 81' lang='grc' dir='ltr'><strong>ὑπηκόους,</strong></span> <span class='ocrx_word' id='word_1_276' title='bbox 1226 577 1274 603; x_wconf 76' lang='grc' dir='ltr'>καὶ</span> <span class='ocrx_word' id='word_1_277' title='bbox 1300 576 1337 606; x_wconf 80' lang='grc' dir='ltr'>ὡς</span> <span class='ocrx_word' id='word_1_278' title='bbox 1362 576 1567 608; x_wconf 65' lang='grc' dir='ltr'>ἀποσταλέντας</span> <span class='ocrx_word' id='word_1_279' title='bbox 1594 577 1635 608; x_wconf 84' lang='grc' dir='ltr'><strong>είς</strong></span> <span class='ocrx_word' id='word_1_280' title='bbox 1655 577 1685 603; x_wconf 85' lang='grc' dir='ltr'><strong>τὸ</strong></span> <span class='ocrx_word' id='word_1_281' title='bbox 1705 577 1841 613; x_wconf 81' lang='grc' dir='ltr'>κήρυγμα</span> 
     </span>
    </p>
   </div>
   <div class='ocr_carea' id='block_1_42' title="bbox 1053 623 1248 658">
    <p class='ocr_par' dir='ltr' id='par_1_42' title="bbox 1053 623 1248 658">
     <span class='ocr_line' id='line_1_42' title="bbox 1053 623 1248 658; baseline 0.005 -9"><span class='ocrx_word' id='word_1_282' title='bbox 1053 624 1101 658; x_wconf 79' lang='grc' dir='ltr'><strong>τῆς</strong></span> <span class='ocrx_word' id='word_1_283' title='bbox 1119 623 1248 654; x_wconf 80' lang='grc' dir='ltr'>πίστεως.</span> 
     </span>
    </p>
   </div>
   <div class='ocr_carea' id='block_1_43' title="bbox 1090 666 1845 705">
    <p class='ocr_par' dir='ltr' id='par_1_43' title="bbox 1090 666 1845 705">
     <span class='ocr_line' id='line_1_43' title="bbox 1090 666 1845 705; baseline 0 -9"><span class='ocrx_word' id='word_1_284' title='bbox 1090 670 1197 701; x_wconf 82' lang='grc' dir='ltr'><strong>Ἔδοξε</strong></span> <span class='ocrx_word' id='word_1_285' title='bbox 1215 685 1250 689; x_wconf 92' lang='grc'><strong><em>-</em></strong></span> <span class='ocrx_word' id='word_1_286' title='bbox 1271 670 1406 704; x_wconf 72' lang='grc' dir='ltr'><strong>Θεόφιλε.</strong></span> <span class='ocrx_word' id='word_1_287' title='bbox 1434 666 1681 705; x_wconf 82' lang='grc' dir='ltr'>Παρακολούθησιν</span> <span class='ocrx_word' id='word_1_288' title='bbox 1694 669 1744 705; x_wconf 82' lang='grc' dir='ltr'>τὴν</span> <span class='ocrx_word' id='word_1_289' title='bbox 1771 670 1845 704; x_wconf 79' lang='grc' dir='ltr'>γνῶ-</span> 
     </span>
    </p>
   </div>
   <div class='ocr_carea' id='block_1_44' title="bbox 1054 714 1844 750">
    <p class='ocr_par' dir='ltr' id='par_1_44' title="bbox 1054 714 1844 750">
     <span class='ocr_line' id='line_1_44' title="bbox 1054 714 1844 750; baseline 0.001 -9"><span class='ocrx_word' id='word_1_290' title='bbox 1054 723 1097 741; x_wconf 88' lang='grc' dir='ltr'><strong>σιν</strong></span> <span class='ocrx_word' id='word_1_291' title='bbox 1126 715 1297 749; x_wconf 81' lang='grc' dir='ltr'>ὑποληπτέον</span> <span class='ocrx_word' id='word_1_292' title='bbox 1314 715 1361 741; x_wconf 77' lang='grc' dir='ltr'><strong>ἐπὶ</strong></span> <span class='ocrx_word' id='word_1_293' title='bbox 1374 714 1419 741; x_wconf 78' lang='grc' dir='ltr'>τοῦ</span> <span class='ocrx_word' id='word_1_294' title='bbox 1439 716 1572 750; x_wconf 76' lang='grc' dir='ltr'>παρόντος</span> <span class='ocrx_word' id='word_1_295' title='bbox 1599 715 1693 750; x_wconf 73' lang='grc' dir='ltr'>ῥητοῦ.</span> <span class='ocrx_word' id='word_1_296' title='bbox 1711 715 1789 743; x_wconf 80' lang='grc' dir='ltr'><strong>Πᾶσι</strong></span> <span class='ocrx_word' id='word_1_297' title='bbox 1802 716 1844 749; x_wconf 74' lang='grc' dir='ltr'>δὲ,</span> 
     </span>
    </p>
   </div>
   <div class='ocr_carea' id='block_1_45' title="bbox 1053 761 1842 796">
    <p class='ocr_par' dir='ltr' id='par_1_45' title="bbox 1053 761 1842 796">
     <span class='ocr_line' id='line_1_45' title="bbox 1053 761 1842 796; baseline 0.001 -9"><span class='ocrx_word' id='word_1_298' title='bbox 1053 762 1110 792; x_wconf 76' lang='grc' dir='ltr'>τοῖς</span> <span class='ocrx_word' id='word_1_299' title='bbox 1125 761 1215 796; x_wconf 75' lang='grc' dir='ltr'>ἔργοις</span> <span class='ocrx_word' id='word_1_300' title='bbox 1228 761 1276 788; x_wconf 77' lang='grc' dir='ltr'>καὶ</span> <span class='ocrx_word' id='word_1_301' title='bbox 1288 761 1378 795; x_wconf 76' lang='grc' dir='ltr'>λόγοις</span> <span class='ocrx_word' id='word_1_302' title='bbox 1397 761 1518 796; x_wconf 85' lang='grc' dir='ltr'>δηλονότι</span> <span class='ocrx_word' id='word_1_303' title='bbox 1530 761 1577 788; x_wconf 84' lang='grc' dir='ltr'>τοῦ</span> <span class='ocrx_word' id='word_1_304' title='bbox 1592 762 1732 796; x_wconf 82' lang='grc' dir='ltr'>Σωτῆρος.</span> <span class='ocrx_word' id='word_1_305' title='bbox 1751 763 1842 788; x_wconf 81' lang='grc' dir='ltr'><strong>Ἀνω-</strong></span> 
     </span>
    </p>
   </div>
   <div class='ocr_carea' id='block_1_46' title="bbox 1054 807 1845 842">
    <p class='ocr_par' dir='ltr' id='par_1_46' title="bbox 1054 807 1845 842">
     <span class='ocr_line' id='line_1_46' title="bbox 1054 807 1845 842; baseline 0.001 -8"><span class='ocrx_word' id='word_1_306' title='bbox 1054 808 1106 834; x_wconf 83' lang='grc' dir='ltr'><strong>θεν</strong></span> <span class='ocrx_word' id='word_1_307' title='bbox 1126 807 1165 837; x_wconf 77' lang='grc' dir='ltr'><strong>δὲ,</strong></span> <span class='ocrx_word' id='word_1_308' title='bbox 1188 807 1250 834; x_wconf 78' lang='grc' dir='ltr'>ἀντὶ</span> <span class='ocrx_word' id='word_1_309' title='bbox 1272 807 1330 839; x_wconf 86' lang='grc' dir='ltr'>τοῦ,</span> <span class='ocrx_word' id='word_1_310' title='bbox 1356 807 1417 834; x_wconf 73' lang='grc' dir='ltr'><strong>Ἀπ’</strong></span> <span class='ocrx_word' id='word_1_311' title='bbox 1432 808 1518 842; x_wconf 83' lang='grc' dir='ltr'>ἀρχῆς</span> <span class='ocrx_word' id='word_1_312' title='bbox 1543 808 1643 835; x_wconf 85' lang='grc' dir='ltr'>αὐτῶν.</span> <span class='ocrx_word' id='word_1_313' title='bbox 1662 808 1745 842; x_wconf 80' lang='grc' dir='ltr'>Λέγει</span> <span class='ocrx_word' id='word_1_314' title='bbox 1777 808 1845 841; x_wconf 78' lang='grc' dir='ltr'>γοῦν</span> 
     </span>
    </p>
   </div>
   <div class='ocr_carea' id='block_1_47' title="bbox 1054 854 1845 890">
    <p class='ocr_par' dir='ltr' id='par_1_47' title="bbox 1054 854 1845 890">
     <span class='ocr_line' id='line_1_47' title="bbox 1054 854 1845 890; baseline -0.001 -9"><span class='ocrx_word' id='word_1_315' title='bbox 1054 855 1095 881; x_wconf 80' lang='grc' dir='ltr'>ὅτι</span> <span class='ocrx_word' id='word_1_316' title='bbox 1112 854 1220 886; x_wconf 77' lang='grc' dir='ltr'><strong>Ἔδοξε</strong></span> <span class='ocrx_word' id='word_1_317' title='bbox 1234 855 1333 889; x_wconf 76' lang='grc' dir='ltr'>κάμοὶ,</span> <span class='ocrx_word' id='word_1_318' title='bbox 1347 854 1498 886; x_wconf 79' lang='grc' dir='ltr'><strong>τουτέστιν,</strong></span> <span class='ocrx_word' id='word_1_319' title='bbox 1514 854 1629 890; x_wconf 73' lang='grc' dir='ltr'>ἀρεστὸν</span> <span class='ocrx_word' id='word_1_320' title='bbox 1643 855 1741 889; x_wconf 79' lang='grc' dir='ltr'>ἐφάνη,</span> <span class='ocrx_word' id='word_1_321' title='bbox 1752 855 1845 887; x_wconf 83' lang='grc' dir='ltr'>γνόντι</span> 
     </span>
    </p>
   </div>
   <div class='ocr_carea' id='block_1_48' title="bbox 1056 900 1845 936">
    <p class='ocr_par' dir='ltr' id='par_1_48' title="bbox 1056 900 1845 936">
     <span class='ocr_line' id='line_1_48' title="bbox 1056 900 1845 936; baseline 0 -8"><span class='ocrx_word' id='word_1_322' title='bbox 1056 902 1102 928; x_wconf 82' lang='grc' dir='ltr'><strong>ἀπ’</strong></span> <span class='ocrx_word' id='word_1_323' title='bbox 1121 902 1206 936; x_wconf 83' lang='grc' dir='ltr'>ἀρχῆς</span> <span class='ocrx_word' id='word_1_324' title='bbox 1221 902 1308 928; x_wconf 86' lang='grc' dir='ltr'>πάντα</span> <span class='ocrx_word' id='word_1_325' title='bbox 1329 901 1397 936; x_wconf 78' lang='grc' dir='ltr'>πρὸς</span> <span class='ocrx_word' id='word_1_326' title='bbox 1414 900 1570 936; x_wconf 76' lang='grc' dir='ltr'>ἀκρίϐειαν,</span> <span class='ocrx_word' id='word_1_327' title='bbox 1585 900 1707 935; x_wconf 79' lang='grc' dir='ltr'><strong>καθεξῆς</strong></span> <span class='ocrx_word' id='word_1_328' title='bbox 1721 910 1762 927; x_wconf 89' lang='grc' dir='ltr'>σοι</span> <span class='ocrx_word' id='word_1_329' title='bbox 1776 901 1845 935; x_wconf 80' lang='grc' dir='ltr'>γρά-</span> 
     </span>
    </p>
   </div>
   <div class='ocr_carea' id='block_1_49' title="bbox 1055 945 1820 983">
    <p class='ocr_par' dir='ltr' id='par_1_49' title="bbox 1055 945 1820 983">
     <span class='ocr_line' id='line_1_49' title="bbox 1055 945 1820 983; baseline 0 -9"><span class='ocrx_word' id='word_1_330' title='bbox 1055 947 1115 982; x_wconf 76' lang='grc' dir='ltr'>ψαι.</span> <span class='ocrx_word' id='word_1_331' title='bbox 1133 945 1199 973; x_wconf 81' lang='grc' dir='ltr'>Εἶτα</span> <span class='ocrx_word' id='word_1_332' title='bbox 1216 947 1380 982; x_wconf 64' lang='grc' dir='ltr'>προστίθησι</span> <span class='ocrx_word' id='word_1_333' title='bbox 1399 947 1448 974; x_wconf 73' lang='grc' dir='ltr'>καὶ</span> <span class='ocrx_word' id='word_1_334' title='bbox 1460 947 1510 982; x_wconf 83' lang='grc' dir='ltr'><strong>τὴν</strong></span> <span class='ocrx_word' id='word_1_335' title='bbox 1524 947 1616 973; x_wconf 79' lang='grc' dir='ltr'><strong>αἰτίαν</strong></span> <span class='ocrx_word' id='word_1_336' title='bbox 1635 947 1685 981; x_wconf 84' lang='grc' dir='ltr'><strong>τῆς</strong></span> <span class='ocrx_word' id='word_1_337' title='bbox 1697 947 1820 983; x_wconf 79' lang='grc' dir='ltr'><strong>γραφῆς.</strong></span> 
     </span>
    </p>
   </div>
   <div class='ocr_carea' id='block_1_50' title="bbox 1090 989 1847 1027">
    <p class='ocr_par' dir='ltr' id='par_1_50' title="bbox 1090 989 1847 1027">
     <span class='ocr_line' id='line_1_50' title="bbox 1090 989 1847 1027; baseline 0 -9"><span class='ocrx_word' id='word_1_338' title='bbox 1090 991 1130 1026; x_wconf 74' lang='grc' dir='ltr'><strong>-Η-</strong></span> <span class='ocrx_word' id='word_1_339' title='bbox 1142 989 1239 1027; x_wconf 79' lang='grc' dir='ltr'>[Οὗτος</span> <span class='ocrx_word' id='word_1_340' title='bbox 1261 992 1298 1026; x_wconf 81' lang='grc'><strong>(6)</strong></span> <span class='ocrx_word' id='word_1_341' title='bbox 1319 991 1501 1026; x_wconf 80' lang='grc' dir='ltr'><strong>συγκλητικὸς</strong></span> <span class='ocrx_word' id='word_1_342' title='bbox 1527 990 1560 1027; x_wconf 83' lang='grc' dir='ltr'>ἦν</span> <span class='ocrx_word' id='word_1_343' title='bbox 1579 992 1628 1019; x_wconf 81' lang='grc' dir='ltr'>καὶ</span> <span class='ocrx_word' id='word_1_344' title='bbox 1653 992 1746 1027; x_wconf 76' lang='grc' dir='ltr'>ἄρχων</span> <span class='ocrx_word' id='word_1_345' title='bbox 1769 992 1847 1023; x_wconf 74' lang='grc' dir='ltr'>ἴσως,</span> 
     </span>
    </p>
   </div>
   <div class='ocr_carea' id='block_1_51' title="bbox 1056 1036 1846 1072">
    <p class='ocr_par' dir='ltr' id='par_1_51' title="bbox 1056 1036 1846 1072">
     <span class='ocr_line' id='line_1_51' title="bbox 1056 1036 1846 1072; baseline 0.003 -10"><span class='ocrx_word' id='word_1_346' title='bbox 1056 1036 1093 1063; x_wconf 85' lang='grc' dir='ltr'>Τὸ</span> <span class='ocrx_word' id='word_1_347' title='bbox 1107 1036 1162 1071; x_wconf 86' lang='grc' dir='ltr'><strong>γὰρ</strong></span> <span class='ocrx_word' id='word_1_348' title='bbox 1174 1036 1336 1070; x_wconf 81' lang='grc' dir='ltr'>κράτιστος</span> <span class='ocrx_word' id='word_1_349' title='bbox 1356 1037 1404 1063; x_wconf 75' lang='grc' dir='ltr'><strong>ἐπὶ</strong></span> <span class='ocrx_word' id='word_1_350' title='bbox 1415 1036 1470 1063; x_wconf 86' lang='grc' dir='ltr'>τῶν</span> <span class='ocrx_word' id='word_1_351' title='bbox 1490 1037 1629 1072; x_wconf 82' lang='grc' dir='ltr'>ἀρχόντων</span> <span class='ocrx_word' id='word_1_352' title='bbox 1642 1038 1689 1064; x_wconf 75' lang='grc' dir='ltr'>καὶ</span> <span class='ocrx_word' id='word_1_353' title='bbox 1702 1038 1846 1072; x_wconf 80' lang='grc' dir='ltr'>ἡγεμόνων</span> 
     </span>
    </p>
   </div>
   <div class='ocr_carea' id='block_1_52' title="bbox 1056 1084 1846 1119">
    <p class='ocr_par' dir='ltr' id='par_1_52' title="bbox 1056 1084 1846 1119">
     <span class='ocr_line' id='line_1_52' title="bbox 1056 1084 1846 1119; baseline 0 -9"><span class='ocrx_word' id='word_1_354' title='bbox 1056 1084 1176 1118; x_wconf 74' lang='grc' dir='ltr'>ἐλέγετο.</span> <span class='ocrx_word' id='word_1_355' title='bbox 1199 1084 1242 1115; x_wconf 86' lang='grc' dir='ltr'>Ὠς</span> <span class='ocrx_word' id='word_1_356' title='bbox 1259 1085 1307 1110; x_wconf 70' lang='grc' dir='ltr'><strong>καὶ</strong></span> <span class='ocrx_word' id='word_1_357' title='bbox 1333 1085 1346 1111; x_wconf 89' lang='grc' dir='ltr'><strong>ό</strong></span> <span class='ocrx_word' id='word_1_358' title='bbox 1361 1084 1466 1115; x_wconf 84' lang='grc' dir='ltr'>Παῦλός</span> <span class='ocrx_word' id='word_1_359' title='bbox 1490 1093 1557 1119; x_wconf 85' lang='grc' dir='ltr'>φησι</span> <span class='ocrx_word' id='word_1_360' title='bbox 1572 1084 1642 1119; x_wconf 77' lang='grc' dir='ltr'>πρὸς</span> <span class='ocrx_word' id='word_1_361' title='bbox 1659 1085 1706 1110; x_wconf 63' lang='grc' dir='ltr'><strong>τὸν</strong></span> <span class='ocrx_word' id='word_1_362' title='bbox 1721 1084 1846 1119; x_wconf 78' lang='grc' dir='ltr'><strong>ἡγεμόνα</strong></span> 
     </span>
    </p>
   </div>
   <div class='ocr_carea' id='block_1_53' title="bbox 1056 1129 1848 1165">
    <p class='ocr_par' dir='ltr' id='par_1_53' title="bbox 1056 1129 1848 1165">
     <span class='ocr_line' id='line_1_53' title="bbox 1056 1129 1848 1165; baseline 0 -9"><span class='ocrx_word' id='word_1_363' title='bbox 1056 1131 1171 1165; x_wconf 79' lang='grc' dir='ltr'><strong>Φῆστον,</strong></span> <span class='ocrx_word' id='word_1_364' title='bbox 1193 1129 1339 1164; x_wconf 77' lang='grc' dir='ltr'>Κράτιστε</span> <span class='ocrx_word' id='word_1_365' title='bbox 1368 1130 1479 1164; x_wconf 78' lang='grc' dir='ltr'>Φῆστε.</span> <span class='ocrx_word' id='word_1_366' title='bbox 1498 1130 1553 1156; x_wconf 80' lang='grc' dir='ltr'><strong>Καὶ</strong></span> <span class='ocrx_word' id='word_1_367' title='bbox 1570 1131 1625 1161; x_wconf 81' lang='grc' dir='ltr'><strong>πᾶς</strong></span> <span class='ocrx_word' id='word_1_368' title='bbox 1643 1130 1672 1156; x_wconf 84' lang='grc' dir='ltr'><strong>δὲ</strong></span> <span class='ocrx_word' id='word_1_369' title='bbox 1700 1130 1848 1164; x_wconf 77' lang='grc' dir='ltr'>ἄνθρωπος</span> 
     </span>
    </p>
   </div>
   <div class='ocr_carea' id='block_1_54' title="bbox 1057 1175 1847 1211">
    <p class='ocr_par' dir='ltr' id='par_1_54' title="bbox 1057 1175 1847 1211">
     <span class='ocr_line' id='line_1_54' title="bbox 1057 1175 1847 1211; baseline -0.001 -9"><span class='ocrx_word' id='word_1_370' title='bbox 1057 1175 1196 1210; x_wconf 74' lang='grc' dir='ltr'>Θεοφιλὴς,</span> <span class='ocrx_word' id='word_1_371' title='bbox 1215 1177 1262 1202; x_wconf 84' lang='grc' dir='ltr'><strong>καὶ</strong></span> <span class='ocrx_word' id='word_1_372' title='bbox 1275 1177 1375 1211; x_wconf 82' lang='grc' dir='ltr'>κράτος</span> <span class='ocrx_word' id='word_1_373' title='bbox 1397 1177 1469 1203; x_wconf 82' lang='grc' dir='ltr'>κατὰ</span> <span class='ocrx_word' id='word_1_374' title='bbox 1484 1176 1539 1203; x_wconf 84' lang='grc' dir='ltr'>τῶν</span> <span class='ocrx_word' id='word_1_375' title='bbox 1560 1176 1656 1203; x_wconf 85' lang='grc' dir='ltr'>παθῶν</span> <span class='ocrx_word' id='word_1_376' title='bbox 1674 1176 1847 1210; x_wconf 79' lang='grc' dir='ltr'>ἀναδεξάμε-</span> 
     </span>
    </p>
   </div>
   <div class='ocr_carea' id='block_1_55' title="bbox 1056 1221 1848 1258">
    <p class='ocr_par' dir='ltr' id='par_1_55' title="bbox 1056 1221 1848 1258">
     <span class='ocr_line' id='line_1_55' title="bbox 1056 1221 1848 1258; baseline 0.004 -11"><span class='ocrx_word' id='word_1_377' title='bbox 1056 1229 1111 1254; x_wconf 81' lang='grc' dir='ltr'>νος,</span> <span class='ocrx_word' id='word_1_378' title='bbox 1131 1221 1261 1255; x_wconf 73' lang='grc' dir='ltr'>Θεόφιλός</span> <span class='ocrx_word' id='word_1_379' title='bbox 1275 1222 1336 1248; x_wconf 77' lang='grc' dir='ltr'>ἐστι</span> <span class='ocrx_word' id='word_1_380' title='bbox 1347 1222 1504 1257; x_wconf 82' lang='grc' dir='ltr'>κράτιστος,</span> <span class='ocrx_word' id='word_1_381' title='bbox 1522 1222 1552 1252; x_wconf 74' lang='grc' dir='ltr'>ὃς</span> <span class='ocrx_word' id='word_1_382' title='bbox 1573 1222 1620 1249; x_wconf 85' lang='grc' dir='ltr'>καὶ</span> <span class='ocrx_word' id='word_1_383' title='bbox 1636 1221 1712 1254; x_wconf 77' lang='grc' dir='ltr'>ἄξιος</span> <span class='ocrx_word' id='word_1_384' title='bbox 1725 1223 1765 1258; x_wconf 88' lang='grc' dir='ltr'>τῷ</span> <span class='ocrx_word' id='word_1_385' title='bbox 1789 1223 1848 1250; x_wconf 80' lang='grc' dir='ltr'>δντι</span> 
     </span>
    </p>
   </div>
   <div class='ocr_carea' id='block_1_56' title="bbox 1056 1266 1527 1303">
    <p class='ocr_par' dir='ltr' id='par_1_56' title="bbox 1056 1266 1527 1303">
     <span class='ocr_line' id='line_1_56' title="bbox 1056 1266 1527 1303; baseline 0.004 -11"><span class='ocrx_word' id='word_1_386' title='bbox 1056 1266 1132 1292; x_wconf 62' lang='grc' dir='ltr'>ἔστὶν</span> <span class='ocrx_word' id='word_1_387' title='bbox 1146 1266 1257 1293; x_wconf 81' lang='grc' dir='ltr'><strong>ἀκούειν</strong></span> <span class='ocrx_word' id='word_1_388' title='bbox 1273 1266 1319 1293; x_wconf 83' lang='grc' dir='ltr'><strong>τοῦ</strong></span> <span class='ocrx_word' id='word_1_389' title='bbox 1333 1266 1527 1303; x_wconf 78' lang='grc' dir='ltr'>Εὑαγγελίου.]</span> 
     </span>
    </p>
   </div>
   <div class='ocr_carea' id='block_1_57' title="bbox 1092 1312 1849 1348">
    <p class='ocr_par' dir='ltr' id='par_1_57' title="bbox 1092 1312 1849 1348">
     <span class='ocr_line' id='line_1_57' title="bbox 1092 1312 1849 1348; baseline 0.003 -9"><span class='ocrx_word' id='word_1_390' title='bbox 1092 1312 1160 1340; x_wconf 78' lang='grc' dir='ltr'><strong>Ἵνα</strong></span> <span class='ocrx_word' id='word_1_391' title='bbox 1176 1327 1211 1333; x_wconf 90' lang='lat'><strong>—-</strong></span> <span class='ocrx_word' id='word_1_392' title='bbox 1227 1313 1411 1347; x_wconf 73' lang='grc' dir='ltr'>ἀσφάλειαν.</span> <span class='ocrx_word' id='word_1_393' title='bbox 1442 1313 1501 1340; x_wconf 87' lang='grc' dir='ltr'>Ἶνα</span> <span class='ocrx_word' id='word_1_394' title='bbox 1527 1313 1659 1348; x_wconf 75' lang='grc' dir='ltr'><strong>ἐπιγνῷς,</strong></span> <span class='ocrx_word' id='word_1_395' title='bbox 1693 1313 1736 1340; x_wconf 76' lang='grc' dir='ltr'>ἵνα</span> <span class='ocrx_word' id='word_1_396' title='bbox 1764 1314 1849 1341; x_wconf 68' lang='grc' dir='ltr'>πλέον</span> 
     </span>
    </p>
   </div>
   <div class='ocr_carea' id='block_1_58' title="bbox 1056 1358 1848 1394">
    <p class='ocr_par' dir='ltr' id='par_1_58' title="bbox 1056 1358 1848 1394">
     <span class='ocr_line' id='line_1_58' title="bbox 1056 1358 1848 1394; baseline 0.003 -10"><span class='ocrx_word' id='word_1_397' title='bbox 1056 1358 1197 1394; x_wconf 75' lang='grc' dir='ltr'><strong>κατάσχῃς</strong></span> <span class='ocrx_word' id='word_1_398' title='bbox 1217 1358 1267 1389; x_wconf 81' lang='grc' dir='ltr'>τὴν</span> <span class='ocrx_word' id='word_1_399' title='bbox 1288 1358 1442 1393; x_wconf 83' lang='grc' dir='ltr'>ἀσφάλειαν</span> <span class='ocrx_word' id='word_1_400' title='bbox 1469 1359 1524 1385; x_wconf 84' lang='grc' dir='ltr'>τῶν</span> <span class='ocrx_word' id='word_1_401' title='bbox 1538 1358 1626 1393; x_wconf 85' lang='grc' dir='ltr'>λόγων</span> <span class='ocrx_word' id='word_1_402' title='bbox 1649 1359 1699 1394; x_wconf 83' lang='grc' dir='ltr'><strong>τῆς</strong></span> <span class='ocrx_word' id='word_1_403' title='bbox 1715 1360 1848 1392; x_wconf 79' lang='grc' dir='ltr'>πίστεως,</span> 
     </span>
    </p>
   </div>
   <div class='ocr_carea' id='block_1_59' title="bbox 1057 1401 1849 1440">
    <p class='ocr_par' dir='ltr' id='par_1_59' title="bbox 1057 1401 1849 1440">
     <span class='ocr_line' id='line_1_59' title="bbox 1057 1401 1849 1440; baseline 0 -10"><span class='ocrx_word' id='word_1_404' title='bbox 1057 1404 1123 1439; x_wconf 74' lang='grc' dir='ltr'>περὶ</span> <span class='ocrx_word' id='word_1_405' title='bbox 1148 1402 1186 1431; x_wconf 83' lang='grc' dir='ltr'>ὧν</span> <span class='ocrx_word' id='word_1_406' title='bbox 1215 1403 1374 1440; x_wconf 79' lang='grc' dir='ltr'><strong>κατηχήθης</strong></span> <span class='ocrx_word' id='word_1_407' title='bbox 1393 1425 1401 1437; x_wconf 91' lang='grc'><strong>,</strong></span> <span class='ocrx_word' id='word_1_408' title='bbox 1426 1405 1511 1440; x_wconf 74' lang='grc' dir='ltr'>ἤγουν</span> <span class='ocrx_word' id='word_1_409' title='bbox 1539 1405 1605 1440; x_wconf 72' lang='grc' dir='ltr'>περὶ</span> <span class='ocrx_word' id='word_1_410' title='bbox 1633 1401 1670 1431; x_wconf 82' lang='grc' dir='ltr'>ὧν</span> <span class='ocrx_word' id='word_1_411' title='bbox 1693 1405 1849 1440; x_wconf 77' lang='grc' dir='ltr'>ἐδιδάχθης,</span> 
     </span>
    </p>
   </div>
   <div class='ocr_carea' id='block_1_60' title="bbox 1055 1449 1848 1487">
    <p class='ocr_par' dir='ltr' id='par_1_60' title="bbox 1055 1449 1848 1487">
     <span class='ocr_line' id='line_1_60' title="bbox 1055 1449 1848 1487; baseline 0 -10"><span class='ocrx_word' id='word_1_412' title='bbox 1055 1449 1126 1477; x_wconf 83' lang='grc' dir='ltr'>ὥστε</span> <span class='ocrx_word' id='word_1_413' title='bbox 1143 1451 1181 1486; x_wconf 80' lang='grc' dir='ltr'><strong>μὴ</strong></span> <span class='ocrx_word' id='word_1_414' title='bbox 1197 1450 1366 1486; x_wconf 82' lang='grc' dir='ltr'>σφάλλεσθαί</span> <span class='ocrx_word' id='word_1_415' title='bbox 1380 1459 1410 1477; x_wconf 79' lang='grc' dir='ltr'><strong>σε</strong></span> <span class='ocrx_word' id='word_1_416' title='bbox 1427 1452 1459 1486; x_wconf 78' lang='grc' dir='ltr'>τῇ</span> <span class='ocrx_word' id='word_1_417' title='bbox 1477 1451 1615 1485; x_wconf 82' lang='grc' dir='ltr'><strong>διηγήσει,</strong></span> <span class='ocrx_word' id='word_1_418' title='bbox 1627 1451 1661 1487; x_wconf 82' lang='grc' dir='ltr'>ἣν</span> <span class='ocrx_word' id='word_1_419' title='bbox 1674 1451 1766 1477; x_wconf 73' lang='grc' dir='ltr'>πολλοὶ</span> <span class='ocrx_word' id='word_1_420' title='bbox 1781 1451 1848 1477; x_wconf 83' lang='grc' dir='ltr'><strong>ὲπε-</strong></span> 
     </span>
    </p>
   </div>
   <div class='ocr_carea' id='block_1_61' title="bbox 1055 1495 1846 1532">
    <p class='ocr_par' dir='ltr' id='par_1_61' title="bbox 1055 1495 1846 1532">
     <span class='ocr_line' id='line_1_61' title="bbox 1055 1495 1846 1532; baseline 0.001 -10"><span class='ocrx_word' id='word_1_421' title='bbox 1055 1496 1191 1532; x_wconf 83' lang='grc' dir='ltr'>χείρησαν</span> <span class='ocrx_word' id='word_1_422' title='bbox 1208 1495 1410 1529; x_wconf 81' lang='grc' dir='ltr'><strong>ἀνατάξασθαι,</strong></span> <span class='ocrx_word' id='word_1_423' title='bbox 1427 1495 1520 1527; x_wconf 84' lang='grc' dir='ltr'>καθὼς</span> <span class='ocrx_word' id='word_1_424' title='bbox 1535 1497 1666 1531; x_wconf 84' lang='grc' dir='ltr'>ἀνωτέρω</span> <span class='ocrx_word' id='word_1_425' title='bbox 1685 1496 1846 1531; x_wconf 82' lang='grc' dir='ltr'>δεδήλωται.</span> 
     </span>
    </p>
   </div>
   <div class='ocr_carea' id='block_1_62' title="bbox 1099 1541 1849 1578">
    <p class='ocr_par' dir='ltr' id='par_1_62' title="bbox 1099 1541 1849 1578">
     <span class='ocr_line' id='line_1_62' title="bbox 1099 1541 1849 1578; baseline 0.001 -9"><span class='ocrx_word' id='word_1_426' title='bbox 1099 1541 1236 1577; x_wconf 76' lang='grc' dir='ltr'><strong>Ἐγένετο</strong></span> <span class='ocrx_word' id='word_1_427' title='bbox 1250 1557 1286 1562; x_wconf 85' lang='grc'><strong>-</strong></span> <span class='ocrx_word' id='word_1_428' title='bbox 1300 1543 1461 1577; x_wconf 81' lang='grc' dir='ltr'>Ζαχαρίας.</span> <span class='ocrx_word' id='word_1_429' title='bbox 1486 1542 1538 1569; x_wconf 77' lang='grc' dir='ltr'><strong>Τὸν</strong></span> <span class='ocrx_word' id='word_1_430' title='bbox 1569 1543 1676 1578; x_wconf 84' lang='grc' dir='ltr'>πατέρα</span> <span class='ocrx_word' id='word_1_431' title='bbox 1697 1543 1773 1577; x_wconf 78' lang='grc' dir='ltr'>λέγει</span> <span class='ocrx_word' id='word_1_432' title='bbox 1798 1542 1849 1570; x_wconf 75' lang='grc' dir='ltr'><strong>τοῦ</strong></span> 
     </span>
    </p>
   </div>
   <div class='ocr_carea' id='block_1_63' title="bbox 214 1578 1002 1625">
    <p class='ocr_par' dir='ltr' id='par_1_63' title="bbox 214 1582 1002 1623">
     <span class='ocr_line' id='line_1_63' title="bbox 214 1582 1002 1623; baseline 0.009 -13"><span class='ocrx_word' id='word_1_433' title='bbox 214 1582 335 1611; x_wconf 80' lang='lat' dir='ltr'><strong>Primum</strong></span> <span class='ocrx_word' id='word_1_434' title='bbox 352 1588 443 1612; x_wconf 76' lang='lat' dir='ltr'><strong>autem</strong></span> <span class='ocrx_word' id='word_1_435' title='bbox 456 1585 618 1614; x_wconf 82' lang='lat' dir='ltr'><strong>admiranda</strong></span> <span class='ocrx_word' id='word_1_436' title='bbox 630 1588 755 1623; x_wconf 82' lang='lat' dir='ltr'><strong>exponit,</strong></span> <span class='ocrx_word' id='word_1_437' title='bbox 773 1596 833 1623; x_wconf 68' lang='lat' dir='ltr'><strong>quae</strong></span> <span class='ocrx_word' id='word_1_438' title='bbox 850 1589 923 1616; x_wconf 87' lang='lat' dir='ltr'><strong>circa</strong></span> <span class='ocrx_word' id='word_1_439' title='bbox 935 1590 1002 1617; x_wconf 66' lang='lat' dir='ltr'><strong>Prae-</strong></span> 
     </span>
    </p>
   </div>
   <div class='ocr_carea' id='block_1_64' title="bbox 1062 1578 1852 1625">
    <p class='ocr_par' dir='ltr' id='par_1_64' title="bbox 1062 1589 1852 1625">
     <span class='ocr_line' id='line_1_64' title="bbox 1062 1589 1852 1625; baseline 0.001 -9"><span class='ocrx_word' id='word_1_440' title='bbox 1062 1589 1227 1617; x_wconf 87' lang='grc' dir='ltr'>Βαπτιστοῦ.</span> <span class='ocrx_word' id='word_1_441' title='bbox 1252 1589 1447 1625; x_wconf 81' lang='grc' dir='ltr'>Προεκτίθεται</span> <span class='ocrx_word' id='word_1_442' title='bbox 1463 1589 1492 1616; x_wconf 65' lang='grc' dir='ltr'><strong>δὲ</strong></span> <span class='ocrx_word' id='word_1_443' title='bbox 1506 1589 1540 1616; x_wconf 82' lang='grc' dir='ltr'>τὰ</span> <span class='ocrx_word' id='word_1_444' title='bbox 1563 1590 1634 1617; x_wconf 88' lang='grc' dir='ltr'>κατὰ</span> <span class='ocrx_word' id='word_1_445' title='bbox 1647 1589 1698 1625; x_wconf 79' lang='grc' dir='ltr'><strong>τὴν</strong></span> <span class='ocrx_word' id='word_1_446' title='bbox 1713 1590 1852 1624; x_wconf 72' lang='grc' dir='ltr'>σύλληψιν</span> 
     </span>
    </p>
   </div>
   <div class='ocr_carea' id='block_1_65' title="bbox 214 1629 1008 1670">
    <p class='ocr_par' dir='ltr' id='par_1_65' title="bbox 214 1629 1008 1670">
     <span class='ocr_line' id='line_1_65' title="bbox 214 1629 1008 1670; baseline 0.009 -14"><span class='ocrx_word' id='word_1_447' title='bbox 214 1629 336 1658; x_wconf 87' lang='lat' dir='ltr'><strong>cursoris</strong></span> <span class='ocrx_word' id='word_1_448' title='bbox 374 1635 539 1666; x_wconf 86' lang='lat' dir='ltr'><strong>conceptum</strong></span> <span class='ocrx_word' id='word_1_449' title='bbox 578 1640 611 1660; x_wconf 87' lang='lat' dir='ltr'><strong>ac</strong></span> <span class='ocrx_word' id='word_1_450' title='bbox 644 1633 813 1661; x_wconf 85' lang='lat' dir='ltr'><strong>nativitatem</strong></span> <span class='ocrx_word' id='word_1_451' title='bbox 838 1635 1008 1670; x_wconf 85' lang='lat' dir='ltr'><strong>acciderunt,</strong></span> 
     </span>
    </p>
   </div>
   <div class='ocr_carea' id='block_1_66' title="bbox 213 1675 1008 1717">
    <p class='ocr_par' dir='ltr' id='par_1_66' title="bbox 213 1675 1008 1717">
     <span class='ocr_line' id='line_1_66' title="bbox 213 1675 1008 1717; baseline 0.01 -16"><span class='ocrx_word' id='word_1_452' title='bbox 213 1675 416 1710; x_wconf 81' lang='lat' dir='ltr'><strong>demonstrans,</strong></span> <span class='ocrx_word' id='word_1_453' title='bbox 434 1678 506 1712; x_wconf 80' lang='lat' dir='ltr'><strong>quod</strong></span> <span class='ocrx_word' id='word_1_454' title='bbox 519 1678 612 1706; x_wconf 89' lang='lat' dir='ltr'><strong>statim</strong></span> <span class='ocrx_word' id='word_1_455' title='bbox 625 1679 660 1707; x_wconf 88' lang='lat' dir='ltr'><strong>ab</strong></span> <span class='ocrx_word' id='word_1_456' title='bbox 679 1680 792 1708; x_wconf 82' lang='lat' dir='ltr'><strong>exordio</strong></span> <span class='ocrx_word' id='word_1_457' title='bbox 823 1680 887 1708; x_wconf 69' lang='lat' dir='ltr'><strong>vitae</strong></span> <span class='ocrx_word' id='word_1_458' title='bbox 908 1681 1008 1717; x_wconf 82' lang='lat' dir='ltr'><strong>dignus</strong></span> 
     </span>
    </p>
   </div>
   <div class='ocr_carea' id='block_1_67' title="bbox 215 1722 1009 1762">
    <p class='ocr_par' dir='ltr' id='par_1_67' title="bbox 215 1722 1009 1762">
     <span class='ocr_line' id='line_1_67' title="bbox 215 1722 1009 1762; baseline 0.009 -14"><span class='ocrx_word' id='word_1_459' title='bbox 215 1726 284 1754; x_wconf 85' lang='lat' dir='ltr'><strong>erat,</strong></span> <span class='ocrx_word' id='word_1_460' title='bbox 293 1722 339 1755; x_wconf 87' lang='lat' dir='ltr'><strong>qui</strong></span> <span class='ocrx_word' id='word_1_461' title='bbox 349 1722 489 1750; x_wconf 86' lang='lat' dir='ltr'><strong>Christum</strong></span> <span class='ocrx_word' id='word_1_462' title='bbox 506 1725 693 1759; x_wconf 68' lang='lat' dir='ltr'><strong>annuntiat-et,</strong></span> <span class='ocrx_word' id='word_1_463' title='bbox 715 1726 873 1762; x_wconf 84' lang='lat' dir='ltr'><strong>populoque</strong></span> <span class='ocrx_word' id='word_1_464' title='bbox 891 1727 1009 1755; x_wconf 87' lang='lat' dir='ltr'><strong>demon-</strong></span> 
     </span>
    </p>
   </div>
   <div class='ocr_carea' id='block_1_68' title="bbox 215 1771 324 1796">
    <p class='ocr_par' dir='ltr' id='par_1_68' title="bbox 215 1771 324 1796">
     <span class='ocr_line' id='line_1_68' title="bbox 215 1771 324 1796; baseline 0 -1"><span class='ocrx_word' id='word_1_465' title='bbox 215 1771 324 1796; x_wconf 84' lang='lat' dir='ltr'><strong>strurct.</strong></span> 
     </span>
    </p>
   </div>
   <div class='ocr_carea' id='block_1_69' title="bbox 249 1813 1007 1855">
    <p class='ocr_par' dir='ltr' id='par_1_69' title="bbox 249 1813 1007 1855">
     <span class='ocr_line' id='line_1_69' title="bbox 249 1813 1007 1855; baseline 0.012 -15"><span class='ocrx_word' id='word_1_466' title='bbox 249 1813 319 1846; x_wconf 86' lang='lat' dir='ltr'><strong>Quia</strong></span> <span class='ocrx_word' id='word_1_467' title='bbox 334 1822 398 1843; x_wconf 83' lang='lat' dir='ltr'><strong>vero</strong></span> <span class='ocrx_word' id='word_1_468' title='bbox 415 1823 447 1843; x_wconf 87' lang='lat' dir='ltr'><strong>ea</strong></span> <span class='ocrx_word' id='word_1_469' title='bbox 463 1821 627 1845; x_wconf 86' lang='lat' dir='ltr'><strong>narraturus</strong></span> <span class='ocrx_word' id='word_1_470' title='bbox 648 1823 691 1846; x_wconf 86' lang='lat' dir='ltr'><strong>est</strong></span> <span class='ocrx_word' id='word_1_471' title='bbox 714 1826 776 1854; x_wconf 73' lang='lat' dir='ltr'><strong>qua:</strong></span> <span class='ocrx_word' id='word_1_472' title='bbox 798 1819 870 1855; x_wconf 86' lang='lat' dir='ltr'><strong>apud</strong></span> <span class='ocrx_word' id='word_1_473' title='bbox 896 1819 1007 1849; x_wconf 61' lang='lat' dir='ltr'><strong>Judaos</strong></span> 
     </span>
    </p>
   </div>
   <div class='ocr_carea' id='block_1_70' title="bbox 216 1860 1007 1900">
    <p class='ocr_par' dir='ltr' id='par_1_70' title="bbox 216 1860 1007 1900">
     <span class='ocr_line' id='line_1_70' title="bbox 216 1860 1007 1900; baseline 0.011 -15"><span class='ocrx_word' id='word_1_474' title='bbox 216 1860 392 1894; x_wconf 78' lang='lat' dir='ltr'><strong>contigerunt</strong></span> <span class='ocrx_word' id='word_1_475' title='bbox 409 1881 417 1893; x_wconf 90' lang='lat'><strong>,</strong></span> <span class='ocrx_word' id='word_1_476' title='bbox 436 1862 534 1890; x_wconf 86' lang='lat' dir='ltr'><strong>merito</strong></span> <span class='ocrx_word' id='word_1_477' title='bbox 550 1871 660 1899; x_wconf 86' lang='lat' dir='ltr'><strong>quoque</strong></span> <span class='ocrx_word' id='word_1_478' title='bbox 676 1865 753 1899; x_wconf 90' lang='lat' dir='ltr'><strong>ponit</strong></span> <span class='ocrx_word' id='word_1_479' title='bbox 769 1873 825 1900; x_wconf 62' lang='lat' dir='ltr'><strong>prae</strong></span> <span class='ocrx_word' id='word_1_480' title='bbox 835 1865 924 1894; x_wconf 92' lang='lat' dir='ltr'><strong>oculis</strong></span> <span class='ocrx_word' id='word_1_481' title='bbox 937 1870 1007 1894; x_wconf 86' lang='lat' dir='ltr'><strong>tem-</strong></span> 
     </span>
    </p>
   </div>
   <div class='ocr_carea' id='block_1_71' title="bbox 216 1904 1008 1944">
    <p class='ocr_par' dir='ltr' id='par_1_71' title="bbox 216 1904 1008 1944">
     <span class='ocr_line' id='line_1_71' title="bbox 216 1904 1008 1944; baseline 0.011 -14"><span class='ocrx_word' id='word_1_482' title='bbox 216 1911 267 1938; x_wconf 91' lang='lat' dir='ltr'><strong>pus</strong></span> <span class='ocrx_word' id='word_1_483' title='bbox 281 1904 396 1933; x_wconf 82' lang='lat' dir='ltr'><strong>Herodis</strong></span> <span class='ocrx_word' id='word_1_484' title='bbox 408 1907 490 1942; x_wconf 83' lang='lat' dir='ltr'><strong>regis,</strong></span> <span class='ocrx_word' id='word_1_485' title='bbox 506 1912 536 1935; x_wconf 91' lang='lat' dir='ltr'><strong>ut</strong></span> <span class='ocrx_word' id='word_1_486' title='bbox 552 1913 581 1935; x_wconf 84' lang='lat' dir='ltr'><strong>et</strong></span> <span class='ocrx_word' id='word_1_487' title='bbox 594 1913 702 1944; x_wconf 84' lang='lat' dir='ltr'><strong>tempus</strong></span> <span class='ocrx_word' id='word_1_488' title='bbox 724 1909 833 1937; x_wconf 89' lang='lat' dir='ltr'><strong>illarum</strong></span> <span class='ocrx_word' id='word_1_489' title='bbox 851 1918 942 1938; x_wconf 89' lang='lat' dir='ltr'><strong>rerum</strong></span> <span class='ocrx_word' id='word_1_490' title='bbox 960 1912 1008 1939; x_wconf 79' lang='lat' dir='ltr'><strong>list</strong></span> 
     </span>
    </p>
   </div>
   <div class='ocr_carea' id='block_1_72' title="bbox 217 1950 1005 1993">
    <p class='ocr_par' dir='ltr' id='par_1_72' title="bbox 217 1950 1005 1993">
     <span class='ocr_line' id='line_1_72' title="bbox 217 1950 1005 1993; baseline 0.011 -17"><span class='ocrx_word' id='word_1_491' title='bbox 217 1950 400 1979; x_wconf 78' lang='lat' dir='ltr'><strong>manifestum.</strong></span> <span class='ocrx_word' id='word_1_492' title='bbox 430 1952 567 1982; x_wconf 84' lang='lat' dir='ltr'><strong>Herodem</strong></span> <span class='ocrx_word' id='word_1_493' title='bbox 589 1959 681 1982; x_wconf 88' lang='lat' dir='ltr'><strong>autem</strong></span> <span class='ocrx_word' id='word_1_494' title='bbox 712 1955 839 1991; x_wconf 81' lang='lat' dir='ltr'><strong>intelligit</strong></span> <span class='ocrx_word' id='word_1_495' title='bbox 864 1964 938 1991; x_wconf 85' lang='lat' dir='ltr'><strong>eum,</strong></span> <span class='ocrx_word' id='word_1_496' title='bbox 958 1958 1005 1993; x_wconf 91' lang='lat' dir='ltr'><strong>qui</strong></span> 
     </span>
    </p>
   </div>
   <div class='ocr_carea' id='block_1_73' title="bbox 219 1996 1006 2038">
    <p class='ocr_par' dir='ltr' id='par_1_73' title="bbox 219 1996 1006 2038">
     <span class='ocr_line' id='line_1_73' title="bbox 219 1996 1006 2038; baseline 0.013 -15"><span class='ocrx_word' id='word_1_497' title='bbox 219 1996 336 2025; x_wconf 79' lang='lat' dir='ltr'><strong>infantes</strong></span> <span class='ocrx_word' id='word_1_498' title='bbox 352 1999 460 2032; x_wconf 85' lang='lat' dir='ltr'><strong>occidit,</strong></span> <span class='ocrx_word' id='word_1_499' title='bbox 488 2005 593 2035; x_wconf 84' lang='lat' dir='ltr'><strong>patrem</strong></span> <span class='ocrx_word' id='word_1_500' title='bbox 609 2001 682 2030; x_wconf 89' lang='lat' dir='ltr'><strong>illius</strong></span> <span class='ocrx_word' id='word_1_501' title='bbox 706 2001 832 2035; x_wconf 80' lang='lat' dir='ltr'><strong>Herodis,</strong></span> <span class='ocrx_word' id='word_1_502' title='bbox 859 2003 907 2038; x_wconf 90' lang='lat' dir='ltr'><strong>qui</strong></span> <span class='ocrx_word' id='word_1_503' title='bbox 933 2005 1006 2032; x_wconf 61' lang='lat' dir='ltr'><strong>Prat-</strong></span> 
     </span>
    </p>
   </div>
   <div class='ocr_carea' id='block_1_74' title="bbox 219 2046 532 2074">
    <p class='ocr_par' dir='ltr' id='par_1_74' title="bbox 219 2046 532 2074">
     <span class='ocr_line' id='line_1_74' title="bbox 219 2046 532 2074; baseline 0.016 -5"><span class='ocrx_word' id='word_1_504' title='bbox 219 2051 361 2072; x_wconf 84' lang='lat' dir='ltr'><strong>cursorem</strong></span> <span class='ocrx_word' id='word_1_505' title='bbox 382 2046 532 2074; x_wconf 84' lang='lat' dir='ltr'><strong>interemit.</strong></span> 
     </span>
    </p>
   </div>
   <div class='ocr_carea' id='block_1_75' title="bbox 255 2088 1007 2130">
    <p class='ocr_par' dir='ltr' id='par_1_75' title="bbox 255 2088 1007 2130">
     <span class='ocr_line' id='line_1_75' title="bbox 255 2088 1007 2130; baseline 0.012 -15"><span class='ocrx_word' id='word_1_506' title='bbox 255 2088 332 2117; x_wconf 88' lang='lat' dir='ltr'><strong>Vers.</strong></span> <span class='ocrx_word' id='word_1_507' title='bbox 347 2089 375 2118; x_wconf 82' lang='lat'><strong>5.</strong></span> <span class='ocrx_word' id='word_1_508' title='bbox 390 2090 432 2117; x_wconf 74' lang='lat' dir='ltr'><strong>Ea:</strong></span> <span class='ocrx_word' id='word_1_509' title='bbox 442 2092 496 2118; x_wconf 84' lang='lat' dir='ltr'><strong>vice</strong></span> <span class='ocrx_word' id='word_1_510' title='bbox 507 2091 584 2120; x_wconf 79' lang='lat' dir='ltr'><strong>Abiu.</strong></span> <span class='ocrx_word' id='word_1_511' title='bbox 605 2092 698 2121; x_wconf 82' lang='lat' dir='ltr'><strong>Vicem</strong></span> <span class='ocrx_word' id='word_1_512' title='bbox 716 2095 890 2130; x_wconf 86' lang='lat' dir='ltr'><strong>appellabant</strong></span> <span class='ocrx_word' id='word_1_513' title='bbox 902 2095 1007 2124; x_wconf 87' lang='lat' dir='ltr'><strong>hebdo-</strong></span> 
     </span>
    </p>
   </div>
   <div class='ocr_carea' id='block_1_76' title="bbox 219 2135 1009 2174">
    <p class='ocr_par' dir='ltr' id='par_1_76' title="bbox 219 2135 1009 2174">
     <span class='ocr_line' id='line_1_76' title="bbox 219 2135 1009 2174; baseline 0.009 -13"><span class='ocrx_word' id='word_1_514' title='bbox 219 2135 371 2163; x_wconf 86' lang='lat' dir='ltr'><strong>madarium</strong></span> <span class='ocrx_word' id='word_1_515' title='bbox 392 2137 584 2166; x_wconf 88' lang='lat' dir='ltr'><strong>ministerium.</strong></span> <span class='ocrx_word' id='word_1_516' title='bbox 602 2138 680 2167; x_wconf 86' lang='lat' dir='ltr'><strong>Tunc</strong></span> <span class='ocrx_word' id='word_1_517' title='bbox 698 2139 833 2174; x_wconf 87' lang='lat' dir='ltr'><strong>siquidem</strong></span> <span class='ocrx_word' id='word_1_518' title='bbox 853 2141 908 2168; x_wconf 93' lang='lat' dir='ltr'><strong>duo</strong></span> <span class='ocrx_word' id='word_1_519' title='bbox 929 2145 1009 2168; x_wconf 88' lang='lat' dir='ltr'><strong>erant</strong></span> 
     </span>
    </p>
   </div>
   <div class='ocr_carea' id='block_1_77' title="bbox 219 2181 1005 2216">
    <p class='ocr_par' dir='ltr' id='par_1_77' title="bbox 219 2181 1005 2216">
     <span class='ocr_line' id='line_1_77' title="bbox 219 2181 1005 2216; baseline 0.009 -9"><span class='ocrx_word' id='word_1_520' title='bbox 219 2181 311 2216; x_wconf 88' lang='lat' dir='ltr'><strong>templi</strong></span> <span class='ocrx_word' id='word_1_521' title='bbox 338 2183 495 2211; x_wconf 88' lang='lat' dir='ltr'><strong>sacerdotes</strong></span> <span class='ocrx_word' id='word_1_522' title='bbox 519 2184 573 2212; x_wconf 91' lang='lat' dir='ltr'><strong>sibi</strong></span> <span class='ocrx_word' id='word_1_523' title='bbox 594 2191 690 2213; x_wconf 89' lang='lat' dir='ltr'><strong>mutuo</strong></span> <span class='ocrx_word' id='word_1_524' title='bbox 713 2186 909 2214; x_wconf 87' lang='lat' dir='ltr'><strong>succedentes.</strong></span> <span class='ocrx_word' id='word_1_525' title='bbox 937 2186 1005 2213; x_wconf 81' lang='lat' dir='ltr'><strong>Abia</strong></span> 
     </span>
    </p>
   </div>
   <div class='ocr_carea' id='block_1_78' title="bbox 220 2226 1002 2265">
    <p class='ocr_par' dir='ltr' id='par_1_78' title="bbox 220 2226 1002 2265">
     <span class='ocr_line' id='line_1_78' title="bbox 220 2226 1002 2265; baseline 0.005 -12"><span class='ocrx_word' id='word_1_526' title='bbox 220 2226 343 2255; x_wconf 88' lang='lat' dir='ltr'><strong>videlicet</strong></span> <span class='ocrx_word' id='word_1_527' title='bbox 360 2232 388 2255; x_wconf 86' lang='lat' dir='ltr'><strong>et</strong></span> <span class='ocrx_word' id='word_1_528' title='bbox 405 2228 559 2257; x_wconf 81' lang='lat' dir='ltr'><strong>Barachias.</strong></span> <span class='ocrx_word' id='word_1_529' title='bbox 584 2230 623 2256; x_wconf 84' lang='lat' dir='ltr'><strong>Ex</strong></span> <span class='ocrx_word' id='word_1_530' title='bbox 648 2230 709 2258; x_wconf 87' lang='lat' dir='ltr'><strong>vice</strong></span> <span class='ocrx_word' id='word_1_531' title='bbox 729 2229 812 2265; x_wconf 88' lang='lat' dir='ltr'><strong>igitur</strong></span> <span class='ocrx_word' id='word_1_532' title='bbox 831 2230 911 2262; x_wconf 79' lang='lat' dir='ltr'><strong>Abia,</strong></span> <span class='ocrx_word' id='word_1_533' title='bbox 933 2230 1002 2264; x_wconf 83' lang='lat' dir='ltr'><strong>sive,</strong></span> 
     </span>
    </p>
   </div>
   <div class='ocr_carea' id='block_1_79' title="bbox 221 2274 921 2311">
    <p class='ocr_par' dir='ltr' id='par_1_79' title="bbox 221 2274 921 2311">
     <span class='ocr_line' id='line_1_79' title="bbox 221 2274 921 2311; baseline 0.004 -12"><span class='ocrx_word' id='word_1_534' title='bbox 221 2278 282 2307; x_wconf 86' lang='lat' dir='ltr'><strong>post</strong></span> <span class='ocrx_word' id='word_1_535' title='bbox 297 2274 384 2301; x_wconf 87' lang='lat' dir='ltr'><strong>vicem</strong></span> <span class='ocrx_word' id='word_1_536' title='bbox 398 2274 476 2308; x_wconf 82' lang='lat' dir='ltr'><strong>Abia,</strong></span> <span class='ocrx_word' id='word_1_537' title='bbox 491 2275 518 2302; x_wconf 91' lang='lat' dir='ltr'><strong>id</strong></span> <span class='ocrx_word' id='word_1_538' title='bbox 541 2280 594 2308; x_wconf 86' lang='lat' dir='ltr'><strong>est,</strong></span> <span class='ocrx_word' id='word_1_539' title='bbox 605 2275 759 2303; x_wconf 84' lang='lat' dir='ltr'><strong>succedens</strong></span> <span class='ocrx_word' id='word_1_540' title='bbox 772 2276 824 2311; x_wconf 87' lang='lat' dir='ltr'><strong>ipsi</strong></span> <span class='ocrx_word' id='word_1_541' title='bbox 839 2276 921 2304; x_wconf 81' lang='lat' dir='ltr'><strong>Abia.</strong></span> 
     </span>
    </p>
   </div>
   <div class='ocr_carea' id='block_1_80' title="bbox 255 2318 1010 2357">
    <p class='ocr_par' dir='ltr' id='par_1_80' title="bbox 255 2318 1010 2357">
     <span class='ocr_line' id='line_1_80' title="bbox 255 2318 1010 2357; baseline 0.005 -11"><span class='ocrx_word' id='word_1_542' title='bbox 255 2318 332 2347; x_wconf 84' lang='lat' dir='ltr'><strong>Vers.</strong></span> <span class='ocrx_word' id='word_1_543' title='bbox 352 2319 379 2347; x_wconf 86' lang='lat'><strong>5.</strong></span> <span class='ocrx_word' id='word_1_544' title='bbox 399 2319 478 2347; x_wconf 84' lang='lat' dir='ltr'><strong>Et—</strong></span> <span class='ocrx_word' id='word_1_545' title='bbox 488 2321 588 2348; x_wconf 80' lang='lat' dir='ltr'><strong>Aaron.</strong></span> <span class='ocrx_word' id='word_1_546' title='bbox 603 2321 625 2348; x_wconf 87' lang='lat' dir='ltr'><strong>E</strong></span> <span class='ocrx_word' id='word_1_547' title='bbox 636 2322 754 2357; x_wconf 83' lang='lat' dir='ltr'><strong>posteris</strong></span> <span class='ocrx_word' id='word_1_548' title='bbox 765 2321 871 2350; x_wconf 83' lang='lat' dir='ltr'><strong>Aaron.</strong></span> <span class='ocrx_word' id='word_1_549' title='bbox 891 2322 1010 2350; x_wconf 87' lang='lat' dir='ltr'><strong>Demon-</strong></span> 
     </span>
    </p>
   </div>
   <div class='ocr_carea' id='block_1_81' title="bbox 221 2365 1006 2402">
    <p class='ocr_par' dir='ltr' id='par_1_81' title="bbox 221 2365 1006 2402">
     <span class='ocr_line' id='line_1_81' title="bbox 221 2365 1006 2402; baseline 0.006 -11"><span class='ocrx_word' id='word_1_550' title='bbox 221 2365 320 2392; x_wconf 79' lang='lat' dir='ltr'><strong>stravit</strong></span> <span class='ocrx_word' id='word_1_551' title='bbox 334 2372 410 2401; x_wconf 79' lang='lat' dir='ltr'><strong>ergo,</strong></span> <span class='ocrx_word' id='word_1_552' title='bbox 422 2366 496 2401; x_wconf 90' lang='lat' dir='ltr'><strong>quod</strong></span> <span class='ocrx_word' id='word_1_553' title='bbox 506 2366 663 2395; x_wconf 66' lang='lat' dir='ltr'><strong>Prsecursor</strong></span> <span class='ocrx_word' id='word_1_554' title='bbox 673 2368 858 2402; x_wconf 80' lang='lat' dir='ltr'><strong>asacerdotali</strong></span> <span class='ocrx_word' id='word_1_555' title='bbox 863 2368 1006 2397; x_wconf 88' lang='lat' dir='ltr'><strong>descendit</strong></span> 
     </span>
    </p>
   </div>
   <div class='ocr_carea' id='block_1_82' title="bbox 222 2410 1009 2464">
    <p class='ocr_par' dir='ltr' id='par_1_82' title="bbox 222 2410 1009 2464">
     <span class='ocr_line' id='line_1_82' title="bbox 222 2410 1009 2464; baseline 0.008 -28"><span class='ocrx_word' id='word_1_556' title='bbox 222 2410 306 2444; x_wconf 81' lang='lat' dir='ltr'><strong>tribu,</strong></span> <span class='ocrx_word' id='word_1_557' title='bbox 327 2419 381 2438; x_wconf 93' lang='lat' dir='ltr'><strong>non</strong></span> <span class='ocrx_word' id='word_1_558' title='bbox 404 2412 554 2441; x_wconf 85' lang='lat' dir='ltr'><strong>secundum</strong></span> <span class='ocrx_word' id='word_1_559' title='bbox 579 2418 686 2448; x_wconf 86' lang='lat' dir='ltr'><strong>patrem</strong></span> <span class='ocrx_word' id='word_1_560' title='bbox 712 2418 830 2448; x_wconf 84' lang='lat' dir='ltr'><strong>tantum,</strong></span> <span class='ocrx_word' id='word_1_561' title='bbox 856 2415 904 2442; x_wconf 87' lang='lat' dir='ltr'><strong>sed</strong></span> <span class='ocrx_word' id='word_1_562' title='bbox 923 2415 1009 2464; x_wconf 53' lang='lat' dir='ltr'><strong>etiam</strong></span> 
     </span>
    </p>
   </div>
   <div class='ocr_carea' id='block_1_83' title="bbox 220 2457 976 2496">
    <p class='ocr_par' dir='ltr' id='par_1_83' title="bbox 220 2457 976 2496">
     <span class='ocr_line' id='line_1_83' title="bbox 220 2457 976 2496; baseline 0.007 -12"><span class='ocrx_word' id='word_1_563' title='bbox 220 2457 368 2485; x_wconf 82' lang='lat' dir='ltr'><strong>secundum</strong></span> <span class='ocrx_word' id='word_1_564' title='bbox 383 2463 497 2487; x_wconf 76' lang='lat' dir='ltr'><strong>matrem</strong></span> <span class='ocrx_word' id='word_1_565' title='bbox 512 2468 520 2487; x_wconf 84' lang='lat'><strong>:</strong></span> <span class='ocrx_word' id='word_1_566' title='bbox 535 2463 562 2487; x_wconf 86' lang='lat' dir='ltr'><strong>et</strong></span> <span class='ocrx_word' id='word_1_567' title='bbox 572 2459 702 2496; x_wconf 85' lang='lat' dir='ltr'><strong>utrinque</strong></span> <span class='ocrx_word' id='word_1_568' title='bbox 718 2461 893 2489; x_wconf 81' lang='lat' dir='ltr'><strong>sacerdotalis</strong></span> <span class='ocrx_word' id='word_1_569' title='bbox 907 2466 976 2489; x_wconf 87' lang='lat' dir='ltr'><strong>erat.</strong></span> 
     </span>
    </p>
   </div>
   <div class='ocr_carea' id='block_1_84' title="bbox 275 2566 508 2600">
    <p class='ocr_par' dir='ltr' id='par_1_84' title="bbox 275 2566 508 2600">
     <span class='ocr_line' id='line_1_84' title="bbox 275 2566 508 2600; baseline 0.004 -7"><span class='ocrx_word' id='word_1_570' title='bbox 275 2567 284 2582; x_wconf 84' lang='lat'>&#39;</span> <span class='ocrx_word' id='word_1_571' title='bbox 299 2566 360 2594; x_wconf 80' lang='lat' dir='ltr'><strong>Act.</strong></span> <span class='ocrx_word' id='word_1_572' title='bbox 375 2574 447 2600; x_wconf 78' lang='lat' dir='ltr'><strong>xxw,</strong></span> <span class='ocrx_word' id='word_1_573' title='bbox 462 2567 508 2594; x_wconf 75' lang='lat'><strong>25.</strong></span> 
     </span>
    </p>
   </div>
   <div class='ocr_carea' id='block_1_85' title="bbox 1060 1634 1847 1671">
    <p class='ocr_par' dir='ltr' id='par_1_85' title="bbox 1060 1634 1847 1671">
     <span class='ocr_line' id='line_1_85' title="bbox 1060 1634 1847 1671; baseline 0.003 -10"><span class='ocrx_word' id='word_1_574' title='bbox 1060 1635 1109 1662; x_wconf 81' lang='grc' dir='ltr'>καὶ</span> <span class='ocrx_word' id='word_1_575' title='bbox 1122 1635 1251 1670; x_wconf 73' lang='grc' dir='ltr'>γέννησιν</span> <span class='ocrx_word' id='word_1_576' title='bbox 1265 1635 1313 1662; x_wconf 83' lang='grc' dir='ltr'><strong>τοῦ</strong></span> <span class='ocrx_word' id='word_1_577' title='bbox 1338 1634 1502 1671; x_wconf 86' lang='grc' dir='ltr'>Προδρόμου</span> <span class='ocrx_word' id='word_1_578' title='bbox 1533 1635 1682 1670; x_wconf 82' lang='grc' dir='ltr'>παράδοξα,</span> <span class='ocrx_word' id='word_1_579' title='bbox 1702 1636 1847 1670; x_wconf 84' lang='grc' dir='ltr'>παριστῶν</span> 
     </span>
    </p>
   </div>
   <div class='ocr_carea' id='block_1_86' title="bbox 1061 1679 1852 1716">
    <p class='ocr_par' dir='ltr' id='par_1_86' title="bbox 1061 1679 1852 1716">
     <span class='ocr_line' id='line_1_86' title="bbox 1061 1679 1852 1716; baseline 0.001 -10"><span class='ocrx_word' id='word_1_580' title='bbox 1061 1679 1102 1707; x_wconf 80' lang='grc' dir='ltr'><strong>ὃτι</strong></span> <span class='ocrx_word' id='word_1_581' title='bbox 1114 1680 1196 1712; x_wconf 81' lang='grc' dir='ltr'><strong>εὐθὺς</strong></span> <span class='ocrx_word' id='word_1_582' title='bbox 1211 1681 1246 1707; x_wconf 84' lang='grc' dir='ltr'>ὲκ</span> <span class='ocrx_word' id='word_1_583' title='bbox 1271 1680 1426 1716; x_wconf 74' lang='grc' dir='ltr'>προοιμίων</span> <span class='ocrx_word' id='word_1_584' title='bbox 1444 1680 1495 1715; x_wconf 86' lang='grc' dir='ltr'><strong>τῆς</strong></span> <span class='ocrx_word' id='word_1_585' title='bbox 1522 1679 1597 1715; x_wconf 81' lang='grc' dir='ltr'>ζωῆς</span> <span class='ocrx_word' id='word_1_586' title='bbox 1620 1681 1777 1713; x_wconf 80' lang='grc' dir='ltr'>ἀξιόπιστος</span> <span class='ocrx_word' id='word_1_587' title='bbox 1803 1679 1852 1716; x_wconf 74' lang='grc' dir='ltr'>ἦν,</span> 
     </span>
    </p>
   </div>
   <div class='ocr_carea' id='block_1_87' title="bbox 1060 1727 1848 1763">
    <p class='ocr_par' dir='ltr' id='par_1_87' title="bbox 1060 1727 1848 1763">
     <span class='ocr_line' id='line_1_87' title="bbox 1060 1727 1848 1763; baseline 0.004 -10"><span class='ocrx_word' id='word_1_588' title='bbox 1060 1727 1254 1761; x_wconf 80' lang='grc' dir='ltr'>καταγγέλλων</span> <span class='ocrx_word' id='word_1_589' title='bbox 1269 1727 1317 1754; x_wconf 81' lang='grc' dir='ltr'>καὶ</span> <span class='ocrx_word' id='word_1_590' title='bbox 1332 1727 1519 1754; x_wconf 81' lang='grc' dir='ltr'>ὑποδεικνύων</span> <span class='ocrx_word' id='word_1_591' title='bbox 1535 1727 1581 1753; x_wconf 72' lang='grc' dir='ltr'><strong>τὸν</strong></span> <span class='ocrx_word' id='word_1_592' title='bbox 1593 1727 1711 1762; x_wconf 75' lang='grc' dir='ltr'>Χριστὸν</span> <span class='ocrx_word' id='word_1_593' title='bbox 1726 1727 1765 1763; x_wconf 87' lang='grc' dir='ltr'><strong>τῷ</strong></span> <span class='ocrx_word' id='word_1_594' title='bbox 1778 1727 1848 1763; x_wconf 88' lang='grc' dir='ltr'>λαῷ.</span> 
     </span>
    </p>
   </div>
   <div class='ocr_carea' id='block_1_88' title="bbox 1101 1810 1849 1848">
    <p class='ocr_par' dir='ltr' id='par_1_88' title="bbox 1101 1810 1849 1848">
     <span class='ocr_line' id='line_1_88' title="bbox 1101 1810 1849 1848; baseline -0.001 -10"><span class='ocrx_word' id='word_1_595' title='bbox 1101 1811 1180 1838; x_wconf 71' lang='grc' dir='ltr'>Ἐπεὶ</span> <span class='ocrx_word' id='word_1_596' title='bbox 1193 1811 1221 1839; x_wconf 80' lang='grc' dir='ltr'><strong>δὲ</strong></span> <span class='ocrx_word' id='word_1_597' title='bbox 1239 1810 1277 1848; x_wconf 94' lang='grc'><strong>(7)</strong></span> <span class='ocrx_word' id='word_1_598' title='bbox 1293 1811 1358 1847; x_wconf 80' lang='grc' dir='ltr'>περὶ</span> <span class='ocrx_word' id='word_1_599' title='bbox 1372 1811 1427 1838; x_wconf 86' lang='grc' dir='ltr'>τῶν</span> <span class='ocrx_word' id='word_1_600' title='bbox 1447 1811 1524 1846; x_wconf 84' lang='grc' dir='ltr'><strong>παρά</strong></span> <span class='ocrx_word' id='word_1_601' title='bbox 1535 1812 1592 1843; x_wconf 83' lang='grc' dir='ltr'>τοῖς</span> <span class='ocrx_word' id='word_1_602' title='bbox 1610 1811 1749 1843; x_wconf 73' lang='grc' dir='ltr'>Ἰουδαίοις</span> <span class='ocrx_word' id='word_1_603' title='bbox 1765 1819 1849 1846; x_wconf 85' lang='grc' dir='ltr'>γεγε-</span> 
     </span>
    </p>
   </div>
   <div class='ocr_carea' id='block_1_89' title="bbox 1060 1857 1854 1894">
    <p class='ocr_par' dir='ltr' id='par_1_89' title="bbox 1060 1857 1854 1894">
     <span class='ocr_line' id='line_1_89' title="bbox 1060 1857 1854 1894; baseline -0.003 -9"><span class='ocrx_word' id='word_1_604' title='bbox 1060 1858 1188 1893; x_wconf 85' lang='grc' dir='ltr'>νημένων</span> <span class='ocrx_word' id='word_1_605' title='bbox 1214 1857 1401 1894; x_wconf 84' lang='grc' dir='ltr'>διηγήσασθαι</span> <span class='ocrx_word' id='word_1_606' title='bbox 1423 1857 1527 1893; x_wconf 77' lang='grc' dir='ltr'>μέλλει,</span> <span class='ocrx_word' id='word_1_607' title='bbox 1546 1857 1787 1892; x_wconf 85' lang='grc' dir='ltr'>παρασημειοῦται</span> <span class='ocrx_word' id='word_1_608' title='bbox 1803 1857 1854 1884; x_wconf 68' lang='grc' dir='ltr'>τὸν</span> 
     </span>
    </p>
   </div>
   <div class='ocr_carea' id='block_1_90' title="bbox 1060 1903 1855 1940">
    <p class='ocr_par' dir='ltr' id='par_1_90' title="bbox 1060 1903 1855 1940">
     <span class='ocr_line' id='line_1_90' title="bbox 1060 1903 1855 1940; baseline 0 -10"><span class='ocrx_word' id='word_1_609' title='bbox 1060 1905 1156 1939; x_wconf 83' lang='grc' dir='ltr'>καιρὸν</span> <span class='ocrx_word' id='word_1_610' title='bbox 1170 1904 1221 1939; x_wconf 83' lang='grc' dir='ltr'><strong>τῆς</strong></span> <span class='ocrx_word' id='word_1_611' title='bbox 1237 1903 1362 1940; x_wconf 78' lang='grc' dir='ltr'>Ἡρώδου</span> <span class='ocrx_word' id='word_1_612' title='bbox 1376 1903 1518 1939; x_wconf 81' lang='grc' dir='ltr'>βασιλείας</span> <span class='ocrx_word' id='word_1_613' title='bbox 1530 1903 1655 1936; x_wconf 72' lang='grc' dir='ltr'>εἰκότως,</span> <span class='ocrx_word' id='word_1_614' title='bbox 1671 1903 1716 1930; x_wconf 86' lang='grc' dir='ltr'>ῖνα</span> <span class='ocrx_word' id='word_1_615' title='bbox 1735 1903 1855 1938; x_wconf 82' lang='grc' dir='ltr'>γένηται</span> 
     </span>
    </p>
   </div>
   <div class='ocr_carea' id='block_1_91' title="bbox 1058 1948 1852 1986">
    <p class='ocr_par' dir='ltr' id='par_1_91' title="bbox 1058 1948 1852 1986">
     <span class='ocr_line' id='line_1_91' title="bbox 1058 1948 1852 1986; baseline -0.004 -8"><span class='ocrx_word' id='word_1_616' title='bbox 1058 1950 1138 1986; x_wconf 83' lang='grc' dir='ltr'>δῆλος</span> <span class='ocrx_word' id='word_1_617' title='bbox 1155 1951 1202 1978; x_wconf 79' lang='grc' dir='ltr'>καὶ</span> <span class='ocrx_word' id='word_1_618' title='bbox 1219 1951 1234 1977; x_wconf 81' lang='grc' dir='ltr'><strong>ό</strong></span> <span class='ocrx_word' id='word_1_619' title='bbox 1252 1951 1348 1986; x_wconf 86' lang='grc' dir='ltr'>χρόνος</span> <span class='ocrx_word' id='word_1_620' title='bbox 1361 1950 1452 1978; x_wconf 83' lang='grc' dir='ltr'>αὐτῶν</span> <span class='ocrx_word' id='word_1_621' title='bbox 1465 1949 1515 1985; x_wconf 88' lang='lat'><strong>(8).</strong></span> <span class='ocrx_word' id='word_1_622' title='bbox 1536 1949 1659 1984; x_wconf 79' lang='grc' dir='ltr'>Ἡρώδην</span> <span class='ocrx_word' id='word_1_623' title='bbox 1671 1948 1701 1976; x_wconf 80' lang='grc' dir='ltr'><strong>δὲ</strong></span> <span class='ocrx_word' id='word_1_624' title='bbox 1715 1950 1771 1976; x_wconf 80' lang='grc' dir='ltr'>νόει</span> <span class='ocrx_word' id='word_1_625' title='bbox 1801 1949 1852 1975; x_wconf 68' lang='grc' dir='ltr'>τὸν</span> 
     </span>
    </p>
   </div>
   <div class='ocr_carea' id='block_1_92' title="bbox 1060 1994 1851 2032">
    <p class='ocr_par' dir='ltr' id='par_1_92' title="bbox 1060 1994 1851 2032">
     <span class='ocr_line' id='line_1_92' title="bbox 1060 1994 1851 2032; baseline -0.004 -8"><span class='ocrx_word' id='word_1_626' title='bbox 1060 1997 1254 2032; x_wconf 80' lang='grc' dir='ltr'>βρεφηκτόνον,</span> <span class='ocrx_word' id='word_1_627' title='bbox 1284 1996 1330 2024; x_wconf 84' lang='grc' dir='ltr'>τὸν</span> <span class='ocrx_word' id='word_1_628' title='bbox 1361 1996 1469 2031; x_wconf 82' lang='grc' dir='ltr'>πατέρα</span> <span class='ocrx_word' id='word_1_629' title='bbox 1488 1995 1623 2031; x_wconf 82' lang='grc' dir='ltr'>Ἡρώδου,</span> <span class='ocrx_word' id='word_1_630' title='bbox 1639 1994 1687 2022; x_wconf 82' lang='grc' dir='ltr'><strong>τοῦ</strong></span> <span class='ocrx_word' id='word_1_631' title='bbox 1707 1994 1851 2027; x_wconf 85' lang='grc' dir='ltr'>ἀνελόντος</span> 
     </span>
    </p>
   </div>
   <div class='ocr_carea' id='block_1_93' title="bbox 1058 2044 1296 2080">
    <p class='ocr_par' dir='ltr' id='par_1_93' title="bbox 1058 2044 1296 2080">
     <span class='ocr_line' id='line_1_93' title="bbox 1058 2044 1296 2080; baseline 0 -9"><span class='ocrx_word' id='word_1_632' title='bbox 1058 2045 1105 2071; x_wconf 83' lang='grc' dir='ltr'>τὸν</span> <span class='ocrx_word' id='word_1_633' title='bbox 1125 2044 1296 2080; x_wconf 84' lang='grc' dir='ltr'>Πρόδρομον.</span> 
     </span>
    </p>
   </div>
   <div class='ocr_carea' id='block_1_94' title="bbox 1100 2087 1851 2124">
    <p class='ocr_par' dir='ltr' id='par_1_94' title="bbox 1100 2087 1851 2124">
     <span class='ocr_line' id='line_1_94' title="bbox 1100 2087 1851 2124; baseline -0.003 -8"><span class='ocrx_word' id='word_1_634' title='bbox 1100 2089 1152 2123; x_wconf 82' lang='grc' dir='ltr'><strong>Ἐξ</strong></span> <span class='ocrx_word' id='word_1_635' title='bbox 1164 2089 1325 2124; x_wconf 79' lang='grc' dir='ltr'>ἐφημερίας</span> <span class='ocrx_word' id='word_1_636' title='bbox 1348 2089 1434 2117; x_wconf 77' lang='grc' dir='ltr'>Ἀϐιά.</span> <span class='ocrx_word' id='word_1_637' title='bbox 1459 2088 1627 2124; x_wconf 82' lang='grc' dir='ltr'>Ἐφημερίαν</span> <span class='ocrx_word' id='word_1_638' title='bbox 1651 2087 1765 2115; x_wconf 74' lang='grc' dir='ltr'>ἐκάλουν</span> <span class='ocrx_word' id='word_1_639' title='bbox 1796 2088 1851 2123; x_wconf 81' lang='grc' dir='ltr'>τὴν</span> 
     </span>
    </p>
   </div>
   <div class='ocr_carea' id='block_1_95' title="bbox 1059 2131 1850 2171">
    <p class='ocr_par' dir='ltr' id='par_1_95' title="bbox 1059 2131 1850 2171">
     <span class='ocr_line' id='line_1_95' title="bbox 1059 2131 1850 2171; baseline -0.005 -9"><span class='ocrx_word' id='word_1_640' title='bbox 1059 2135 1253 2171; x_wconf 77' lang='grc' dir='ltr'>ἐσδομαδιαίαν</span> <span class='ocrx_word' id='word_1_641' title='bbox 1274 2134 1460 2171; x_wconf 84' lang='grc' dir='ltr'>λειτουργίαν.</span> <span class='ocrx_word' id='word_1_642' title='bbox 1477 2133 1530 2160; x_wconf 85' lang='grc' dir='ltr'>Δύο</span> <span class='ocrx_word' id='word_1_643' title='bbox 1549 2133 1603 2168; x_wconf 86' lang='grc' dir='ltr'><strong>γὰρ</strong></span> <span class='ocrx_word' id='word_1_644' title='bbox 1617 2131 1690 2168; x_wconf 76' lang='grc' dir='ltr'>ἦσαν</span> <span class='ocrx_word' id='word_1_645' title='bbox 1722 2133 1785 2159; x_wconf 78' lang='grc' dir='ltr'>τότε</span> <span class='ocrx_word' id='word_1_646' title='bbox 1808 2133 1850 2158; x_wconf 78' lang='lat' dir='ltr'><strong>ts-</strong></span> 
     </span>
    </p>
   </div>
   <div class='ocr_carea' id='block_1_96' title="bbox 1060 2178 1853 2217">
    <p class='ocr_par' dir='ltr' id='par_1_96' title="bbox 1060 2178 1853 2217">
     <span class='ocr_line' id='line_1_96' title="bbox 1060 2178 1853 2217; baseline -0.004 -9"><span class='ocrx_word' id='word_1_647' title='bbox 1060 2182 1119 2217; x_wconf 85' lang='grc' dir='ltr'>ρεϊς</span> <span class='ocrx_word' id='word_1_648' title='bbox 1132 2181 1179 2209; x_wconf 79' lang='grc' dir='ltr'>τοῦ</span> <span class='ocrx_word' id='word_1_649' title='bbox 1197 2181 1274 2214; x_wconf 83' lang='grc' dir='ltr'>ναοῦ,</span> <span class='ocrx_word' id='word_1_650' title='bbox 1293 2181 1418 2216; x_wconf 83' lang='grc' dir='ltr'>ἀλλήλων</span> <span class='ocrx_word' id='word_1_651' title='bbox 1432 2179 1561 2215; x_wconf 80' lang='grc' dir='ltr'>διάδοχοι,</span> <span class='ocrx_word' id='word_1_652' title='bbox 1583 2179 1663 2206; x_wconf 79' lang='grc' dir='ltr'><strong>’Λὸιὰ</strong></span> <span class='ocrx_word' id='word_1_653' title='bbox 1686 2178 1733 2206; x_wconf 80' lang='grc' dir='ltr'>καὶ</span> <span class='ocrx_word' id='word_1_654' title='bbox 1759 2179 1853 2214; x_wconf 74' lang='grc' dir='ltr'>Ζαχαο</span> 
     </span>
    </p>
   </div>
   <div class='ocr_carea' id='block_1_97' title="bbox 1061 2223 1852 2263">
    <p class='ocr_par' dir='ltr' id='par_1_97' title="bbox 1061 2223 1852 2263">
     <span class='ocr_line' id='line_1_97' title="bbox 1061 2223 1852 2263; baseline -0.005 -9"><span class='ocrx_word' id='word_1_655' title='bbox 1061 2227 1120 2262; x_wconf 88' lang='grc' dir='ltr'>ρίας</span> <span class='ocrx_word' id='word_1_656' title='bbox 1140 2227 1190 2263; x_wconf 83' lang='grc'><strong>(9).</strong></span> <span class='ocrx_word' id='word_1_657' title='bbox 1207 2226 1255 2260; x_wconf 82' lang='grc' dir='ltr'><strong>Ἐξ</strong></span> <span class='ocrx_word' id='word_1_658' title='bbox 1267 2227 1422 2262; x_wconf 76' lang='grc' dir='ltr'><strong>ἐφημερίας</strong></span> <span class='ocrx_word' id='word_1_659' title='bbox 1435 2225 1483 2253; x_wconf 79' lang='grc' dir='ltr'>οὖν</span> <span class='ocrx_word' id='word_1_660' title='bbox 1495 2225 1584 2257; x_wconf 76' lang='grc' dir='ltr'>Ἀδιά,</span> <span class='ocrx_word' id='word_1_661' title='bbox 1598 2225 1683 2261; x_wconf 80' lang='grc' dir='ltr'>ῆγουν</span> <span class='ocrx_word' id='word_1_662' title='bbox 1710 2225 1780 2259; x_wconf 77' lang='grc' dir='ltr'>μετὰ</span> <span class='ocrx_word' id='word_1_663' title='bbox 1798 2223 1852 2259; x_wconf 80' lang='grc' dir='ltr'>τὴν</span> 
     </span>
    </p>
   </div>
   <div class='ocr_carea' id='block_1_98' title="bbox 1060 2270 1774 2309">
    <p class='ocr_par' dir='ltr' id='par_1_98' title="bbox 1060 2270 1774 2309">
     <span class='ocr_line' id='line_1_98' title="bbox 1060 2270 1774 2309; baseline -0.007 -8"><span class='ocrx_word' id='word_1_664' title='bbox 1060 2274 1215 2309; x_wconf 76' lang='grc' dir='ltr'>ὲςρημερίαν</span> <span class='ocrx_word' id='word_1_665' title='bbox 1232 2273 1320 2305; x_wconf 73' lang='grc' dir='ltr'>Ἀϐιά,</span> <span class='ocrx_word' id='word_1_666' title='bbox 1335 2272 1471 2304; x_wconf 83' lang='grc' dir='ltr'>τουτέστι,</span> <span class='ocrx_word' id='word_1_667' title='bbox 1485 2272 1611 2306; x_wconf 80' lang='grc' dir='ltr'>διάδοχος</span> <span class='ocrx_word' id='word_1_668' title='bbox 1623 2270 1670 2297; x_wconf 82' lang='grc' dir='ltr'><strong>τοῦ</strong></span> <span class='ocrx_word' id='word_1_669' title='bbox 1688 2270 1774 2297; x_wconf 77' lang='grc' dir='ltr'>’Δῦιά.</span> 
     </span>
    </p>
   </div>
   <div class='ocr_carea' id='block_1_99' title="bbox 1096 2314 1848 2352">
    <p class='ocr_par' dir='ltr' id='par_1_99' title="bbox 1096 2314 1848 2352">
     <span class='ocr_line' id='line_1_99' title="bbox 1096 2314 1848 2352; baseline -0.007 -6"><span class='ocrx_word' id='word_1_670' title='bbox 1096 2319 1152 2346; x_wconf 73' lang='lat' dir='ltr'><strong>Kal</strong></span> <span class='ocrx_word' id='word_1_671' title='bbox 1163 2333 1198 2340; x_wconf 94' lang='lat'><strong><em>—</em></strong></span> <span class='ocrx_word' id='word_1_672' title='bbox 1218 2318 1342 2352; x_wconf 82' lang='grc' dir='ltr'>Ἀαρών.</span> <span class='ocrx_word' id='word_1_673' title='bbox 1366 2318 1414 2344; x_wconf 85' lang='grc' dir='ltr'><strong>Ἐκ</strong></span> <span class='ocrx_word' id='word_1_674' title='bbox 1430 2317 1485 2344; x_wconf 88' lang='grc' dir='ltr'><strong>τῶν</strong></span> <span class='ocrx_word' id='word_1_675' title='bbox 1501 2316 1643 2350; x_wconf 85' lang='grc' dir='ltr'>ἀπογόνων</span> <span class='ocrx_word' id='word_1_676' title='bbox 1660 2315 1706 2342; x_wconf 88' lang='grc' dir='ltr'><strong>τοῦ</strong></span> <span class='ocrx_word' id='word_1_677' title='bbox 1728 2314 1848 2350; x_wconf 75' lang='grc' dir='ltr'>Ἀαρών.</span> 
     </span>
    </p>
   </div>
   <div class='ocr_carea' id='block_1_100' title="bbox 1061 2362 1850 2402">
    <p class='ocr_par' dir='ltr' id='par_1_100' title="bbox 1061 2362 1850 2402">
     <span class='ocr_line' id='line_1_100' title="bbox 1061 2362 1850 2402; baseline -0.008 -9"><span class='ocrx_word' id='word_1_678' title='bbox 1061 2366 1181 2400; x_wconf 79' lang='grc' dir='ltr'>Ἐδειξεν</span> <span class='ocrx_word' id='word_1_679' title='bbox 1193 2364 1240 2393; x_wconf 85' lang='grc' dir='ltr'>οὖν</span> <span class='ocrx_word' id='word_1_680' title='bbox 1269 2365 1310 2392; x_wconf 82' lang='grc' dir='ltr'>ὅτι</span> <span class='ocrx_word' id='word_1_681' title='bbox 1325 2365 1339 2391; x_wconf 84' lang='grc'>6</span> <span class='ocrx_word' id='word_1_682' title='bbox 1354 2364 1513 2402; x_wconf 74' lang='grc' dir='ltr'>Πρόδρομος</span> <span class='ocrx_word' id='word_1_683' title='bbox 1527 2364 1560 2400; x_wconf 75' lang='grc' dir='ltr'>ἐκ</span> <span class='ocrx_word' id='word_1_684' title='bbox 1572 2364 1620 2398; x_wconf 83' lang='grc' dir='ltr'><strong>τῆς</strong></span> <span class='ocrx_word' id='word_1_685' title='bbox 1640 2362 1782 2397; x_wconf 84' lang='grc' dir='ltr'>ίερατικῆς</span> <span class='ocrx_word' id='word_1_686' title='bbox 1797 2370 1850 2388; x_wconf 83' lang='grc' dir='ltr'>κα-</span> 
     </span>
    </p>
   </div>
   <div class='ocr_carea' id='block_1_101' title="bbox 1059 2407 1850 2449">
    <p class='ocr_par' dir='ltr' id='par_1_101' title="bbox 1059 2407 1850 2449">
     <span class='ocr_line' id='line_1_101' title="bbox 1059 2407 1850 2449; baseline -0.009 -9"><span class='ocrx_word' id='word_1_687' title='bbox 1059 2413 1160 2449; x_wconf 84' lang='grc' dir='ltr'>τήγετο</span> <span class='ocrx_word' id='word_1_688' title='bbox 1180 2413 1267 2448; x_wconf 85' lang='grc' dir='ltr'>φυλῆς</span> <span class='ocrx_word' id='word_1_689' title='bbox 1301 2412 1331 2439; x_wconf 82' lang='grc' dir='ltr'><strong>οὺ</strong></span> <span class='ocrx_word' id='word_1_690' title='bbox 1357 2410 1430 2438; x_wconf 87' lang='grc' dir='ltr'>κατὰ</span> <span class='ocrx_word' id='word_1_691' title='bbox 1455 2411 1503 2437; x_wconf 76' lang='grc' dir='ltr'><strong>τὸν</strong></span> <span class='ocrx_word' id='word_1_692' title='bbox 1531 2410 1638 2445; x_wconf 83' lang='grc' dir='ltr'>πατέρα</span> <span class='ocrx_word' id='word_1_693' title='bbox 1663 2409 1756 2444; x_wconf 85' lang='grc' dir='ltr'>μόνον,</span> <span class='ocrx_word' id='word_1_694' title='bbox 1781 2407 1850 2434; x_wconf 73' lang='grc' dir='ltr'>ἀλλὰ</span> 
     </span>
    </p>
   </div>
   <div class='ocr_carea' id='block_1_102' title="bbox 1061 2454 1853 2495">
    <p class='ocr_par' dir='ltr' id='par_1_102' title="bbox 1061 2454 1853 2495">
     <span class='ocr_line' id='line_1_102' title="bbox 1061 2454 1853 2495; baseline -0.009 -8"><span class='ocrx_word' id='word_1_695' title='bbox 1061 2461 1110 2486; x_wconf 67' lang='grc' dir='ltr'>καὶ</span> <span class='ocrx_word' id='word_1_696' title='bbox 1124 2460 1194 2487; x_wconf 83' lang='grc' dir='ltr'>κατὰ</span> <span class='ocrx_word' id='word_1_697' title='bbox 1209 2459 1260 2495; x_wconf 84' lang='grc' dir='ltr'>τὴν</span> <span class='ocrx_word' id='word_1_698' title='bbox 1277 2458 1396 2495; x_wconf 70' lang='grc' dir='ltr'>μητέρα,</span> <span class='ocrx_word' id='word_1_699' title='bbox 1413 2457 1461 2484; x_wconf 79' lang='grc' dir='ltr'>καὶ</span> <span class='ocrx_word' id='word_1_700' title='bbox 1488 2455 1686 2492; x_wconf 65' lang='grc' dir='ltr'>ἀμφοτέρωθεν</span> <span class='ocrx_word' id='word_1_701' title='bbox 1711 2454 1853 2490; x_wconf 73' lang='grc' dir='ltr'>ἱερατικὸς</span> 
     </span>
    </p>
   </div>
   <div class='ocr_carea' id='block_1_103' title="bbox 1060 2505 1104 2543">
    <p class='ocr_par' dir='ltr' id='par_1_103' title="bbox 1060 2505 1104 2543">
     <span class='ocr_line' id='line_1_103' title="bbox 1060 2505 1104 2543; baseline 0.045 -10"><span class='ocrx_word' id='word_1_702' title='bbox 1060 2505 1104 2543; x_wconf 81' lang='grc' dir='ltr'><strong>ἦν.</strong></span> 
     </span>
    </p>
   </div>
   <div class='ocr_carea' id='block_1_104' title="bbox 800 2602 1248 2634">
    <p class='ocr_par' dir='ltr' id='par_1_104' title="bbox 800 2602 1248 2634">
     <span class='ocr_line' id='line_1_104' title="bbox 800 2602 1248 2634; baseline -0.007 0"><span class='ocrx_word' id='word_1_703' title='bbox 800 2603 900 2634; x_wconf 78' lang='lat' dir='ltr'><strong>Varite</strong></span> <span class='ocrx_word' id='word_1_704' title='bbox 922 2602 1079 2634; x_wconf 83' lang='lat' dir='ltr'><strong>lectiones</strong></span> <span class='ocrx_word' id='word_1_705' title='bbox 1099 2604 1130 2632; x_wconf 86' lang='lat' dir='ltr'><strong>et</strong></span> <span class='ocrx_word' id='word_1_706' title='bbox 1152 2603 1248 2632; x_wconf 63' lang='lat' dir='ltr'><strong>notua.</strong></span> 
     </span>
    </p>
   </div>
   <div class='ocr_carea' id='block_1_105' title="bbox 259 2664 1007 2701">
    <p class='ocr_par' dir='ltr' id='par_1_105' title="bbox 259 2664 1007 2701">
     <span class='ocr_line' id='line_1_105' title="bbox 259 2664 1007 2701; baseline -0.001 -9"><span class='ocrx_word' id='word_1_707' title='bbox 259 2665 297 2700; x_wconf 85' lang='lat'><strong>(6)</strong></span> <span class='ocrx_word' id='word_1_708' title='bbox 319 2665 381 2692; x_wconf 67' lang='lat' dir='ltr'><strong>Haec</strong></span> <span class='ocrx_word' id='word_1_709' title='bbox 394 2670 492 2693; x_wconf 88' lang='lat' dir='ltr'><strong>neuter</strong></span> <span class='ocrx_word' id='word_1_710' title='bbox 503 2673 625 2693; x_wconf 88' lang='lat' dir='ltr'><strong>meorum</strong></span> <span class='ocrx_word' id='word_1_711' title='bbox 641 2665 772 2701; x_wconf 80' lang='lat' dir='ltr'><strong>agnoscit.</strong></span> <span class='ocrx_word' id='word_1_712' title='bbox 797 2664 888 2692; x_wconf 86' lang='lat' dir='ltr'><strong>Edidit</strong></span> <span class='ocrx_word' id='word_1_713' title='bbox 905 2665 962 2692; x_wconf 66' lang='lat' dir='ltr'><strong>haec</strong></span> <span class='ocrx_word' id='word_1_714' title='bbox 973 2671 1007 2691; x_wconf 80' lang='lat' dir='ltr'><strong>ex</strong></span> 
     </span>
    </p>
   </div>
   <div class='ocr_carea' id='block_1_106' title="bbox 225 2701 1007 2735">
    <p class='ocr_par' dir='ltr' id='par_1_106' title="bbox 225 2701 1007 2735">
     <span class='ocr_line' id='line_1_106' title="bbox 225 2701 1007 2735; baseline 0 -9"><span class='ocrx_word' id='word_1_715' title='bbox 225 2701 346 2735; x_wconf 79' lang='lat' dir='ltr'><strong>margine</strong></span> <span class='ocrx_word' id='word_1_716' title='bbox 371 2702 413 2728; x_wconf 89' lang='lat' dir='ltr'><strong>sui</strong></span> <span class='ocrx_word' id='word_1_717' title='bbox 432 2701 533 2728; x_wconf 83' lang='lat' dir='ltr'><strong>codicis</strong></span> <span class='ocrx_word' id='word_1_718' title='bbox 558 2701 718 2729; x_wconf 85' lang='lat' dir='ltr'><strong>Hentenius.</strong></span> <span class='ocrx_word' id='word_1_719' title='bbox 742 2701 867 2735; x_wconf 71' lang='lat' dir='ltr'><strong>Repetite</strong></span> <span class='ocrx_word' id='word_1_720' title='bbox 894 2705 1007 2727; x_wconf 82' lang='lat' dir='ltr'><strong>suntex</strong></span> 
     </span>
    </p>
   </div>
   <div class='ocr_carea' id='block_1_107' title="bbox 225 2734 599 2772">
    <p class='ocr_par' dir='ltr' id='par_1_107' title="bbox 225 2734 599 2772">
     <span class='ocr_line' id='line_1_107' title="bbox 225 2734 599 2772; baseline 0.008 -12"><span class='ocrx_word' id='word_1_721' title='bbox 225 2734 436 2772; x_wconf 69' lang='lat' dir='ltr'><strong>’l‘heophylacto,</strong></span> <span class='ocrx_word' id='word_1_722' title='bbox 449 2744 475 2772; x_wconf 92' lang='lat' dir='ltr'><strong>p.</strong></span> <span class='ocrx_word' id='word_1_723' title='bbox 491 2737 554 2769; x_wconf 76' lang='lat'><strong>293,</strong></span> <span class='ocrx_word' id='word_1_724' title='bbox 568 2736 599 2763; x_wconf 80' lang='grc' dir='ltr'><strong>Ο.</strong></span> 
     </span>
    </p>
   </div>
   <div class='ocr_carea' id='block_1_108' title="bbox 263 2804 1004 2841">
    <p class='ocr_par' dir='ltr' id='par_1_108' title="bbox 263 2804 1004 2841">
     <span class='ocr_line' id='line_1_108' title="bbox 263 2804 1004 2841; baseline -0.003 -8"><span class='ocrx_word' id='word_1_725' title='bbox 263 2807 313 2841; x_wconf 86' lang='lat' dir='ltr'><strong>(bb)</strong></span> <span class='ocrx_word' id='word_1_726' title='bbox 332 2807 363 2834; x_wconf 91' lang='lat' dir='ltr'><strong>Ut</strong></span> <span class='ocrx_word' id='word_1_727' title='bbox 378 2822 413 2828; x_wconf 91' lang='lat'><strong><em>—</em></strong></span> <span class='ocrx_word' id='word_1_728' title='bbox 425 2807 550 2840; x_wconf 79' lang='lat' dir='ltr'><strong>rapiaris.</strong></span> <span class='ocrx_word' id='word_1_729' title='bbox 576 2806 604 2834; x_wconf 88' lang='lat' dir='ltr'><strong>In</strong></span> <span class='ocrx_word' id='word_1_730' title='bbox 619 2805 713 2833; x_wconf 74' lang='lat' dir='ltr'><strong>Graeco</strong></span> <span class='ocrx_word' id='word_1_731' title='bbox 724 2804 850 2841; x_wconf 78' lang='lat' dir='ltr'><strong>expedita</strong></span> <span class='ocrx_word' id='word_1_732' title='bbox 864 2809 928 2841; x_wconf 84' lang='lat' dir='ltr'><strong>sunt</strong></span> <span class='ocrx_word' id='word_1_733' title='bbox 946 2812 1004 2841; x_wconf 84' lang='lat' dir='ltr'><strong>om-</strong></span> 
     </span>
    </p>
   </div>
   <div class='ocr_carea' id='block_1_109' title="bbox 229 2840 1006 2878">
    <p class='ocr_par' dir='ltr' id='par_1_109' title="bbox 229 2840 1006 2878">
     <span class='ocr_line' id='line_1_109' title="bbox 229 2840 1006 2878; baseline 0 -11"><span class='ocrx_word' id='word_1_734' title='bbox 229 2841 285 2868; x_wconf 83' lang='lat' dir='ltr'><strong>nia.</strong></span> <span class='ocrx_word' id='word_1_735' title='bbox 299 2842 503 2878; x_wconf 19' lang='lat' dir='ltr'><strong>Utrcognoscas.</strong></span> <span class='ocrx_word' id='word_1_736' title='bbox 520 2846 550 2868; x_wconf 92' lang='lat' dir='ltr'><strong>ut</strong></span> <span class='ocrx_word' id='word_1_737' title='bbox 564 2840 788 2878; x_wconf 71' lang='lat' dir='ltr'><strong>magis_(tlrm_ius)</strong></span> <span class='ocrx_word' id='word_1_738' title='bbox 817 2840 1006 2878; x_wconf 79' lang='lat' dir='ltr'><strong>complectaris</strong></span> 
     </span>
    </p>
   </div>
   <div class='ocr_carea' id='block_1_110' title="bbox 229 2875 1005 2911">
    <p class='ocr_par' dir='ltr' id='par_1_110' title="bbox 229 2875 1005 2911">
     <span class='ocr_line' id='line_1_110' title="bbox 229 2875 1005 2911; baseline -0.001 -9"><span class='ocrx_word' id='word_1_739' title='bbox 229 2875 419 2905; x_wconf 63' lang='lat' dir='ltr'><strong>certitudinfm</strong></span> <span class='ocrx_word' id='word_1_740' title='bbox 446 2875 697 2905; x_wconf 43' lang='lat' dir='ltr'><strong>scrmonutn&#39;tidei.</strong></span> <span class='ocrx_word' id='word_1_741' title='bbox 728 2875 863 2911; x_wconf 82' lang='lat' dir='ltr'><strong>lntcrprcs</strong></span> <span class='ocrx_word' id='word_1_742' title='bbox 898 2875 1005 2904; x_wconf 87' lang='lat' dir='ltr'><strong>videtur</strong></span> 
     </span>
    </p>
   </div>
   <div class='ocr_carea' id='block_1_111' title="bbox 1097 2659 1627 2698">
    <p class='ocr_par' dir='ltr' id='par_1_111' title="bbox 1097 2659 1627 2698">
     <span class='ocr_line' id='line_1_111' title="bbox 1097 2659 1627 2698; baseline -0.006 -9"><span class='ocrx_word' id='word_1_743' title='bbox 1097 2663 1135 2698; x_wconf 86' lang='grc'><strong>(7)</strong></span> <span class='ocrx_word' id='word_1_744' title='bbox 1152 2662 1224 2695; x_wconf 82' lang='grc' dir='ltr'>Τῶν,</span> <span class='ocrx_word' id='word_1_745' title='bbox 1240 2661 1322 2689; x_wconf 87' lang='lat' dir='ltr'><strong>etiam</strong></span> <span class='ocrx_word' id='word_1_746' title='bbox 1334 2666 1398 2689; x_wconf 88' lang='lat' dir='ltr'><strong>ante</strong></span> <span class='ocrx_word' id='word_1_747' title='bbox 1410 2660 1486 2698; x_wconf 74' lang='grc' dir='ltr'>περὶ,</span> <span class='ocrx_word' id='word_1_748' title='bbox 1502 2659 1627 2698; x_wconf 74' lang='lat' dir='ltr'><strong>l_t_abet_A.</strong></span> 
     </span>
    </p>
   </div>
   <div class='ocr_carea' id='block_1_112' title="bbox 1097 2695 1704 2734">
    <p class='ocr_par' dir='ltr' id='par_1_112' title="bbox 1097 2695 1704 2734">
     <span class='ocr_line' id='line_1_112' title="bbox 1097 2695 1704 2734; baseline -0.003 -10"><span class='ocrx_word' id='word_1_749' title='bbox 1097 2695 1135 2734; x_wconf 75' lang='lat'><strong>(8)</strong></span> <span class='ocrx_word' id='word_1_750' title='bbox 1152 2697 1258 2734; x_wconf 60' lang='grc' dir='ltr'>ᾼὺτῶν,</span> <span class='ocrx_word' id='word_1_751' title='bbox 1271 2704 1303 2724; x_wconf 87' lang='lat' dir='ltr'><strong>ex</strong></span> <span class='ocrx_word' id='word_1_752' title='bbox 1320 2697 1491 2734; x_wconf 70' lang='lat' dir='ltr'><strong>eOrt-cctione</strong></span> <span class='ocrx_word' id='word_1_753' title='bbox 1506 2695 1536 2722; x_wconf 85' lang='grc' dir='ltr'><strong>Β.</strong></span> <span class='ocrx_word' id='word_1_754' title='bbox 1557 2695 1654 2724; x_wconf 79' lang='grc' dir='ltr'><strong>Αὑτοῦ.</strong></span> <span class='ocrx_word' id='word_1_755' title='bbox 1671 2697 1704 2723; x_wconf 81' lang='grc' dir='ltr'><strong>Δ.</strong></span> 
     </span>
    </p>
   </div>
   <div class='ocr_carea' id='block_1_113' title="bbox 1098 2731 1475 2769">
    <p class='ocr_par' dir='ltr' id='par_1_113' title="bbox 1098 2731 1475 2769">
     <span class='ocr_line' id='line_1_113' title="bbox 1098 2731 1475 2769; baseline -0.005 -9"><span class='ocrx_word' id='word_1_756' title='bbox 1098 2731 1134 2769; x_wconf 83' lang='grc'><strong>(9)</strong></span> <span class='ocrx_word' id='word_1_757' title='bbox 1155 2732 1292 2768; x_wconf 83' lang='grc' dir='ltr'>Βαραχίας</span> <span class='ocrx_word' id='word_1_758' title='bbox 1315 2731 1475 2759; x_wconf 79' lang='lat' dir='ltr'><strong>ilentenius.</strong></span> 
     </span>
    </p>
   </div>
   <div class='ocr_carea' id='block_1_114' title="bbox 1057 2802 1847 2839">
    <p class='ocr_par' dir='ltr' id='par_1_114' title="bbox 1057 2802 1847 2839">
     <span class='ocr_line' id='line_1_114' title="bbox 1057 2802 1847 2839; baseline -0.004 -8"><span class='ocrx_word' id='word_1_759' title='bbox 1057 2804 1155 2839; x_wconf 78' lang='lat' dir='ltr'><strong>legisse</strong></span> <span class='ocrx_word' id='word_1_760' title='bbox 1168 2824 1174 2830; x_wconf 95' lang='lat'><strong>.</strong></span> <span class='ocrx_word' id='word_1_761' title='bbox 1189 2805 1232 2830; x_wconf 78' lang='grc' dir='ltr'>ἵνα</span> <span class='ocrx_word' id='word_1_762' title='bbox 1247 2803 1376 2837; x_wconf 74' lang='grc' dir='ltr'>ἐπιγνοὺς</span> <span class='ocrx_word' id='word_1_763' title='bbox 1392 2802 1545 2839; x_wconf 80' lang='grc' dir='ltr'>πλεονάσῃς</span> <span class='ocrx_word' id='word_1_764' title='bbox 1559 2804 1591 2838; x_wconf 84' lang='grc' dir='ltr'><strong>τῇ</strong></span> <span class='ocrx_word' id='word_1_765' title='bbox 1606 2802 1769 2839; x_wconf 70' lang='grc' dir='ltr'>ἁσφκαλεξᾳ.</span> <span class='ocrx_word' id='word_1_766' title='bbox 1791 2802 1847 2839; x_wconf 76' lang='lat' dir='ltr'><strong>sed</strong></span> 
     </span>
    </p>
   </div>
   <div class='ocr_carea' id='block_1_115' title="bbox 1058 2837 1845 2880">
    <p class='ocr_par' dir='ltr' id='par_1_115' title="bbox 1058 2837 1845 2880">
     <span class='ocr_line' id='line_1_115' title="bbox 1058 2837 1845 2880; baseline -0.003 -14"><span class='ocrx_word' id='word_1_767' title='bbox 1058 2837 1101 2880; x_wconf 48' lang='lat' dir='ltr'><strong>es;</strong></span> <span class='ocrx_word' id='word_1_768' title='bbox 1117 2847 1197 2874; x_wconf 80' lang='lat' dir='ltr'><strong>quam</strong></span> <span class='ocrx_word' id='word_1_769' title='bbox 1214 2846 1264 2866; x_wconf 91' lang='lat' dir='ltr'><strong>nos</strong></span> <span class='ocrx_word' id='word_1_770' title='bbox 1280 2838 1415 2866; x_wconf 74' lang='lat' dir='ltr'><strong>edidimus</strong></span> <span class='ocrx_word' id='word_1_771' title='bbox 1443 2837 1534 2866; x_wconf 77' lang='lat' dir='ltr'><strong>verior</strong></span> <span class='ocrx_word' id='word_1_772' title='bbox 1550 2837 1591 2866; x_wconf 80' lang='lat' dir='ltr'><strong>cst</strong></span> <span class='ocrx_word' id='word_1_773' title='bbox 1608 2839 1679 2866; x_wconf 84' lang='lat' dir='ltr'><strong>haud</strong></span> <span class='ocrx_word' id='word_1_774' title='bbox 1694 2838 1776 2865; x_wconf 81' lang='lat' dir='ltr'><strong>dubie</strong></span> <span class='ocrx_word' id='word_1_775' title='bbox 1805 2837 1845 2864; x_wconf 73' lang='lat' dir='ltr'><strong>ic-</strong></span> 
     </span>
    </p>
   </div>
   <div class='ocr_carea' id='block_1_116' title="bbox 1058 2880 1123 2902">
    <p class='ocr_par' dir='ltr' id='par_1_116' title="bbox 1058 2880 1123 2902">
     <span class='ocr_line' id='line_1_116' title="bbox 1058 2880 1123 2902; baseline 0 0"><span class='ocrx_word' id='word_1_776' title='bbox 1058 2880 1123 2902; x_wconf 78' lang='lat' dir='ltr'><strong>etto.</strong></span> 
     </span>
    </p>
   </div>
  </div>
