1940 3075
95 150 148 181 Βῗη

608 144 803 176 COMMENT.
826 143 865 174 IN
883 142 1022 173 LUCAM.
1042 152 1076 160 -·
1097 142 1175 173 CAP.
1196 142 1222 174 L

1677 142 1729 176 δτι

132 208 192 232 Ὀτι
204 220 241 226 --
257 206 363 234 αὑτοῦ.
384 205 446 232 Ἐπὶ
459 204 508 240 τὴν
521 203 672 230 εὐτέλειαν.
691 201 823 228 ταπεινοί
835 200 888 233 γὰρ

978 198 1056 226 Vers.
1074 198 1119 226 48.
1137 198 1206 231 Quia
1223 213 1257 218 α
1274 206 1338 224 sum.
1358 197 1397 225 Ad
1417 198 1563 226 utilitatem
1583 207 1589 225 :
1610 200 1728 236 seipsam

96 253 206 287 ἑαυτὴν,
224 252 262 283 ὡς
277 252 391 284 avara-Tw:
409 249 572 285 τηλικούτου
604 249 765 283 πράγματος
782 252 789 259 ·
803 245 820 280 ἢ
840 244 887 271 καὶ

97 300 138 325 διὰ
163 301 215 333 τὴν
242 299 408 324 ταπείνωσιν
438 297 488 332 τῆς
507 295 684 331 ἀνθρωπίνης
719 293 827 328 φύσεως
850 291 887 322 ὡς

97 347 165 380 πρὸς
183 345 213 371 τδ
229 343 295 376 ὓψοέ
310 344 360 378 τῆς
378 343 463 371 θείας.

141 390 218 418 Ἰδοὺ
235 405 270 409 -—
288 391 395 424 γενεαί.
428 388 461 415 At
481 388 536 414 τῶν
551 386 735 414 πιστευόντων
754 385 887 421 δηλονότι.

135 484 200 511 ὀτι
215 483 401 516 -δυνιιτός,
418 483 481 508 Ὀτι
502 481 633 516 ἐποίησεν
654 481 694 511 εἰς
711 480 762 514 ἐμὲ
781 479 890 514 μεγάλα

99 531 146 558 καὶ
163 530 291 566 ὑπερφυῆ
311 529 453 565 θαυμάσια
477 528 492 554 ὸ
514 527 628 559 δυνατὸς
659 527 748 553 ποιεῖν
764 525 889 552 τοιαῦτα.

136 621 190 648 Καὶ
208 620 295 655 ἅγιον
307 636 338 642 -
350 619 455 647 αὑτοῦ.
479 619 645 655 Ἐξαίριτον,
664 619 749 655 μέγα.

136 668 191 694 Kal
207 668 239 694 τὸ
257 667 343 699 ἕλεος
358 681 392 686 -
405 667 509 693 αὐτόν.
524 666 561 692 Τὸ
580 665 627 697 Et;
645 665 755 700 γενεὰν
775 664 825 691 καὶ
844 671 892 699 γο-

100 715 184 747 νεὰν,
200 714 290 741 καὶτὸ
317 714 364 745 Et;
384 712 490 748 γενεὰς
503 712 625 747 γενεῶν,
651 713 701 740 καὶ
730 712 764 738 τὰ
780 710 894 738 τοιαῦτα

102 762 133 788 ab
152 761 210 788 ’Δεὶ
226 759 391 796 σημαίνοντι
421 759 488 794 παρ’
511 757 660 794 ¹Εϐραίοις.
684 756 767 790 Λέγει
790 756 893 787 τοίνυν,

102 808 142 834 ὅτι
155 808 204 834 καὶ
215 807 245 833 τὸ
259 806 334 837 ἔλεος
348 805 432 833 αὑτοῦ
445 805 489 832 ἀεί
507 806 583 832 ἔστιν
597 805 626 830 ὲν
638 804 696 835 τοῖς
710 802 895 838 φοϐουμένοις

102 853 195 886 αὐτὸν,
213 853 302 888 ιδμοια
328 851 447 886 λέγουσα
472 850 512 887 τῷ
541 849 624 877 Δαυῖδ
655 849 790 885 εἰρηκότι·
809 847 844 875 Τὸ
861 847 896 875 δὲ

102 901 189 932 ἕλεος
201 899 255 926 τοῦ
280 897 394 932 Κυρίου
413 897 473 925 ἀπὸ
496 897 549 924 τοῦ
566 896 674 930 αἰῶνος
698 895 748 923 καὶ
766 895 822 928 ἕως
842 895 895 922 τοῦ

102 945 210 979 αἰῶνος
225 945 273 972 ἐπὶ
288 945 360 978 τοὺς
373 944 581 979 φοϐουμένους
600 944 705 970 αὐτόν.
722 940 789 969 Εἶτα
807 950 895 968 κατα-

103 993 178 1027 λέγει
193 993 240 1019 καὶ
263 991 349 1024 ἄλλας
378 991 510 1026 δυνάμεις
524 990 571 1017 τοῦ
595 990 677 1023 Θεοῦ,
696 990 734 1021 ὡς
751 989 811 1020 ἔθος
838 990 895 1020 τοῖς

104 1039 329 1075 ιὺχαριστοῦσιν.

146 1087 292 1119 Ἐποίησε
307 1099 341 1106 --
357 1085 461 1112 αὐτοῦ.
483 1084 613 1120 Ἐποίησε
628 1083 784 1119 μεγαλεῖον,
822 1082 895 1109 ἑποί-

104 1141 155 1169 ησε
167 1132 248 1168 νίκην
277 1133 305 1159 ὲν
331 1132 448 1167 δυνάμει
474 1131 567 1158 αὐτοῦ.
602 1130 631 1157 '0
650 1130 770 1166 βραχίων
787 1130 841 1165 γὰρ
854 1130 896 1156 ὲν-

104 1178 193 1205 ταῦθα
204 1178 254 1213 τὴν
273 1178 389 1214 δύναμιν
412 1177 541 1214 σημαίνει
560 1184 566 1191 ·
579 1177 648 1203 διότι
661 1176 686 1203 οἱ
697 1175 895 1211 ἀγωνιζόμενοι

105 1225 134 1251 ὲν
149 1224 189 1261 τῷ
202 1224 328 1260 βραχίονι
344 1225 393 1260 τὴν
407 1223 522 1259 δύναμιν
542 1223 647 1259 ἔχουσι.

140 1310 404 1344 Διεσκόρπισεν-
417 1309 528 1338 αὐτῶν.
557 1308 628 1340 Τοὺς
655 1307 850 1344 ὑπερηφάνους
866 1308 896 1333 ἐν

105 1357 140 1392 τῇ
157 1356 265 1391 διανοίᾳ
280 1356 330 1391 τῆς
351 1355 467 1391 καρδίας
496 1355 599 1388 αὐτῶν,
624 1355 687 1386 τοὺς
702 1354 896 1390 ὑπερηφάνους

105 1403 135 1429 ὲν
149 1403 269 1434 ἑαυτοῖς.

142 1449 271 1476 Καθεῒλε
281 1464 319 1469 -
333 1450 457 1483 κενούς.
478 1450 581 1484 Ὅμοια
592 1449 679 1476 ταῦτα
691 1449 746 1476 τῶν
759 1449 810 1485 τῆς
832 1450 897 1476 Ἀν-

105 1504 166 1531 νης,
186 1495 290 1531 μητρὸς
304 1495 351 1522 τοῦ
368 1496 506 1532 Σαμουὴλ,
522 1495 664 1531 εἰπούσης·
683 1496 793 1530 Κύριος
819 1503 898 1522 πτω-

105 1541 179 1576 χιζει
191 1542 240 1568 και
253 1541 414 1576 πλουτίζει,
431 1541 569 1569 ταπεινοῖ
586 1541 635 1568 καὶ
651 1541 774 1576 ἀνυψοῖ.
794 1542 895 1568 Λοιπὸν
907 1558 930 1590 C

105 1586 154 1615 οὗν
171 1587 341 1623 προφητεύει
356 1589 403 1615 καὶ
429 1588 493 1624 περὶ
516 1588 563 1615 τοῦ
581 1587 674 1619 ἐλέους
699 1587 746 1614 τοῦ
763 1588 804 1619 είς
832 1587 896 1619 τοὺς

107 1634 297 1670 Χριστιανούς.
320 1635 399 1670 Λέγει
422 1635 488 1670 γάρ·

152 1682 345 1708 Ἀντελάϐετο
361 1697 394 1702 -
410 1681 515 1708 αὑτοῦ.
539 1681 732 1716 Ἐπεσκέψατο
745 1682 791 1707 τὸν
811 1681 898 1717 Ἰσρα-

108 1728 230 1764 ηλιτικὸν
245 1729 319 1762 λαὸν,
335 1728 381 1756 τὸν
392 1728 484 1755 δοῦλον
499 1727 593 1755 αὑτοῦ.
609 1727 695 1755 Παίδα
719 1728 774 1763 γὰρ
789 1727 836 1754 νῦν
852 1728 898 1754 τὸν

107 1773 204 1800 δοῦλον
222 1775 306 1808 λέγει,
753 1776 758 1777 ⁷

144 1821 325 1855 [κνησθῆναί
341 1820 675 1848 -αιῶνα.“Αντελάϐετο
703 1821 732 1847 δὲ
758 1821 806 1847 καὶ
833 1822 900 1847 ἐπε-

109 1867 241 1902 σκέψατο,
267 1869 296 1894 ἐν
310 1868 349 1904 τῷ
378 1868 533 1903 μνησθῆναι
562 1867 654 1899 ιλέους
669 1868 709 1899 ei;
727 1867 773 1895 τὸν
799 1868 897 1901 αἰῶνα,

109 1915 196 1950 ηγουν
219 1914 312 1946 ἐλέους
342 1915 453 1941 αἰωνίου
468 1933 475 1946 ,
505 1914 598 1946 ἐλέους
625 1914 787 1949 διηνεκοῦς,
808 1913 900 1946 καθὼς

109 1959 237 1995 ελάλησε·
261 1960 369 1991 καθὼς»
386 1960 573 1996 ἐπηγγείλατο
591 1960 660 1996 πρὸς
687 1961 751 1992 τοὺς
772 1961 896 1996 πατέρας

108 2006 200 2042 ἡμῶν.
223 2004 289 2034 Εἶτα
304 2007 378 2041 λέγει
396 2008 444 2034 καὶ
458 2007 529 2034 τίσιν
545 2007 660 2043 ἐλάλησε
686 2007 751 2042 περί
777 2007 825 2034 τοῦ
844 2015 901 2034 τοι-

109 2053 190 2080 θύτου
202 2053 306 2087 ἐλέους,
320 2054 362 2081 ὃτι
378 2054 416 2089 τῷ
436 2054 566 2090 Ἀϐραὰμ
583 2056 630 2081 καὶ
642 2054 682 2090 τῷ
699 2054 839 2090 σπέρματι
852 2055 901 2082 αὐ·

109 2099 170 2134 τοῦ,
183 2101 267 2136 ἤγουν
295 2101 334 2136 τῷ
356 2101 449 2128 Ἰσαὰκ
460 2102 508 2128 καὶ
523 2100 561 2136 τῷ
579 2100 687 2134 Ἰακὼϐ,
710 2101 754 2128 ναὶ
778 2101 832 2137 μὴν
852 2101 902 2128 καὶ

108 2147 149 2183 τῷ
166 2148 260 2175 Δαυῖδ.
278 2147 393 2180 Τούτοις
416 2148 470 2183 γὰρ
486 2147 524 2179 ὥς
544 2147 761 2183 ἐπισημοτάτοις
774 2149 902 2183 αἰνιγμα-

110 2194 205 2226 τωδῶς
218 2194 404 2230 ἐπηγγείλατο
417 2196 482 2229 περὶ
505 2194 615 2222 τούτου.
635 2195 732 2227 Ἔλεος
744 2195 772 2221 δὲ
791 2195 831 2227 εις
854 2195 901 2222 τδν

940 244 1011 272 enim
1037 244 1141 279 dejicit,
1159 245 1236 280 quasi
1261 249 1335 272 tanta
1353 251 1382 271 re
1398 244 1536 280 indignam
1556 255 1563 272 :
1583 247 1623 273 vel
1649 247 1731 274 etiam

941 295 1053 326 propter
1067 291 1252 326 abjectionem
1264 292 1392 318 humanae
1404 295 1509 319 natura:
1520 298 1685 328 comparata:
1695 294 1730 321 ad

943 337 1141 365 sublimitatem
1154 338 1262 366 divinae.

976 383 1053 410 Vcrs.
1073 383 1117 411 48.
1134 383 1200 410 Ecce
1216 400 1248 405 —
1261 384 1453 419 generationes.
1468 383 1643 412 Credentinm
1657 386 1734 414 ride-

942 429 1015 459 licet.

979 476 1042 503 Ver.
1058 476 1102 504 49.
1121 476 1190 509 Quia
1207 490 1242 496 ——
1256 479 1300 513 qni
1314 483 1404 512 potens
1417 482 1466 505 est.
1482 477 1551 510 Quia
1566 477 1631 504 fecit
1646 478 1672 504 in
1689 486 1734 505 me

944 530 1040 558 magna
1059 523 1278 558 supernaturalia
1294 524 1425 551 miracula
1436 545 1443 557 ,
1461 525 1507 558 qui
1527 525 1561 552 ad
1578 524 1735 560 hujusmodi

944 570 1067 597 facienda
1081 574 1180 605 potens
1193 575 1246 598 est.

981 616 1059 643 Vers.
1075 616 1120 643 49.
1135 616 1170 643 Ει
1185 621 1285 652 factum
1300 630 1335 637 —-
1348 626 1414 652 ejus.
1431 617 1578 650 Eximium,
1596 625 1735 654 magnum.

980 662 1059 689 Vers.
1079 662 1123 689 50.
1146 661 1181 688 Et
1195 663 1377 690 misericordia
1392 679 1426 684 —-
1438 672 1508 690 eum.
1525 663 1603 697 Quod
1618 664 1737 696 dicitur,

945 707 977 734 In
992 708 1141 743 progeniem
1156 712 1181 736 et
1193 709 1362 743 progeniem:
1379 713 1416 743 et,
1430 711 1461 736 In
1474 711 1655 745 generationes
1664 719 1740 746 gene-

947 753 1093 786 rationum,
1111 753 1219 789 aliaque
1245 755 1355 787 similia.
1382 755 1454 783 idem
1483 756 1638 792 signiﬁcant
1665 758 1738 792 quod

946 798 1069 834 Semper,
1085 800 1156 834 apud
1173 799 1313 828 Hebraeos.
1332 801 1402 829 Dicit
1413 809 1488 837 ergo.
1506 803 1578 837 quod
1593 803 1676 830 etiam
1689 803 1741 830 mi-

948 845 1095 872 sericordia
1108 845 1167 880 ejus
1182 854 1290 881 semper
1301 851 1342 874 est
1358 847 1386 874 in
1399 848 1454 880 his,
1465 848 1512 883 qui
1524 848 1622 875 timent
1634 849 1739 883 ipsum;

1515 594 1530 605 θ

912 887 930 914 Β
946 892 1045 919 similia
1069 893 1185 928 loquens
1204 901 1266 920 cum
1286 894 1380 928 David,
1405 894 1451 929 qui
1478 895 1516 922 ait
1533 903 1540 922 :
1560 895 1741 922 Misericordia

945 938 1056 966 Domini
1066 939 1099 965 ab
1118 945 1216 967 ιιίενηο
1230 945 1253 966 et
1269 948 1351 976 usque
1366 942 1394 968 in
1411 946 1539 968 ueternum
1555 949 1633 976 super
1648 942 1742 968 (inmi-

946 989 983 1012 tes
998 993 1058 1012 eum
1074 986 1095 1014 ⁸.
1125 985 1227 1014 Deinde
1242 991 1367 1014 recenset
1386 992 1414 1014 et
1427 988 1493 1014 alias
1509 987 1555 1015 Dei
1571 988 1687 1016 virtutes
1712 993 1742 1016 ut

947 1031 1031 1058 moris
1039 1036 1081 1059 est
1092 1031 1145 1065 his,
1157 1033 1203 1066 qui
1216 1032 1318 1067 gratias
1328 1036 1422 1068 agunt.

983 1076 1063 1104 Vcrs.
1079 1077 1123 1104 5L
1146 1076 1220 1104 Fecit
1238 1093 1270 1098 —-
1287 1087 1374 1105 suum.
1397 1079 1473 1106 Fecit
1492 1079 1719 1115 magnificentiam
1735 1101 1742 1112 ,

947 1123 1012 1150 fecit
1037 1123 1179 1151 victoriam
1205 1131 1254 1159 per
1278 1125 1468 1152 fortitudinem
1494 1133 1581 1153 suam.
1599 1126 1665 1153 Nam
1680 1127 1743 1154 bra-

946 1169 1038 1196 chium
1055 1169 1107 1196 hoc
1121 1169 1148 1196 in
1162 1169 1222 1197 loco
1236 1170 1372 1205 significat
1387 1169 1589 1198 fortitudinem.
1603 1171 1653 1204 Qui
1668 1172 1742 1199 enim

947 1215 975 1241 in
993 1215 1193 1243 certaminibus
1211 1220 1353 1250 pugnant,
1371 1215 1400 1242 in
1419 1215 1532 1243 brachio
1551 1216 1742 1245 fortitudinem

947 1261 1061 1289 habent.

983 1306 1060 1334 Vers.
1086 1307 1130 1335 5L
1161 1307 1291 1343 Dispersi:
1309 1323 1343 1328 —
1366 1310 1419 1337 sui.
1451 1309 1590 1346 Superbos
1615 1311 1642 1338 in
1670 1313 1744 1348 cogi-

949 1354 1050 1382 tatione
1067 1354 1158 1382 cordis
1168 1354 1222 1388 sui,
1240 1355 1373 1390 superbos
1384 1355 1456 1391 apud
1470 1357 1585 1392 seipsos.

985 1447 1063 1476 Vers.
1081 1447 1125 1476 52.
1144 1447 1267 1476 Detraxit
1286 1463 1322 1468 —
1341 1448 1420 1476 Vers.
1444 1449 1488 1476 55.
1512 1451 1615 1478 inanes.
1639 1451 1744 1480 Similia

948 1498 1014 1523 sunt
1026 1494 1079 1527 his,
1096 1501 1157 1529 quae
1172 1493 1241 1521 dixit
1259 1493 1348 1526 Anna,
1368 1499 1455 1521 mater
1473 1494 1609 1523 Samuelis
1624 1504 1631 1523 :
1652 1496 1745 1524 Domi-

949 1549 998 1568 nus
1023 1548 1166 1576 pauperem
1182 1541 1247 1576 facit
1268 1545 1292 1568 et
1304 1540 1392 1573 ditat;
1409 1541 1533 1568 humiliat
1546 1546 1571 1569 τι
1588 1542 1707 1571 sublevat
1721 1545 1743 1573 ⁷.

946 1589 1081 1623 Deinceps
1096 1595 1161 1624 ergo
1182 1587 1347 1616 vaticinatur
1361 1594 1388 1615 et
1404 1587 1438 1615 de
1459 1588 1651 1618 m’sericordia
1674 1598 1742 1627 erga

946 1630 1130 1662 Christianos.
1147 1634 1218 1662 Dicit
1235 1634 1307 1661 enim
1324 1643 1330 1661 :

984 1681 1062 1709 Vcrs.
1077 1681 1120 1708 δέ.
1138 1681 1292 1709 Auxilium:
1309 1687 1346 1709 est
1360 1696 1393 1701 ——
1408 1690 1466 1708 suo.
1491 1681 1617 1710 Visitavit
1635 1683 1743 1713 ἰοί-οειίη

949 1727 1031 1756 ticum
1046 1728 1175 1763 populum
1197 1735 1287 1759 suum.
1308 1736 1418 1756 servum
1430 1736 1528 1762 suum;
1544 1737 1660 1764 puerum
1669 1732 1743 1759 enim

947 1774 1014 1801 dicit
1030 1782 1106 1801 nunc.
1123 1782 1245 1801 servum.

985 1820 1061 1848 Vers.
1077 1820 1121 1848 55.
1138 1821 1168 1848 Ut
1191 1829 1290 1848 memor
1303 1825 1367 1847 esset
1385 1836 1417 1841 ——
1432 1821 1569 1850 circulum.
1587 1823 1744 1851 Auxiliatus

949 1871 992 1894 est
1006 1871 1034 1894 et
1048 1867 1177 1894 visitavit.
1194 1871 1224 1894 ut
1235 1874 1340 1894 memor
1354 1871 1428 1895 eSSet
1442 1868 1638 1896 misericordia:
1652 1869 1678 1896 in
1694 1877 1744 1897 sae-

949 1914 1043 1942 culum
1061 1923 1069 1941 :
1089 1913 1147 1941 sive
1170 1914 1365 1941 misericordiae
1388 1915 1573 1950 sempitern-aa,
1595 1916 1742 1944 continuae.

951 1961 1029 1989 Sicut
1061 1961 1169 1989 locutus
1195 1966 1251 1994 est,
1283 1961 1353 1989 sicut
1387 1963 1560 1990 annuntiavit
1589 1963 1622 1991 ad
1653 1968 1745 1999 patres

951 2011 1068 2035 nostros.
1086 2006 1190 2035 Deinde
1213 2007 1279 2034 dicit
1289 2007 1382 2041 etiam,
1404 2008 1503 2042 quibus
1519 2008 1627 2036 locutus
1653 2014 1694 2036 est
1710 2010 1745 2036 de

950 2053 1108 2088 hujusmodi
1123 2053 1323 2087 misericordia,
1340 2054 1413 2089 quod
1427 2054 1553 2081 videlicet
1565 2055 1701 2082 Abraham
1716 2059 1745 2083 et

950 2099 1050 2127 semini
1084 2100 1162 2135 ejus,
1194 2099 1302 2128 scilicet
1329 2100 1404 2128 Isaac
1428 2104 1455 2128 et
1479 2099 1562 2128 Iacob
1589 2110 1596 2128 :
1623 2101 1746 2137 profecto

951 2149 978 2173 et
1004 2145 1101 2173 David.
1131 2145 1179 2173 His
1199 2146 1284 2180 enim,
1311 2150 1405 2181 utpote
1434 2146 1553 2174 maxime
1581 2147 1744 2183 insignibus,

950 2191 1120 2226 aanigmatice
1132 2196 1159 2219 et
1171 2192 1204 2220 de
1215 2192 1267 2220 hoc
1280 2192 1466 2220 annuntiavit.
1482 2193 1666 2222 Misericordia
1681 2202 1746 2223 vero

111 2240 201 2268 αἰῶνα
227 2242 243 2276 ἡ
260 2241 320 2268 θεία
335 2240 556 2276 ὲνανορώπησις,
579 2241 617 2272 ὠς
632 2241 666 2268 δι’
689 2241 763 2268 ἔλεον
778 2241 833 2268 τῶν
850 2241 896 2268 ἀν-

955 2239 1064 2272 dicitur,
1074 2239 1225 2266 incarnatio
1234 2239 1324 2267 divina
1334 2259 1342 2272 ,
1356 2244 1449 2276 utpote
1462 2247 1510 2276 per
1519 2241 1745 2275 misericordiam,

111 2287 231 2322 θρώπων
258 2288 444 2323 γεγενημένη,
461 2289 493 2315 ἐκ
520 2287 679 2323 σπέρματος
705 2288 832 2324 ’Δϐραὰμ
854 2289 896 2315 καὶ

955 2297 1007 2325 qua
1021 2288 1151 2316 misertus
1167 2292 1210 2316 est
1230 2288 1309 2322 deus,
1325 2289 1485 2317 hominibus
1502 2289 1572 2318 facta
1589 2298 1621 2318 ex
1640 2292 1747 2319 semine

110 2334 165 2361 τῶν
181 2335 335 2370 εἰρημένων
355 2334 421 2360 υἱῶν
437 2335 485 2361 καὶ
507 2335 629 2369 ἐκγόνων
648 2334 743 2369 αὑτοῦ,
763 2335 833 2362 κατὰ
851 2335 896 2371 τὴν

955 2335 1091 2363 Abraham
1110 2335 1301 2370 dictorumque
1319 2335 1434 2363 filiorum
1445 2356 1452 2369 ,
1469 2344 1501 2364 ac
1516 2337 1551 2364 ab
1566 2345 1599 2365 eo
1615 2339 1746 2374 progeni-

109 2381 180 2416 προς
202 2381 301 2412 αὐτοὺς
324 2381 502 2416 ἐπαγγελίαν.

955 2387 1055 2417 lorum,
1069 2382 1145 2417 juxta
1159 2382 1369 2417 promissionem
1386 2382 1419 2410 ad
1436 2390 1483 2410 eos
1502 2382 1609 2413 factam.
1650 2414 1663 2426 '

152 2428 305 2464 Ἀπορήσει
324 2428 352 2455 δέ
367 2436 421 2461 τις,
442 2428 501 2460 πῶς
514 2428 679 2456 ἀντελάϐετο
693 2429 742 2456 τοῦ
762 2430 896 2466 ἰσραηλιε

989 2428 1129 2458 Dubitabit
1156 2429 1265 2464 aliquis,
1294 2429 1432 2465 quomodo
1450 2430 1597 2457 auxiliatus
1624 2425 1745 2458 sitijeus

108 2474 188 2502 τικοῦ
207 2475 272 2501 λαοῦ
290 2475 393 2508 ὀθεὺς,
411 2476 440 2502 ἐν
454 2475 494 2510 τῷ
523 2475 678 2512 μνησθῆναι
693 2475 739 2508 τοῦ
768 2476 896 2512 ῥηθέντος

955 2475 1101 2504 Israelitico
1116 2476 1226 2511 populo,
1241 2480 1271 2503 ut
1286 2484 1390 2504 memor
1407 2482 1479 2504 esset
1492 2476 1572 2504 dicta:
1585 2477 1744 2504 misericor—

108 2522 221 2554 ὲ>.έους;
248 2522 302 2548 τῶν
325 2521 499 2556 Χριστιανῶν
524 2523 578 2557 γὰρ
604 2523 705 2557 μᾶλλον
721 2523 898 2557 ἀντελάϐετο,

109 2569 161 2596 καὶ
179 2569 210 2595 οὐ
236 2569 291 2596 τῶν
315 2569 461 2596 Ἰουδαίων.
482 2569 554 2604 Πρὸς
577 2569 606 2596 ὃν
622 2570 830 2605 ἁποκρινόμεθα
859 2571 901 2597 ὃτι

108 2617 228 2648 παλαιὸς
243 2616 295 2650 μὲν
315 2616 424 2652 Ἰσραὴλ
446 2617 461 2643 ὁ
486 2616 603 2648 παλαιὸς
621 2616 695 2648 λαός·
723 2617 782 2648 νέος
798 2617 826 2644 δὲ
849 2618 899 2643 Ίσ-

110 2662 180 2698 ραὴλ
197 2663 210 2688 ό
226 2662 285 2693 νέος
314 2662 389 2694 λαος,
407 2663 421 2687 ό
445 2661 635 2697 ἀντεισαχοεὶς
661 2662 779 2693 ἐκείνου,
809 2662 900 2689 τουτέ-

109 2717 170 2734 στιν
184 2708 198 2733 ὁ
215 2708 422 2743 Χριστιανικδς,
434 2708 449 2734 ὸ
464 2709 496 2734 ὲκ
512 2708 614 2740 παντὸς
641 2708 735 2740 ἔθνους
751 2708 900 2743 συγκείμε-

107 2763 163 2785 νος.
183 2754 284 2780 Τοῦτον
300 2753 346 2780 οὖν
362 2754 409 2781 τὸν
431 2754 540 2789 Ἰσραὴλ
556 2754 672 2781 ἐνταῦθα
688 2755 795 2789 νόησον.
823 2754 855 2781 Et
867 2754 896 2781 δὲ

107 2802 156 2828 καὶ
174 2800 219 2827 τὸν
238 2800 354 2827 παλαιὸν
366 2801 479 2837 νοήσῃς,
509 2800 628 2832 σώζεται
649 2801 696 2828 καὶ
712 2801 799 2834 οὕτως
820 2802 834 2828 ὀ
854 2801 898 2828 λό-

169 2882 240 2910 Psal.
255 2890 302 2914 cu,
323 2883 367 2909 17.
416 2882 425 2897 ⁷
443 2882 513 2918 Reg.
532 2889 563 2912 ιι,
580 2881 607 2908 7.

275 2932 409 2961 l’nnoL.
434 2933 491 2961 Gn.
514 2928 646 2961 CXXIX.

953 2523 1024 2550 duc?
1034 2523 1198 2551 Christianis
1210 2531 1328 2558 namque
1341 2524 1430 2558 potius
1441 2524 1586 2551 auxiliatus
1598 2527 1650 2556 est,
1663 2531 1744 2558 quam

950 2567 1063 2596 Judmis.
1079 2568 1128 2596 Cui
1151 2569 1349 2604 respondemus
1360 2588 1367 2601 ,
1384 2569 1457 2605 quod
1473 2573 1552 2596 vetus
1568 2568 1651 2596 Israel
1671 2569 1744 2596 ant?-

950 2622 1020 2649 quus
1034 2619 1076 2642 est
1091 2615 1206 2650 populus
1223 2623 1230 2648 ;
1243 2623 1331 2642 novus
1342 2620 1434 2642 autem
1449 2615 1543 2648 Israel,
1558 2623 1645 2644 novus
1660 2623 1745 2651 popu-

950 2662 992 2689 lus
1008 2670 1056 2697 pro
1069 2661 1115 2689 illo
1131 2662 1276 2694 inductus.
1291 2662 1344 2689 hoc
1364 2667 1421 2694 est,
1439 2662 1628 2695 Christianus,
1646 2663 1691 2698 qui
1711 2670 1744 2690 ex

950 2709 1023 2737 omni
1039 2715 1119 2744 gente
1132 2709 1275 2741 consistit;
1289 2709 1361 2736 hunc
1374 2717 1438 2745 ergo
1449 2709 1532 2737 Israel
1550 2710 1593 2737 hic
1611 2710 1741 2744 intellige.

951 2756 1053 2788 Quodsi
1068 2756 1149 2783 etiam
1162 2760 1282 2783 veterem
1297 2756 1474 2788 intellexeris,
1484 2756 1520 2782 ita
1532 2763 1641 2791 quoque
1654 2763 1745 2782 sermo

953 2792 1090 2830 constabit
1105 2811 1111 2828 :
1130 2806 1242 2838 propter
1256 2801 1331 2830 illum
1348 2802 1420 2829 enim
1437 2801 1608 2837 potissimum
1623 2801 1746 2829 incarna-

1527 2928 1562 2958 28
