1940 3075
195 160 247 197 879

812 165 1003 198 EUTllYMll
1025 167 1111 197 ZlGA
1118 167 1207 198 BEN!

1772 170 1827 201 880

233 220 308 248 νοτε.
339 221 384 249 71.
415 222 533 249 Salutem
553 237 586 242 —
603 231 659 250 nos.
693 223 786 251 Erexit
812 230 903 251 autem
931 225 974 252 lim

1071 226 1225 259 Σωτηρίαν
1234 240 1267 246 —-
1276 225 1366 260 ἡμᾶς.
1380 226 1494 262 Ἦγειρε
1503 226 1530 254 δὲ
1545 226 1601 261 (57)
1614 230 1643 252 τὴ
1657 227 1740 262 κέρας
1754 226 1828 252 τοῦτ(

192 276 289 300 cornu,
304 268 418 295 salutem
434 274 461 296 et
475 269 691 304 redemptionem
705 271 739 298 ab
751 270 869 298 inimicis
885 272 986 299 nostris

192 314 316 342 visibilus
327 319 354 342 et
368 315 619 344 invisibilibibihus.

227 360 306 387 Vers.
322 360 364 388 72.
388 360 420 388 Ut
433 361 632 396 faceret—sui.
649 361 784 392 Faeicndo
798 364 985 392 misericordia

191 413 254 433 eum
270 406 393 440 patribus
408 407 520 440 nostris,
534 409 593 436 sive
611 409 770 436 miserendo
784 415 890 444 patrum
918 418 984 437 nos-

190 457 305 483 Irorum.
336 452 370 480 ad
402 460 472 488 quos
508 453 579 482 facta
614 459 656 482 est
701 455 848 490 promissio
889 455 984 483 salutis

190 503 347 532 uostraz,et
375 506 424 534 per
454 499 514 527 illos
544 499 671 528 habendo
698 501 780 536 hujus
809 501 983 529 memoriam.

189 543 396 571 Testamentum
439 544 512 572 enim
553 549 643 578 vocat,
673 546 903 581 promissionem:
933 547 984 574 hu-

184 589 231 623 jus
263 594 355 617 autem
384 590 555 623 memoriam,
578 592 798 619 terminationem
809 599 839 619 ac
854 591 982 627 comple-

188 640 322 663 mentum.

222 679 302 709 Vers.
331 681 374 708 75.
391 680 580 716 Jurisjurandi
593 697 628 702 —-
639 682 806 710 nostrum.Ut
817 683 898 710 etiam
922 691 981 710 me-

187 734 248 753 mor
264 730 338 753 esset
351 726 541 762 jurisjurandi,
559 728 630 763 quod
644 727 759 764 juravit,
776 728 828 755 hoc
842 733 894 761 est,
911 736 978 756 eon-

188 771 359 804 iirmationis,
377 780 459 808 quam
474 773 645 801 conﬁrmavit
663 773 696 800 ad
711 774 850 801 Abraham
873 780 980 809 patrem

187 821 330 845 .iostrum:
345 819 536 853 jusjurandum
554 820 626 846 enim
643 820 703 852 Dei,
727 819 900 848 conﬁrmatio
927 825 978 848 est.

186 863 376 891 lndill‘erenter
405 870 495 892 autem
524 865 635 893 verbum
654 866 835 902 μνησθῆναιο
861 866 979 901 genitivo

1039 273 1176 308 σωτηρίαν
1200 274 1266 308 ἡμῖν
1285 272 1342 309 (58)
1360 273 1407 300 καὶ
1423 273 1558 309 λύτρωσιν
1572 273 1601 307 ἐξ
1617 272 1722 309 ἐχθρῶν
1737 273 1828 308 ἡμῶν,

1037 319 1164 354 ἀοράτων
1179 320 1228 347 καὶ
1242 319 1359 354 ὁρατῶν.

1074 364 1203 398 Ποιῆσαι
1212 379 1248 384 -
1257 365 1361 392 αὐτοῦ.
1371 364 1416 392 Ἐν
1432 364 1471 400 τῷ
1481 366 1592 399 ποιῆσαι
1605 365 1680 396 ἔλεος
1692 365 1760 399 μετὰ
1772 365 1826 392 τῶν

1036 409 1162 442 πατέρων
1176 409 1267 444 ἡμῶν,
1284 410 1366 445 ἤγουν
1397 411 1426 436 ὲν
1449 410 1487 446 τῷ
1501 411 1613 445 ἐλεῆσαι
1628 410 1689 442 τοῦς
1708 411 1830 446 πατέρας

1036 456 1127 492 ἡμῶν,
1151 456 1219 491 πρὸς
1243 456 1289 488 οὓς
1312 457 1328 492 ἡ
1345 457 1497 492 ἐπαγγελία
1515 457 1564 492 τῆς
1585 457 1720 493 σωτηρίας
1738 457 1829 493 ὴμῶν,

1035 503 1081 530 καὶ
1094 503 1127 530 δι’
1140 504 1261 536 ἐκείνους
1277 504 1431 540 μνησθῆναι
1442 505 1554 539 ταύτης.
1568 505 1707 540 Διαοὴκην
1720 506 1773 539 γὰρ
1785 505 1828 531 λέ-

1034 558 1077 584 γει
1103 550 1153 585 τὴν
1173 549 1340 586 ἐπαγγελίαν
1353 570 1361 584 ,
1377 551 1488 587 μνήμην
1509 551 1536 578 δὲ
1556 552 1651 587 αὐτῆς,
1669 551 1717 586 τὴν
1742 553 1828 587 napi.

1033 605 1127 624 τωσιν.

1070 681 1182 714 Ὅρκον
1193 695 1228 700 -
1241 680 1335 716 ἡμῶν.
1347 681 1403 708 Καὶ
1414 681 1443 709 ὲν
1455 681 1494 717 τῷ
1506 682 1659 718 μνησθῆναι
1679 683 1824 718 τδνὸρκον,

1032 726 1061 753 ὃν
1077 725 1167 761 ὤμοσε
1185 726 1242 762 (59)
1259 747 1266 760 ,
1281 726 1415 762 [τουτέστι
1430 728 1479 763 τὴν
1495 727 1652 762 βεϐαίωσιν,
1669 728 1704 764 ἣν
1719 729 1825 756 ἑδεϐαί-

1031 772 1097 808 mea]
1115 773 1182 805 πρὸς
1204 773 1330 808 Ἀϐραὰμ.
1349 773 1395 801 τὸν
1416 775 1524 810 πατέρα
1541 775 1619 809 ἡμῶν
1632 783 1639 789 '
1655 775 1736 810 ὅρκος
1769 776 1824 811 γὰρ

1031 820 1077 846 ἐπὶ
1090 819 1158 846 Θεοῦ
1172 820 1220 846 καὶ
1235 819 1356 855 ὕμοσμα,
1392 821 1407 855 ή
1429 820 1584 856 βεδαίωσις.
1606 821 1773 857 ’Λδιαφόρως
1796 822 1824 848 δὲ

1031 866 1062 892 τδ
1079 866 1242 902 μνησθῆναι,
1260 867 1314 893 ἀπὸ
1329 867 1441 902 γενικῆς
1456 868 1496 898 είς
1518 868 1672 903 αίτιατικήν
1683 877 1689 882 ·
1708 867 1824 903 σύνηθες

186 911 284 937 transit
296 910 330 937 ad
347 902 535 938 accusativum
549 919 555 938 :
571 911 597 939 id
612 911 685 938 enim
696 911 856 946 frequenter
871 912 897 939 in
911 912 974 939 scri-

1036 911 1085 947 γαρ
1102 911 1180 938 τοῦτο
1199 913 1254 944 τοῖς
1268 914 1459 948 προφητικοῖς,
1474 913 1570 948 ὥσπερ
1598 914 1646 940 καὶ
1660 916 1677 948 ἡ
1692 914 1748 948 (50)
1765 902 1823 949 έρ-

185 957 274 991 pturis
287 957 386 984 accidit
405 958 584 992 propheticis,
604 958 679 985 sicut
696 962 724 984 et
739 958 765 984 in
799 958 978 993 mnigmaticis

186 1006 214 1029 et
229 1002 334 1037 ﬁguris,
363 1002 502 1038 (idemque
530 1003 559 1031 ﬁt
583 1003 654 1038 apud
680 1003 793 1031 Latinos
806 1004 833 1030 in
864 1003 978 1040 Vulgata

187 1050 375 1082 translatione,
391 1058 453 1078 cum
467 1050 555 1086 primo
572 1051 672 1078 dicitur
696 1051 850 1079 testamenti
864 1056 890 1079 et
906 1056 980 1086 post—

185 1096 296 1124 modum
312 1097 532 1133 jusjurandum).
549 1097 653 1124 Deinde
669 1097 745 1131 dicit,
762 1098 795 1124 ad
807 1098 873 1133 quid
894 1098 977 1126 fuerit

185 1143 236 1170 hoc
249 1147 443 1171 testamentum
461 1148 488 1171 et
505 1143 687 1171 conﬁrmatio.

221 1189 350 1218 νει-513.
367 1189 397 1218 Ut
413 1191 489 1217 daret
507 1204 543 1210 -—
560 1190 635 1218 Vers.
658 1191 684 1218 5.
709 1196 816 1220 nostrae.
843 1192 894 1219 Per
926 1192 975 1227 hy-

183 1235 316 1270 perbaton
348 1240 391 1264 est
405 1236 501 1264 horum
517 1236 655 1264 ordinatio
669 1237 826 1264 verborum.
855 1237 975 1265 Primum

187 1285 278 1308 autem
294 1281 440 1309 dicendum
455 1287 516 1310 est:
536 1281 570 1310 Ut
598 1283 678 1310 daret
709 1283 791 1310 nobis
814 1283 886 1317 quod
919 1283 979 1310 sine

189 1328 287 1355 timore
303 1329 454 1356 serviamus
465 1329 514 1361 illi,
530 1329 556 1356 in
571 1329 715 1357 sanctitate
727 1335 752 1356 et
767 1329 871 1364 justitia
886 1336 977 1356 coram

184 1374 244 1408 ipso
258 1375 385 1402 omnibus
403 1375 500 1402 diebus
515 1374 575 1401 vita:
593 1380 703 1402 nostrze.
722 1374 835 1408 Deinde,
851 1375 922 1409 quod
949 1375 977 1402 in

184 1419 274 1446 medio
287 1421 436 1448 remansit:
459 1421 497 1448 De
527 1429 608 1447 manu
633 1421 801 1448 inimicorum
826 1425 976 1447 nostrorum

1028 959 1124 992 φότης.
1141 955 1206 984 Εἶτα
1227 957 1314 992 λέγει,
1338 958 1411 990 τίνος
1424 959 1505 993 χάριν
1530 959 1546 994 ἡ
1563 959 1677 994 τοιαύτη
1703 959 1821 994 διαοήκη

1028 1004 1076 1030 καὶ
1093 1004 1108 1039 ἡ
1125 1003 1281 1038 βεὸαίωσις.

1067 1051 1122 1078 Τοῦ
1137 1050 1242 1077 δοῦται
1255 1066 1291 1072 -
1302 1050 1396 1086 ἡμῶν.
1410 1051 1479 1078 Καθ’
1489 1051 1643 1087 ὑπερϐατὸν
1657 1052 1674 1087 ἡ
1693 1051 1821 1084 σύνταξις

1029 1097 1045 1131 ἡ
1063 1096 1117 1123 τῶν
1130 1096 1219 1132 ῥητῶν
1233 1097 1346 1129 τούτων,
1368 1094 1437 1128 οἷον,
1457 1096 1542 1132 ’Υπὲρ
1564 1097 1610 1123 τοῦ
1638 1097 1729 1124 δοῦναι
1754 1098 1820 1133 ἡμῖν

1031 1143 1140 1176 ἀφόϐως
1152 1142 1296 1178 λατρεύειν
1312 1143 1387 1178 αὐτῷ
1401 1144 1430 1169 ὲν
1444 1143 1565 1178 ὁσιότητι
1590 1143 1638 1170 καὶ
1660 1143 1819 1179 δικαιοσύνῃ

1031 1187 1145 1214 ἐνώπιον
1165 1188 1261 1220 αὑτοῦ,
1282 1188 1374 1220 πάσας
1388 1188 1437 1219 τὰς
1458 1188 1564 1223 ἡμέρας
1580 1188 1628 1222 τῆς
1642 1188 1714 1223 ζωῆς
1725 1189 1817 1222 ἡμῶν.

1030 1232 1096 1261 Εἶτα
1108 1234 1137 1261 eo
1147 1236 1175 1261 ὲν
1187 1235 1280 1270 μέσῳ·
1301 1236 1352 1261 Ἐκ
1360 1234 1459 1269 χειριλς
1468 1233 1528 1261 τῶν
1540 1234 1655 1268 ἐχθρῶν
1668 1234 1752 1268 ἡμῶν
1761 1235 1818 1268 ῥυ-

1028 1281 1170 1315 σθέντας.
1188 1282 1332 1317 Ὀσιότητα
1353 1282 1404 1317 μὲν
1425 1280 1471 1308 οὖν
1483 1281 1558 1316 λέγει
1581 1282 1631 1316 τὴν
1651 1281 1793 1308 εὐσέϐειαν
1808 1299 1816 1312 ,

1027 1328 1202 1365 δικαιοσύνην
1218 1329 1246 1355 δὲ
1268 1329 1317 1364 τὴν
1344 1329 1502 1364 τελειότητα
1524 1328 1578 1355 τῶν
1598 1328 1685 1355 ἄλλων
1699 1328 1816 1363 ἀρετῶν.

1029 1375 1146 1402 Ἔπειτα
1162 1374 1320 1410 μεταϐαίνει
1332 1376 1363 1410 τῇ
1381 1375 1536 1410 προφητείᾳ
1551 1376 1600 1401 καὶ
1613 1374 1680 1410 πρὸς
1693 1374 1738 1401 τὸν
1751 1375 1818 1401 ἑαυ-

1025 1420 1072 1447 τοῦ
1088 1421 1171 1447 παῖδα
1192 1420 1328 1454 Ἰωάννην,
1343 1419 1390 1446 καί
1408 1427 1491 1455 φησι·

183 1467 487 1496 liberali.Sanctitatem
507 1470 598 1503 itaque
613 1469 815 1499 rocat.cultum
837 1468 979 1501 divinum;
999 1469 1131 1503 justitiam
1156 1476 1231 1501 vero,
1264 1469 1430 1503 reliquarum
1461 1467 1656 1504 perfectionem
1673 1467 1816 1497 virtutum.

183 1515 287 1542 Deinde
298 1516 326 1542 in
343 1515 473 1542 vaticinia
486 1515 520 1542 ad
537 1515 620 1542 ﬁlium
633 1523 826 1551 quoquesuum
836 1515 968 1543 Joannem
984 1515 1145 1551 digreditur,
1162 1520 1188 1542 et
1198 1515 1252 1542 ait:

219 1561 296 1589 V'ers.
307 1561 351 1588 76.
369 1561 402 1588 Et
421 1567 449 1587 tu
464 1575 499 1581 —
514 1561 659 1588 vocaberis.
680 1562 713 1588 Et
728 1569 791 1588 vere
800 1569 895 1588 omnes
909 1568 973 1596 pro-

182 1608 294 1642 phetam
311 1615 371 1634 eum
388 1606 578 1634 nominabant.

216 1652 295 1680 Vcrs.
313 1653 356 1680 76.
380 1653 537 1680 I'rwibis—
553 1653 620 1682 eius.
650 1653 794 1680 Dominum
823 1653 867 1680 hic
895 1653 974 1681 Chri-

1063 1561 1117 1588 Καὶ
1135 1561 1212 1588 σὺ-
1223 1561 1374 1596 κληθήσῃ.
1389 1562 1444 1589 Καὶ
1454 1561 1536 1594 ὅντως
1553 1561 1652 1593 πάντες
1672 1563 1815 1597 προφήτην

1025 1607 1106 1634 αὑτὸν
1121 1607 1273 1642 ὠνόμαζον.

1059 1654 1258 1690 Προπορεύσῃ
1282 1669 1316 1674 -
1345 1653 1450 1682 αὑτοῦ.
1480 1654 1581 1690 Κύριον
1612 1653 1738 1685 ἐνταῦθα,
1768 1654 1814 1680 τὶν

187 1705 259 1727 stum
277 1699 407 1734 appellat,
425 1707 506 1734 quem
523 1699 682 1735 praecedens
715 1699 847 1730 Joannes,
875 1704 971 1734 utpote

1036 1700 1139 1734 (ριστὸν
1150 1700 1290 1734 ὀνομάζει,
1302 1696 1331 1727 οὗ
1345 1701 1502 1735 προτρέλων
1514 1700 1528 1726 ὁ
1552 1699 1690 1735 Ἰωάννης,
1714 1700 1750 1731 ὡς
1766 1701 1812 1726 αὶ-

180 1755 334 1782 przecursor
348 1754 379 1774 ac
398 1755 486 1782 praeco
500 1748 571 1782 ejus,
590 1746 698 1781 quando
717 1747 750 1773 ad
770 1746 909 1774 desertum
926 1755 972 1774 ve-

181 1794 222 1822 nit
235 1794 348 1826 Judaeaa,
369 1793 474 1829 paravit
489 1793 546 1820 vias
557 1793 627 1827 ejus.

219 1841 286 1874 Qua:
317 1844 408 1867 autem
428 1839 484 1867 sint
515 1840 566 1866 via:
594 1840 665 1874 ejus,
686 1839 804 1866 diximus
815 1839 897 1866 tertio
928 1846 973 1866 ca—

179 1887 234 1921 pite
279 1886 417 1921 Evangelii
447 1885 598 1913 secundum
624 1885 797 1917 Mattliaeum,
844 1885 889 1912 ubi
922 1885 971 1911 ha-

178 1934 277 1961 betur:
296 1932 350 1960 Vox
363 1932 503 1959 clamanti:
516 1932 544 1958 in
566 1932 666 1959 deserto
684 1939 694 1958 .'
707 1931 811 1958 Parata
830 1931 900 1958 viam
922 1931 970 1957 do-

177 1979 241 2005 mini
251 1979 282 2005 ”.

212 2023 289 2052 Vers.
306 2024 349 2051 77.
372 2025 413 2051 Ad
429 2025 547 2052 dandam
562 2039 597 2044 —
613 2024 682 2059 ejus.
711 2023 836 2055 Praeibis,
869 2022 969 2057 inquit,

175 2077 239 2098 ante
255 2071 352 2099 faciem
369 2071 478 2099 Domini
496 2076 523 2099 et
535 2075 644 2103 eastern,
658 2075 688 2097 ut
701 2070 749 2097 des
766 2070 867 2104 populo
885 2070 969 2105 ipsius

176 2116 361 2152 cognitionem
386 2116 492 2148 salutis,
527 2116 580 2144 hoc
613 2119 668 2149 est,
683 2115 718 2143 ad
730 2115 907 2142 iudicandum
937 2122 969 2142 ac

175 2161 421 2189 demonstrandum
442 2161 542 2189 ludatis
557 2161 716 2193 Christum;
732 2160 778 2188 hic
793 2160 866 2188 enirn
894 2160 968 2188 salus

175 2209 298 2244 ipsorum
315 2214 370 2237 est.

210 2253 350 2282 Vel-5.77.
367 2253 420 2282 Per
448 2254 627 2281 remissionem
653 2267 688 2273 ——
718 2261 818 2280 eorum.
852 2251 964 2284 Salutis.

173 2301 297 2336 inquam,
313 2309 375 2336 qua:
402 2306 444 2328 est
483 2309 533 2336 per
567 2300 757 2328 remissionem
791 2304 964 2334 peccatorum

172 2353 280 2380 eorum,
293 2347 361 2379 sive,
380 2354 441 2381 quae
459 2346 488 2373 (it
502 2353 564 2373 cum
578 2345 756 2372 remittuntur
767 2352 800 2371 ac
823 2345 965 2371 solvuntur

1024 1745 1071 1772 τοῦ
1099 1746 1255 1780 πρόδρομος
1284 1746 1330 1771 καὶ
1358 1745 1454 1780 κήρυξ.
1482 1745 1526 1771 ὅτε
1552 1746 1718 1781 παρεγένετο
1733 1746 1761 1771 ὲν
1779 1747 1812 1780 τῇ

1024 1791 1121 1826 ἐρήμῳ
1136 1791 1184 1825 τῆς
1207 1790 1347 1821 Ἰουδαίας,
1361 1790 1494 1826 ἡτοίμαζε
1509 1790 1558 1822 τὰς
1573 1790 1649 1822 ὀδοὺς
1664 1791 1758 1818 αὐτοῦ,

1059 1837 1138 1868 Τίνες
1166 1837 1194 1863 δὲ
1209 1836 1237 1864 αι
1262 1837 1318 1863 ὁδοὶ
1344 1836 1438 1869 αὐτοῦ,
1454 1837 1608 1872 εἰρήκαμεν
1624 1837 1653 1863 ὲν
1666 1837 1705 1872 τῷ
1727 1837 1812 1873 τρίτῳ

1023 1881 1163 1916 κεφαλαίῳ
1178 1881 1224 1908 τοῦ
1237 1881 1307 1908 κατὰ
1323 1881 1471 1914 Ἀίατοαῖον,
1484 1882 1549 1909 ἔνθα
1559 1883 1647 1909 κεῖται
1661 1883 1690 1908 τό
1701 1889 1708 1897 ·
1724 1883 1811 1917 Φωνὴ

1019 1927 1155 1962 ,βοῶντος
1164 1928 1199 1955 ἐν
1213 1928 1250 1963 τῇ
1260 1928 1368 1963 ἐρήμῳ,
1385 1928 1578 1963 Ἑτοιμάσατε
1593 1928 1650 1963 τὴν
1668 1928 1742 1956 ὁδὸν
1756 1931 1810 1956 Κυ-

1018 1975 1099 2009 ρίου.

1060 2021 1116 2049 Τοῦ
1142 2021 1412 2049 δοῦναι-αὺτοῦ.
1431 2021 1621 2058 Προπορεύσῃ,
1650 2023 1727 2057 φησι,
1757 2022 1812 2057 πρὸ

1022 2067 1168 2102 προσώπου
1185 2068 1300 2103 Κυρίου,
1318 2068 1365 2094 καὶ
1380 2069 1413 2094 τὰ
1427 2068 1501 2103 ἑξῆς,
1515 2068 1586 2102 ὑπὲρ
1601 2068 1648 2095 τοῦ
1662 2068 1755 2096 δοῦναι
1771 2068 1810 2104 τῷ

1020 2113 1076 2149 λαῷ
1100 2114 1182 2140 αὐτοῦ
1199 2115 1298 2148 γνῶσιν
1322 2115 1470 2150 σωτηρίας,
1499 2115 1648 2149 τουτέστμ),
1665 2116 1735 2150 ὑπὲρ
1761 2116 1809 2142 τοῦ

1019 2160 1152 2194 γνωρίσαι
1164 2162 1211 2187 καὶ
1230 2161 1366 2193 ὑποδεῖξαι
1381 2163 1436 2193 τοῖς
1461 2161 1597 2194 Ἰουδαίοις
1613 2163 1659 2189 τὸν
1674 2162 1806 2197 Χριστόν·

1018 2203 1095 2238 οὗτος
1109 2207 1162 2242 γάρ
1178 2208 1235 2233 ἐστι
1254 2208 1376 2243 σωτηρία
1391 2207 1492 2235 αὐτῶν.

1059 2252 1110 2278 Ἔν
1125 2252 1231 2287 ἀφέσει
1243 2267 1279 2272 ——
1292 2252 1401 2279 αὐτῶν.
1418 2253 1559 2288 Σωτηρίας
1574 2253 1602 2280 δὲ
1625 2254 1676 2289 τῆς
1696 2254 1725 2280 ἑν
1740 2255 1809 2289 ἀφέ-

1018 2306 1059 2324 σει
1076 2298 1219 2333 ἁμαρτιῶν
1235 2298 1335 2331 αὐτῶν,
1359 2298 1443 2333 ἤγουν
1472 2299 1522 2333 τῆς
1547 2301 1692 2334 γινομένης
1717 2301 1746 2326 ὲν
1769 2301 1808 2335 τῷ

1017 2344 1152 2380 ἀφεθῆναι
1171 2344 1219 2371 καὶ
1236 2345 1350 2380 λυθῆναι
1373 2346 1424 2377 τὰς
1449 2345 1587 2380 ἁμαρτίας
1608 2346 1708 2373 αὐτῶν.
1727 2347 1807 2373 Οὖτω

172 2392 227 2420 illis
259 2397 371 2427 peccata
384 2400 445 2420 sua.
465 2391 511 2419 Sic
525 2391 597 2419 enim
610 2396 638 2419 et
657 2392 770 2427 angelus
797 2391 831 2418 ad
857 2391 959 2425 Joseph

1036 2392 1068 2426 ἄρ
1083 2391 1130 2418 καὶ
1141 2392 1154 2417 ὸ
1169 2390 1282 2424 ἄγγελος
1298 2388 1359 2417 εἶπε
1378 2391 1445 2425 πρὸς
1459 2391 1505 2417 τὸν
1526 2391 1634 2426 Ἰωσὴφ,
1644 2393 1806 2428 ἑρμηνεύων

175 2440 284 2468 locutus
315 2443 369 2472 est,
400 2439 586 2472 interpretans
617 2445 718 2464 nomen
751 2437 869 2465 Christi:
905 2436 963 2471 Ipse

172 2486 257 2519 enim,
272 2485 370 2521 inquit,
381 2485 484 2513 salvum
497 2485 576 2520 faciet
590 2484 716 2520 populum
729 2493 807 2512 suum
824 2494 838 2511 a
850 2484 963 2519 peccatis

172 2540 264 2559 eorum
273 2533 305 2559 ι’.

207 2579 287 2608 Vers.
304 2579 410 2609 78.Per
428 2580 528 2608 viscera
544 2595 580 2600 -—
595 2579 689 2607 nostri.
707 2579 759 2606 Per
774 2579 963 2607 remissionem

208 2671 229 2686 "
246 2669 341 2698 Matth.
362 2678 403 2702 ut,
423 2669 465 2697 ll.
505 2670 526 2685 "
551 2668 646 2698 Matth.
669 2678 706 2703 tv,
720 2669 766 2696 2|.

1013 2438 1042 2464 τὺ
1054 2438 1137 2473 ὄνομα
1151 2437 1197 2463 τοῦ
1211 2437 1330 2472 Χριστοῦ
1341 2447 1348 2454 ·
1360 2437 1455 2470 Αὐτὸς
1471 2437 1524 2473 γὰρ
1535 2457 1542 2469 ,
1553 2438 1632 2473 φησὶ.
1647 2438 1740 2466 σώσει
1755 2442 1807 2467 τὸν

1013 2484 1090 2512 λαὸν
1111 2483 1204 2510 αὑτοῦ
1227 2484 1286 2511 ἀπὸ
1300 2483 1360 2511 τῶν
1373 2484 1520 2519 ἁμαρτιῶν
1535 2484 1643 2519 αὐτῶν,

1050 2576 1102 2603 Διὰ
1115 2577 1280 2611 σπλάγχνα
1296 2591 1330 2596 -
1345 2574 1440 2610 ἡμῶν.
1483 2576 1527 2604 Ἐν
1550 2576 1646 2612 ἀφέσει
1668 2577 1698 2604 δὲ
1713 2577 1805 2614 ἁμαρ-

786 2748 885 2779 Yarize
899 2747 1053 2779 lectiones
1063 2752 1094 2779 et
1107 2751 1203 2779 notze.

208 2840 264 2875 (‘57)
289 2835 332 2875 ΑΑὲ
347 2836 431 2875 _abc_st
444 2838 474 2864 Δ.

209 2871 266 2909 {58)
289 2872 372 2909 Ἡμῖν
387 2872 475 2909 deest.
497 2871 526 2898 Β.

211 2903 266 2945 (39)
287 2903 352 2941 Quae
366 2907 410 2935 hic
423 2907 529 2936 inclusa
542 2911 616 2941 sunt,
630 2905 783 2934 addidimus
795 2912 829 2932 ex
847 2904 908 2932 ced.
930 2903 959 2931 Β.

1015 2831 1043 2859 In
1056 2833 1117 2860 eod.
1129 2833 1148 2859 Α
1166 2840 1219 2859 ηοη
1233 2832 1369 2867 leguntur.

1052 2869 1107 2904 (i0)
1122 2868 1151 2894 ld
1166 2873 1217 2901 est,
1233 2866 1493 2903 cb’atthtatéosc.
