1940 3075
195 128 249 160 88³1

195 234 248 261 bus
264 235 337 262 dicta
355 239 443 263 erant.
465 235 652 262 Conscrvabat
666 239 758 262 autent
775 235 847 270 apud
859 242 931 262 sese.

233 281 312 309 Vers.
350 282 394 309 19.
425 281 689 320 (letiferam—suo.
724 282 893 309 Examinans
928 282 989 308 hanc

196 328 268 363 apud
286 335 315 355 se
331 328 428 362 ipsam,
439 332 466 354 et
486 335 648 363 comparans
663 327 696 355 ad
712 326 846 355 Gabrielis
855 328 890 355 ab
909 335 989 354 exor-

197 375 242 402 dio
263 374 469 406 salutationem,
491 382 522 402 ac
549 375 608 402 sine
636 374 742 402 Sclllllle
769 378 944 408 conceptum,
962 378 989 401 ct

196 421 299 455 absque
335 419 476 447 doloribus
521 419 706 454 puerperium.
740 425 903 455 partumque
929 420 989 446 sine

197 466 375 500 corruptione
390 474 397 493 ι
418 466 587 498 otpuulattm
601 466 795 493 certitudinem
820 465 988 500 suscipiebat

195 512 403 547 perfectiorem.

235 557 313 585 Vers.
332 558 377 585 20.
394 557 428 584 Et
446 558 542 584 reuersi
559 563 621 584 sunt
634 573 668 577 ——
684 558 764 592 ipsos.
784 556 895 585 Rcversi
925 561 990 584 sunt

197 606 230 633 ad
247 613 355 641 gregem
368 612 458 632 suum.

237 651 313 679 νει-ε.
328 652 373 679 21.
390 651 509 688 Cumque
521 667 555 672 —
570 657 653 679 utero.
672 652 906 686 Quemadmodum
918 652 990 687 apud

200 706 250 726 nos
265 698 431 730 sacerdotes,
448 699 558 734 quando
572 698 724 734 baptizant,
743 704 807 726 tunc
833 699 916 726 etiam
939 706 989 725 no-

198 752 261 772 men
277 744 422 779 imponunt
438 753 444 771 :
460 745 498 771 ita
514 749 542 772 et
555 745 627 780 apud
641 745 782 778 Hebraeos,
807 745 917 780 quando
933 746 989 772 cir-

197 791 367 823 cumcidunt,
385 796 449 818 tunc
465 791 548 819 etiam
567 800 666 820 nomen
680 793 838 827 imponunt.

236 838 372 865 Dubitavit
386 842 478 865 autem
496 838 606 873 aliquis,
623 847 708 874 quare
723 839 850 868 Christus
873 840 991 868 circnm-

198 884 296 911 cisioni
312 884 394 911 linem
411 889 470 911 erat
487 885 688 920 impositurus?
706 886 754 913 Cui
769 887 990 921 respondendum
1006 872 1030 902 Β

200 934 253 957 est.
269 930 340 964 quod
360 930 412 956 hoc
425 931 575 958 secundant
591 932 823 966 dispensationem
836 937 927 961 actum
939 939 991 963 est.

201 975 258 1002 Nai
289 977 361 1003 cnim
390 977 569 1005 circumcisus
607 978 704 1006 fuisset
737 988 907 1016 nequaquam
933 981 994 1016 cjus

199 1022 322 1049 doctrina
339 1028 466 1057 suscepta
484 1023 596 1056 fuisset,
626 1026 674 1052 sed
691 1027 804 1054 omnino
841 1027 992 1062 repudiata,

200 1072 330 1103 tanquam
344 1068 528 1104 alienigenae:
548 1078 638 1105 neque
658 1071 821 1100 credidisset
842 1073 993 1108 quispiam,

201 1115 290 1149 ipsum
306 1123 368 1142 esse
384 1115 522 1143 Christum
540 1116 573 1143 de
588 1117 694 1144 semine
720 1118 858 1146 Abraham
890 1127 990 1154 exspe-

199 1165 314 1189 ctatum.
323 1160 424 1189 Omnes
432 1162 516 1195 enim,
529 1163 574 1197 qui
587 1163 621 1191 ab
629 1163 765 1192 Abraham
779 1166 993 1198 descendebant,

199 1206 318 1242 sigillum
336 1214 368 1234 ac
383 1208 492 1243 signum
523 1208 663 1244 habebant
676 1210 908 1242 circumcisionis,
933 1219 994 1246 qum

200 1254 386 1289 distinguebat
403 1255 465 1282 illos
485 1255 518 1283 ab
534 1256 594 1283 aliis
609 1257 751 1291 gentibus.
769 1257 810 1285 0b
829 1258 881 1285 hoc
901 1258 993 1293 itaque

202 1301 383 1328 circumcisus
402 1305 456 1328 est.
477 1301 579 1337 Legem
596 1303 677 1330 etiam
706 1303 733 1330 in
750 1304 803 1331 boc
829 1305 994 1339 adimplens.

202 1347 274 1374 sicut
288 1347 315 1374 in
338 1347 399 1374 aliis
415 1355 525 1382 quoque
543 1349 688 1384 praceptis
710 1350 854 1385 legalibus,
877 1359 912 1378 ne
928 1351 995 1386 legis

202 1399 395 1429 transgressor
410 1394 562 1422 videretur.
582 1394 658 1423 Hanc
673 1400 765 1423 autem
781 1403 889 1424 cessare
918 1396 993 1429 facit,

204 1445 231 1468 et
247 1440 327 1467 valde
344 1440 555 1468 rationabiliter.
575 1440 753 1469 Hebraeorum
778 1443 851 1470 enim
875 1443 995 1470 circum-

203 1486 272 1514 cisio
289 1486 510 1514 Cbristianorum
527 1487 662 1522 baptisma
679 1489 814 1524 ﬁgurabat
838 1497 870 1517 ac
897 1490 993 1525 praesi-

811 128 1004 160 EUTHYMII
1028 129 1210 160 ZIGABENI

232 186 307 216 Vt-rs.
328 188 371 215 l9.
387 188 476 216 Maria
491 194 581 216 autem
594 204 627 209 ——
643 189 707 216 Inec.
730 188 796 221 Qua:
824 195 838 215 a
866 187 984 223 pastori-
1002 186 1022 214 A

1777 133 1835 166 88%

1081 186 1114 213 ’11
1129 187 1159 213 δὲ
1172 189 1290 222 Μαριὰμ
1308 202 1343 214 —.
1360 187 1463 214 ταῦτα.
1480 187 1520 214 Τὰ
1536 188 1611 223 παρὰ
1629 187 1680 214 τῶν
1691 186 1834 223 ποιμένων

1042 233 1204 268 λαληθέντα.
1224 234 1376 269 Συνετήρει
1395 233 1422 260 δὲ
1439 233 1527 260 ταῦτα
1548 235 1612 269 παρ’
1630 235 1729 269 ἑαυτῇ,

1078 280 1302 315 Συμϐάλλουσα
1315 295 1351 300 -
1362 280 1469 314 αὐτῆς.
1498 280 1729 315 Παρεξετάζουσα
1746 279 1835 307 ταῦτα

1041 327 1103 354 καθ’
1122 327 1235 363 ἑαυτὴν,
1257 328 1326 363 πρός
1348 336 1377 354 τε
1402 328 1448 354 τὸν
1472 327 1501 359 ἐξ
1519 328 1606 363 ἀρχῆς
1633 326 1835 362 εὐαγγελισμὺν

1041 374 1090 400 τοῦ
1108 374 1243 410 Γαεριὴλ,
1268 375 1316 401 καὶ
1333 374 1384 409 τὴν
1412 375 1534 409 ἄσπορον
1559 373 1703 408 σύλληψιν,
1718 373 1766 400 καὶ
1785 372 1835 408 τὴν

1041 420 1172 448 ἀνώδινον
1188 421 1299 456 κύησιν,
1316 421 1364 447 καὶ
1382 421 1427 447 τὶν
1437 421 1557 455 ἄφθορον
1572 420 1662 452 τόκον,
1681 421 1728 446 καὶ
1745 419 1834 446 τελει-

1041 466 1148 502 ωτέραν
1163 466 1219 502 (50)
1237 466 1328 501 ἡρέμα
1341 466 1474 502 δεχομένη
1492 465 1692 501 πληροφορίαν.

1078 560 1134 587 Καὶ
1167 558 1548 594 ὑπέστρεψαν-αὺτούς.
1572 557 1765 594 Ὑπέστρεψαν
1794 559 1834 589 είς

1042 605 1092 641 τὴν
1108 605 1227 640 ποίμνην
1241 604 1341 631 αὐτῶν.

1079 652 1133 679 Καὶ
1150 651 1201 679 ὅτε
1218 666 1253 671 ——
1264 651 1376 686 κοιλίᾳ,
1393 651 1502 686 Ὥσπερ
1529 651 1554 677 οι
1567 650 1632 686 παρ’
1654 651 1720 685 ἡμῖν
1739 650 1836 685 ἱερεις,

1042 699 1087 726 ὅτε
1109 699 1284 734 βαπτίζουσι,
1301 698 1363 725 τότε
1378 699 1426 725 καὶ
1449 698 1645 733 ὀνομάζουσιν·
1659 698 1732 725 οὕτω
1746 699 1793 725 καὶ
1811 700 1837 724 οἱ

1043 747 1110 783 παρ’
1134 747 1283 783 Ἑϐραίοις,
1314 748 1359 774 ὅτε
1385 747 1595 782 περιτέμνουσι,
1620 747 1681 773 τότε
1711 747 1758 773 καὶ
1786 746 1838 782 τὴν

1043 793 1143 828 κλῆσιν
1165 793 1349 820 ἐπιτιθέασιν.

1084 840 1235 875 Ἀπορήσει
1254 839 1350 876 δέξτις,
1367 839 1419 872 ὅτι,
1429 838 1524 873 ἐπειδὴ
1537 838 1593 873 (51)
1610 838 1709 866 παύειν
1720 837 1771 871 τὴν
1787 846 1839 864 πε-

1046 885 1165 922 ριτομὴν
1197 877 1347 920 ἔμελλενό
1374 884 1505 919 Χριστὸς,
1535 884 1608 910 διατί
1640 883 1838 918 περιετμήοης

1047 932 1118 968 Πρὸς
1134 932 1162 958 ὃν
1178 931 1377 967 ἀπολογητέον,
1401 931 1443 957 ὅτι
1473 931 1534 958 κατ’
1565 930 1733 965 οἰκονομίαν.
1753 930 1784 956 El
1801 928 1841 964 μὴ

1047 977 1220 1012 περιετμήθη
1236 977 1301 1012 γὰρ,
1317 977 1367 1004 οὐκ
1382 976 1415 1003 ἂν
1430 977 1499 1008 ὅλως
1521 975 1678 1012 παρεδέχθη
1692 975 1839 1005 διδάσκων,

1045 1024 1104 1051 ἀλλ’
1120 1023 1290 1059 ἀπεπέμφθη
1308 1024 1351 1056 ἂν,
1371 1023 1409 1054 ὡς
1423 1022 1646 1056 ἀλλόφυλος,οὺδ’
1663 1021 1695 1048 ἂν
1712 1021 1841 1047 ἐπίστευ-

1047 1070 1076 1096 σέ
1108 1079 1162 1102 τις,
1185 1070 1226 1097 ὄτι
1244 1070 1327 1101 αὐτός
1354 1070 1414 1096 ἐστι
1429 1069 1443 1096 ό
1464 1068 1693 1104 προσδοκώμενος
1719 1066 1841 1102 Χριστὸς

1046 1117 1078 1142 ἐκ
1095 1116 1256 1151 σπέρματος
1269 1116 1409 1151 Ἀϐραάμ.
1426 1115 1458 1142 Ol
1476 1114 1531 1150 γὰρ
1547 1113 1576 1147 ἐξ
1592 1113 1722 1149 ’Δὸραὰμ
1750 1112 1841 1139 ᾶπαν-

1045 1171 1104 1194 τες,
1126 1161 1264 1197 σφραγῖδα
1284 1162 1332 1188 καὶ
1364 1161 1480 1196 σημεῖον
1503 1160 1553 1196 τὴν
1582 1159 1736 1196 περιτομὴν
1754 1156 1841 1196 εἶχον,

1045 1208 1257 1235 διαστέλλουσαν
1269 1208 1370 1239 αὐτοὺς
1383 1207 1438 1234 ἀπὸ
1453 1207 1507 1234 τῶν
1523 1207 1612 1234 ἄλλων
1625 1206 1720 1233 ἐθνῶν.
1739 1206 1841 1240 Περιε-

1046 1254 1140 1290 τμήθη
1171 1255 1221 1290 μὲν
1242 1254 1289 1282 οὖν
1315 1254 1361 1280 διὰ
1383 1253 1474 1284 τοῦτο.
1493 1253 1606 1288 πληρῶν
1635 1251 1776 1280 κάνταῦθα
1793 1250 1842 1277 τὸν

1046 1300 1244 1336 νόμον,ὦσπερ
1260 1300 1307 1327 καὶ
1323 1301 1352 1326 ἐν
1368 1300 1426 1331 τοῖς
1441 1299 1531 1331 ἄλλοις
1545 1299 1669 1334 νομικοῖς
1678 1297 1839 1333 παραγγέλο

1049 1355 1141 1382 μασιν,
1159 1347 1203 1374 ἵνα
1232 1347 1270 1382 μὴ
1293 1346 1356 1382 δόξῃ
1375 1345 1422 1373 τοῦ
1446 1346 1529 1381 νόμου
1547 1345 1722 1380 παραϐάτης,
1734 1344 1842 1370 Ἐπαν-

1048 1402 1078 1420 σε
1096 1394 1125 1421 δὲ
1148 1394 1252 1429 ταύτην
1275 1395 1323 1420 καὶ
1342 1393 1412 1421 πάνυ
1429 1393 1561 1428 εὐλόγως.
1585 1392 1615 1419 'H
1631 1392 1686 1427 γὰρ
1702 1389 1842 1426 περιτομὴ

1050 1440 1105 1466 τῶν
1126 1439 1263 1476 Ἐϐραίων
1280 1440 1310 1467 τὸ
1328 1439 1472 1475 βάπτισμα
1503 1439 1559 1466 τῶν
1584 1438 1758 1474 Χριστιανῶν
1776 1437 1841 1464 ἐτύ-

1047 1495 1100 1513 που
1118 1486 1167 1514 καὶ
1184 1488 1404 1522 προεσήμαινεν.
1426 1486 1533 1521 Ὥσπερ
1548 1486 1603 1521 γὰρ
1619 1486 1712 1520 ἐκείνη
1730 1486 1795 1516 τοὺς
1809 1485 1842 1517 ἐξ

202 1533 313 1568 gnabat.
334 1532 572 1566 Quemadmodum
584 1535 658 1562 enim
675 1535 721 1562 illa
736 1536 862 1571 signabat
888 1544 946 1570 eos,
965 1543 992 1565 et

1055 1534 1175 1569 Λὸραὰμ
1201 1533 1257 1568 (52)
1277 1533 1428 1568 ὲσφράγιζε
1449 1533 1498 1568 καλ
1519 1532 1673 1577 διέστελλεν
1700 1531 1754 1559 ἀπὸ
1772 1541 1844 1558 παν.

202 1579 237 1606 nb
251 1578 325 1606 omni
343 1583 425 1614 gente
434 1579 638 1615 distinguebat:
652 1580 690 1608 ita
705 1586 732 1608 et
747 1582 799 1609 hoc
810 1581 992 1610 Christianos.

206 1625 236 1660 (1-
253 1625 286 1652 Et
302 1626 373 1652 sicut
391 1626 435 1653 illa
447 1626 614 1661 superﬂuam
628 1628 751 1662 corporis
771 1629 945 1663 particulam,
959 1630 994 1657 ita

205 1677 232 1700 et
249 1672 301 1699 hoc
317 1677 441 1708 amputat
455 1678 597 1708 peccatum
614 1673 806 1710 superﬂuum).
844 1674 995 1710 Oportebat

203 1722 296 1746 autem
327 1727 436 1747 cessare
465 1719 592 1756 ﬁguram,
627 1722 754 1749 veniente
770 1723 919 1758 exemplari
942 1732 948 1751 :
968 1729 996 1751 et

202 1766 347 1801 quiescere
362 1766 483 1802 signum,
508 1767 633 1796 adhibito
650 1769 814 1803 signiﬁcato.
842 1769 909 1797 Nam
943 1771 996 1798 hoc

204 1819 254 1847 per
269 1811 389 1847 seipsum
407 1813 547 1848 adimplet,
572 1818 599 1841 et
612 1813 780 1850 superﬂuum
794 1819 847 1848 est,
863 1816 995 1851 quidquid

204 1857 340 1893 reliquum
354 1862 397 1886 est
418 1858 472 1894 (ff).

239 1904 319 1932 Vcrs.
339 1905 385 1932 22.
404 1905 440 1932 Ει
456 1907 609 1941 quamlo—
625 1906 721 1942 Moysi.
742 1907 797 1935 Lex
821 1909 930 1944 quidem
949 1908 996 1936 Dei

203 1955 277 1985 erat,
291 1955 385 1986 utpote
396 1953 429 1979 ab
446 1960 478 1980 eo
493 1953 567 1981 data.
588 1953 735 1982 Dicebatur
749 1959 841 1983 autem
856 1960 884 1983 et
900 1955 995 1992 Moysi,

205 2002 337 2032 tanquam
350 1998 384 2025 ab
403 2004 436 2025 eo
472 1998 585 2034 scripta.
607 1999 725 2028 Jubebat
751 2005 855 2034 autem,
877 2007 908 2029 ut
937 2011 998 2037 quae

205 2051 301 2071 semen
317 2044 485 2078 suscepisset
498 2046 695 2080 aepeperisset
709 2048 873 2080 masculum,
888 2048 997 2083 impura

206 2089 358 2118 haberetur
371 2098 462 2126 usque
475 2091 509 2119 ad
530 2091 709 2128 quadraginta
728 2094 787 2122 dies
808 2095 840 2123 ¹⁶.
868 2094 926 2123 Hoc
949 2104 999 2123 au-

207 2141 262 2163 tem
282 2136 430 2164 ordinabat
444 2138 477 2165 ad
493 2139 617 2173 requiem
632 2139 739 2173 matris,
758 2149 794 2168 ne
822 2142 916 2169 statim
945 2142 997 2169 \iri

206 2182 265 2209 suis
290 2190 351 2218 quae
372 2183 544 2218 peperissent
569 2185 701 2213 uxoribus
732 2186 997 2215 commiscerentur.

1047 1580 1093 1612 τὸς
1110 1580 1215 1613 ἔθνους,
1233 1579 1305 1606 οὕτω
1321 1580 1368 1606 καὶ
1382 1579 1462 1606 τοῦτο
1480 1573 1545 1611 τοὺέ
1563 1578 1757 1614 Χριστιανούς.
1772 1579 1842 1607 ΙΚαὶ

1049 1626 1106 1662 (55)
1131 1626 1260 1662 καθάπερ
1289 1626 1383 1661 ἐκείνη
1411 1626 1541 1661 περιττὸν
1560 1626 1770 1661 ἁποτέμνειτοῦ
1788 1625 1843 1652 σώ-

1049 1682 1134 1709 ματος
1150 1674 1243 1709 μέρος,
1260 1673 1332 1700 οὓτω
1346 1674 1392 1700 καὶ
1405 1674 1486 1700 τοῦτο
1498 1674 1548 1707 τὴν
1570 1673 1709 1708 ἁμαρτίαν
1739 1674 1842 1699 ἀποτέ-

1050 1731 1123 1757 μνει,
1134 1723 1268 1758 περιττὴν
1285 1721 1487 1759 ὑπάρχουσαι]
1504 1722 1579 1749 Ἔδει
1594 1722 1623 1748 δὲ
1637 1721 1775 1756 παυθῆναι
1797 1721 1843 1747 τὸν

1047 1768 1145 1801 τύπον,
1171 1769 1299 1800 ἐλθόντος
1324 1768 1372 1795 τοῦ
1391 1768 1586 1804 πρωτοτύπου,
1607 1769 1656 1795 καὶ
1682 1768 1795 1802 σιγῆσαι
1813 1768 1845 1794 τὸ

1049 1816 1165 1850 μηνῦον,
1183 1815 1344 1847 ἐπιστάντος
1361 1814 1409 1841 τοῦ
1425 1815 1609 1850 μηνυομένου.
1623 1814 1659 1840 Τὸ
1675 1814 1731 1849 γὰρ
1744 1814 1843 1841 ἑαυτοῦ

1048 1861 1228 1897 πεπλήρωκε,
1242 1861 1291 1888 καὶ
1308 1862 1435 1897 περιττὸν
1450 1862 1509 1887 ἐστι
1523 1861 1571 1887 τοῦ
1589 1859 1698 1888 λοιποῦ.

1083 1907 1139 1936 Καὶ
1165 1908 1432 1940 ὅτε-Μωϋσέως.
1456 1907 1485 1934 '0
1517 1907 1600 1943 νόμος
1625 1907 1672 1934 τοῦ
1699 1906 1768 1933 Θεοῦ
1794 1906 1844 1941 μὲν

1047 1954 1093 1992 ἦν,
1110 1957 1148 1988 ὡς
1177 1956 1241 1991 παρ’
1261 1955 1344 1982 αὐτοῦ
1376 1954 1544 1990 ὑφηγηθείς·
1562 1953 1673 1988 ἐλέγετο
1688 1953 1716 1980 δὲ
1733 1953 1781 1980 καὶ
1796 1953 1843 1980 τοῦ

1048 2003 1201 2035 Μωῡσέως,
1219 2003 1256 2034 ὡς
1271 2002 1339 2036 παρ’
1355 2001 1438 2029 αὐτοῦ
1454 2001 1582 2037 γραφείς.
1602 2001 1730 2028 Ἑκιλευε
1748 2000 1776 2026 δὲ
1793 1999 1844 2035 τὴν

1051 2049 1307 2086 σπερματισθεϊσαν
1327 2049 1374 2076 καὶ
1402 2048 1538 2075 τεκοῦσαν
1560 2048 1656 2084 ἄρσεν,
1686 2047 1844 2083 ἀκάθαρτον

1050 2096 1211 2132 νομίζεσθαι
1227 2096 1310 2132 μέχρι
1323 2095 1532 2130 τεσσαράκοντα
1555 2094 1679 2130 ἡμερῶν.
1706 2093 1794 2120 Τοῦτο
1813 2093 1843 2120 δὲ

1050 2143 1237 2179 προσέταττεν
1265 2143 1305 2174 είς
1331 2142 1488 2168 ἀνάπαυσιν
1510 2141 1561 2176 τῆς
1584 2142 1702 2176 μήτρας,
1729 2139 1774 2166 ἵνα
1804 2138 1843 2174 μὴ

1051 2189 1132 2220 εὐθὺς
1159 2190 1184 2216 ot
1205 2189 1304 2224 ἄνδρες
1327 2188 1475 2219 τεκούσαις
1494 2188 1556 2219 ταῖς
1580 2188 1715 2222 γαμεταῖς
1736 2186 1844 2212 ἑαυτῶν

206 2229 330 2257 nondum
354 2233 450 2257 curato
464 2230 568 2263 labore,
588 2231 635 2266 qui
650 2232 789 2267 parientes
807 2234 992 2270 consequitur.

1053 2236 1278 2273 συμπλέκωνται,
1299 2238 1383 2274 μήπω
1397 2238 1446 2274 τὴν
1462 2237 1518 2264 ἀπὸ
1528 2236 1575 2263 τοῦ
1592 2236 1683 2262 τεκεῖν
1696 2237 1844 2262 ταλαιπωτ

207 2278 308 2306 Verum
328 2278 375 2306 Dei
399 2279 523 2306 Genitrix
544 2279 608 2307 huic
636 2286 711 2308 certe
727 2281 779 2316 legi
806 2282 927 2318 subjecta
944 2291 999 2311 non

207 2330 276 2358 erat,
296 2334 329 2354 eo
341 2325 414 2361 quod
430 2333 523 2354 semen
544 2334 600 2354 non
619 2333 780 2363 susceperat
795 2338 802 2356 :
819 2330 941 2358 obedivit
959 2335 1001 2358 ta-

207 2380 282 2406 men,
294 2380 329 2400 ne
357 2373 446 2409 legem
464 2374 620 2409 transgredi
639 2375 792 2404 videretur.
825 2376 999 2413 Pnrgationis

208 2425 299 2447 autem
315 2427 422 2451 eorum,
438 2423 503 2454 puta
532 2420 629 2449 matris
645 2422 724 2457 pueri
745 2430 776 2450 ac
793 2425 888 2458 sponsi
917 2425 975 2460 ejus
992 2435 999 2454 :

209 2466 457 2501 appropriabantur
474 2468 547 2495 enim
564 2472 591 2495 et
606 2469 672 2496 viris
687 2470 865 2506 purgationes
880 2479 997 2500 uxorum

207 2519 331 2541 suarum.

247 2601 268 2618 "
282 2601 368 2630 Levit.
383 2610 430 2636 an,
443 2603 471 2631 2.

1053 2284 1116 2320 ρίαν
1152 2284 1385 2320 θεραπευσάσαις,
1405 2283 1476 2312 ‘AD.’
1498 2285 1515 2320 ἡ
1542 2283 1675 2315 Θεοτόκος
1699 2282 1748 2317 οὐχ
1778 2282 1845 2308 ὑπέ-

1050 2339 1126 2357 κειτο
1139 2330 1189 2365 μὲν
1197 2330 1236 2365 τῷ
1245 2330 1320 2366 νόμῳ
1335 2330 1434 2364 τούτῳ,
1442 2329 1488 2356 διὰ
1499 2329 1528 2355 τὺ
1542 2329 1580 2364 μὴ
1590 2327 1842 2364 σπερματισθῆναι·

1050 2377 1237 2412 ὲπειῦάρχησε
1256 2377 1284 2404 δὲ
1298 2377 1384 2412 αὐτῷ,
1400 2377 1443 2403 ἵνα
1458 2376 1497 2411 μὴ
1511 2375 1575 2411 δόξῃ
1595 2373 1780 2411 παραϐαίνειν
1797 2373 1844 2400 τὸν

1051 2423 1144 2458 νόμον.
1164 2422 1217 2449 Τοῦ
1231 2422 1406 2458 καθαρισμοῦ
1422 2422 1451 2449 δὲ
1464 2422 1567 2455 αὐτῶν,
1582 2422 1644 2457 ἦτοι
1671 2421 1720 2455 τῆς
1738 2419 1845 2455 μητρὸς

1053 2470 1102 2496 τοῦ
1128 2469 1236 2496 παιδίου
1250 2469 1298 2496 καὶ
1318 2469 1365 2496 τοῦ
1384 2469 1542 2505 μνηστῆρος
1562 2469 1648 2503 αὐτῆς
1660 2476 1668 2484 ο
1687 2467 1845 2503 ᾩκειοῦντο

1054 2516 1109 2552 γὰρ
1121 2516 1145 2542 οί
1160 2515 1258 2552 ἄνδρες
1270 2515 1316 2542 τὸν
1332 2515 1505 2552 καθαρισμὸν
1519 2515 1572 2542 τῶν
1588 2513 1728 2549 γυναικῶν
1738 2513 1841 2541 αὐτῶν,

822 2640 924 2672 ναι-ἰῶ
945 2640 1098 2673 lectiones
1114 2645 1145 2674 et
1159 2644 1253 2673 notae.

244 2730 301 2765 (50)
336 2746 345 2756 ι
353 2731 514 2766 ελεωτέραν.
538 2731 567 2760 Β.

247 2767 304 2799 (5|)
320 2766 399 2793 Ἐπεὶ
410 2768 520 2794 παύειν.
538 2766 568 2794 Β.

247 2801 302 2836 (32)
317 2801 362 2834 Ἐξ
372 2803 499 2838 Ἀὕραὰμ
513 2810 566 2830 non
583 2801 711 2837 exprimit
723 2803 868 2837 interpres.

1090 2730 1148 2766 (55)
1164 2730 1227 2758 Haec
1249 2729 1276 2758 in
1292 2731 1414 2766 margine
1437 2727 1640 2766 A.7chlenius
1656 2727 1714 2755 lucc
1737 2727 1764 2755 in
1789 2727 1847 2756 ﬂne

1055 2763 1151 2796 sclioli'i
1166 2774 1198 2794 ex
1218 2767 1341 2801 margine
1354 2763 1403 2794 'sui
1418 2765 1520 2793 codicis
1539 2763 1691 2792 addiderat.
