1940 3075
190 114 245 148 895

818 112 1009 142 EUTlIYMll
1031 112 1115 142 ZlG.\
1123 114 1209 143 BENI

1773 115 1831 147 8‘36

190 168 337 200 cabantur,
355 166 426 193 hanc
439 173 493 193 non
510 172 570 193 esse
589 165 661 193 illius
686 165 811 192 Matrem.
825 166 902 193 Sicut
916 166 988 193 enim

1051 167 1090 193 ιὺκ
1105 167 1178 194 ἐστιν
1192 167 1262 202 αὕτη
1289 168 1381 203 μήτηρ
1401 165 1494 195 αὐτοῦ.
1517 169 1622 205 ’Ὠσπερ
1637 170 1692 205 γὰρ
1725 171 1829 198 πολλοι.

191 214 270 240 multi
285 213 317 240 ad
330 220 361 240 ea
374 211 564 246 respicientes,
583 218 643 245 qua:
666 211 786 238 hominis
802 216 878 242 sunt,
905 211 978 239 dice-

191 261 258 287 bant
283 259 420 286 hominem
440 262 545 284 tantum
571 264 643 288 esse,
683 257 779 283 Filium
804 256 917 285 Mariae:
946 258 981 284 ita

192 311 299 332 rursum
315 303 360 330 alii
372 302 544 329 attendentes
559 302 591 328 ad
604 310 648 333 ea,
668 310 728 336 quae
745 302 896 329 divinitatis
924 303 984 338 ejus

192 355 282 382 erant,
300 349 523 383 suspicabantur,
537 348 609 382 quod
621 352 694 375 esset
711 352 816 375 tantum
835 347 916 379 Deus,
934 356 985 375 nec

192 400 264 423 esset
280 396 338 422 haec
353 400 442 422 mater
456 395 516 429 ejus
532 403 538 420 :
561 399 627 421 tunc
649 399 740 420 autem
770 395 909 421 intuentes
924 401 983 421 eam

193 449 284 469 amare
298 441 447 472 dolentem,
465 448 496 467 ac
514 440 662 475 plurimum
681 440 831 474 lugentem,
864 444 985 466 naturae-

192 495 246 522 que
265 487 373 518 cedere,
389 486 563 514 crediderunt
580 506 586 518 ,
611 486 683 520 quod
696 491 783 512 mater
803 490 878 512 esset
893 486 954 519 eius
973 494 980 512 :

192 538 220 560 et
236 533 406 567 retegebant,
422 532 479 559 sive
499 531 650 565 prodebant
666 531 846 566 cogitationes
861 531 985 558 cordium

192 586 314 611 suorum,
353 586 414 613 qua:
441 585 456 604 a
485 578 643 612 suspicione
675 581 881 612 processerant.

356 681 431 709 CAP.
451 681 496 708 ιν.
513 681 551 708 De
568 681 643 708 Amm
661 681 833 716 prophetissa.

227 729 307 755 Vers.
323 728 371 756 56.
386 730 421 755 Et
432 733 490 756 erat
501 743 535 749 ——
550 729 650 756 multis.
678 729 819 757 Provectae
841 728 988 756 admodum

193 775 292 806 astatis.
308 775 365 802 sive
375 782 454 802 anus.

232 821 311 847 Vers.
330 820 374 848 56.
396 821 429 847 Et
445 821 548 847 vixerat
567 835 601 840 —
617 820 694 849 Vcrs.
726 821 770 848 57.
794 821 846 848 die.
870 820 911 848 0b
936 821 989 848 hoc

195 866 268 894 enim
291 865 452 900 prophetica
468 866 549 893 etiam
565 866 650 900 gratia
670 866 763 893 dotata
780 865 842 898 fuit,
854 865 917 900 quia
933 873 989 893 non

195 909 353 938 discedebat
370 910 404 938 de
420 911 530 945 templo,
555 911 668 945 jejuniis
696 916 723 938 et
757 911 991 940 obsecrationibus

196 956 252 984 Deo
264 956 390 984 serviens
406 960 488 984 nocte
507 964 540 983 ac
555 956 608 984 die.

235 1051 314 1078 Vcrs.
330 1050 375 1078 58.
392 1049 426 1076 Et
440 1050 495 1077 ltazc
512 1064 546 1070 ——
560 1049 681 1076 Domino.
697 1048 806 1076 Gratias
822 1049 921 1085 agebat
936 1050 992 1080 Deo

150 1124 153 1126 .
198 1097 352 1124 incarnato.

234 1144 311 1171 νει-ε.
334 1143 379 1170 58.
394 1143 430 1169 Ac
446 1141 645 1178 loquebalur—
655 1142 816 1171 Jerusalem.
846 1143 992 1179 Loqueba-

197 1195 242 1218 tur
262 1191 295 1217 de
308 1198 352 1221 eo,
372 1189 444 1224 quod
461 1189 505 1216 hic
530 1195 604 1216 esset
629 1190 790 1225 redemptio.
825 1190 925 1218 Verum
950 1190 994 1218 Si—

199 1244 282 1263 meon
294 1236 414 1270 quidem,
433 1235 516 1271 figura
531 1240 591 1263 erat
604 1235 704 1263 veteris
720 1235 899 1269 Testameuti,
913 1237 992 1264 Anna

197 1287 288 1309 autetn
306 1282 375 1309 Novi
391 1290 398 1308 :
417 1282 489 1309 inter
508 1289 576 1316 quos
599 1282 704 1309 medius
735 1283 841 1316 positus
861 1283 991 1310 Christus

199 1328 267 1355 illud
280 1327 439 1355 absolvebat
458 1328 523 1363 (gg),
543 1327 594 1355 hoc
615 1337 679 1355 vero
706 1329 862 1356 retinebat:
896 1333 992 1357 osten-

198 1375 280 1405 dens.
300 1373 374 1408 quod
400 1378 480 1401 vetus
503 1374 612 1408 quidem
644 1379 745 1407 cessat,
771 1382 872 1402 norum
901 1379 991 1403 autem

203 1420 282 1448 vivit.

235 1469 313 1497 Vera.
332 1470 377 1498 59.
394 1469 429 1496 Et
449 1476 479 1496 ut
498 1485 531 1490 —
547 1470 696 1498 Nazareth.
713 1470 820 1500 Omnia.
838 1477 899 1505 quae
914 1474 993 1498 erant

1036 213 1237 244 ἀποῦλέποντες
1255 214 1294 242 εἰς
1317 214 1351 240 τὰ
1382 214 1605 250 ἀνθρωποπρεπῆ
1626 216 1720 244 αὑτοῦ.
1739 217 1834 250 ἔλεγεν

1037 259 1076 284 ὅτι
1094 258 1255 293 Ἀνορωπος
1271 259 1351 294 μόνον
1367 261 1440 287 ἐστὶν
1467 261 1526 292 Υῐδς
1540 262 1588 295 τῆς
1606 262 1725 296 Μαρίας
1745 263 1835 294 οὕτως

1037 307 1111 334 ἄλλοι
1129 308 1221 338 πάλιν,
1244 307 1450 340 ἀποὸλέποντες
1463 310 1504 340 εἰς
1519 309 1552 336 τὰ
1569 310 1709 345 θεοπρεπῆ
1735 309 1833 340 αὑτοῦ,

1038 351 1200 378 ὑπώπτευον
1223 353 1264 378 ὅτι
1296 353 1362 384 Θεὸς
1391 354 1472 388 μόνον
1504 355 1582 386 ἐστὶ,
1611 356 1657 381 καὶ
1681 355 1729 381 οὐκ
1758 355 1834 381 ἐστιν

1038 397 1109 432 αὕτη
1125 398 1216 433 μήτηρ
1228 398 1310 425 αὑτοῦ
1325 407 1331 413 ·
1347 399 1407 425 τότε
1424 399 1451 426 δὲ
1466 400 1633 434 θεασάμενοι
1660 400 1762 435 ταύτην
1791 409 1834 426 πε-

1039 444 1112 479 κρῶς
1120 444 1302 478 ὀδυνωμένην,
1312 444 1358 471 καὶ
1373 445 1496 479 σφοδρῶς
1503 444 1682 479 ὀδυρομένην,
1691 446 1736 471 καὶ
1746 446 1835 480 ἡττω-

1041 490 1125 526 μένην
1153 491 1202 524 τῆς
1235 490 1353 525 φύσεως,
1381 491 1546 517 ἐπίστευσαν
1582 491 1624 518 ἔτι
1644 493 1734 527 μήτηρ
1751 488 1834 518 αὑτοῦ

1039 537 1115 570 ἐστι,
1136 538 1183 564 καὶ
1212 537 1413 571 ἀπεκάλυψαν,
1437 538 1526 564 εἴτουν
1555 537 1742 573 ἐξηγόρευε-αν
1769 538 1834 570 τοὺς

1040 583 1235 619 διαλογισμοὺς
1250 584 1304 610 τῶν
1329 584 1448 619 καρδιῶν
1477 584 1577 617 αὐτῶν,
1604 585 1668 616 τοὺς
1690 586 1737 620 τῆς
1763 585 1836 610 ὕπο-

1042 628 1119 662 ψίας.

1113 686 1191 712 ΚΕΦ.
1208 686 1244 713 Δ’.
1271 685 1340 719 Περὶ
1363 686 1472 719 Ἀννης
1487 685 1543 720 τῆς
1567 686 1761 720 προφήτιδας.

1077 732 1133 759 Kal
1167 729 1206 767 ἦν
1233 747 1268 752 ——
1299 732 1442 764 πολλαῖς.
1489 732 1703 768 Προὸεϐηκυῖα,
1747 732 1837 759 eli-tow

1042 778 1140 814 γραῦς.

1078 825 1208 859 Ζήσασα
1221 840 1255 845 -—
1269 825 1394 860 ἡμέραν.
1412 825 1462 851 Διὰ
1487 825 1566 851 τοῦτο
1581 825 1634 860 γὰρ
1663 825 1709 851 καὶ
1729 833 1838 861 προφη-

1042 871 1119 898 τικοῦ
1150 873 1321 906 χαρίσματος
1341 870 1458 905 ἠξιώθη,
1476 871 1545 897 διότι
1562 871 1611 897 οὐχ
1634 872 1767 906 ἀφίστατο
1781 873 1838 898 ἀπὸ

1042 918 1092 945 τοῦ
1115 918 1201 953 lapsi,
1213 919 1242 944 ὲν
1259 917 1401 952 νηστείαις
1416 918 1463 945 καὶ
1478 918 1587 953 δεήσεσι
1604 918 1775 951 λατρεύουσα
1791 918 1839 945 νύ-

1042 973 1118 1000 κτωρ
1145 964 1193 991 καὶ
1214 963 1274 998 μεθ’
1297 963 1404 998 ἡμέραν
1422 963 1461 998 τῷ
1478 963 1548 999 Θεῷ.
1571 963 1709 1000 Λατρείαν
1740 963 1768 990 δὲ
1786 965 1839 999 τὴν

1042 1010 1165 1037 δουλείαν
1180 1011 1228 1038 καὶ
1247 1010 1397 1045 Θεραπείαν
1412 1010 1477 1036 νόει.

1080 1056 1137 1084 Kal
1163 1057 1241 1090 αὕτη
1259 1071 1294 1076 -
1311 1056 1419 1090 Καρίῳ.
1450 1055 1620 1092 Ηὺχαρίστει
1645 1055 1684 1091 τῷ
1703 1055 1775 1090 Θεῷ,
1799 1056 1840 1091 τῷ

1044 1101 1299 1138 ἐνανορωπήσαντι.

1079 1148 1134 1175 Καὶ
1150 1148 1254 1175 ἐλάλει
1266 1164 1300 1169 -
1319 1149 1529 1184 Ἰερουσαλήμ.
1564 1151 1669 1177 Ἐλάλει
1695 1149 1759 1184 περὶ
1780 1150 1839 1176 αὖ.-

1042 1194 1102 1227 τοῦ,
1117 1196 1157 1222 ὃτι
1171 1192 1248 1227 οὗτός
1264 1197 1338 1223 ἐστιν
1351 1197 1364 1222 ό
1383 1196 1536 1231 λυτρωτής.
1563 1198 1632 1223 Ἀλλ’
1649 1198 1662 1224 ὁ
1681 1197 1729 1232 μὲν
1743 1197 1834 1230 Συμε-

1043 1242 1080 1269 ὼν
1110 1242 1195 1273 τύπος
1214 1239 1248 1277 ἦν
1263 1243 1313 1277 τῆς
1341 1242 1466 1274 Παλαιᾶς
1497 1243 1635 1277 Διαοήκης
1649 1264 1656 1275 ,
1679 1244 1695 1277 ὴ
1713 1241 1734 1268 δ’
1750 1242 1839 1268 Ἀιινα

1043 1289 1093 1324 τῆς
1119 1288 1193 1320 Νέας
1207 1297 1213 1305 ·
1229 1286 1266 1316 ὧν
1283 1289 1364 1324 μέσος
1385 1291 1399 1316 ὁ
1421 1289 1538 1324 Χριστὸς
1569 1289 1694 1324 κείμενος
1716 1288 1765 1324 τὴν
1787 1289 1840 1323 μὲν

1043 1335 1175 1366 ἀπέλυσε,
1203 1334 1252 1369 τὴν
1285 1334 1312 1361 δὲ
1337 1336 1560 1370 παρακατὲσχεν,
1585 1335 1725 1370 ἐμφαίνων
1751 1334 1794 1361 ὅτι
1821 1335 1838 1368 ή

1045 1381 1095 1416 μὲν
1111 1381 1214 1408 παλαιὰ
1230 1381 1379 1414 πέπαυται,
1399 1383 1416 1417 ὴ
1431 1382 1460 1407 δὲ
1479 1382 1528 1408 νέα
1553 1381 1597 1417 ζῇ.

1080 1473 1134 1501 Kal
1150 1473 1190 1506 ὡς
1207 1488 1241 1493 -
1253 1472 1393 1507 Ναζαρέτ.
1422 1473 1548 1499 Ἀπαντα
1573 1471 1608 1498 τὰ
1640 1472 1704 1506 περὶ
1721 1471 1770 1505 τῆς
1786 1480 1839 1497 τια-

199 1514 273 1540 eirca
293 1515 370 1548 pueri
391 1515 643 1549 prtesentationem,
671 1524 703 1544 ac
723 1516 796 1543 circa
826 1515 940 1548 hostias,
960 1515 990 1542 de

1051 1521 1206 1554 βαστάσεως
1223 1519 1271 1546 τοῦ
1298 1520 1418 1552 παιδίου,
1437 1519 1484 1545 καὶ
1509 1518 1543 1545 τὰ
1561 1519 1625 1554 περὶ
1650 1519 1700 1553 τῆς
1728 1517 1837 1549 θυσίας,

199 1559 298 1594 quibus
313 1559 485 1594 jubebatlcx.

235 1605 333 1638 Quaere
349 1610 441 1632 autctn
472 1606 560 1640 primo
575 1607 662 1641 capite
674 1607 810 1642 Evangelii
843 1607 992 1635 secundum

200 1650 358 1678 Malthazum
374 1651 440 1679 dicti
458 1652 531 1679 illius
556 1654 757 1688 expositionem
772 1663 779 1682 ε
797 1653 865 1681 Ecce
884 1654 993 1690 angelus

201 1698 307 1725 Domini
323 1704 434 1732 apparet
458 1700 485 1725 in
504 1700 601 1726 somnis
620 1700 715 1735 Joseph
727 1701 814 1727 dicens
830 1708 838 1727 :
852 1701 937 1736 Surge
968 1704 994 1728 et

201 1745 290 1780 accipe
312 1753 422 1775 puerum
445 1751 470 1773 et
498 1752 611 1774 matrem
642 1747 698 1782 ejus
726 1753 750 1774 et
778 1748 839 1783 fuge
852 1748 879 1774 in
890 1747 992 1782 {Egyp-

203 1793 302 1820 tum".

237 1837 314 1866 Vers.
326 1838 371 1866 40.
387 1839 458 1866 Puer
469 1844 559 1867 autem
575 1854 611 1863 -ν-
623 1848 702 1874 super
717 1839 804 1867 illum.
819 1839 915 1872 Quoad
936 1840 992 1867 htt-

201 1884 360 1911 mauitatetu
387 1885 446 1913 h:ec
470 1886 563 1913 omnia
590 1886 723 1921 intelligo.
754 1886 895 1921 Tanquam
924 1895 994 1921 puer

201 1930 275 1957 enim
291 1931 430 1958 crescebat
454 1937 534 1958 astate.
561 1942 567 1960 :
586 1932 817 1960 corroborabatur
834 1937 925 1959 autem
943 1932 993 1959 ad-

202 1983 298 2004 versus
313 1976 455 2010 malitiam,
473 1977 582 2011 spiritu,
599 1977 657 2004 sive
677 1978 752 2005 uni‘n
766 1977 818 2004 sibi
837 1977 991 2004 divinitate.

201 2022 267 2050 Nam
280 2022 397 2057 Spiritus
409 2028 522 2050 vocatur
537 2029 564 2050 et
581 2023 712 2050 Divinitas
727 2032 733 2056 ;
750 2023 915 2058 implebatur
929 2031 994 2050 vero

203 2069 348 2104 sapientia,
366 2075 495 2105 tanquam
507 2070 643 2097 divinitati
657 2070 751 2098 unitus
764 2079 772 2104 ;
789 2070 876 2106 gratia
885 2078 994 2105 quoque

203 2115 274 2142 uniti
286 2116 336 2143 sibi
354 2115 400 2142 Dei
418 2121 476 2143 erat
491 2124 573 2151 super
587 2117 674 2150 illum,
687 2124 748 2151 quae
765 2116 855 2152 ipsum
871 2115 995 2143 modera-

202 2160 294 2194 batur,
307 2161 421 2197 regebat
437 2166 465 2190 et
479 2162 673 2197 componebat.

238 2216 288 2244 Vel
314 2217 397 2245 etiam
426 2217 480 2245 alio
508 2217 600 2244 modo.
621 2217 856 2244 Corroborabatur
880 2216 993 2252 Spiritu,

203 2263 332 2291 videlicet
356 2268 475 2295 sancto;
501 2263 587 2297 gratia
612 2268 704 2289 autem
730 2262 790 2293 Dei.
817 2262 876 2289 sive
899 2262 995 2296 patris,

204 2315 263 2337 erat
271 2317 354 2344 super
363 2310 451 2336 illum.
462 2309 540 2336 Sicut
549 2309 621 2336 enim
632 2308 793 2336 incarnatus
801 2312 843 2336 est
853 2316 885 2336 ex
905 2308 994 2335 Patris

204 2356 388 2390 beneplacito,
404 2363 436 2382 ac
458 2354 671 2389 superveniente
688 2353 792 2390 Spiritu
818 2358 914 2381 sancto
939 2353 996 2381 :ita

204 2357 388 2390 beneplacito,
404 2363 436 2382 ac
458 2357 671 2389 superveniente
688 2357 760 2388 δρα-ἰ
776 2362 792 2380 u
818 2358 914 2381 sancto
939 2361 946 2381 :
960 2357 996 2381 ita

203 2401 286 2428 etiam
302 2400 516 2428 conversabatur
531 2407 564 2427 ac
583 2357 816 2434 operabaturter
838 2398 996 2434 beneplaci-

204 2453 262 2476 tum
281 2448 368 2475 Patris
382 2451 410 2474 et
427 2447 647 2482 cooperationem
666 2446 785 2481 Spiritus
800 2446 897 2473 sancti.

242 2494 318 2522 Vers.
335 2493 380 2520 4t.
396 2493 429 2521 Et
442 2494 515 2520 ibant
528 2508 560 2513 —
572 2493 648 2520 Vers.
662 2493 706 2520 4'5.
720 2492 882 2519 Jerusalem.
897 2490 997 2518 Finitis

205 2541 311 2574 diebus,
323 2540 446 2568 videlicet
454 2540 497 2568 die
509 2540 579 2567 festo
591 2539 712 2573 PaSCltae,
720 2539 871 2573 diebuSque
882 2538 995 2574 Azymo~

242 2612 262 2628 “
279 2611 373 2638 Matth.
392 2619 423 2644 ιι,
437 2610 481 2638 15.

1047 1568 1112 1600 περὶ
1129 1563 1166 1592 ὢν
1183 1567 1196 1592 ὁ
1208 1568 1291 1600 νόμος
1320 1566 1442 1592 ἐκέλευε.

1081 1613 1203 1647 Ζήτησον
1215 1612 1242 1638 δὲ
1255 1612 1301 1638 καὶ
1313 1612 1341 1637 ὲν
1357 1611 1396 1646 τῷ
1412 1610 1512 1646 πρώτῳ
1540 1610 1682 1644 κεφαλαίῳ
1706 1609 1753 1636 τοῦ
1768 1609 1840 1636 κατὰ

1047 1658 1190 1685 Ματῦαῖον
1212 1657 1263 1691 τὴν
1283 1656 1414 1692 ἐξήγησιν
1438 1657 1494 1683 τοῦ”
1516 1656 1593 1684 Ἰδοὺ
1627 1655 1756 1690 ἄγγελος
1783 1656 1838 1681 Κυ-

1047 1704 1105 1738 ρίου
1136 1703 1274 1738 φαίνεται
1306 1702 1370 1729 κατ’
1401 1701 1474 1736 ὄναρ
1508 1701 1548 1734 τῷ
1581 1700 1694 1734 Ἰωσὴφ
1726 1700 1836 1734 λέγων·

1052 1747 1198 1783 Ἐγερθεὶς
1215 1747 1369 1782 παράλαϐε
1384 1747 1417 1774 τὸ
1434 1747 1558 1774 παιδίον
1574 1746 1624 1773 καὶ
1644 1746 1702 1780 τὴν
1724 1746 1840 1781 μητέρα

1045 1793 1149 1826 αὑτοῦ,
1167 1793 1216 1819 καὶ
1228 1793 1319 1827 φεῦγε
1332 1794 1374 1825 εις
1389 1793 1553 1827 Αἴγυπτον.

1083 1839 1121 1866 Τὸ
1137 1838 1171 1865 δὲ
1190 1839 1313 1866 παιδίον
1325 1854 1359 1859 —-
1372 1838 1419 1865 ἐπ’
1436 1837 1528 1871 αὐτῷ.
1553 1838 1632 1865 Κατὰ
1651 1838 1681 1864 τὸ
1697 1837 1838 1872 ἀνθρώπι-

1047 1894 1092 1912 νον
1104 1885 1191 1912 ταῦτα
1211 1885 1301 1912 πάντα
1327 1885 1434 1919 νόησον.
1458 1885 1503 1915 Ὠς
1519 1883 1627 1910 παιδίον
1644 1882 1698 1918 (71)
1716 1883 1771 1918 γὰρ
1786 1882 1838 1917 ηὕ-

1046 1931 1108 1965 ξανε
1140 1932 1189 1967 μὲν
1219 1932 1259 1963 είς
1286 1931 1405 1966 ἡλικίαν,
1422 1929 1603 1965 ἐκραταιοῦτο
1636 1930 1664 1957 δὲ
1687 1929 1760 1956 κατὰ
1788 1929 1839 1963 τῆς

1047 1979 1146 2010 κακίας
1174 1978 1331 2014 πνεύματι,
1352 1978 1435 2013 ἤγουν
1463 1979 1496 2012 τῇ
1530 1976 1658 2012 ἡνωμένῃ
1675 1976 1749 2011 αὐτῷ
1779 1976 1840 2001 θεό-

1045 2034 1118 2060 τητι.
1135 2025 1248 2059 Πνεῦμα
1262 2024 1316 2060 γὰρ
1329 2024 1453 2050 καλεῖται
1469 2023 1516 2050 καὶ
1531 2024 1547 2058 ἡ
1562 2022 1668 2057 θεότης.
1683 2023 1737 2048 Καὶ
1755 2017 1842 2056 ἐπληί

1048 2071 1126 2107 ροῦτο
1141 2071 1190 2106 μὲν
1218 2070 1377 2104 σοφίας.ὠς
1403 2069 1544 2105 ἡνωμένον
1570 2070 1602 2104 τῇ
1632 2066 1730 2103 σοφίαι
1758 2067 1838 2102 χάρις

1046 2118 1075 2144 δὲ
1090 2117 1138 2144 τοῦ
1157 2117 1297 2152 ἡνωμένον
1321 2116 1396 2151 αὐτῷ
1422 2115 1489 2142 Θεοῦ
1506 2113 1539 2151 ἦν
1564 2116 1610 2141 ἐπ’
1628 2114 1713 2149 αὐτῷ,
1741 2114 1840 2140 παιδα-

1047 2163 1176 2198 γωγοῦσσ.
1190 2162 1269 2189 τοῦτο
1293 2163 1341 2188 καὶ
1365 2161 1534 2197 ρυθμίζουσα
1549 2160 1596 2187 καὶ
1612 2159 1837 2194 κατακοσμοῦσα.

1082 2211 1119 2236 Ἦ
1133 2210 1178 2236 καὶ
1196 2208 1507 2244 ὲτὲρως.Ἐκραταιοῦτο
1529 2207 1577 2242 μὲν
1595 2206 1746 2240 Πνεῦματι,
1766 2206 1836 2240 ῆτιιι·

1044 2257 1083 2293 τῷ
1099 2256 1180 2292 ἁγίῳ’
1200 2255 1280 2291 χάρις
1299 2256 1327 2282 δὲ
1349 2255 1404 2290 (7‘2)
1423 2255 1491 2281 Θεοῦ
1507 2274 1514 2286 ,
1535 2255 1618 2289 ἤγουν
1638 2252 1684 2279 τοῦ
1720 2251 1837 2287 Πατρὸς,

1045 2302 1078 2339 ἦν
1095 2304 1138 2330 ἐπ’
1165 2303 1249 2336 αὐτῷ.
1270 2302 1375 2336 Ὥσπερ
1403 2301 1457 2335 γὰρ
1482 2299 1625 2334 ὲσαρκώθη
1656 2298 1763 2332 Harpe;
1791 2298 1837 2323 εὑο

1045 2349 1134 2384 δοκίᾳ,
1164 2351 1212 2375 καὶ
1228 2347 1388 2382 Πνεύματος
1418 2345 1498 2380 ἁγίου
1520 2344 1671 2371 ὲπελεὺσει’
1689 2343 1762 2369 οὕτω
1793 2343 1839 2369 καὶ

1047 2395 1234 2426 ἐπολιτεύετο,
1247 2394 1294 2420 καὶ
1307 2394 1430 2428 ἐνήργει,
1448 2392 1561 2428 εὐδοκίᾳ
1588 2391 1638 2427 μὲν
1651 2391 1697 2418 τοῦ
1716 2390 1837 2426 Πατρὺς,

1050 2441 1181 2477 συνεργίᾳ
1195 2441 1222 2466 δὲ
1235 2439 1282 2466 τοῦ
1303 2440 1383 2473 ἁγίου
1398 2438 1569 2473 Πνεύματος.

1084 2486 1139 2515 Kal
1155 2486 1338 2520 ἐπορεύοντο
1348 2499 1383 2505 —-
1399 2484 1604 2520 Ἰερουσαλήμ.
1627 2482 1838 2509 Τελειωσάντων

1047 2535 1097 2566 τὰς
1125 2533 1231 2569 ἡμέρας
1252 2532 1301 2563 τὰς
1323 2531 1374 2567 τῆς
1402 2531 1501 2568 ἑορτῆς
1523 2531 1571 2558 τοῦ
1589 2531 1686 2565 Πάσχα
1710 2529 1758 2557 καὶ
1788 2527 1840 2563 τῆς

806 2643 906 2674 Varias
923 2643 1078 2675 lectiones
1101 2645 1132 2672 et
1149 2645 1244 2672 notia.

245 2730 304 2766 (7t)
318 2731 375 2766 Γάρ
389 2730 477 2758 abest.
493 2729 525 2758 Α.

247 2808 300 2844 (gg)
336 2808 407 2836 illud
427 2809 589 2837 absolvebat.
611 2809 694 2835 Istum
724 2807 834 2842 quidem
864 2807 997 2844 demisit:

213 2843 283 2872 hanc
298 2852 361 2873 vero
377 2844 498 2872 retinuit.
513 2845 551 2872 De
565 2844 695 2872 Simeone
709 2851 799 2872 sermo
815 2847 855 2871 est
872 2847 899 2870 ct
912 2843 989 2871 Auna

1092 2728 1148 2763 (72;
1164 2725 1217 2753 Τοῦ
1229 2724 1304 2754 addit
1318 2727 1352 2752 Α.

1051 2806 1167 2868 nog9de
1197 2803 1381 2834 testamentis.
1411 2802 1554 2832 Ἀπολὺειν
1581 2798 1692 2836 respicit
1714 2798 1747 2826 ad
1777 2806 1837 2835 cap.

1056 2851 1074 2868 Ι.
1092 2860 1107 2868 ..ο
1129 2862 1135 2868 .
1517 2855 1521 2859 ⁴

1045 2850 1074 2876 ιι,
1090 2850 1135 2869 zu.
1516 2855 1535 2871 ς,
