1940 3075
98 147 154 180 897

587 145 782 177 COMMENT.
807 145 846 187 lN
867 145 1006 177 LUCAM.
1029 157 1063 166 -
1082 147 1162 178 CAP.
1181 120 1238 179 Ill.

1682 153 1735 185 898

97 204 268 243 ἐορτῆςκτῶν
290 201 427 239 Ἀζυμων.
451 202 599 238 Ὑπέμεινε
621 202 650 229 δὲ
668 202 768 235 εῑτουν,
785 202 878 228 ὑπελεί

944 210 1014 229 rum.
1024 202 1166 231 Remansit
1178 209 1282 237 autem,
1295 204 1351 232 sive
1364 206 1475 235 relictus
1484 208 1560 236 estin
1571 207 1734 244 Jerusalem,

97 252 154 288 φθη
169 253 198 278 ἑν
221 249 416 286 Ἰερουσαλὴμ,
439 249 604 286 βουλόμενος
626 248 762 284 συμμίξαι
779 249 835 280 τοϊς
851 248 876 274 δι

97 298 258 328 δασκάλοις.

133 344 187 371 Καὶ
202 344 259 370 οὐκ
277 357 309 363 -—-
321 342 426 369 αὑτοῦ.
456 341 534 368 Κατὰ
557 340 632 367 θείαν
658 339 827 376 οἰκονομίαν,
844 340 889 368 ἵνα

99 390 139 426 μὴ
153 389 314 416 κωλύσωσιν
331 389 424 420 αὐτὸν,
436 388 473 418 the
491 387 575 413 παῖδα
592 387 638 414 καὶ
654 387 850 422 ἀγράμματον.

131 484 319 518 Νομίσαντες
333 497 368 502 --
379 481 583 509 διδασκάλων.
612 481 686 508 Μίαν
702 481 753 517 μὲν
776 482 886 517 ἡμέραν

95 531 253 562 ἀνάλωσαν,
269 530 313 556 ὅτε
337 527 418 564 ἦλθον
444 529 549 564 ἡμέρας
574 529 643 560 ὁδὸν,
671 529 718 555 καὶ
737 529 886 564 ἀνεζήτουν

95 576 179 604 αὑτὸν
196 577 225 602 ἐν
237 577 294 605 τοῖς
310 575 455 609 συγγενέσι
477 575 525 601 καὶ
541 576 570 601 ἐν
586 576 643 606 τοῖς
661 576 805 608 γνωστοῖ;’
827 576 886 602 ἐτέ-

98 631 149 658 ραν
160 623 201 654 δὲ,
216 623 272 654 ὅτε,
287 622 324 657 μὴ
340 621 466 656 εὑρόντες
481 621 574 653 αὑτὸν,
585 621 760 656 ὑπέστρεψαν
776 623 816 653 εἰς
834 623 884 648 ’ῐε-

96 669 251 704 ρουσαλὴμ,
269 668 414 704 ζητοῦντες
438 668 530 695 αὐτόν·
554 668 627 694 κατὰ
653 669 703 704 τὴν
731 669 827 704 τρίτην
855 668 884 695 δὲ

93 715 189 741 λοιπον
204 711 284 750 εὖρον
299 714 390 740 αὐτόν.
417 713 461 741 ‘Ev
482 713 521 749 τῷ
548 714 615 749 ἱερῷ
635 714 663 741 δὲ
686 714 847 750 εὑρίσκεται
870 715 884 741 ὁ

94 761 224 796 Χριστὸς,
243 762 327 796 ἤγουν
344 761 373 787 ὲν
400 760 439 796 τῷ
456 761 522 796 ἱερῷ
542 761 627 795 τόπῳ,
647 761 694 787 καὶ
704 762 734 788 ὲν
755 760 794 796 τῷ
817 760 882 796 ἱερῷ

94 806 251 841 πράγματι,
270 807 317 832 καὶ
339 806 368 832 ὲν
387 805 426 841 τῷ
442 805 507 840 ἱερῷ
522 805 669 841 ἀνθρώπῳ.

135 852 293 880 Ἀκούοντα
307 868 339 873 -
348 852 468 885 αὐτούς.
487 852 632 879 Ἀκούοντα
644 853 691 879 καὶ
700 853 880 887 ἐπερωτῶντα

92 899 158 933 περὶ
175 897 228 924 τῶν
247 897 381 932 νομίμων,
399 897 443 923 ἴνα
457 897 489 923 ἐκ
503 897 628 932 νεότητος
646 899 662 933 ὴ
678 897 786 930 σύνεσις
798 899 881 925 αὐτοῦ

92 944 244 978 γνωρισθῇ.
257 943 426 978 Φοῦηθῶμεν
437 940 484 969 οὖν
511 944 534 970 οἱ
552 943 719 977 διδάσκαλοι,
732 945 882 978 γινώσκον-

91 999 137 1023 τες
158 991 199 1016 ὅτι
215 990 243 1016 ὲν
262 990 336 1024 μέσῳ
360 990 439 1025 ἡμῶν
455 991 530 1017 ἐστιν
546 991 560 1016 ὀ
577 991 708 1025 Χριστὸς,
725 992 880 1028 προσέχων,

92 1037 152 1068 πῶς
163 1037 340 1071 διδάσκομεν.

133 1082 458 1115 Ἐξίσταντο-ι-αὺτοῦ.
476 1083 550 1110 Ἔδει
573 1084 628 1119 γὰρ
646 1084 726 1111 τοῦτο
740 1084 879 1119 γενέσθαι,

91 1129 135 1155 ἵνα
149 1129 263 1164 ’ὕστερον
277 1129 411 1156 διδάσκων
429 1130 633 1164 εὐπαράδεκτος
644 1131 737 1162 αὐτοῖς
752 1131 806 1167 εἴη.

126 1176 179 1203 Καὶ
208 1175 324 1209 ἰδόντες
343 1175 437 1202 αὐτὸν
471 1175 698 1209 ἐξεπλάγησαν.
730 1176 760 1204 '0
779 1179 879 1214 Ἰωσὴφ

93 1221 218 1255 δηλονότι
238 1222 315 1256 καὶὴ
339 1222 440 1257 Μήτηρ
453 1221 546 1249 αὐτοῦ.
568 1222 774 1257 Ἐξεπλάγησαν
795 1223 823 1250 δὲ
847 1225 879 1252 οὐ

92 1270 173 1304 μόνον
188 1270 231 1296 διὰ
250 1270 300 1305 τὴν
329 1271 438 1296 σύνεσιν
463 1270 510 1297 καὶ
533 1270 581 1302 τὰς
607 1271 768 1306 ἀποκρίσεις
783 1271 877 1305 αὑτοῦ,

90 1315 159 1341 ἀλλὰ
173 1315 220 1342 καὶ
235 1315 280 1341 διὰ
297 1315 345 1350 τὴν
360 1315 474 1349 τόλμαν.

125 1360 180 1387 Kal
188 1361 263 1394 πρὸς
274 1375 306 1381 -
317 1369 365 1387 σε.
383 1361 493 1396 Πατέρα
510 1360 592 1388 αὑτοῦ
620 1361 666 1388 τὸν
687 1361 797 1396 Ἰωσὴφ
811 1361 880 1388 ὦνό-

92 1416 189 1442 μασεν,
204 1407 240 1438 ὡς
255 1407 398 1442 μνηστῆρα
412 1407 523 1442 ἑαυτῆς,
542 1408 589 1434 καὶ
609 1407 646 1439 ὼς
661 1407 760 1443 τροφὸν
783 1407 878 1438 αὑτοῦ.

92 1452 274 1488 Ὀδυνώμενοι
289 1452 318 1479 δὲ
334 1453 447 1488 ἐζήτουν
464 1453 556 1486 αὐτὸν,
573 1453 617 1480 διὰ
632 1454 681 1489 τὴν
708 1453 809 1488 σχέσιν.
824 1453 879 1481 Καὶ

89 1500 115 1526 ετ
125 1508 167 1531 τις
178 1499 206 1525 δὲ
218 1499 249 1525 ἐκ
265 1498 350 1525 πόθου
363 1498 533 1534 ὀδυνώμενος
549 1499 664 1535 ζητήσει
687 1500 779 1533 αὑτὸν,
795 1500 878 1536 εὑρή-

91 1554 133 1572 σει
148 1545 241 1572 αὐτόν.

125 1590 180 1618 Καὶ
195 1588 260 1617 εἷπε
274 1599 355 1626 -με
365 1598 376 1623 ;
404 1589 448 1622 Ὦς
468 1589 645 1626 πλανώμενον
668 1590 780 1627 δηλαδή.
810 1591 877 1624 Θεὸς

89 1638 119 1664 οὺ
141 1637 286 1665 πλανᾶται.

125 1684 188 1710 Οὐκ
202 1683 301 1718 ᾔδειτε
313 1697 348 1702 -
360 1690 419 1718 μσς
436 1682 480 1709 Ἐν
496 1681 534 1718 τῷ
547 1681 614 1717 οἴκῳ
630 1681 676 1708 τοῦ
692 1682 799 1717 Πατρός
814 1691 876 1717 μου.

89 1731 189 1764 Ἔλεγε
216 1731 245 1758 δὲ
273 1730 404 1764 περὶτοῦ
432 1730 515 1764 ἱεροῦ,
537 1730 551 1756 ὅ
571 1729 612 1765 τῷ
638 1729 697 1765 Θεῷ
719 1729 766 1756 καὶ
790 1730 878 1765 Πατρὶ

88 1775 174 1803 αὑτοῦ
191 1776 205 1802 ὁ
228 1775 355 1811 Σολομῶν
367 1775 556 1810 ᾠκοδόμησεν.
588 1774 659 1801 Ἀλλ’
676 1776 691 1810 ή
711 1775 760 1810 μὲν
778 1776 878 1812 Μήτηρ

88 1821 186 1855 αὑτοῦ,
204 1822 269 1857 περὶ
291 1821 338 1849 τοῦ
360 1821 434 1848 θέσει
453 1821 558 1856 [Ἰατρὸς
584 1820 665 1848 αύτοῦ
694 1818 779 1848 εἷπεν·
798 1821 879 1854 αὐτὸς

87 1868 118 1895 δὲ
136 1867 223 1903 ταύτῃ
238 1867 284 1894 τὸν
301 1866 382 1902 φύσει
398 1867 512 1901 Πατέρα
526 1865 609 1894 αὑτοῦ
627 1866 771 1901 ἐγνώρισε.

125 1962 179 1990 Kal
191 1961 276 1989 αὐτοὶ
289 1976 324 1981 -—
338 1959 449 1993 αὐτοῖς.
466 1959 502 1986 Τὸ
517 1959 581 1994 περὶ
591 1959 638 1986 τοῦ
651 1958 737 1994 ἱεροῦ.

127 2009 180 2037 Καὶ
204 2008 312 2040 κατέϐη
327 2022 363 2028 --
385 2006 498 2038 αὐτοῖς.
516 2005 655 2032 Παιδεύων
680 2005 878 2034 ὑποτάττεσθαι

88 2053 128 2092 μὴ
147 2055 227 2090 μόνον
240 2056 296 2086 τοῖς
315 2053 395 2088 φύσει
407 2053 543 2087 γονεῦσιν,
557 2051 626 2080 ἀλλὰ
651 2052 699 2079 καὶ
720 2053 776 2083 τοῖς
793 2052 877 2081 Θέσει.

125 2139 179 2167 Καὶ
194 2139 213 2173 ἠ
227 2120 326 2174 μήτηρ
340 2153 375 2158 -
390 2137 495 2172 αὐτῆς.
519 2138 558 2164 Τὰ
573 2138 638 2172 περὶ
652 2136 700 2165 τοῦ
728 2137 814 2173 ἱεροῦ,
830 2138 879 2165 καὶ

86 2185 121 2212 τὶ.
136 2184 258 2217 τοιαῦτα,
283 2184 322 2216 ὡς
342 2184 456 2220 ῥήματα
485 2183 535 2218 οὐχ
560 2183 652 2215 ἁπλῶς
677 2183 783 2216 παιδὸς,
810 2184 878 2212 ἀλλὰ

942 248 1037 276 volens
1058 250 1228 278 commisceri
1245 251 1412 279 doctoribus.

976 339 1058 367 Vers.
1078 340 1123 368 45.
1137 341 1172 368 Et
1188 350 1238 368 non
1251 358 1287 362 —
1301 343 1369 377 ejus.
1389 343 1470 371 Juxta
1495 345 1615 374 divinam
1638 348 1734 375 Provi-

939 385 1059 413 dentiam
1078 387 1128 415 hoc
1137 387 1238 415 factum
1252 394 1302 422 est,
1317 398 1351 416 ne
1366 391 1543 425 prohiberent
1557 400 1630 424 eum,
1647 396 1726 429 quasi

939 441 1055 468 puerum
1073 439 1100 460 et
1118 435 1177 461 sine
1197 435 1308 463 litteris.

975 477 1052 506 Vers.
1072 479 1117 506 ιι.
1141 479 1331 508 Existimant”
1348 497 1384 502 ——
1402 482 1481 510 Vers.
1515 483 1559 510 46.
1582 483 1730 513 doctorum.

938 523 1028 551 Unum
1045 525 1155 559 quidem
1169 526 1241 553 diem
1257 533 1498 563 consumpserunt,
1518 530 1628 564 quando
1649 523 1731 559 vene-

937 574 998 596 runt
1016 569 1113 597 itinere
1123 571 1188 604 diei,
1198 577 1226 598 et
1236 572 1413 607 requirebant
1426 574 1498 601 illum
1511 575 1584 603 inter
1600 582 1731 612 cognatos

935 618 961 641 et
975 619 1054 642 notos
1071 624 1078 648 ;
1094 616 1208 644 alterum
1225 619 1335 653 quando
1360 628 1413 647 non
1438 621 1550 649 invento
1571 629 1603 650 eo
1624 624 1729 652 reversi

935 665 999 686 sunt
1012 660 1037 687 in
1046 660 1196 690 Jerusalem
1206 669 1362 698 quaerentes
1377 666 1453 693 illum
1468 674 1475 700 ;
1489 666 1601 695 circiter
1613 657 1740 698 tertium!

935 713 1000 733 vero
1014 708 1122 735 tandem
1141 709 1305 737 invenerant
1324 712 1411 739 illum.

979 752 1009 780 In
1035 755 1137 790 templo
1167 756 1306 784 invenitur
1334 758 1471 792 Christus,
1505 761 1563 788 sive
1593 761 1621 788 in
1651 770 1728 790 sacro

932 800 994 828 loco
1008 806 1036 829 et
1060 801 1086 828 in
1117 809 1197 830 sacro
1228 804 1349 839 negotio,
1383 812 1415 831 ac
1443 805 1471 832 in
1497 813 1574 833 sacro
1605 807 1726 836 homine.

969 846 1046 876 Vers.
1060 848 1105 876 46.
1119 848 1275 875 Audientem
1291 864 1326 870 —
1340 858 1393 877 eos.
1409 851 1574 879 Audientem
1589 858 1616 880 et
1636 854 1727 882 inter-

898 886 1077 929 Brogantem
1108 894 1141 921 de
1166 894 1308 929 legalibus,
1332 900 1362 923 ut
1389 904 1402 922 a
1429 905 1514 931 puero
1543 898 1726 935 intelligentia

932 939 992 974 ejus
1003 940 1109 975 cognita
1121 940 1203 968 foret.
1216 940 1375 968 Timeamus
1388 949 1466 977 ergo,
1479 943 1524 977 qui
1540 951 1726 980 praeceptores

931 992 1036 1018 sumus,
1054 987 1182 1021 quoniam
1206 986 1232 1013 in
1250 987 1340 1014 medio
1365 993 1492 1016 nostrum
1517 996 1560 1017 est
1585 991 1724 1026 Christus,

930 1032 1085 1066 attendens,
1101 1040 1155 1067 quo
1174 1037 1253 1067 pacto
1268 1033 1415 1062 doceamus

967 1085 1046 1114 Vers.
1066 1086 1110 1113 47.
1128 1086 1273 1122 Stupebant
1290 1102 1323 1108 ——
1338 1088 1406 1122 ejus.
1422 1088 1570 1124 Oportebat
1586 1092 1658 1118 enim
1674 1091 1725 1120 hoc

930 1131 1000 1164 ﬁeri,
1011 1136 1108 1160 utcum
1119 1137 1213 1167 postea
1222 1133 1344 1167 doceret,
1357 1134 1435 1162 facile
1442 1135 1475 1162 ab
1484 1136 1536 1163 illis
1545 1137 1722 1172 reciperetur.

965 1180 1042 1207 Vers.
1052 1179 1096 1207 48.
1106 1179 1140 1207 Et
1153 1180 1208 1206 uiso
1219 1188 1248 1207 eo
1257 1180 1456 1215 obstupuerunt.
1472 1182 1579 1217 Jnsoph
1595 1184 1723 1212 videlicet

929 1230 956 1253 et
971 1225 1056 1253 Mater
1067 1226 1139 1260 ejus.
1169 1226 1380 1262 Obstupuerunt
1397 1233 1501 1261 autem,
1527 1237 1581 1256 non
1608 1235 1721 1265 propter

930 1271 1136 1306 intelligentiam
1162 1276 1266 1299 tantum
1293 1277 1321 1300 et
1357 1281 1489 1308 responsa
1516 1275 1597 1307 illius,
1627 1283 1721 1303 verum

929 1318 1010 1344 etiam
1028 1322 1139 1352 propter
1157 1317 1307 1345 audaciam.

964 1362 1042 1390 γεγε.
1056 1363 1100 1390 48.
1118 1362 1151 1389 Ει
1168 1363 1201 1389 ad
1213 1363 1291 1389 illum
1305 1378 1336 1383 —
1350 1368 1382 1390 te.
1403 1363 1523 1397 Patrem,
1547 1364 1652 1400 Ioseph
1668 1373 1720 1394 no—

929 1407 1052 1440 minavit,
1072 1412 1166 1442 utpote
1188 1415 1319 1442 sponsum
1337 1416 1426 1441 suum,
1439 1414 1465 1435 et
1481 1409 1551 1437 illius
1567 1411 1721 1438 nutritium.

931 1451 1058 1480 Dolentes
1078 1457 1168 1479 autem
1187 1453 1345 1487 qumrebant
1368 1454 1455 1485 illum,
1478 1460 1589 1490 propter
1613 1457 1721 1492 longam

929 1505 1033 1525 moram
1049 1502 1076 1525 et
1098 1498 1273 1526 desiderium.
1298 1499 1326 1526 Si
1344 1500 1406 1534 quis
1429 1508 1493 1535 ergo
1509 1508 1565 1536 pra:
1588 1502 1722 1530 desiderio

928 1545 1023 1573 dolens
1038 1550 1141 1580 quaerat
1155 1553 1217 1572 eum
1234 1545 1354 1572 inveniet
1369 1546 1456 1573 illiilli.

965 1590 1041 1619 Vers.
1058 1590 1103 1618 49.
1122 1589 1154 1617 Et
1169 1591 1234 1617 dixit
1248 1605 1283 1611 -—
1298 1599 1338 1618 me
1353 1593 1365 1619 7
1381 1591 1462 1625 Quasi
1483 1598 1620 1621 errantem
1644 1594 1722 1622 vide-

929 1637 1013 1664 licet:
1030 1637 1102 1664 Deus
1115 1636 1189 1664 enim
1206 1645 1261 1663 non
1275 1642 1357 1665 errat.

966 1685 1044 1712 Vers.
1059 1684 1104 1712 49.
1119 1684 1282 1711 Nesciebatis
1294 1699 1329 1704 -
1340 1686 1404 1713 me?
1420 1685 1449 1713 ld
1465 1689 1517 1717 est,
1534 1685 1561 1713 in
1577 1686 1658 1713 domo
1670 1687 1721 1714 Pa-

930 1731 980 1759 tris
1007 1731 1071 1758 mei.
1100 1730 1212 1758 Dicebat
1240 1735 1331 1758 autem
1361 1731 1395 1759 de
1422 1733 1534 1766 templo,
1565 1734 1637 1767 quod
1665 1734 1721 1762 Deo

930 1776 1057 1811 Patrique
1077 1784 1127 1803 suo
1141 1784 1156 1803 a
1173 1776 1319 1804 Salomone
1341 1777 1502 1804 mdiﬁcatum
1529 1784 1598 1806 erat.
1619 1779 1720 1807 Verum

930 1823 1016 1850 Mater
1031 1823 1091 1857 ejus
1106 1823 1140 1850 de
1152 1822 1282 1858 adoptivo
1299 1828 1376 1857 patre
1402 1823 1492 1851 locuta
1518 1823 1608 1851 fuerat
1628 1833 1635 1858 ;
1661 1825 1720 1860 ipse

929 1873 1020 1896 autem
1034 1875 1107 1901 eum,
1130 1867 1177 1903 qui
1194 1873 1292 1895 natura
1313 1868 1365 1895 sibi
1386 1868 1468 1896 Pater
1493 1875 1564 1902 erat,
1589 1871 1721 1898 manifes-

932 1917 1013 1944 tabat.

969 1962 1044 1991 Vera.
1064 1963 1109 1990 50.
1121 1962 1155 1990 Et
1171 1962 1222 1996 ipsi
1235 1976 1270 1983 ——
1281 1961 1344 1989 illis.
1364 1961 1442 1995 Quod
1453 1966 1511 1989 erat
1527 1962 1560 1989 de
1575 1962 1690 1997 templo.

965 2009 1044 2037 Vers.
1066 2009 1110 2038 5|.
1130 2008 1165 2035 Et
1180 2008 1314 2036 descendit
1332 2023 1361 2029 —
1374 2009 1439 2035 illis.
1466 2008 1582 2041 Docens,
1607 2015 1637 2036 ut
1657 2010 1721 2036 sub-

930 2057 979 2085 diti
988 2057 1147 2090 simusmon
1155 2055 1244 2084 solum
1256 2056 1428 2084 naturalibus
1439 2056 1611 2091 parentibus,
1624 2063 1719 2083 verum

929 2103 1012 2131 etiam
1028 2102 1175 2137 adoptivis.

965 2149 1044 2177 Vers.
1057 2150 1102 2177 51.
1116 2148 1151 2176 Et
1161 2153 1247 2176 mater
1258 2163 1293 2168 —
1308 2156 1366 2176 suo.
1379 2148 1445 2181 Quae
1456 2148 1489 2175 de
1504 2147 1604 2182 templo
1616 2147 1721 2174 dixerat

930 2203 962 2223 ac
976 2195 1084 2228 similia,
1103 2199 1233 2230 tanquam
1256 2194 1339 2222 verba
1361 2202 1418 2222 non
1444 2194 1606 2228 simpliciter
1628 2194 1719 2231 pueri.

89 2231 138 2258 καὶ
155 2230 221 2257 Υἱοῦ
240 2230 287 2256 τοῦ
304 2229 383 2256 Θεοῦ.
410 2229 535 2265 Διετήρει
556 2229 584 2256 δὲ
600 2229 688 2256 ταῦτα
714 2229 878 2262 ὲξετάζουσα

944 2242 979 2269 ed
997 2241 1078 2269 etiam
1104 2229 1227 2269 liliirDei.
1244 2240 1430 2268 Conservabat
1447 2244 1538 2267 autem
1558 2229 1720 2266 examinans

89 2277 151 2304 καθ’
164 2276 275 2312 ἑαυτὴν,
290 2275 327 2308 ὡς
344 2276 381 2312 μὴ
401 2275 495 2307 ἅπλῶς
520 2273 667 2311 εἰρημένα.

126 2323 180 2350 Kal
206 2321 567 2356 Ἰησοῦς-ἀνθρώποις.
599 2321 643 2353 Ὠς
667 2321 775 2348 παιδίον
805 2321 879 2357 νόμῳ

89 2370 196 2403 φύσεως
212 2368 383 2404 ἀνθρωπίνης
411 2368 581 2402 προέκοπτεν
595 2369 635 2400 εἰς
648 2368 734 2395 ταῦτα
751 2369 820 2394 κατὰ
835 2377 880 2403 μι-

88 2416 164 2452 κρόν·
180 2416 217 2447 ὡς
231 2415 284 2452 γὰρ
299 2415 365 2447 Θεὸς
388 2414 546 2447 παντέλειος
569 2413 612 2451 ἦν.

124 2461 288 2499 [Γρηγορίου
306 2461 361 2497 (75)
379 2460 426 2488 τοῦ
455 2460 597 2496 Θεολόγου.
625 2462 802 2496 Προέκοπτε,
823 2469 877 2496 φη-

90 2510 144 2541 σὶν,
165 2509 221 2545 (74)
235 2509 330 2544 ὥσπερ
346 2508 451 2544 ἡλικίᾳ,
467 2507 540 2535 οὕτω
554 2508 602 2535 καὶ
618 2508 698 2543 σοφίᾳ
710 2509 757 2535 καὶ
772 2508 875 2544 χάριτι.

88 2556 126 2583 οὐ
152 2554 191 2590 τῷ
210 2554 298 2582 ταῦτα
323 2554 477 2590 λαμϐάνειν
506 2553 630 2589 αὔξησιν·
647 2554 674 2580 τί
696 2554 750 2590 γὰρ
767 2554 813 2581 τοῦ
829 2555 878 2581 ἀπ’

88 2603 176 2638 ἀρχῆς
187 2602 290 2629 τελείου
301 2601 399 2635 γένοιτ’
411 2601 445 2628 ἂν
458 2600 621 2635 τελεώτερον
633 2609 641 2633 ;
653 2601 720 2628 ἀλλὰ
743 2600 783 2635 τῷ
808 2600 878 2627 κατὰ

90 2651 190 2686 μικρὰν
197 2650 284 2676 ταῦτα
296 2648 545 2684 παραγυμνοῦσθαι
557 2648 606 2675 καὶ
618 2647 877 2685 παρεκφαινεσθαι.]

87 2707 167 2734 ΚΕΦ.
183 2707 221 2733 E'.
235 2705 306 2740 Περὶ
320 2705 374 2732 τοῦ
390 2705 553 2767 γεξομένου
572 2704 707 2739 ῥήματος
722 2703 797 2738 πρὸς
817 2704 877 2731 Ἰω-

444 2748 531 2767 ννην.

444 2748 531 2768 νγην.

423 2749 443 2767 α
503 2749 531 2768 ν.

130 2789 182 2815 Ἐν
199 2787 259 2816 ἔτει
278 2802 313 2808 --
329 2749 501 2821 ΚαίσαρΖῗι
520 2786 600 2814 Μετὰ
619 2786 665 2814 τὸν
680 2786 873 2822 προρρηθέντα

928 2288 999 2322 apud
1011 2294 1082 2317 sese.
1104 2291 1198 2321 utpote
1213 2293 1273 2321 qua:
1283 2294 1338 2314 non
1356 2285 1506 2321 vulgariter
1522 2284 1594 2312 dicta
1610 2289 1699 2311 erant.

964 2332 1042 2360 Vers.
1067 2332 1112 2359 52.
1135 2331 1169 2358 Et
1191 2331 1456 2359 Jews—homines.
1484 2330 1625 2365 Tanquam
1649 2339 1718 2365 puer

927 2379 986 2414 lege
1002 2379 1128 2405 humanae
1144 2383 1248 2415 natura:
1266 2377 1396 2412 paulatim
1413 2377 1447 2404 ad
1463 2377 1521 2403 haec
1546 2377 1718 2411 proﬁciebat.

929 2425 995 2452 Nam
1012 2429 1041 2452 ut
1052 2425 1122 2452 Deus
1135 2425 1248 2451 omnino
1260 2423 1400 2459 perlectus
1416 2427 1486 2450 erat.

966 2469 985 2505 -ι-
1000 2470 1113 2506 Gregor.
1126 2469 1260 2504 Theolog.
1278 2469 1450 2501 Proﬁciebat,
1463 2469 1562 2505 inquit,
1579 2472 1609 2494 ut
1627 2473 1718 2499 telum,

932 2517 969 2544 ita
979 2521 1006 2543 et
1021 2516 1152 2550 sapientia
1169 2521 1197 2543 et
1212 2515 1309 2550 gratia.
1327 2514 1385 2542 Non
1405 2515 1464 2542 haec
1474 2515 1599 2549 accipere
1612 2519 1720 2548 oportet

933 2570 981 2598 per
994 2567 1184 2597 augmentum.
1203 2562 1274 2595 Quid
1294 2562 1392 2589 enim?
1413 2560 1484 2588 Num
1509 2561 1555 2595 qui
1582 2561 1616 2587 ab
1642 2561 1719 2587 initio

933 2608 1068 2643 perfectus
1082 2612 1151 2646 erat,
1174 2608 1320 2643 perfectior
1342 2608 1399 2635 ﬁeri
1416 2608 1548 2642 poterat?
1569 2607 1622 2634 Sed
1645 2607 1719 2641 quod

930 2653 988 2682 haec
1001 2654 1131 2689 paulatim
1147 2653 1301 2681 denudaret
1313 2661 1344 2680 ac
1359 2653 1573 2681 demonstraret.
1611 2658 1612 2661 ‘

926 2708 1002 2737 CAP.
1024 2709 1057 2737 ν.
1068 2724 1106 2729 -
1118 2708 1158 2736 l)e
1171 2708 1259 2742 verba,
1272 2709 1341 2744 quod
1357 2710 1458 2744 factum
1469 2714 1507 2736 est
1528 2710 1563 2736 ad
1577 2708 1718 2737 Joannem.

961 2786 1037 2815 CAP.
1048 2786 1092 2814 Ill.
1103 2787 1182 2815 νει-ε.
1195 2787 1221 2814 1.
1230 2786 1468 2815 Atina—Cesaris.
1481 2787 1546 2816 Post
1556 2788 1718 2824 praedjctum

685 2844 784 2876 Varia)
804 2844 957 2877 lectiones
976 2847 1008 2874 et
1027 2847 1123 2876 notze.

123 2897 179 2931 (75)
197 2897 217 2924 Δ
232 2896 258 2924 in
272 2896 393 2932 margine
409 2895 430 2922 B
444 2895 472 2923 in
487 2900 571 2924 textu.

966 2895 1023 2931 (74)
1039 2895 1154 2931 Gregor.
1171 2895 1301 2924 Nazianz.
1312 2904 1374 2933 pag.
1391 2896 1426 2925 86
1440 2896 1488 2925 ﬁn.
