1940 3075
201 136 255 164 903

813 126 1006 159 EUTHYMII
1039 126 1221 156 ZlGABEN'l

1785 127 1820 156 εἰ)
1830 125 1840 155 l

201 200 314 221 accessu
341 191 473 219 difﬁcilia.
489 188 683 225 Signiﬁcantur
710 191 800 213 autem
828 193 877 220 per
899 185 994 213 vallem

1056 184 1123 210 mia
1140 184 1186 210 καὶ
1201 182 1378 218 δυσπρόσιτα.
1393 182 1546 210 Λίνίττετειι
1560 182 1588 209 δὲ
1604 182 1648 209 διὰ
1661 183 1711 218 τῆς
1729 183 1839 218 φὰρλγ-

200 238 337 275 prtefracti
353 243 380 264 et
397 237 431 263 ad
453 235 617 270 pravitatem
637 231 807 259 allicientes:
824 231 904 257 vallis
918 231 993 258 enim

201 274 336 318 praerupta
357 285 408 308 est.
427 280 478 306 Per
494 283 614 306 montem
634 281 660 305 et
681 276 777 304 colletn
791 274 866 309 elati,
881 275 942 304 duri
963 284 995 303 ac

200 326 363 356 infructuosi
390 325 424 352 ad
450 326 590 351 virtutem.
626 324 758 358 lmplelur
786 329 878 351 autem
903 322 994 350 omttis

200 375 288 406 vallis,
314 373 417 407 injecto
441 371 570 406 eo,.qu0d
586 371 690 402 deerat,
705 371 830 398 videlicet
845 370 945 405 pietate
962 377 994 396 ac

201 421 302 448 virtute
315 428 320 445 :
332 418 497 453 deprimitur
508 425 571 445 vero
583 425 674 444 omnts
687 425 765 444 mons
773 423 799 444 ct
813 417 890 444 collis
902 416 993 443 ablato

200 465 339 501 superﬂuo
372 469 436 500 puta
452 464 592 499 impietate
608 471 639 491 ac
656 464 799 499 pravitate.

237 606 433 640 Quodautem
447 603 549 632 dicitur
579 603 681 636 Omnis,
702 604 753 631 etsi
780 604 934 632 universale
947 604 993 638 sit,

201 653 301 688 saepius
334 655 424 679 tamen
458 651 529 686 apud
575 650 704 678 Hebraeos
741 658 794 677 non
835 650 993 678 universum

201 699 347 734 signiticat,
366 697 414 725 Sed
431 697 595 732 simpliciter
615 696 832 723 multitudinem.
859 696 951 724 Potest
967 702 995 724 et

201 746 254 772 alio
282 752 391 779 quoque
404 743 485 770 modo
502 743 580 769 vallis
605 742 713 777 quidem
738 742 803 770 illos
818 742 993 777 innuere,qtti

201 792 227 818 in
255 790 422 826 profundum
450 788 615 825 perditionis
635 788 736 822 dejecti
763 789 909 824 sunt,qui
940 789 992 815 im-

202 838 321 873 plebitur
336 844 384 871 per
407 835 593 870 evangelicam
620 833 854 869 praedicationem.
873 833 952 861 Mons
966 838 994 860 et

1046 239 1094 263 γος
1104 230 1152 265 μὲν
1165 229 1227 261 τοὺς
1245 229 1400 264 ἀποτόμους
1421 230 1467 255 καὶ
1479 227 1657 260 ἐλκυστικοὺς
1671 228 1711 261 εἰς
1725 230 1837 255 κακίαν-

1046 275 1186 310 ἀπότομος
1199 275 1254 310 γὰρ
1281 276 1327 301 καὶ
1344 275 1524 310 ἀπόκρημνος
1546 276 1562 310 ἡ
1578 275 1688 310 φάγαρξ
1706 283 1712 289 ·
1731 276 1776 303 διὰ
1790 276 1840 302 τοῦ

1044 321 1124 356 ὅρους
1139 322 1166 347 δὲ
1182 322 1230 348 καὶ
1244 321 1340 356 βουνοῦ
1369 321 1432 352 τοὺς
1448 320 1620 356 ἐπηρμένους
1641 322 1686 348 καὶ
1704 321 1840 357 σκληροϋς

1045 368 1093 394 καὶ
1111 367 1253 402 ἀκάρπους
1269 369 1308 399 εἰς
1326 368 1438 403 ἀρετήν.
1455 368 1508 394 Καὶ
1523 368 1676 404 πληροῦται
1696 369 1745 402 μὲν
1760 370 1838 395 πᾶσα

1045 415 1156 450 φάραγξ
1182 414 1400 448 ἐπιϐαλλομένου
1427 414 1474 441 τοῦ
1499 414 1651 447 λείποντος,
1674 415 1758 450 Ιῆγουν
1789 416 1841 449 τῆς

1045 460 1189 492 εὺσεῦείας
1209 461 1255 487 καὶ
1270 460 1383 495 ἀρετῆς·
1401 461 1579 488 ταπεινοῦται
1595 461 1622 487 δὲ
1642 462 1695 488 πᾶν
1715 461 1777 496 ὃρος
1791 462 1841 487 καὶ

1046 505 1150 541 βουνὸς,
1169 506 1394 541 ἀποτεμνομένου
1406 506 1453 533 τοῦ
1468 507 1686 542 περιττεύοντος,
1709 508 1756 542 τῆς
1773 509 1843 533 ἀσε-

1046 553 1124 584 ὁείας
1140 553 1188 579 καὶ
1202 552 1312 584 κακίας.

1080 599 1117 626 Τὸ
1139 599 1167 626 δὲ
1184 599 1247 631 πᾶς,
1271 601 1295 627 εὶ
1312 598 1359 626 καὶ
1375 598 1518 626 καθολικόν
1532 600 1618 632 ἐστιν,
1636 599 1693 626 ἀλλ’
1712 598 1758 626 οὖν
1775 599 1842 635 παρ’

1050 646 1190 682 Ἑϐραίοις
1205 646 1336 678 πολλάκις
1354 646 1385 673 οὺ
1405 647 1535 680 σημαίνει
1562 647 1592 672 τὸ
1620 647 1747 679 καθόλου,
1772 647 1842 673 ἀλλὰ

1045 691 1148 726 πλῆθος
1163 691 1267 722 ἁπλῶς.
1284 691 1332 726 Εῖη
1349 691 1371 717 δ’
1386 691 1419 717 ἂν
1434 691 1481 718 καὶ
1496 691 1598 726 ἑτέρως
1620 691 1730 726 φάραγξ
1747 691 1796 727 μὲν
1817 693 1842 718 ol

1045 737 1270 773 καταρόαγέντες
1285 737 1325 769 εἰς
1333 737 1416 772 βάθος
1430 737 1567 769 ἀπωλείας
1579 737 1730 772 ἄνθρωποι,
1741 738 1843 768 οἵτινες

1046 782 1248 819 ἐπληρώθησαν
1283 782 1330 809 τοῦ
1358 782 1539 817 εὐαγγελικοῦ
1559 784 1751 818 κηρύγματος’
1777 782 1842 818 ὅρος

1046 829 1075 855 δὲ
1093 828 1139 854 καὶ
1157 828 1263 864 βουνὸς,
1290 829 1315 853 οι
1326 828 1479 862 ἐπηρμένοι
1497 828 1635 862 δαίμονες,
1653 828 1753 860 οῐτινες
1779 829 1843 855 ἔται

214 861 317 865 ..--..--
336 861 379 871 Γ.
412 861 419 863 ε
445 861 449 862 ,
478 861 493 870 υ
620 861 629 869 _

200 861 289 916 collis,
307 882 395 909 elatos
417 881 567 913 daemones,
583 882 630 915 qui
657 880 848 915 deprimentur
863 885 890 907 et
914 887 994 908 ever-

1056 873 1221 910 τεινώθησαν
1240 874 1288 901 καὶ
1305 874 1461 902 κατέπεσον
1478 874 1531 900 ὑπὸ
1545 875 1591 901 τοῦ
1606 875 1737 910 Χριστοῦ.

202 933 293 957 tentur
306 935 321 954 a
337 926 458 954 Christo.

238 973 318 1002 \‘ers.
331 973 358 1000 5.
372 972 404 999 Et
417 973 522 1007 obliqua
549 972 612 1007 ﬁent
635 987 670 992 ——
684 971 783 1006 plane.
805 970 918 1006 Obliqua
931 977 996 998 sunt

201 1020 252 1047 vim
272 1027 408 1054 perversae
434 1018 590 1051 hominum,
618 1023 645 1045 et
658 1025 762 1052 asperae
776 1018 835 1050 viae,
851 1018 995 1053 opiniones

201 1065 343 1100 ipsorum;
369 1065 427 1092 haec
451 1064 517 1091 lient
537 1068 610 1091 recta
638 1069 665 1091 et
682 1064 775 1099 plana,
799 1064 836 1092 ita
848 1068 877 1091 ut
896 1071 945 1099 per
964 1071 995 1091 ea

201 1111 374 1147 aequabiliter
386 1115 504 1147 pergant
525 1111 559 1138 ad
583 1110 732 1137 Christum.
753 1110 807 1138 Aut
821 1111 903 1138 etiatn
923 1111 994 1138 obli-

203 1159 293 1193 quitas
306 1162 333 1184 et
356 1158 492 1192 asperitas
520 1157 676 1192 pravitatis,
697 1157 724 1184 in
755 1156 950 1185 rectitudinem
968 1162 995 1185 et

201 1205 345 1240 planitiem
360 1204 472 1231 virtutis
485 1205 688 1232 immutabitur.

236 1248 286 1276 Vel
298 1249 351 1276 alio
367 1256 476 1284 quoque
492 1249 583 1282 modo,
595 1249 742 1284 obliquitas
761 1254 788 1277 et
803 1250 937 1285 asperitas
950 1257 995 1276 ve-

202 1295 267 1322 teris
282 1294 359 1330 legis,
391 1294 418 1321 in
435 1295 627 1322 rectitudinem
643 1303 675 1323 ac
689 1295 885 1330 perfectionem
905 1294 994 1323 Evan-

201 1341 265 1376 gelii
294 1340 597 1368 convertetur.Veteris
622 1342 734 1377 quidem
749 1342 816 1377 legis
831 1342 993 1377 obliquitas,

201 1391 259 1413 erat
272 1387 425 1414 obscuritas
449 1395 480 1414 ac
505 1387 640 1420 varietas;
656 1390 790 1423 asperitas
812 1397 886 1421 vero,
899 1394 994 1416 austeo

202 1431 270 1458 ritas
295 1436 321 1458 et
350 1432 620 1467 incontpassibilitas.
641 1432 748 1460 Rursus
764 1433 894 1469 Evangilii
912 1435 995 1461 recti-

201 1477 269 1504 tudo
284 1481 327 1504 est
353 1478 465 1504 claritas
490 1485 523 1505 ac
552 1478 732 1513 simplicitas:
762 1479 860 1507 lenitas
891 1486 993 1512 autetn.

201 1522 383 1549 mansuetudo
396 1527 423 1549 et
439 1523 681 1558 compassibilitas.

234 1566 303 1594 Vers
314 1586 320 1593 .
334 1567 359 1593 6.
380 1566 413 1594 Et
422 1568 562 1594 uidebit—
579 1567 637 1596 Dei.
661 1568 887 1597 Salutarelumen
903 1569 995 1597 Evan-

201 1612 323 1647 gelii,vel
343 1613 492 1641 salutarem
513 1615 807 1652 incarnationem,un
822 1616 903 1644 ambo
923 1625 994 1652 prae-

200 1659 307 1693 paravit
318 1658 390 1686 Deus
409 1664 473 1687 ante
489 1660 587 1688 faciem
608 1662 732 1689 omnium
753 1665 930 1698 populorum.

236 1752 323 1781 Vere.
337 1755 364 1781 ‘1.
393 1754 603 1783 Dicebat—ira?
620 1755 684 1785 Haec
707 1758 789 1786 etiam
805 1759 914 1795 scripsit
927 1759 996 1787 Mat-

201 1799 291 1826 tbaeua
303 1800 392 1835 capite
404 1801 485 1828 tertio
500 1802 542 1829 sui
561 1802 714 1839 Evangelii.
730 1809 758 1832 et
769 1803 796 1831 in
812 1812 845 1832 eo
858 1805 995 1833 declarata

201 1849 276 1872 sunt.

235 1891 357 1919 Vers.8.
374 1892 503 1920 Facile—
520 1893 643 1927 Mra/tat.
661 1886 792 1924 Similiter
808 1902 835 1925 et
854 1897 922 1925 lttrc.

237 1936 305 1965 Vers
317 1940 344 1966 .9
352 1959 359 1966 .
372 1938 435 1966 lam
446 1946 534 1968 autem
542 1955 578 1960 —
587 1943 698 1969 mititur.
709 1943 769 1971 Pari
783 1945 863 1973 modo
875 1953 903 1973 et
918 1947 993 1974 meo:

200 1990 292 2017 quaere
312 1992 378 2020 ergo
393 1986 430 2013 ibi
448 1987 573 2015 omnium
587 1989 802 2018 enarrationem.

201 2051 277 2080 CAP.
293 2052 336 2080 Vl.
355 2053 391 2081 De
401 2055 442 2081 Itis
457 2056 501 2090 qui
516 2055 645 2085 Joannem
660 2059 871 2094 interrogabant.

254 2119 332 2149 Vers.
347 2122 390 2150 l0.
408 2123 442 2150 Et
462 2124 659 2161 interrogabant
670 2142 707 2148 --
720 2129 941 2163 facientus?.lussi
956 2130 997 2158 fa-

202 2173 265 2193 cere
282 2166 387 2195 fructus
404 2169 564 2204 paenitentia
594 2173 689 2208 dignos
702 2173 879 2209 interrogant.

243 2211 309 2240 Vcrs
319 2233 326 2240 .
341 2214 384 2240 il.
402 2214 576 2249 Respondens
602 2232 639 2237 -—
656 2219 770 2246 habenti.
783 2219 885 2247 Tradat
895 2221 996 2248 nullam
1011 2212 1039 2242 Ῑ)

203 2259 316 2286 omnino
331 2259 441 2287 habenti
456 2267 520 2288 :aut
536 2263 777 2299 habentiquidem,
788 2267 836 2293 sed
859 2267 995 2295 inutilem.

256 2305 387 2334 Vers.il.
399 2306 433 2334 Et
448 2309 538 2343 qui—
552 2310 645 2344 faciat.
662 2310 713 2338 Per
727 2312 898 2340 traditionem
914 2314 997 2342 vestis

203 2359 235 2379 ac
250 2353 303 2379 cibi
337 2353 506 2380 tnducuntur
528 2355 555 2382 hi
589 2356 623 2383 ad
655 2365 804 2392 pauperum
832 2356 995 2394 subsidium,

205 2399 485 2427 communicationem
503 2406 530 2428 et
543 2408 668 2430 mutuum
689 2412 822 2432 amorem.
842 2406 913 2433 Nihil
932 2415 996 2442 ergo

205 2452 290 2477 nunc,
304 2446 376 2479 quod
392 2447 502 2481 gravius
529 2454 615 2481 esset,
632 2450 684 2478 illis
713 2453 858 2487 praecipit;
893 2453 995 2486 sciens,

206 2491 280 2526 quod
300 2500 353 2519 non
374 2493 462 2521 multo
476 2500 539 2529 post
561 2496 686 2524 Christus
714 2500 872 2534 evangelica
891 2500 996 2528 stabili-

207 2543 285 2566 turus
300 2544 372 2567 esset
386 2547 532 2576 prwcepta.

260 2583 336 2612 Vers.
351 2586 393 2613 12.
419 2585 721 2618 Venerunt—Vcrs.l.‘5.
738 2593 842 2627 exigite.
853 2592 995 2620 llabebant

204 2632 278 2659 enim
305 2634 484 2661 constitutum
500 2634 535 2662 de
567 2638 766 2671 exactionibus,
793 2639 827 2665 de
844 2639 995 2674 quantitate

205 2683 232 2705 et
244 2678 375 2713 qualitate
399 2684 568 2709 exactorum.

243 2723 321 2751 Vcrs.
338 2725 377 2752 lt.
393 2725 595 2762 Interrogabant
611 2744 645 2749 —
663 2729 870 2757 calumniemini.
887 2730 995 2759 Concu-

206 2770 389 2799 tiebanteuim
409 2774 684 2803 etcalurnniabantur
705 2777 993 2812 multos,qnasiaCte-

207 2825 267 2844 sare
294 2819 464 2854 deﬁcientes,
480 2827 526 2849 aut
549 2823 725 2853 insidiatores
746 2834 753 2859 ;
771 2834 803 2853 eo
820 2827 892 2861 quod
913 2826 995 2854 vitam

206 2865 323 2899 turpiter
334 2873 516 2901 quaistuosam
532 2871 674 2899 ducerent.

1083 966 1137 994 Kal
1159 966 1246 993 ἔσται
1262 966 1296 994 τὰ
1318 966 1428 994 σκολιὰ
1442 982 1475 987 -
1488 967 1585 999 λείας.
1603 966 1643 993 Τὰ
1668 967 1763 993 σκολιὰ
1786 965 1842 1004 ἢθη

1046 1014 1100 1040 τῶν
1109 1013 1335 1048 διεστραμμένων
1350 1012 1515 1048 ἀνθρώπων,
1525 1014 1572 1040 καὶ
1583 1013 1610 1040 αἱ
1620 1015 1755 1049 τραχεῖαι,
1769 1014 1841 1048 γνῶ-

1048 1069 1097 1095 μαι
1125 1059 1214 1086 αύτῶν
1241 1059 1456 1093 εὐθυνθήσονται
1470 1060 1516 1085 καὶ
1543 1059 1750 1094 λεανοήσονται,
1769 1058 1844 1086 ὥστε

1046 1106 1150 1133 ὁδεύειν
1165 1107 1208 1132 ἐπ’
1227 1105 1316 1132 αὐτῶν
1345 1106 1455 1139 ὁμαλῶς
1483 1106 1527 1133 τὸν
1550 1106 1679 1140 Χριστόν.
1701 1107 1736 1133 Ἢ
1759 1106 1808 1133 καὶ
1822 1107 1839 1142 ή

1048 1150 1191 1185 σκολιότης
1207 1151 1255 1177 καὶ
1279 1150 1419 1186 τραχύτης
1435 1151 1485 1186 τῆς
1510 1151 1609 1183 κακίας
1635 1151 1675 1182 εἰς
1703 1150 1843 1187 εὐθύτητα

1047 1199 1094 1224 καὶ
1108 1196 1236 1232 λειότητα
1254 1197 1357 1231 ἀρετῆς
1368 1198 1584 1232 μεταστήσεται.

1086 1245 1124 1270 'H
1148 1244 1195 1271 καὶ
1209 1244 1321 1278 ἑτέρως,
1339 1245 1355 1279 ή
1372 1244 1514 1280 σκολιότης
1532 1245 1579 1270 καὶ
1594 1245 1611 1280 ή
1640 1244 1779 1281 τραχύτης
1795 1243 1843 1272 τοῦ

1046 1289 1163 1316 παλαιοῦ
1190 1289 1273 1323 νόμου
1307 1289 1347 1321 εἰς
1376 1288 1516 1324 εὐθύτητα
1545 1290 1593 1316 καὶ
1632 1290 1759 1324 λειότητα
1793 1289 1842 1317 τοῦ

1047 1335 1217 1370 Εὑαγγελίου
1233 1335 1488 1371 μεταϐληθήσεται.
1507 1336 1560 1362 Τοῦ
1581 1336 1610 1363 δὲ
1627 1336 1744 1363 παλαιοῦ
1756 1336 1841 1371 νόμου

1047 1383 1190 1417 σκολιότης
1207 1382 1267 1417 μὲν,
1295 1382 1311 1417 ἡ
1334 1382 1454 1416 ἀσάφεια
1478 1383 1526 1409 καὶ
1544 1382 1676 1409 ποικιλία·
1700 1383 1842 1418 τραχύτης

1045 1429 1085 1462 δὲ,
1106 1429 1136 1455 τὸ
1160 1429 1298 1464 αὐστηρὸν
1322 1428 1370 1456 καὶ
1387 1429 1563 1464 ἁσυμπαθές-
1592 1429 1639 1456 καὶ
1652 1429 1698 1455 τοῦ
1719 1430 1844 1464 Εὑαγγε-

1045 1474 1104 1501 λίου
1127 1474 1209 1502 πάλιν
1232 1474 1350 1508 εὐθύτης
1373 1474 1436 1509 μὲν,
1449 1475 1466 1510 ὴ
1482 1476 1618 1510 σαφήνεια
1634 1475 1682 1502 καὶ
1701 1476 1822 1512 ἁπλότης
1833 1483 1841 1491 ·

1047 1521 1154 1558 λειότης
1168 1521 1208 1554 δὲ,
1228 1522 1244 1557 ἠ
1262 1522 1386 1557 πραότης
1406 1521 1454 1548 καὶ
1471 1521 1640 1557 συμπάθεια.

1081 1569 1135 1595 Καὶ
1165 1568 1272 1602 ὄψεται
1301 1584 1334 1590 -
1358 1568 1445 1596 Θεοῦ.
1475 1569 1512 1595 Τὸ
1540 1569 1675 1604 σωτήριον
1708 1569 1766 1604 φῶς
1793 1569 1841 1597 τοῦ

1046 1614 1226 1650 Εὑαγγελίου,
1249 1614 1329 1651 ῆτὴν
1357 1615 1491 1650 σωτήριον
1506 1616 1729 1650 ἑνανθρώπησιν,
1755 1614 1774 1642 ἃ
1793 1617 1843 1643 καὶ

1046 1662 1131 1697 ἄμφω
1157 1661 1308 1697 ἡτοίμασεν
1333 1661 1347 1688 ὁ
1367 1661 1433 1693 Θεὸς
1459 1660 1531 1688 κατὰ
1555 1661 1701 1697 πρόσωπον
1729 1662 1843 1689 πάντων

1045 1707 1101 1734 τῶν
1116 1707 1200 1734 λαῶν.

1083 1753 1256 1788 Ἐλετεν-
1272 1752 1365 1788 ὀργῆς
1377 1761 1387 1786 ;
1402 1752 1496 1780 Ταῦτα
1523 1753 1569 1779 καὶ
1594 1754 1608 1780 ό
1623 1753 1763 1784 Ματθαῖος
1778 1753 1843 1780 ἀνέ-

1046 1800 1154 1835 γραψεν
1171 1801 1200 1827 ἐν
1217 1800 1256 1836 τῷ
1273 1801 1359 1836 τρίτῳ
1377 1800 1521 1836 κεφαλαίῳ
1533 1800 1580 1827 τοῦ
1601 1801 1770 1836 Εὐαγγελίου
1793 1802 1843 1828 aib-

1046 1845 1093 1872 τοῦ
1105 1855 1112 1862 ·
1129 1846 1176 1872 καὶ
1201 1846 1416 1881 ἡρμηνεύθησαν
1432 1848 1462 1872 ὲν
1477 1846 1585 1881 ἐκείνῳ.

1083 1891 1235 1925 Ποιήσατε
1252 1906 1287 1911 ——
1303 1891 1440 1925 Ἀϐραάμ.
1464 1891 1582 1927 Ὁμοίως
1599 1900 1647 1918 κα.
1658 1891 1756 1920 ταῦτα.

1084 1939 1157 1973 Ἤδη
1174 1939 1208 1965 δὲ
1219 1953 1253 1959 --
1261 1938 1423 1971 βάλλεται.
1449 1939 1656 1974 Παραπληαῐως
1681 1940 1729 1967 καὶ
1741 1939 1839 1974 ταῦτα,

1047 1987 1095 2014 καὶ
1111 1986 1231 2021 ζήτησον
1247 1986 1307 2012 ἐκεῖ
1321 1985 1370 2021 τὴν
1387 1987 1517 2021 ἐξήγησιν
1533 1986 1652 2013 πάντων.

1048 2053 1126 2080 ΚΕΦ.
1137 2054 1182 2087 ς’.
1195 2052 1265 2087 Περὶ
1278 2051 1337 2079 τῶν
1351 2051 1609 2086 ἐπερωτησάντων
1617 2053 1671 2080 τὸν
1689 2053 1841 2089 Ἰωάννην.

1094 2122 1150 2149 Kal
1181 2121 1342 2155 ἐπηρώτων
1367 2135 1403 2141 -
1421 2121 1612 2156 ποιήσομενῖ
1639 2121 1844 2155 Κελευσθέντες

1049 2171 1138 2196 ποιεῖν
1155 2169 1282 2204 καρποὺς
1297 2168 1390 2201 ἀξίους
1401 2169 1452 2203 τῆς
1468 2167 1624 2203 μετανοίας,
1652 2168 1841 2204 ἐπερωτῶσιν.

1101 2218 1279 2251 Αποκριθεὶς
1306 2233 1339 2238 —-
1355 2217 1468 2251 ἔχοντι.
1494 2218 1641 2245 Μεταδότω
1658 2218 1698 2254 τῷ
1717 2219 1842 2255 μηδόλως

1050 2265 1138 2300 ἔχοντι
1149 2273 1155 2280 ·
1177 2264 1193 2300 ἢ
1210 2264 1249 2299 τῷ
1265 2265 1352 2299 ἔχοντι
1364 2265 1423 2300 μὲν,
1438 2264 1574 2300 ἄχρηστον
1587 2265 1626 2292 δέ.

1085 2312 1139 2339 Kal
1156 2313 1172 2338 ό
1184 2326 1219 2331 -
1230 2312 1360 2338 ποιείτω.
1378 2310 1428 2338 Διὰ
1442 2312 1491 2346 τῆς
1511 2311 1681 2346 μεταδόσεως
1703 2312 1752 2339 τοῦ
1764 2312 1842 2339 ἐνδύ-

1051 2366 1135 2393 ματος
1150 2357 1196 2384 καὶ
1212 2358 1261 2393 τῆς
1275 2358 1381 2393 τροφῆς
1405 2359 1557 2394 είσηγεῖται
1575 2358 1680 2390 τούτοις
1700 2359 1749 2395 τὴν
1765 2359 1838 2386 ἀντί-

1049 2405 1131 2441 ληψιν
1158 2405 1213 2431 τῶν
1241 2407 1376 2440 πενήτων,
1393 2405 1440 2431 καὶ
1456 2405 1486 2431 τὸ
1504 2405 1665 2432 κοινωνικὸν
1679 2405 1727 2432 καὶ
1743 2405 1842 2440 φιλάλ-

1049 2451 1141 2487 ληλον.
1159 2450 1246 2477 Ούδὲν
1263 2448 1310 2478 οὖν
1326 2450 1478 2486 βαρύτερον
1505 2451 1535 2477 τό
1563 2459 1595 2485 γε
1617 2452 1665 2477 νῦν
1691 2453 1753 2486 ἕχον
1781 2453 1842 2478 ἐπι-

1049 2498 1141 2525 τάττει
1157 2497 1260 2529 αύτοῑς,
1274 2496 1353 2528 εἰδὼς
1368 2497 1410 2523 ὃτι
1434 2500 1448 2523 ό
1461 2497 1579 2531 Χριστὸς
1592 2498 1643 2524 οὐκ
1666 2499 1704 2529 εἰς
1729 2499 1841 2533 μακρὰν

1048 2543 1227 2579 νομοθετήσει
1240 2543 1286 2575 τὰς
1301 2543 1486 2578 εὐαγγελικὰς
1503 2543 1623 2575 ἐντολάς.

1083 2589 1199 2618 Ἦλθον
1215 2605 1248 2612 -
1265 2590 1430 2624 πράσσετε.
1457 2591 1602 2626 Διάταγμα
1618 2591 1673 2626 γὰρ
1699 2591 1773 2627 εἶχον
1793 2592 1857 2620 ἐπὶ.

1047 2638 1108 2668 ταῖς
1138 2637 1303 2672 ἀπαιτήσεσι
1334 2637 1399 2672 περὶ
1435 2638 1585 2672 ποσότητος
1620 2639 1667 2664 καὶ
1692 2639 1840 2675 ποιότητος

1048 2684 1101 2711 τῶν
1137 2683 1362 2718 ἀπαιτουμένων.

1091 2731 1265 2766 Ἐπηρώτων
1290 2747 1325 2753 -
1345 2730 1614 2766 συκοφαντήσητε.
1638 2732 1760 2758 Διέσειον
1784 2733 1840 2769 γὰρ

1050 2779 1098 2806 καὶ
1113 2779 1315 2812 ἐσυκοφάντουν
1326 2778 1450 2811 πολλοὺς,
1466 2778 1503 2810 ὡς
1517 2779 1675 2810 ἀποστάτας
1691 2779 1708 2815 ἢ
1725 2779 1838 2807 ἐπιϐού-

1048 2826 1111 2857 λους
1128 2824 1174 2852 τοῦ
1191 2824 1342 2859 Καίσαρος,
1359 2824 1393 2851 δι’
1409 2825 1643 2861 αἰσχροκέρδειαν.
