1940 3075
108 158 161 191 9-⁷ὶῦ

576 157 768 188 COMMENT.
788 156 830 186 IN
856 157 996 187 LUCAM.
1015 170 1048 174 -
1067 157 1147 188 CAP.
1170 157 1230 187 lIL

1690 159 1742 189 ίΟὸ

143 215 197 243 Kal
210 229 242 235 —-
261 215 354 249 ὑμῶν.
371 215 431 246 Τοῖς
448 215 625 250 σιτηρεσίοις.
651 214 835 250 Καταλλήλως
849 213 895 241 οὖν

986 214 1064 241 Vers.
1082 215 1123 242 M.
1141 214 1219 241 Ει-
1235 216 1335 242 uestris.
1347 230 1380 235 -—
1395 214 1518 242 Tesseris
1536 215 1737 242 frumentariis.

107 263 173 288 πᾶσι
192 261 339 297 παρῄνεσε,
359 261 408 296 τὴν
420 261 589 296 τελεωτέραν
606 261 783 288 διδασκαλίαν
796 261 896 287 ἀπολε-

107 307 207 339 λοιπὼς
221 307 259 343 τῷ
274 308 393 343 Χριστῷ.

142 353 376 388 Προσδοκῶντος
390 369 424 374 —
438 354 526 382 λαοῦ.
547 354 818 389 ’Υπολαμὸἀνοντος·
837 354 896 382 εἶτα

107 399 294 435 ἑφερμηνεύει
307 399 353 426 τὸν
368 399 458 434 λόγον.

142 445 198 473 Καὶ
212 444 461 480 διαλογιζομένων
482 460 516 468 -—
531 446 636 473 ἅπασι.
661 444 897 481 Διαλογιζομένων

109 493 230 526 πάντων,
249 493 355 528 μήποτε
375 493 457 524 αὺτδς
474 492 515 528 εῐη
529 494 543 518 ὁ
561 492 686 528 Χριστὸς,
703 492 731 519 ὃν
745 492 773 523 pl
789 491 898 527 προφῆ-

107 548 153 567 ται
169 539 415 573 καταγγέλλουσιν·
442 539 588 573 ἐξέπληττε
608 539 660 574 γὰρ
677 538 776 570 αὐτοὺς
790 539 803 564 ὁ
819 538 898 571 λόγος

109 588 165 622 (88)
182 588 229 613 καὶ
243 588 258 622 ὴ
277 585 400 612 πολιτεία
412 586 506 612 αὐτοῦ·
525 586 606 620 γνοὺς
623 586 650 612 δὲ
665 587 679 612 ὁ
704 586 832 620 Ἰωάννης
849 585 898 620 τὴν

109 635 238 669 τοιτύτην
262 633 352 660 αὐτῶν
369 633 504 668 ὑπόληψιν
520 633 558 667 τῷ
584 631 730 667 διορατικῷ
747 631 897 665 πνεύματι,

109 680 276 716 ἀπεκρίνατο
289 679 482 714 διορθούμενος
496 680 592 713 αὑτήν.

145 727 248 760 Λέτων
263 740 298 747 -—
324 725 429 752 αὑτοῦ.
447 726 563 761 Εἴρηται
584 725 631 752 καὶ
663 724 728 759 περὶ
747 724 850 751 τούτων
869 724 897 750 ὲν

107 772 147 806 τῷ
163 772 249 808 τρίτῳ
275 772 417 807 κεφαλαίῳ
442 772 489 799 τοῦ
520 771 591 798 κατὰ
609 772 760 804 ἈῙατΟαῖον,
788 771 836 798 καὶ
852 770 900 805 ζὴ-

109 827 193 854 τησον
207 820 276 845 ἐκεῖ.
301 819 449 853 ’Δνὰγνωθι
466 818 494 845 δὲ
514 819 561 844 καὶ
591 818 619 845 ἐν
635 818 672 852 τῷ
696 818 833 853 προοιμίῳ
851 816 898 844 τοῦ

109 866 178 892 κατά
201 866 313 901 Μάρκον
329 865 377 900 τὴν
392 865 523 900 ἐξήγησιν
537 865 584 891 τοῦ
595 871 602 880 ⁸
619 864 758 899 Ἔρχεται
782 866 798 891 ὁ
811 865 898 898 ἰσχυ-

105 912 232 946 ρότερός
246 920 307 946 μου
322 912 420 938 ὀπίσω
433 920 504 945 μου.

143 957 163 992 1-
173 957 192 992 -ι-
214 959 247 983 '0
268 957 393 993 Ἰωάννης
406 957 461 992 (89)
474 956 555 992 φησίν
564 965 570 971 ·
584 957 644 984 οὐκ
659 956 716 991 εἰμὶ
728 956 833 990 ἰκανὸς
845 957 899 984 λῦ-

107 1009 160 1029 ινιιι
179 1002 232 1029 τὸν
259 1001 367 1036 (prima
390 1001 450 1028 τῶν
474 1001 676 1036 ὑποδημάτων
700 1001 806 1033 αὐτοῦ,
828 1002 899 1028 κατᾶ

111 1049 162 1083 μὲν
188 1050 237 1083 τὴν
257 1047 384 1083 προφανῆ
400 1047 505 1074 ἔννοιαν
527 1047 614 1083 δηλοῖ,
641 1048 681 1074 ὅτι
697 1047 757 1074 οὐδὲ
780 1047 897 1083 ἔσχατος

109 1095 200 1126 δοῦλος
217 1094 300 1121 αὐτοῦ
319 1094 378 1129 εἰμι
394 1093 468 1127 ἄξιος
479 1093 638 1120 τάττεσθαι·
655 1094 727 1121 κατὰ
744 1093 772 1119 δὲ
788 1093 818 1119 τὸ
831 1102 898 1128 κρυ-

110 1140 256 1175 φιώτερον,
274 1140 321 1166 δύο
341 1140 504 1175 ὑποδήματά
526 1140 580 1166 εἱσι
591 1138 638 1166 τοῦ
657 1140 771 1175 Κυρίου,
783 1139 800 1174 ἦ
817 1147 846 1166 τε
869 1139 898 1172 ἐξ

106 1186 225 1221 οὐρανοῦ
250 1186 296 1212 ἐπὶ
313 1185 363 1221 τὴν
383 1187 434 1221 γῆν
451 1185 594 1220 ἐπιδημία,
626 1186 675 1213 καὶ
691 1186 708 1220 ὴ
733 1186 765 1211 ἐκ
778 1185 830 1220 γῆς
852 1185 899 1211 ἐπὶ

108 1233 155 1259 τὴν
175 1232 252 1268 ᾅδην·
269 1232 372 1258 τούτων
383 1230 432 1258 οὖν
447 1231 501 1258 τῶν
522 1231 570 1258 δύο
583 1231 736 1266 ἑπιδημιῶν
747 1232 812 1262 τοὺς
836 1231 897 1265 τρόε

110 1287 178 1310 ’πυ-ις
194 1279 223 1305 οὐ
236 1278 347 1305 δύναταί
364 1287 406 1309 τις
418 1277 510 1311 λῦσαι,
526 1277 587 1304 οὐδὲ
618 1278 643 1304 εἰ
663 1277 734 1304 κατὰ
768 1277 897 1312 Ἰωάννην

109 1326 179 1351 ἐστι.
196 1325 244 1356 Τίς
260 1325 313 1359 γὰρ
340 1324 451 1350 δύναται
473 1325 571 1356 εἰπεῖν,
588 1323 604 1358 ἢ
621 1323 679 1355 πῶς
702 1323 858 1359 ἐσαρκώθη,
880 1322 897 1358 ἢ

111 1371 170 1404 πῶς
186 1371 320 1406 κατῆλθεν
334 1372 374 1402 είς
389 1370 473 1406 ᾷδηνς

144 1463 242 1496 Αὐτὸς
260 1478 295 1484 --
306 1463 389 1497 πυρί.
427 1463 472 1490 Ἐν
489 1462 527 1499 τῷ
543 1462 690 1498 δηλωθέντι
705 1462 791 1499 τρίτῳ
813 1471 893 1497 κεφα-

109 1509 179 1544 λαίῳ
203 1508 251 1535 τοῦ
278 1509 351 1536 κατὰ
369 1508 509 1535 Ματθαῖον
534 1508 662 1544 εὑρήσεις
681 1508 730 1535 καὶ
756 1509 819 1543 περὶ
835 1507 898 1534 τού-

106 1563 166 1582 του.

146 1602 289 1638 [Βαπτίζει
308 1602 363 1637 (90)
394 1601 511 1638 Χριστὸς
527 1603 556 1629 ὲν
584 1601 724 1637 [Ῑνεύματι
748 1610 798 1638 μεν
814 1602 893 1637 ἁγίῳ,

106 1651 173 1681 τοὺς
188 1649 312 1680 πιστούς’
342 1650 371 1674 ὲν
396 1649 464 1684 πυρὶ
479 1649 518 1680 δὲ,
533 1649 598 1680 τοὺς
625 1649 770 1681 ἀπίστους.
799 1648 854 1675 Καὶ
867 1649 896 1674 τὸ

109 1697 172 1731 μὲν,
187 1697 215 1722 ὲν
232 1696 270 1730 τῷ
284 1696 399 1730 παρόντι
409 1695 458 1731 βίῳ
469 1704 476 1710 -
489 1694 520 1722 τὸ
534 1695 572 1726 δὲ,
583 1695 611 1721 ὲν
623 1695 662 1730 τῷ
677 1694 826 1730 μέλλοντι.]

143 1741 184 1770 οὗ
198 1758 233 1762 -
243 1742 392 1776 ἀσϐέστῳ.
406 1741 499 1768 Ταῦτα
511 1742 558 1768 καὶ
569 1742 583 1768 ὀ
591 1741 731 1773 Ματοαίος
747 1741 895 1776 ἀνέγραψε,

110 1790 160 1816 καὶ
176 1789 420 1826 διηρμηνεύοησαν
435 1788 536 1823 ὁμοίως
552 1789 581 1815 ἐν
603 1789 642 1824 τῷ
656 1788 741 1824 τρίτῳ
755 1789 898 1824 κεφαλαίῳ

105 1845 204 1864 auten.

146 1881 251 1908 Πολλὰ
264 1896 299 1901 ——
313 1881 387 1914 λαῷ.
407 1879 494 1907 Πολλὰ
510 1881 558 1907 καὶ
570 1880 652 1916 ἕτερα
669 1880 734 1916 περὶ
754 1879 801 1906 τοῦ
828 1881 896 1914 Χρισ

109 1928 175 1954 στοῦ
194 1928 389 1962 εὐηγγελίζετο
405 1927 444 1962 τῷ
470 1927 539 1962 λαῷ,
565 1927 734 1962 παρακαλῶν
762 1927 898 1961 προεδρε-

109 1975 171 2009 μ;ἰν
192 1975 240 2000 καὶ
258 1972 402 2000 πιστεῦσαι
426 1973 512 2007 αὐτῷ,
536 1972 675 2007 ἐρχομένῳ
690 1972 751 2007 ἤδη·
768 1972 797 2006 ἢ,
813 1972 898 1998 πολλὰ

109 2020 176 2055 περὶ
192 2019 330 2055 σωτηρίας
346 2020 447 2050 αὐτῶν,
472 2018 642 2054 παρακαλῶν
664 2018 829 2053 μετανοῆσαι
849 2017 897 2044 αὺ-

107 2075 185 2092 τους.

150 2076 157 2091 Ι
178 2086 185 2092 .

150 2075 182 2138 "0
196 2111 230 2138 δὲ
253 2111 429 2145 Ἡρώδης-
446 2110 582 2146 φυλακῇ.
603 2110 681 2137 Μετὰ
695 2109 725 2136 τὸ
749 2109 900 2145 βαπτισθῆ-

108 2167 155 2185 ναι
183 2158 228 2184 τὸν
254 2158 387 2193 Χριστὸν,
412 2158 547 2193 δηλονότι.
574 2157 689 2192 [ἰῐρῆται
709 2156 737 2182 δὲ
753 2157 818 2191 περὶ
848 2156 898 2190 τῆς

59 2211 64 2215 ’
109 2205 230 2238 φρουρᾶς
242 2204 288 2231 τοῦ
311 2205 434 2231 Ἰωάννου
449 2205 478 2231 ἐν
496 2204 535 2239 τῷ
547 2203 662 2238 εἰκοστῷ
678 2204 796 2238 πέμπτῳ
811 2211 899 2237 κεφα-

108 2249 179 2284 λαίῳ
193 2250 240 2276 τοῦ
256 2252 326 2278 κατὰ
338 2251 488 2279 Ματοαῖον.

162 2295 288 2329 Εγένετο
298 2311 332 2316 -
347 2297 514 2330 ηὐδόκησα.
530 2296 695 2326 Βαπτισθεὶς
713 2297 895 2332 προσηύχετο,

107 2342 254 2375 διδάσκων,
270 2342 376 2377 ὅτιχρὴ
391 2343 454 2373 τοὺς
471 2342 672 2378 βαπτισθέντας
684 2342 894 2378 προσεύχεσθαι·

108 2389 140 2414 τὸ
158 2387 270 2422 Πνεῦμα
292 2387 320 2413 δὲ
340 2387 369 2414 τὸ
392 2388 470 2422 ἅγιον
497 2388 646 2423 σωματικῷ
664 2388 730 2414 εῖδει
749 2387 894 2422 κατῆλθεν,

110 2434 155 2461 ἵνα
174 2434 259 2470 οε;›.οᾗ
286 2435 342 2466 τοῖς
358 2437 524 2468 σωματικοῖς
546 2435 696 2471 ὀψθαλμοῖς
719 2435 774 2462 τῶν
789 2435 894 2470 ἀνθρώ-

108 2488 180 2511 πων,
199 2480 246 2505 καὶ
263 2480 303 2510 είς
318 2479 401 2514 τιμὴν
416 2480 463 2506 τοῦ
479 2479 606 2515 σώματος
621 2480 670 2507 τοῦ
684 2480 815 2515 Χριστοῦ.
831 2480 900 2515 Περὶ

106 2525 138 2551 δὲ
162 2524 210 2551 τοῦ
241 2526 431 2560 βαπτίσματος
455 2527 538 2553 αὑτοῦ
562 2527 732 2562 πλατύτερον
747 2527 869 2562 ἔγραψεν
885 2528 900 2553 ὁ

107 2571 248 2602 Meritoria;
261 2572 290 2598 ὲν
306 2571 344 2607 τῷ
357 2573 441 2608 τρίτῳ
458 2573 609 2608 κεφαλαίῳ,
621 2575 668 2600 καὶ
688 2573 901 2609 ἡρμηνεύοησαν

107 2618 138 2644 ὲν
153 2618 249 2653 ἐκείνῳ
263 2618 353 2645 πάντα
369 2620 440 2646 κατὰ
454 2619 539 2654 ῥῆμα.

146 2686 170 2701 ευ
186 2685 281 2714 Matth.
298 2688 320 2720 ι,
333 2688 361 2715 7.

948 260 1050 288 Omnes
1070 268 1134 296 ergo
1160 261 1325 288 admonebat
1350 261 1535 289 diversimode
1551 266 1581 288 ut
1610 261 1742 296 expedie-

948 307 1141 342 bat,perfeetio
1148 315 1207 334 rem
1221 308 1373 335 doctrinam
1390 307 1499 335 Christo
1514 308 1682 343 relinquens.

989 353 1068 380 Vera.
1100 354 1144 380 15.
1169 353 1344 388 Exspectatur:
1370 368 1391 372 -
1429 353 1533 388 populo.
1561 353 1743 388 Suspicante,

949 400 1047 427 deinde
1061 399 1255 434 interpretatur
1270 401 1393 427 verbum.

985 446 1060 473 Vers.
1074 446 1115 473 i5.
1127 446 1462 480 Etcogitantibua—Vers.
1475 447 1519 474 16.
1534 448 1674 475 Omnibus.
1687 449 1740 476 Co-

947 493 1097 528 gitantibus
1111 493 1252 525 omnibus,
1265 500 1330 519 num
1349 494 1407 527 ipse
1423 493 1640 526 essetChristus,
1657 503 1739 529 quem

948 539 1089 573 prophetae
1109 539 1320 567 aunuutiabant.
1334 538 1574 575 Obstupefaciebat
1598 541 1670 567 enim
1695 548 1743 568 eos

949 586 1125 613 conversatio
1136 593 1168 613 ac
1183 586 1378 620 sermoipsins.
1394 586 1491 613 Sciens
1512 591 1602 613 autem
1618 587 1739 614 Joannes

951 632 1022 659 hanc
1042 639 1138 659 eorum
1155 633 1316 667 opinionem
1333 633 1461 660 acumine
1489 633 1531 660 sui
1556 633 1678 668 spiritus,
1701 642 1744 661 re-

948 679 1061 714 spondit
1085 680 1158 707 illam
1181 680 1331 716 corrigens.

986 724 1064 752 Vers.
1083 725 1125 752 l6.
1158 725 1253 752 Dicam
1273 740 1306 744 ——
1330 725 1396 759 ejus.
1420 725 1526 753 Dictum
1546 730 1586 753 est
1608 731 1635 754 et
1649 727 1683 754 de
1699 727 1743 754 bis

950 771 1039 805 capite
1061 771 1140 798 tertio
1151 770 1289 807 Evangelii
1301 771 1375 806 juxta
1392 771 1559 799 Mattbaaum.
1591 773 1662 808 Lege
1676 782 1744 809 quo-

950 824 1003 851 que
1019 817 1045 843 in
1065 817 1199 852 prooemio
1221 817 1372 845 secundum
1400 817 1520 845 Marcum
1535 819 1739 847 enarrationem

952 862 1025 889 illius
1036 862 1129 890 verbi:
1151 862 1226 890 Venit
1237 863 1259 889 is
1269 864 1312 898 qui
1325 871 1365 889 me
1380 863 1473 898 fortior
1489 868 1526 890 est
1541 869 1598 897 post
1610 865 1690 890 me".

996 955 1093 991 fQuod
1114 954 1233 982 Joannes
1258 954 1375 982 aitzNon
1390 963 1450 982 sum
1475 955 1578 991 dignus,
1597 961 1624 982 ut
1641 958 1742 983 solvam

950 1002 1094 1036 corrigiam
1121 1001 1342 1028 calcententorum
1368 1001 1426 1031 eius
1452 1006 1611 1036 :quantum
1627 1003 1660 1030 ad
1682 1011 1740 1029 ma-

950 1047 1119 1074 nifestiorem
1140 1046 1359 1082 intelligentiam,
1387 1047 1521 1082 signiﬁcat
1551 1055 1580 1075 se
1603 1055 1657 1075 non
1679 1056 1742 1076 essa

949 1093 1073 1128 dignum,
1103 1092 1151 1126 qui
1167 1092 1210 1119 vel
1244 1092 1384 1119 numerari
1403 1093 1502 1128 dignus
1529 1093 1565 1120 sit
1584 1098 1741 1128 postremus

949 1139 1009 1173 ejus
1032 1145 1138 1165 servus.
1161 1137 1300 1171 Quantum
1325 1143 1417 1166 autem
1433 1138 1467 1166 ad
1487 1139 1663 1166 reconditum
1680 1147 1742 1167 sen-

949 1184 1083 1215 sum.duo
1096 1184 1282 1212 calceamenta
1311 1184 1420 1212 Domini
1433 1189 1497 1213 sunt
1513 1186 1573 1213 duae
1588 1186 1649 1220 ejus
1663 1194 1743 1221 pere-

948 1229 1125 1265 grinationes,
1139 1234 1204 1265 puta
1214 1238 1227 1257 a
1240 1231 1309 1257 coelo
1324 1230 1352 1257 in
1365 1235 1465 1258 terram
1484 1235 1512 1257 et
1532 1239 1547 1258 a
1559 1236 1631 1259 terra
1647 1232 1681 1259 ad
1697 1233 1741 1259 in<

949 1276 1066 1303 fernum.
1079 1275 1184 1303 Harum
1200 1276 1273 1304 enim
1291 1277 1545 1312 peregrinationum
1554 1277 1649 1305 modos
1659 1285 1742 1305 nemo

948 1327 1038 1358 potest
1057 1322 1173 1356 solvere,
1191 1323 1243 1351 nisi
1259 1323 1357 1351 Joanni
1369 1324 1477 1359 quidem
1496 1325 1532 1352 sit
1547 1325 1657 1352 similis.
1675 1324 1742 1358 Quis

947 1371 1021 1398 enim
1051 1371 1152 1406 poterit
1167 1371 1274 1404 dicere,
1292 1375 1342 1398 aut
1366 1372 1505 1405 quomodo
1528 1372 1560 1398 sit
1574 1371 1741 1400 incarnatus.

948 1423 996 1445 aut
1007 1419 1146 1453 quomodo
1163 1418 1197 1445 ad
1210 1418 1349 1445 infernum
1367 1418 1561 1445 descenderit?

985 1465 1060 1492 Vers.
1085 1464 1130 1491 16.
1150 1464 1209 1500 Ipse
1230 1479 1265 1484 --
1288 1465 1353 1500 igni.
1386 1463 1520 1491 Prmdicto
1546 1463 1627 1491 tertio
1653 1463 1742 1498 capite

948 1510 1086 1547 Evangelii
1106 1511 1256 1538 secundum
1278 1510 1435 1538 Matthaeum
1462 1510 1542 1537 etiam
1567 1510 1599 1537 de
1617 1518 1650 1538 eo
1664 1510 1740 1538 iuve-

912 1563 933 1591 ο
950 1555 1020 1583 nies.

982 1601 1002 1636 ri
1014 1600 1137 1637 Baptizat
1153 1601 1280 1629 Christus
1300 1600 1328 1628 in
1355 1599 1458 1635 Spiritu
1486 1606 1580 1628 sancto
1593 1601 1697 1634 ﬁdeles,
1713 1601 1741 1628 in

949 1647 1009 1682 igne
1030 1655 1096 1675 vero
1116 1648 1264 1675 inﬁdeles:
1291 1651 1318 1674 et
1340 1647 1407 1675 illud
1431 1647 1542 1682 quidem
1561 1647 1589 1674 in
1613 1647 1742 1682 praesenti

948 1694 1013 1726 vita,
1030 1693 1082 1721 hoc
1094 1697 1186 1721 autem
1211 1693 1238 1720 in
1252 1693 1353 1721 futura.

985 1739 1064 1767 νοτε.
1090 1740 1132 1768 17.
1166 1739 1247 1775 Cujus
1263 1755 1298 1760 —
1324 1740 1541 1775 inexstiuguibilz’.
1575 1738 1638 1767 Haec
1659 1740 1742 1768 etiam

949 1789 1058 1824 scripsit
1075 1789 1228 1820 Matthaeus.
1245 1794 1272 1816 et
1286 1788 1409 1816 similiter
1419 1789 1561 1816 enucleata
1577 1794 1641 1816 sunt
1662 1789 1742 1815 tertio

950 1834 1040 1869 capite
1061 1833 1201 1868 Evangelii
1219 1835 1316 1869 ipsius.

985 1880 1061 1907 Vers.
1078 1880 1120 1907 l8.
1130 1880 1356 1915 Multae—populo.
1373 1880 1454 1908 Multa
1464 1885 1594 1916 praeterea
1607 1885 1632 1908 et
1647 1880 1698 1908 alia
1708 1881 1742 1908 de

948 1926 1059 1954 Christo
1079 1927 1259 1954 annuntiabat
1279 1927 1379 1962 populo
1405 1927 1564 1961 adhortans,
1592 1933 1619 1955 ut
1631 1928 1663 1955 ad
1679 1936 1741 1954 eum

949 1979 1135 2005 accurrerent,
1152 1974 1218 2001 etin
1235 1981 1297 2000 eum
1311 1973 1455 2001 crederent
1471 1974 1515 2008 qui
1529 1974 1585 2008 jam
1602 1974 1739 2001 veniebat.

950 2019 1009 2051 Vel,
1026 2020 1109 2047 multa
1125 2020 1157 2047 de
1171 2020 1258 2047 salute
1270 2020 1377 2047 illorum
1390 2020 1538 2047 adhortans
1549 2023 1639 2051 cos,ut
1653 2020 1742 2054 poeni-

950 2070 1020 2093 teret
1034 2067 1108 2101 ipsos
1124 2074 1156 2093 ac
1171 2066 1374 2101 resipiscerent.

986 2111 1065 2139 Vers.
1082 2112 1124 2138 19.
1142 2112 1259 2138 Herodes
1284 2117 1372 2138 autem
1383 2127 1418 2131 —
1429 2111 1508 2140 Vers.
1524 2112 1568 2140 ‘20.
1603 2113 1741 2141 Custodia.

950 2157 1095 2193 Postquam
1108 2158 1234 2186 videlicet
1246 2158 1397 2193 baptizatus
1421 2158 1509 2186 fuerat
1532 2159 1670 2187 Christus.
1698 2161 1744 2187 Di-

950 2211 1024 2232 ctum
1043 2209 1083 2232 est
1100 2209 1191 2232 autem
1205 2204 1239 2232 de
1253 2205 1366 2232 Joannis
1381 2206 1599 2234 incarceratioue
1611 2206 1743 2235 vicesimo

951 2252 1048 2286 quinto
1059 2252 1148 2287 capite
1163 2251 1302 2287 Evangelii
1315 2253 1467 2280 secundum
1484 2253 1652 2281 Manlianum.

985 2297 1064 2325 Vcrs.
1082 2297 1128 2324 21.
1149 2297 1261 2324 Factum
1283 2302 1321 2325 est
1346 2313 1372 2318 -
1391 2297 1467 2326 νει-ε.
1483 2299 1528 2326 22.
1548 2298 1743 2334 Complacilum

950 2348 999 2370 est.
1036 2342 1194 2378 Baptizatus
1219 2344 1324 2376 orabat,
1338 2344 1446 2385 docens
1464 2352 1521 2377 eos,
1540 2345 1587 2379 qui
1615 2345 1743 2380 baptizat‘

949 2392 1013 2415 sunt
1025 2395 1114 2415 orare.
1130 2387 1251 2422 Spiritus
1265 2391 1375 2415 sanctus
1391 2392 1482 2415 autem
1495 2389 1630 2424 corporali
1643 2389 1736 2424 specie

948 2433 1101 2466 descendit,
1120 2437 1150 2460 ut
1163 2433 1251 2460 oculis
1265 2434 1456 2469 corporalibus
1475 2434 1617 2461 hominum
1652 2435 1739 2462 videri

951 2485 1044 2514 posset
1062 2488 1069 2506 :
1088 2484 1116 2507 et
1132 2481 1214 2508 etiam
1230 2481 1257 2507 in
1270 2480 1404 2508 honorem
1422 2481 1546 2516 corporis
1559 2481 1670 2509 Christi.
1688 2481 1741 2508 Sed

950 2527 983 2553 de
993 2526 1053 2560 ejus
1067 2526 1232 2561 baptismate
1246 2526 1354 2561 planius
1369 2526 1479 2562 scripsit
1496 2526 1638 2554 Matthzeus
1660 2527 1740 2554 tertio

951 2573 1049 2608 capite,
1059 2577 1086 2599 et
1099 2573 1134 2599 ibi
1144 2578 1208 2600 sunt
1222 2573 1354 2600 omniaad
1369 2574 1480 2602 verbum
1496 2575 1650 2609 explanata.

722 2722 820 2753 Varia;
836 2721 989 2754 lectiones
1010 2727 1040 2754 et
1063 2729 1157 2754 notae.

145 2807 202 2841 (88)
221 2805 254 2832 Ἠ
271 2807 394 2833 πολιτεία
408 2807 456 2833 καὶ
473 2808 487 2833 ὁ
499 2807 588 2840 λόγος.
603 2807 635 2835 Β.

145 2843 202 2876 (89-)
220 2841 276 2868 Hoc
293 2843 319 2868 iu
337 2843 458 2876 margine
485 2843 586 2870 codicis
611 2843 713 2877 reperit
735 2842 895 2871 llentenius.

110 2876 232 2904 Meorum
245 2882 342 2904 neuter
358 2877 448 2905 habet.
465 2877 521 2904 Hoc
534 2876 693 2905 translatqu
711 2883 793 2906 estex
809 2878 898 2906 Theo-

270 2923 404 2953 PATROL.
424 2925 480 2953 Gn.
500 2924 630 2954 CXXIX.

952 2810 1070 2845 pbylact.
1085 2819 1111 2845 Ρ.
1132 2811 1184 2837 5'35
1201 2811 1229 2837 Ιί-

989 2846 1044 2880 (90)
1064 2847 1125 2873 [huc
1143 2848 1167 2872 in
1187 2846 1308 2881 margine
1325 2847 1356 2873 Α.
