1940 3075
76 123 132 153 925

76 223 137 249 ἀλλ’
156 223 172 258 ἢ
191 224 237 250 ἐπὶ
259 225 316 256 τοϊς
338 226 441 253 ἑαυτῶν
468 228 676 263 ἁμαρτήμασιν,
705 228 721 263 ἧ
740 229 787 254 ἐπὶ
807 229 867 259 ταῖς

77 269 182 304 ἑτέρων
191 271 402 303 κακοπαθείαις,
414 273 459 299 καὶ
471 273 615 300 συνελόντα
621 275 719 307 εἰπεῖν,
727 275 751 301 oi
765 274 868 301 κλαίον-

76 324 126 347 τες
154 316 224 343 κατὰ
241 316 325 350 Θεὸν,
346 318 370 344 οἳ
398 319 542 352 γελάσουσι
568 320 638 347 κατὰ
663 321 708 347 τλιν
734 322 868 355 μέλλοντα

76 362 176 394 αἰῶνα,
208 364 367 397 τουτέστινξ,
394 365 630 401 εὐφρανθήσονται
661 368 866 403 πνευματικῶς.

76 408 220 443 Σύμϐολον
236 409 291 445 γὰρ
304 411 486 446 εὐφροσύνης.
497 412 511 438 ὁ
527 412 622 446 γέλως.

111 454 259 489 Μακάριοι
270 471 305 476 -
318 455 485 490 ἀνθρώπου.
499 458 581 484 Ὅταν
591 458 626 484 τὰ
640 457 772 493 εἰρημένα
787 457 867 493 ποιή-

76 509 163 527 σωσιν
178 502 254 536 ὑμῖν,
276 501 314 536 μὴ
327 502 371 529 διά
386 511 447 529 τινα
469 504 569 530 κακίαν
589 504 677 540 ὑμῶν,
700 505 757 532 ἀλλ’
771 505 866 532 ἕνεκεν

71 547 155 582 ἐμοῦ,
171 548 216 575 διὰ
232 548 262 574 τὸ
277 546 347 575 εἶναι
366 548 438 584 ὑμᾶς
454 550 548 584 ἐμούς.
647 546 650 549 ’

111 631 269 666 Χάρητε-
283 631 413 666 οὐρανῷ.
436 633 717 671 Ἀγαλλιάσϐητεβϐ)
738 644 863 672 πνευμα-

68 685 168 704 τικιιις.

109 686 190 750 ‘Ku‘td
211 738 245 743 —
270 723 381 751 αὐτῶν.
406 724 486 751 Κατὰ
510 725 544 752 τὰ
570 725 698 762 ρηθέντα,
728 727 861 761 τουτέστι,

71 769 218 803 μισοῦντες
240 770 287 795 καὶ
313 770 501 805 ἀφορίζοντες,
526 771 597 807 ἦτοι,
614 772 778 807 χωρίζοντες
797 775 862 800 ἑαυ-

67 815 138 848 τῶν,
155 815 202 841 καὶ
217 816 253 841 τὰ
265 815 341 850 ἑξῆς.
370 817 402 842 Oi
434 817 554 851 πατέρες

69 861 127 886 τῶν
142 860 295 896 μελλόντων
310 861 374 896 ὑμῖν
388 861 474 888 ταῦτα
494 863 606 898 ποιῆσαι
629 864 773 892 Ἰουδαίων.

107 951 195 983 Πλὴν
209 966 244 973 —-
263 951 356 986 ὑμῶν,
377 952 542 987 Μακαρίσας
563 954 626 985 τοὺς
651 955 786 989 πτωχοὺς,
811 955 858 982 καὶ

67 998 134 1025 τοὺς
145 998 307 1030 πεινῶντας,
321 999 440 1030 καὶτοὺς
449 999 606 1031 κλαίοντας,
623 1001 671 1027 καὶ
687 1002 750 1034 τοὺς
764 1009 859 1036 μισου-

68 1045 180 1078 μένους,
197 1047 244 1072 ut
260 1045 488 1080 ἁφοριζομένους,
509 1047 557 1073 καὶ
579 1047 793 1082 ὀνειδιζομένους
809 1049 857 1075 καὶ

66 1090 292 1125 λοιδορουμένους
315 1091 348 1117 δι’
380 1092 474 1125 αὐτὸν,
502 1091 596 1120 λοιπον
622 1093 761 1126 ταλανιζει
789 1094 854 1126 τοὺς

68 1137 198 1168 ἐναντίως
222 1136 345 1171 ἔχοντας,
378 1137 420 1164 ἴνα
448 1138 492 1164 διὰ
523 1139 574 1173 μὲν
602 1139 649 1165 τοῦ
677 1141 854 1175 μακαρισμοῦ

67 1183 208 1218 πρετρέψῃ
226 1183 293 1218 πρὸς
309 1183 410 1215 ἐκεῖνα,
427 1184 471 1211 διὰ
493 1184 521 1211 δὲ
538 1185 585 1212 τοῦ
601 1185 766 1221 ταλανισμοῦ
786 1187 855 1214 ἀπο-

65 1227 153 1264 τρὲψῃ
168 1229 201 1254 ἐκ
216 1229 272 1264 (27)
301 1230 404 1256 τούτων
416 1238 423 1245 ·
458 1230 604 1263 πλουσίους
622 1231 651 1258 δὲ
676 1232 731 1267 (28)
747 1232 795 1259 νῦν
809 1233 853 1260 λέ-

67 1282 131 1306 γει,
152 1274 215 1306 τοὺς
235 1275 420 1309 ἁμεταδότους
435 1294 443 1308 ,
469 1276 533 1308 τοὺς
568 1279 788 1312 προστετηκότας
814 1279 853 1315 τῷ

66 1319 186 1353 πλούτῳ,
215 1321 278 1352 τοὺς
310 1322 403 1353 κακῶς
435 1322 627 1354 πλουτοῦντας,
651 1323 789 1359 Ἀπέχετε
812 1326 851 1358 δὲ,

66 1367 129 1392 ἀντὶ
144 1366 203 1399 τοῦ,
225 1367 406 1394 ’Δττεντεῦθεν
421 1368 508 1403 ἔχετε.

102 1411 175 1438 οὺαι
201 1427 237 1432 --
267 1414 437 1441 πεινάσετε.
467 1415 498 1442 οι
530 1416 744 1451 κεκορεσμένοι.
779 1418 851 1445 κατὰ

65 1459 111 1484 τὸν
129 1459 252 1494 παρόντα
271 1459 339 1494 βίον,
361 1461 401 1487 ὅτι
429 1461 586 1495 πεινάσετε,
615 1465 685 1490 κατὰ
713 1464 758 1491 τὸν
784 1465 849 1500 μὲλ-

64 1505 154 1538 λοντα,
178 1505 314 1541 μηδεμιᾶς
338 1507 399 1534 ἐκεῖ
412 1508 583 1544 παρηγορίας
600 1510 793 1542 ἀπολαύοντες.

102 1550 173 1577 Οὐαὶ
192 1566 226 1570 -
241 1551 401 1579 κλαύσετε.
419 1552 451 1579 Οἱ
465 1553 600 1586 γελῶντες
613 1555 660 1581 νῦν
675 1556 846 1590 ἀκολάστως,

64 1597 105 1623 ὅτι
120 1598 252 1624 κλαύσετε
268 1598 341 1630 τότε,
368 1599 555 1633 κολαζόμενοι.
595 1601 735 1634 Ἐπίτασις
751 1603 779 1630 δὲ
799 1604 847 1631 τοῦ

65 1643 179 1674 πένθους
192 1643 206 1670 ό
221 1643 370 1679 κλαυθμός.
385 1645 420 1671 Ἦ
441 1645 537 1677 πένθος
551 1647 634 1680 μὲν,6
647 1647 708 1674 καθ’
720 1649 843 1684 ἡσυχίαν

64 1690 161 1725 θρῆνος
173 1699 180 1706 ο
198 1690 337 1725 κλαυθμὸς
348 1691 388 1724 δὲ,
411 1692 425 1717 ὁ
436 1692 610 1725 ἐξάκουστος.

98 1735 171 1762 Οὐαὶ
186 1735 393 1770 -ἅνθρωποι,
419 1739 529 1770 Κακοὺς
553 1739 652 1772 ὄντας·
682 1741 751 1768 οὐαὶ
771 1743 847 1777 ὑμῖν,

63 1782 158 1816 φησιν,
194 1782 259 1809 ὅταν
279 1782 478 1818 εὐφημήσωσιν
499 1785 591 1819 ὑμᾶς,
616 1786 654 1818 ὡς
680 1787 848 1823 ἀρέσκοντας

62 1829 153 1860 αὐτοῖς
180 1828 227 1855 καὶ
259 1829 290 1855 οὐ
313 1829 353 1864 τῷ
387 1829 457 1865 Θεῷ.
489 1831 595 1868 ’Ὠσπερ
624 1833 678 1869 γὰρ
710 1836 847 1870 μακάριος

60 1875 74 1899 ὁ
89 1874 188 1906 ἀδίκως
211 1874 405 1910 ΰὸριζόμενοςσ
422 1876 493 1903 οὕτω
515 1878 597 1905 πάλιν
613 1879 705 1912 ἄθλιος
720 1882 734 1908 ὁ
746 1881 847 1913 ἀδίκως

57 1920 280 1954 εὖρημούμενος.

95 1966 176 1993 Κατὰ
189 1982 225 1987 -—
235 1965 345 1993 αὐτῶν.
363 1967 442 1994 Κατὰ
467 1968 567 2002 ταῦτα,
580 1969 681 2003 show,
701 1971 846 2006 ὡσαύτως,

59 2012 254 2048 εὐφημοῦντας
287 2013 405 2046 αὐτοὺς.
426 2013 463 2045 ὼς
489 2015 558 2051 πρὸς
589 2016 735 2051 ἀρέσκειαν
756 2019 847 2047 αὐτῶν

58 2059 290 2095 προφητεύοντες.

100 2105 182 2132 Ἀλλ’
194 2121 229 2126 -
243 2106 419 2135 ἀκούουσιν.
435 2109 498 2140 Τοῖς
508 2108 680 2144 πειθομένοις
697 2120 755 2147 μοι.

559 127 752 158 (ΣΟΜΜΕΝΤ.
774 127 813 157 ΙΝ
835 128 972 159 LUCAM.
992 139 1021 147 -
1044 129 1122 160 CAP.
1144 130 1193 162 Ἠ.

114 178 260 212 Μακάριοι
277 195 312 200 -
325 181 479 214 γελάσετε.
492 182 523 209 0i
540 183 693 216 κλαίοντες,
703 183 753 218 οὑχ
763 183 851 215 ἅπλῶς

957 183 1031 212 \‘ers.
1049 185 1094 212 2i.
1111 185 1188 213 Beati
1207 201 1242 206 ——
1266 188 1395 218 ridebitis.
1419 190 1471 223 Qui
1491 190 1558 220 ﬂent
1583 200 1637 220 non
1665 199 1710 221 ut-
1752 215 1755 217 ›

1653 139 1708 170 926

921 238 1039 264 cunque.
1060 231 1113 258 Sed
1129 232 1171 259 vel
1187 240 1237 268 pro
1253 234 1310 261 suis
1327 236 1445 269 peccatis
1470 237 1512 264 vel
1527 245 1577 272 pro
1591 239 1708 267 aliorum

919 274 1114 304 alilictionibus
1138 284 1146 304 :
1171 282 1210 310 et,
1238 283 1267 306 ut
1283 287 1338 307 uno
1361 281 1500 308 absolvam
1536 283 1630 314 verbo,
1661 284 1708 319 qui

920 322 1074 349 secundum
1089 322 1173 350 Deum
1186 323 1262 352 ﬂent.
1277 325 1307 352 lli
1324 331 1415 354 autem
1429 327 1456 354 in
1474 326 1567 354 luturo
1579 329 1709 357 ridebunt

918 367 1028 400 saeculo,
1046 368 1098 396 hoc
1123 374 1175 402 est,
1198 371 1375 405 spirituaiiter
1410 373 1585 408 gaudebunt;
1615 376 1706 411 gaudii

917 414 990 441 enim
1008 415 1114 450 signum
1131 421 1172 443 est
1187 417 1269 445 risus.

953 461 1029 488 νει-α.
1045 461 1090 488 22.
1113 461 1189 490 Beati
1203 464 1372 491 —liomiuis.
1390 464 1459 492 Cum
1486 466 1614 500 praedicta
1631 467 1706 495 vobis

919 505 1045 538 iecerint,
1066 514 1120 533 non
1154 513 1266 543 propter
1295 509 1405 543 aliquod
1439 510 1550 541 malum,
1574 512 1645 544 quod
1677 512 1705 539 in

916 551 993 579 vobis
1018 552 1063 584 sit,
1090 553 1137 580 sed
1162 559 1274 589 propter
1293 562 1356 588 me,
1380 559 1408 582 et
1427 556 1491 589 quia
1513 564 1560 583 vos
1587 558 1639 584 mei
1659 565 1704 584 es-

916 597 961 624 tis.

949 643 1027 671 Vcrs.
1052 644 1098 671 25.
1119 644 1237 673 Gaudete
1260 660 1294 667 —
1315 645 1397 674 calo.
1421 646 1544 675 Gaudete
1572 647 1703 683 spiritua-

914 690 988 718 liter.

949 735 1028 764 Vers.
1061 736 1106 765 25.
1132 736 1283 765 Secundum
1301 753 1336 758 —
1352 747 1453 766 eorum.
1479 739 1637 768 Secundum
1665 749 1698 769 ea

912 789 972 816 qua:
988 782 1060 809 dicta
1076 787 1152 814 sunt,
1173 788 1236 817 puta
1251 783 1314 810 odio
1333 784 1475 817 habentes,
1491 791 1516 812 et
1533 791 1698 820 separantes

580 818 609 844 δὲ
637 819 737 852 αὐτῶν,
760 819 851 855 δηλαδὶ

915 827 970 854 sive
998 833 1171 864 segregantes
1189 837 1250 856 sese
1269 829 1303 857 ab
1320 829 1384 860 illis.
1401 835 1429 857 et
1442 836 1550 863 uetera,
1566 818 1637 866 ‘quaa
1662 840 1702 859 se.

913 878 1044 908 quuntur.
1070 873 1166 901 Patres
1187 879 1278 901 autem
1306 882 1413 908 eorum,
1435 880 1499 910 puta
1529 875 1698 910 Judazorum,

912 918 958 953 qui
977 918 1054 946 vobis
1070 919 1128 946 inec
1144 919 1240 946 facturi
1254 925 1328 947 sunt.

949 965 1023 993 Vers.
1034 965 1079 993 24.
1095 965 1277 993 Verumtamen
1287 971 1454 995 —uestram.
1473 967 1619 1003 Postquam
1634 969 1699 996 bea-

911 1010 1023 1038 tiﬁeavit
1037 1018 1171 1046 pauperes
1193 1017 1221 1038 et
1234 1011 1386 1038 esurientes
1410 1020 1442 1039 ac
1465 1012 1571 1044 ﬂentes.
1586 1018 1614 1040 et
1635 1013 1698 1041 odio

910 1056 1016 1083 habitos
1033 1063 1065 1083 ac
1089 1060 1257 1091 segregatos,
1281 1056 1489 1090 opprobriisque
1508 1064 1540 1084 ac
1565 1057 1698 1084 conviciis

909 1106 1019 1137 propter
1047 1109 1078 1129 se
1108 1101 1242 1134 aliectos,
1273 1102 1397 1138 deplorat
1423 1103 1553 1137 deinceps
1575 1111 1623 1130 eos
1649 1103 1695 1139 qui

907 1148 1047 1176 contrario
1062 1148 1143 1175 modo
1159 1156 1188 1175 se
1208 1148 1320 1180 habent,
1341 1153 1370 1176 ut
1386 1156 1435 1182 per
1464 1149 1695 1177 beatiﬁcatiunem

907 1194 940 1220 ad
955 1194 999 1220 illa
1020 1194 1190 1225 adhortetur,
1206 1201 1254 1228 per
1267 1193 1482 1228 dvplorationcm
1513 1202 1576 1222 vero
1602 1195 1635 1222 ab
1650 1196 1693 1223 ltis

905 1245 1018 1267 avertat.
1038 1239 1138 1267 Divites
1160 1243 1252 1266 autem
1275 1240 1340 1266 dicit
1355 1247 1428 1267 nunc
1451 1248 1558 1273 avaros,
1588 1241 1692 1268 divitiis

906 1287 1115 1318 intabescentes,
1141 1285 1266 1320 maleque
1290 1285 1468 1314 tabescentes.
1501 1286 1630 1322 Ἀπέχετε
1645 1295 1696 1314 au-

905 1339 972 1365 tem,
992 1331 1182 1369 IIabetis,_sive
1193 1332 1311 1367 Aufertis
1327 1337 1407 1360 sonat
1421 1340 1428 1358 :
1445 1332 1489 1360 vel
1510 1333 1543 1360 ab
1557 1334 1609 1361 hoc
1623 1339 1694 1361 tem-

904 1386 980 1415 pore,
996 1378 1053 1405 sive
1067 1377 1101 1404 ab
1120 1371 1190 1412 ipsis
1209 1377 1313 1404 divitiis
1326 1377 1464 1412 accipitis.

939 1426 1018 1453 Vcrs.
1037 1425 1083 1452 25.
1104 1424 1195 1451 Vw—
1211 1424 1342 1451 esurictis.
1362 1424 1414 1457 Qui
1434 1427 1547 1464 saturati
1567 1426 1635 1453 estis
1664 1426 1691 1453 in

903 1471 1030 1507 prmsenli
1058 1471 1124 1502 vita,
1141 1469 1204 1505 quia
1224 1470 1353 1497 esurietis
1386 1470 1414 1497 in
1444 1470 1546 1505 futura,
1572 1479 1608 1499 ne
1637 1480 1691 1499 una

902 1519 1011 1555 quidem
1027 1516 1213 1546 consolatione
1230 1515 1361 1544 fruentes.

936 1566 1014 1593 Vers.
1030 1564 1075 1591 25.
1098 1563 1142 1590 Vw
1159 1577 1194 1582 —
1205 1562 1311 1596 ﬂebitis.
1335 1562 1386 1595 Qui
1397 1562 1489 1590 ridetis
1506 1563 1580 1591 nunc
1592 1563 1690 1591 immo-

898 1613 1000 1643 derate,
1013 1610 1077 1648 quia
1092 1608 1200 1636 ﬂebitis.
1211 1608 1330 1635 intentio
1343 1613 1434 1636 autem
1447 1609 1532 1644 ipsius
1545 1610 1633 1638 luctus
1648 1607 1691 1637 εει

897 1656 986 1688 ﬂetu<,
999 1660 1047 1682 aut
1061 1655 1150 1681 luctus
1174 1657 1214 1681 est
1231 1653 1311 1681 tacita
1338 1654 1506 1688 lamentatio,
1523 1654 1603 1682 ﬂetus
1625 1663 1689 1683 vero

897 1711 929 1731 ea
947 1711 1007 1737 qua:
1021 1701 1141 1729 auditur.

932 1750 1008 1777 Vers.
1032 1749 1077 1777 26.
1094 1749 1318 1776 Vit—Immin“.
1347 1747 1415 1775 Cum
1443 1747 1506 1774 mali
1529 1747 1610 1774 sitis:
1642 1747 1689 1775 Va:

897 1795 984 1828 Vobis,
1002 1796 1101 1830 inquit,
1119 1803 1180 1823 cum
1205 1793 1376 1822 laudaverint
1398 1800 1456 1823 vos,
1482 1798 1610 1827 tanquam
1634 1793 1687 1820 illis

897 1843 1036 1877 placentes
1050 1846 1078 1870 et
1090 1849 1144 1869 non
1169 1841 1236 1868 Deo.
1266 1839 1344 1866 Sicut
1365 1840 1438 1865 enim
1459 1839 1554 1865 beatus
1574 1843 1623 1872 est,
1640 1838 1686 1873 qui

898 1889 998 1922 iniuste
1015 1888 1187 1916 contumeliis
1209 1886 1333 1917 adicitur,
1351 1884 1386 1911 ita
1402 1892 1510 1912 rursum
1526 1886 1618 1911 ‘miser
1633 1889 1686 1918 est,

897 1935 944 1971 qui
966 1935 1065 1969 injuste
1081 1934 1217 1962 laudatur.

935 1980 1012 2008 Vers.
1028 1981 1073 2008 26.
1089 1980 1239 2008 Secundum
1256 1994 1291 2002 σ-
1306 1988 1408 2007 eorum.
1436 1977 1591 2006 Secundum
1615 1976 1685 2008 haec,

898 2026 1024 2054 videlicet
1039 2026 1135 2054 eodem
1155 2026 1235 2053 modo
1251 2025 1404 2057 laudantes,
1429 2030 1558 2059 tanquam
1582 2022 1615 2050 ad
1633 2022 1684 2049 bc-

897 2072 1061 2107 neplacitum
1077 2080 1154 2099 suum
1171 2072 1378 2106 prophetantes.

932 2117 1009 2145 Vers.
1028 2117 1073 2144 27.
1089 2116 1140 2144 Sed
1153 2116 1304 2143 -—audilis.
1321 2115 1373 2148 Qui
1397 2115 1463 2142 milii
1488 2115 1630 2143 assentitis
1655 2120 1682 2143 et

897 2162 1056 2190 obedientes
1073 2162 1150 2189 estis.

100 2203 248 2237 Ἀγαπᾶτε
265 2219 299 2226 -
318 2205 410 2239 ὑμῶν.
427 2204 495 2233 Eine
509 2207 591 2234 τοῦτο
614 2208 662 2235 καὶ
678 2209 706 2235 ὲν
721 2209 760 2244 τῷ
773 2210 843 2246 πέμ-

936 2207 1014 2234 Vcrs.
1041 2208 1086 2234 27.
1114 2207 1389 2243 Diligite—vestros.
1416 2207 1489 2234 Dixit
1504 2207 1555 2235 hoc
1575 2214 1683 2242 quoque

57 2257 120 2284 πτῳ
136 2249 276 2284 κεφαλαίῳ
287 2250 335 2276 τοῦ
349 2251 419 2278 κατὰ
430 2252 583 2285 Ματθαῖον,
604 2253 671 2280 ἔνθα
696 2256 784 2282 κεῖται
799 2257 844 2282 τό-

63 2295 226 2322 Ἥκούσατε
243 2295 288 2322 ὅτι
301 2296 406 2331 ἐρῤἐθη
421 2305 429 2312 ·
454 2298 633 2333 Ἀγαπήσεις
648 2299 701 2326 τὸν
712 2302 846 2336 πλησίον

55 2350 127 2372 σου⁷
139 2342 187 2368 καὶ
196 2342 338 2376 μισήσεις
352 2343 406 2370 τὸν
421 2344 528 2378 ἐχθρόν
538 2353 606 2372 σου.

94 2385 199 2420 Καλῶς
221 2387 331 2415 ποιεῖτε
357 2403 392 2410 ——
421 2389 509 2424 ὑμᾶς.
538 2391 593 2417 Καὶ
615 2392 675 2418 ἐκεῖ
700 2392 786 2421 ταῦτα
803 2395 839 2421 ετ·

57 2442 139 2471 ρηκε.

96 2479 139 2512 Τῷ
153 2480 294 2506 τύπτοντι
305 2494 339 2499 -
355 2480 506 2514 κωλύσῃς.
531 2481 574 2508 Ἐν
588 2482 685 2518 ἐκεινῳ
697 2483 736 2519 τῷ
756 2493 843 2520 κεφα-

59 2526 128 2561 λαίῳ
155 2526 274 2560 ζήτησον
296 2526 344 2552 καὶ
371 2525 421 2561 τὴν
437 2526 539 2553 τούτων
555 2527 695 2564 ἐξήγησιν,
720 2531 771 2565 πρδ
786 2531 841 2558 τῶν

55 2572 220 2607 εἰρημένων,
236 2571 299 2597 ἔνθα
315 2572 403 2597 κεῖται
417 2571 458 2598 τόν
468 2573 633 2601 Ἠκούσατε
646 2575 691 2602 ὅτι
706 2576 810 2610 epeia"
833 2585 840 2592 '

62 2615 235 2650 Ὀφθαλμὸν
273 2615 339 2642 ἀντὶ
365 2615 531 2650 ὀφθαλμοῦ,
558 2617 608 2644 καὶ
635 2618 744 2647 ὀδόντα
773 2621 842 2648 ἀντὶ

55 2662 170 2691 ὀδοντος.

91 2731 114 2746 ³⁰
127 2731 222 2758 Matth.
239 2740 265 2764 v,
278 2731 321 2758 45.
378 2732 398 2748 ³¹
419 2732 485 2760 ibid.
501 2733 547 2762 58.

896 2254 987 2289 capite
1002 2254 1096 2289 quinto
1116 2254 1255 2289 Evangelii
1278 2253 1428 2280 secundum
1456 2253 1622 2286 Mattbzeum,
1637 2254 1682 2280 ubi

896 2299 1012 2327 habetur
1028 2306 1036 2326 :
1058 2300 1187 2332 Audistis,
1200 2299 1268 2334 quod
1291 2299 1388 2325 dictum
1402 2300 1448 2330 sit,
1476 2299 1575 2334 Diliges
1592 2300 1684 2334 ptoxi-

896 2357 968 2375 mum
988 2353 1072 2381 tuum,
1099 2352 1123 2375 et
1142 2350 1202 2376 odio
1217 2345 1325 2376 habebis
1342 2349 1479 2375 mimicum
1504 2353 1578 2375 tuum
1592 2348 1627 2375 '°.

930 2394 1007 2422 Vers.
1023 2394 1068 2421 27.
1081 2394 1229 2431 Benefacite
1240 2409 1277 2416 —
1288 2395 1367 2424 Vers.
1380 2394 1426 2422 28.
1448 2402 1503 2427 vos,
1520 2393 1583 2421 llaec
1598 2393 1686 2421 etiam.

895 2440 931 2467 ibi
948 2440 1027 2468 dixit.

929 2487 1054 2515 Vcrs.29.
1078 2488 1240 2515 Percutienti
1253 2503 1287 2508 ——
1299 2487 1474 2522 pro/libuerit.
1489 2486 1518 2513 ln
1531 2485 1577 2512 illo
1592 2485 1685 2519 capite

892 2531 975 2559 etiam
991 2532 1087 2560 borum
1109 2541 1201 2568 quaere
1217 2533 1432 2564 enarrationem,
1450 2531 1495 2558 ubi
1519 2534 1583 2557 ante
1608 2538 1683 2564 pra--

891 2578 963 2605 dicta
983 2579 1098 2607 habetur
1116 2588 1123 2607 :
1146 2580 1274 2612 Audistis,
1290 2583 1359 2614 quod
1370 2579 1471 2606 dictum
1486 2577 1521 2604 ait
1540 2584 1551 2604 :
1567 2575 1681 2603 Oculum

890 2631 937 2658 pro
952 2625 1038 2659 oculo,
1055 2627 1157 2654 dentem
1169 2635 1217 2661 pro
1232 2627 1307 2654 dente
1321 2625 1355 2653 ".

653 2767 750 2799 Variis
767 2769 916 2801 lectiones
932 2774 962 2802 et
983 2775 1076 2802 noue.

91 2828 150 2864 (26)
167 2829 394 2865 V‘Ayaﬂta'taO-qze.
411 2829 430 2857 Α
437 2851 443 2857 .

93 2865 149 2897 (27)
166 2864 246 2894 Forte
259 2865 321 2892 ἀπό.
342 2867 456 2895 Prorsus
471 2865 565 2894 abesse
586 2870 690 2902 poterat
704 2867 746 2894 ἐκ.

931 2834 986 2870 (28)
1002 2835 1035 2861 Δε
1052 2834 1125 2869 λέγει
1139 2823 1196 2878 νον.
1210 2834 1241 2862 B.
