1940 3075
106 142 158 173 Ml

605 139 797 172 COMMENT.
820 140 860 171 ΙΝ
881 137 1065 170 LUCAM.—
1085 138 1163 170 CAP.
1187 138 1268 171 VIII.

1692 140 1744 173 9S2

107 211 189 238 γηαει
205 201 253 228 τοῦ
274 200 427 229 δωδεκάτου
445 200 591 236 κεφαλαίου
611 200 657 227 τοῦ
674 201 744 227 κατὰ
763 199 896 226 Mutilum»

968 206 983 225 n
1002 198 1177 226 enarratione
1204 198 1359 226 duodecimi
1376 198 1453 234 juxta
1471 199 1624 227 Matthaeum
1651 203 1747 235 capitis

107 248 218 283 εἴρηται
231 246 296 281 περὶ
312 247 407 273 τούτου
427 246 529 281 σαφῶς.
548 246 585 272 Τὸ
601 245 704 281 πλῆθος
720 245 748 271 δὲ
759 245 814 270 τῶν
829 245 898 270 ἐνοι-

107 293 231 320 κούντων
259 292 422 327 δαιμονίων,
451 293 487 318 ὠ.
521 292 566 324 ἓν,
594 291 638 319 διὰ
666 291 716 325 τὴν
745 289 898 322 κοινωνίαν,

106 338 207 370 ἐδέετο,
219 337 361 374 χρώμενον
373 337 412 374 τῷ
426 338 539 373 στόματι
557 337 603 364 τοῦ
617 336 773 372 ἀνθρώπου.

143 384 329 419 Παρήγτειλε
347 400 381 405 -
399 384 566 418 ἀνθρώπου.
594 383 640 414 Ὠς
657 383 697 409 ἐνὶ
715 383 772 413 τοῖς
792 380 899 410 πολλοῖς

106 432 240 458 ἐπέταττε
266 431 388 466 δαίμοσι,
411 431 455 457 διὰ
468 431 517 466 τὴν
533 430 676 457 ἀσθένειαν
692 428 794 461 αὐτῶν,
816 428 834 463 ἢ
852 428 899 454 καὶ

105 477 149 505 διὰ
165 478 194 505 τὸ
207 479 309 509 πάντας
322 477 391 512 ὁμοῦ
408 478 528 511 λεγεὼνα
544 476 697 510 καλεῖσθαι,
711 476 727 510 ἢ
744 475 792 501 καὶ
808 473 853 501 διὰ
868 473 899 500 τὺ

105 525 155 551 Eva.
170 524 230 551 τινὰ
245 523 372 558 ἐξάρχειν
388 523 443 549 τῶν
460 523 549 550 ἄλλων
560 543 566 554 ,
584 522 613 553 ὃς
639 522 687 549 καὶ
701 521 800 554 ἐδέετο,
816 521 863 548 καὶ
877 517 899 555 ᾦ

106 572 121 597 ὁ
148 570 267 605 Χριστὸς
296 570 454 602 ἐπέταττεν,
484 569 521 601 ὡς
557 569 608 596 τῶν
637 570 726 596 ἄλλων
756 568 899 603 ἑπομένων

107 617 217 652 ἐκείνῳ.

144 663 276 696 Πολλοῖς
301 678 336 684 -
357 662 499 697 ἐρήμους.
532 661 601 687 ’Υπδ
623 660 670 688 τοῦ
696 660 823 696 δαίμονος
851 659 899 686 τοῦ

107 711 223 746 ἐξάρχου
239 711 294 737 τῶν
313 710 362 737 σὺν
375 709 460 744 αὐτῷ.

147 756 334 791 Ἐπερὼτησε
353 770 389 776 -
403 755 559 782 ἀπελθεῖν.
573 754 666 782 Ταῦτα
681 754 728 781 καὶ
748 753 762 780 ὁ
784 753 899 789 Μάρκος

105 803 242 838 ἀνέγραψε
267 802 314 829 καὶ
333 802 452 838 ζήτησον
470 802 521 836 τὴν
540 801 644 829 τούτων
663 800 794 836 ἐξήγησιν
815 799 899 832 ὲν,τῷ

107 849 243 884 ἑνδεκάτῳ
259 847 400 883 κεφαλαίῳ
414 847 508 875 αὑτοῦ.

143 930 197 958 Ἦν
213 930 248 957 δὲ
269 945 304 951 -
319 929 482 963 ἀπεπνίγη.
515 928 560 956 Ἦν
572 927 611 963 τῷ
629 927 738 963 ῥηθέντι
754 925 899 961 δωδεκάτῳ

107 978 249 1013 κεφαλαίῳ
271 977 318 1003 τοῦ
343 975 415 1003 κατὰ
435 975 573 1002 Ματθαῖον
592 973 775 1010 περὶτούτων
789 973 898 1000 πάντων

107 1024 246 1059 εὑρήσεις.

144 1068 240 1106 [Οἶμαι
261 1069 316 1107 (46)
337 1069 391 1096 τῶν
406 1068 555 1104 ὁμοχώρων
572 1067 732 1102 ἀλλοφύλων
749 1065 819 1094 εἶναι
834 1067 898 1098 τοὺς

106 1117 216 1153 χοίρους
252 1116 333 1147 Εἰκὸς
356 1116 395 1149 δὲ,
423 1115 471 1142 καὶ
491 1114 553 1146 τοὺς
574 1114 717 1145 Ἰουδαίους
740 1114 899 1149 διατρέφειν

107 1163 216 1198 χοίρους
233 1161 280 1188 ὲτιὶ
299 1162 329 1188 τὸ
345 1161 400 1197 (47)
423 1159 596 1195 ἀπεμπολεῖν
613 1160 723 1192 αὐτοὺς,
749 1160 765 1194 ἢ
782 1160 829 1187 καὶ
853 1160 899 1185 ἐπὶ

107 1209 240 1244 διατροφῇ
254 1207 308 1234 τῶν
324 1203 583 1242 φυλασσόντωντὰς
598 1205 692 1237 πόλεις
707 1205 797 1232 αὐτῶν
814 1214 898 1240 στρα-

105 1255 212 1281 τιωτῶν
230 1253 399 1290 Ῥωμαίων]

150 1300 281 1333 Ἰδόντες
313 1299 348 1326 δὲ
381 1315 415 1320 -
444 1299 565 1334 ἀγρούς.

107 1347 222 1374 τούτων.

150 1393 302 1427 Ἐξῆλθον
315 1407 347 1413 -—
360 1393 566 1428 ἐφοϐήθησαν.
583 1392 721 1423 Ματϐαἴος
740 1392 789 1426 μὲν
804 1389 880 1417 εἶπεν
890 1399 896 1406 ·

108 1441 149 1468 ὅτι
165 1438 278 1474 ἐξῆλθον
296 1439 336 1471 είς
353 1439 516 1474 συνάντησιν
532 1438 571 1474 τῷ
591 1438 689 1472 Ἰησοῦ.
708 1438 827 1473 Ἤρχετο
843 1437 898 1472 γὰρ

108 1486 190 1517 αὐτὸς
206 1485 253 1512 ὲπὶ
268 1486 318 1520 τὴν
334 1484 427 1512 πόλιν·
453 1485 562 1516 Λουκᾶς
584 1484 613 1511 δὲ
628 1484 676 1510 νῦν
698 1484 837 1519 ἐμφαίνει,
860 1482 898 1518 μὴ

604 1298 720 1333 Ὁμοίως
756 1298 804 1325 καὶ
834 1299 899 1333 περὶ

953 244 987 270 de
1001 244 1052 270 hoc
1061 244 1206 271 manifeste
1220 244 1322 271 dictum
1340 249 1394 272 est.
1405 244 1548 272 Mu‘titudo
1558 253 1624 273 vero
1637 246 1745 274 inhabi-

953 291 1068 318 tantium
1085 291 1112 318 in
1128 299 1161 318 co
1181 291 1348 324 daemonum,
1369 297 1498 327 umquam
1525 301 1611 320 unum
1631 298 1744 329 propter

952 337 1238 369 communicationem.
1255 338 1427 371 obsecrabat,
1443 344 1524 366 utens
1538 347 1585 367 ore
1602 340 1733 367 hominis.

989 382 1067 410 Vers.
1086 383 1130 410 29.
1146 383 1324 419 Prmripiebat
1339 399 1372 404 ι-
1391 385 1506 412 homine.
1533 384 1674 421 Tanquam
1695 386 1744 413 uni

953 428 1104 462 imperabat
1117 429 1210 458 multis
1223 430 1406 463 daemonibus,
1427 435 1539 467 propter
1562 431 1670 459 illorum
1695 433 1747 460 im-

952 475 1128 503 becillitatem
1147 484 1154 509 ;
1175 476 1218 504 vel
1233 477 1326 510 etiam,
1344 478 1408 513 quia
1438 484 1535 505 omnes
1560 479 1653 509 simul.
1673 479 1745 515 legio

954 520 1140 553 vocabantur;
1156 521 1215 549 sive
1232 522 1304 556 quod
1323 531 1394 550 unus
1412 528 1486 551 esset
1507 524 1637 559 princeps
1662 529 1746 552 caele-

952 571 1047 592 rorum
1060 574 1067 591 :
1082 565 1128 600 qui
1149 566 1230 594 etiam
1246 567 1419 601 obsecrabat,
1434 573 1462 596 et
1475 570 1518 597 cui
1538 569 1667 598 Christus
1690 570 1744 597 im-

952 611 1075 646 perabat.
1088 617 1216 647 tanquam
1228 613 1288 640 aliis
1303 618 1365 641 eum
1381 616 1569 650 sequentibus.

990 657 1068 685 Vers.
1080 658 1126 685 29.
1143 658 1474 694 Ft'equenter——deserla.
1495 664 1517 690 Ᾱ
1540 664 1674 699 daemone,
1697 668 1745 702 qui

952 705 1114 729 cxterorum
1135 701 1181 736 ηυί
1193 710 1286 730 secum
1305 708 1384 731 erant
1395 704 1524 741 princeps
1535 711 1603 734 erat.

989 747 1067 775 Vers.
1091 749 1136 776 30.
1165 749 1343 787 Interrogavit
1358 765 1394 770 —
1414 751 1495 780 Vers.
1516 753 1561 781 51.
1584 757 1665 782 irent.
1680 757 1746 784 Haec

951 794 1044 821 omnia
1072 794 1182 830 scripsit
1211 795 1330 834 Marcus,
1358 801 1385 823 et
1413 797 1511 826 horum
1539 801 1745 830 enarrationem

952 846 1044 873 quazre
1072 839 1220 867 undecimo
1240 841 1331 875 capite
1343 841 1494 878 Evangelii,
1515 845 1588 879 quod
1610 845 1656 873 ille
1676 853 1744 874 con-

952 884 1072 919 scripsit.

988 931 1065 958 Vers.
1083 931 1126 959 52.
1144 931 1213 959 Erat
1228 936 1318 960 autem
1329 948 1364 954 —
1378 935 1456 962 Vers.
1476 935 1521 963 55.
1541 937 1681 972 suffocatus
1694 944 1742 968 est.

950 977 1086 1006 Prtedicto
1113 979 1279 1007 duodecimo
1299 981 1389 1015 capite
1420 982 1562 1017 Evangelii
1591 985 1743 1014 secundum

951 1023 1105 1052 Matthmum
1120 1025 1154 1052 de
1176 1026 1217 1053 his
1243 1026 1371 1054 omnibus
1388 1027 1521 1056 invenies.

985 1070 1033 1105 -Η-
1044 1070 1149 1105 Opinor
1162 1071 1315 1100 vicinorum
1331 1073 1549 1110 alienigenarum
1571 1076 1657 1105 fuisse
1673 1086 1742 1113 por-

950 1123 1007 1144 cos.
1027 1117 1164 1145 Credibile
1179 1125 1255 1151 vero,
1269 1118 1378 1147 Iudaeos
1396 1121 1478 1148 etiam
1500 1123 1629 1150 nutriisse
1642 1132 1742 1158 porcos

950 1167 978 1189 ut
987 1170 1034 1189 eos
1050 1162 1240 1196 divendereut,
1253 1170 1301 1192 aut
1312 1170 1341 1192 tit
1352 1165 1452 1194 milites
1465 1166 1591 1207 Romani,
1602 1170 1647 1204 qui
1658 1171 1741 1199 urbe:

950 1213 1044 1235 eorum
1062 1209 1264 1243 custodiebant,
1282 1211 1426 1246 haberent,
1442 1220 1496 1247 quo
1507 1214 1657 1243 alerentttr.

988 1303 1065 1331 Vers.
1082 1304 1124 1331 54.
1146 1304 1213 1333 Cum
1229 1309 1319 1332 autem
1332 1306 1457 1333 vidissent
1473 1321 1507 1328 -—
1524 1308 1616 1336 villas.
1635 1308 1742 1338 Simili-

950 1355 992 1378 lt-r
1002 1356 1029 1377 et
1042 1351 1076 1378 de
1090 1350 1142 1378 his.

987 1397 1064 1426 Vers.
1085 1398 1129 1425 55.
1148 1397 1276 1425 Exierunt
1288 1414 1322 1418 —-
1336 1400 1490 1426 timum-unt.
1508 1399 1651 1429 Matthaaus
1661 1401 1740 1434 dixit,

949 1445 1020 1479 quod
1036 1445 1164 1472 exierunt
1180 1445 1207 1472 in
1234 1453 1379 1473 occursum
1396 1446 1458 1474 Jesu
1475 1446 1509 1480 “,
1525 1447 1659 1482 siquidem
1683 1448 1742 1483 ipSt;

950 1491 1115 1519 vcniebatin
1140 1491 1293 1519 civitatem.
1312 1492 1400 1520 Lucas
1423 1500 1489 1521 vero
1511 1501 1585 1521 nunc
1607 1495 1740 1527 ostendit,

107 1532 212 1559 ὁδεύειν
231 1531 322 1558 αὐτόν.
338 1532 368 1558 EE
383 1531 436 1566 γὰρ
450 1531 585 1563 ἐϐάδιζεν,
600 1531 651 1557 οὐκ
664 1530 697 1556 ἂν
711 1531 724 1556 ὀ
738 1529 784 1555 τοῦ
797 1529 896 1564 λεγεῶ-

964 1537 1023 1571 [uod
1037 1537 1097 1572 ipse
1117 1544 1173 1564 non
1188 1537 1366 1572 ambulabat;
1384 1546 1447 1565 nam
1463 1538 1484 1565 si
1503 1539 1740 1574 progrediebatur.

107 1586 152 1609 νος
168 1577 349 1612 ἀπαλλαγεὶς,
373 1576 493 1612 ἐκάθητο
514 1576 589 1610 παρὰ
606 1577 669 1607 τοὺς
696 1576 780 1606 πόδας
802 1575 898 1602 αὑτοῦ.

953 1591 1124 1619 nequaquam
1146 1584 1169 1612 is
1185 1584 1231 1619 qui
1251 1592 1266 1611 a
1282 1584 1424 1612 daemoniis
1441 1584 1571 1612 liberatus
1583 1584 1682 1626 fuerat,
1706 1585 1741 1613 ad

107 1624 192 1659 Δῆλον
215 1623 271 1657 οὖν,
291 1624 333 1651 ὅτι
354 1623 502 1659 ἐρχόμενος
519 1623 567 1649 ἐπὶ
590 1623 639 1658 τὴν
656 1622 744 1654 πόλιν,
770 1622 835 1658 ἔστη
853 1623 896 1648 καὶ

964 1630 1036 1657 uedes
1055 1629 1135 1657 Jesus
1159 1630 1280 1658 sedebat.
1307 1629 1480 1657 Manifestum
1501 1638 1565 1666 ergo
1585 1635 1627 1658 est
1654 1623 1739 1665 quod,

107 1670 247 1697 ιδίδασκεν
257 1679 264 1685 ·
279 1671 293 1697 ό
316 1669 344 1696 δὲ
370 1668 551 1704 Θεραπευθεὶς
561 1688 568 1701 ,
584 1668 633 1695 ἆτε
648 1669 681 1704 τῇ
696 1667 833 1702 τυραννίδι
846 1667 896 1694 τῶν

964 1675 1014 1702 lum
1027 1675 1078 1703 iret
1089 1675 1117 1702 in
1130 1675 1279 1708 civitatem,
1289 1677 1365 1704 stetit
1377 1676 1493 1711 quodam
1506 1676 1533 1703 in
1547 1677 1607 1704 loco
1616 1677 1738 1711 docens;

106 1716 243 1751 δαιμόνων
258 1714 521 1750 τεταλαιπωρηκὼς,
535 1714 648 1741 ἐκάθισε
661 1712 830 1745 κελευσθείς.

147 1857 346 1893 ’ἀπήγγειλαν
354 1855 613 1891 -δαιμονισθείς,
628 1854 690 1886 Πῶς
714 1854 808 1888 ὑγίανε
823 1853 896 1890 (48).

142 1950 195 1978 Kal
207 1948 367 1985 ἠρώτησαν
380 1963 412 1970 -
425 1947 617 1983 συνείχοντο.
639 1947 684 1973 Ὲν
698 1946 737 1982 τῷ
753 1946 896 1982 δωδεκάτῳ

105 1996 245 2032 κεφαλαίῳ
275 1996 323 2023 τοῦ
348 1995 420 2023 κατὰ
446 1994 587 2022 Ματθαῖον
615 1994 663 2021 καὶ
687 1993 777 2020 ταῦτα
803 1993 895 2025 καλῶς

105 2042 333 2080 ὴρμηνεύθησαν.

141 2138 239 2172 Αὐτὸς
278 2137 313 2165 δὲ
342 2152 378 2158 -
404 2139 421 2164 ὁ
455 2136 586 2170 Ἰησοῦς.
618 2136 686 2171 Περὶ
715 2136 818 2163 τούτων
847 2136 894 2163 καὶ

950 1721 974 1749 ls
994 1726 1085 1749 autem
1108 1722 1155 1757 qui
1181 1727 1293 1750 curatus
1307 1722 1408 1754 fuerat,
1435 1727 1564 1758 tanquam
1591 1723 1737 1759 tyrannide

950 1767 1105 1796 daemonum
1131 1768 1232 1796 misere
1264 1768 1379 1796 afﬂictus
1396 1776 1428 1796 ac
1451 1768 1616 1805 defatigatus
1641 1770 1740 1797 sedere

947 1814 1042 1847 jussus
1055 1818 1108 1841 est.

985 1858 1063 1887 Vers.
1081 1859 1124 1887 '56.
1143 1859 1439 1896 Nuntiaverunt—qui
1461 1870 1476 1887 a
1498 1862 1629 1889 drcmom'o
1651 1863 1740 1898 agita-

949 1901 1036 1927 batur.
1050 1900 1070 1935 *ι’
1081 1900 1100 1936 -ι-
1115 1900 1258 1934 Quomodo
1277 1909 1361 1929 sanus
1382 1902 1470 1930 factus
1490 1903 1536 1931 sit.

985 1945 1064 1973 Vers.
1088 1947 1134 1974 57.
1153 1946 1187 1973 Et
1206 1953 1364 1983 rogaverunt
1386 1963 1421 1969 —
1441 1952 1605 1976 tenebantur.
1632 1949 1741 1977 Duode-

947 1992 1019 2019 cimo
1037 1993 1114 2026 juxta
1140 1992 1298 2020 Malthazum
1322 1994 1422 2029 capite,
1446 1995 1503 2022 lucc
1519 1995 1634 2029 pulchre
1647 1996 1740 2023 decla-

947 2044 1004 2066 rata
1022 2043 1096 2066 sunt.
1122 2038 1221 2066 Et'hic
1243 2039 1402 2075 ἠρώτησαν,
1419 2040 1490 2068 idem
1509 2045 1552 2068 est
1566 2041 1640 2076 quod
1660 2050 1739 2076 roga-

946 2085 1022 2111 banL

982 2129 1056 2157 Vers.
1081 2131 1125 2157 57.
1154 2129 1214 2165 Ipse
1230 2138 1290 2157 vero
1365 2130 1441 2158 Vers.
1462 2131 1507 2159 39.
1531 2131 1619 2160 Jews.
1637 2133 1676 2160 De
1696 2133 1740 2162 his

103 2185 120 2211 ὁ
148 2183 262 2220 Μάρκος
291 2182 433 2218 ἱστόρησεν
463 2183 492 2210 ὲν
520 2182 560 2217 τῷ
586 2181 721 2217 ἑνδεκάτῳ
750 2181 891 2217 κεφαλαίῳ

964 2177 1056 2211 cripsit
1079 2175 1185 2204 Marcus
1204 2177 1349 2204 undecimo
1373 2177 1472 2213 capite.
1490 2182 1518 2206 et
1541 2178 1578 2206 ibi
1601 2179 1739 2216 invenies,

103 2215 263 2262 αὑτοῦξκαὶ
290 2215 417 2265 εὑρήσεις
442 2229 470 2255 ὲν
490 2215 597 2264 ἐκείνῳ.
617 2227 688 2254 διατι
708 2215 761 2263 μὲν
773 2215 794 2254 ὁγ
821 2215 891 2264 ἀνὴρ

967 2230 1029 2250 uare
1043 2222 1140 2250 orabat
1160 2230 1223 2250 eum
1246 2223 1297 2255 \‘ir,
1313 2227 1343 2250 ut
1357 2230 1419 2251 cum
1435 2223 1495 2259 ipso
1510 2229 1593 2258 esset,
1607 2231 1635 2253 et
1657 2235 1739 2262 quam

105 2277 195 2304 ἐδέετο
211 2274 281 2303 εῖναι
302 2276 350 2302 σὺν
366 2275 451 2311 αὐτῷ,
468 2275 539 2302 διατι
556 2276 584 2302 δὲ
601 2276 615 2302 ό
635 2275 738 2310 Ἰησοῦς
757 2275 894 2303 ἀπέλυσεν

103 2322 197 2356 αὐτὸν,
208 2322 256 2349 καὶ
269 2321 398 2358 περὶτῶν
413 2321 500 2348 ἄλλων
514 2321 646 2355 ἀκριϐῶς.

104 2380 186 2407 ΚΕΦ.
214 2379 278 2406 KE’.
302 2379 372 2414 Περὶ
401 2378 457 2414 τῆς
483 2378 636 2414 θυγατρὸς
664 2378 717 2404 τοῦ
745 2377 892 2412 ἀρχισυν-

433 2413 559 2441 αγώτου.

433 2422 559 2449 αγωγου.

148 2459 284 2495 Ἐγένετο
300 2474 335 2479 ——
349 2461 454 2488 αὐτόν.
473 2459 519 2491 Ὠς
535 2460 683 2495 εὐεργέτην
704 2459 751 2487 καὶ
766 2459 893 2494 Σωτῆρα.

141 2553 196 2582 Καὶ
213 2554 278 2581 ὶδοὺ
291 2568 323 2575 -
334 2553 536 2587 ἀπέθνησκεν,
553 2554 667 2588 Εἴρηται
682 2553 812 2580 κάλλιστα
829 2553 894 2586 περὶ

104 2600 209 2628 τούτων
226 2600 256 2627 ὲν
277 2599 316 2635 τῷ
336 2599 574 2634 πεντεκαιδεκάτῳ
590 2599 730 2634 κεφαλαίῳ
754 2598 800 2624 τοῦ
822 2599 894 2625 κατὰ

103 2646 258 2674 Ματθαῖον.

158 2706 182 2727 ⁸⁸
211 2706 306 2734 Matth.
336 2706 456 2739 “11,34.

948 2269 983 2296 ob
999 2276 1109 2295 causam
1129 2269 1235 2296 remisit
1266 2276 1329 2296 eum
1345 2269 1437 2302 Iesus,
1452 2278 1484 2297 ac
1499 2270 1533 2298 de
1550 2271 1610 2299 aliis
1625 2271 1739 2308 diligen-

950 2319 990 2342 ter
1009 2319 1135 2343 tractata.

1078 2373 1154 2401 CAP.
1169 2373 1252 2401 XXV.
1271 2375 1308 2401 De
1316 2375 1374 2408 ﬁlia
1393 2375 1603 2412 archisynagogi.

987 2455 1063 2484 Vers.
1079 2457 1122 2484 40.
1146 2457 1255 2484 Factum
1269 2471 1304 2476 --
1328 2465 1398 2484 eum.
1410 2456 1549 2492 Tanquam
1565 2457 1634 2484 bene
1648 2456 1682 2483 tle
1696 2457 1738 2484 ois

947 2503 1075 2530 meritum
1088 2511 1120 2530 ac
1131 2503 1311 2531 Salvatorem.

984 2550 1064 2577 Vers.
1080 2550 1126 2577 41.
1144 2549 1177 2576 Et
1194 2558 1295 2576 ecce—
1310 2549 1386 2577 Vers.
1397 2549 1442 2576 42.
1459 2551 1629 2578 moriebatur.
1642 2549 1679 2576 De
1695 2549 1739 2576 his

947 2597 1067 2632 pulchre
1078 2596 1181 2624 dictum
1202 2601 1244 2624 est
1259 2596 1366 2625 decimo
1377 2597 1473 2631 quinto
1487 2597 1563 2631 juxta
1581 2597 1737 2623 Matthmum

947 2643 1048 2678 capite.

701 2737 803 2768 Vat-ite
819 2737 972 2770 lectiones
987 2742 1018 2769 et
1032 2743 1129 2769 notae.

127 2805 196 2847 _(46i
213 2805 276 2833 Hatc
307 2810 421 2841 uterque
438 2805 465 2832 in
496 2803 628 2839 margine.
650 2801 759 2831 Omittit
774 2802 891 2840 _llenlc-

104 2849 169 2868 ntus

141 2876 198 2912 (47)
216 2875 306 2904 Malim
317 2876 368 2912 τῷ.

983 2801 1039 2837 (48)
1053 2802 1111 2829 Duo
1133 2802 1191 2830 haec
1220 2803 1350 2830 voeabula
1379 2809 1434 2830 non
1457 2801 1541 2830 habet
1571 2801 1733 2830 Ilentenius.

947 2837 1152 2876 igiturutextum
1167 2838 1320 2873 conjunxit.
