1940 3075
118 195 172 229 945

615 196 810 226 COMMENT.
834 195 873 226 IN
895 195 1034 226 LL'CAM.
1049 208 1084 214 —
1103 196 1183 226 CAP.
1203 196 1254 226 lX.

1697 197 1749 229 956

161 251 279 279 Ἰδυῦσα
293 251 327 278 δὲ
340 268 374 273 —-
387 249 470 286 ἦλθε.
486 251 643 287 Τρέμουσα,
659 251 718 286 ἅμα
732 251 792 287 μὲν,
806 251 852 278 καὶ
865 251 905 277 διὰ

997 250 1074 278 Vers.
1089 251 1134 279 47.
1150 251 1215 278 Cum
1232 260 1294 287 ergo
1307 252 1404 279 videret
1420 267 1450 271 —-
1472 253 1587 280 (κως-γη.
1604 253 1747 289 Tremens,

119 298 168 333 τὴν
184 298 300 333 δύναμιν
318 298 400 325 αὐτοῦ
414 307 420 313 ·
439 299 497 333 ἅμα
513 298 552 330 δὲ.
570 298 616 325 καὶ
632 298 675 325 διὰ
692 298 737 325 τὸν
752 298 846 333 νόμον,
866 298 908 324 ὅτι

118 344 274 379 ἀκάθαρτος
291 343 368 377 οὖσα,
385 344 474 379 ἥψατο
489 343 536 370 τοῦ
553 343 686 379 καθαροῦ.

155 439 207 464 Kal
227 439 449 472 προσπεσοῦσα
466 455 501 460 ——
521 440 712 475 παραχρῆμα.
734 440 804 467 Καθ’
821 439 908 475 ὑπέρ-

119 484 201 510 ϐατὸν
216 485 290 511 ἐστιν
303 486 319 520 ἠ
333 485 462 519 σύνταξις
476 487 530 513 τῶν
544 488 646 522 ῥητῶν,
658 488 700 513 ὅτι
715 487 909 522 προσπεσοῦσα

118 531 203 565 αὐτῷ,
220 531 381 567 ἀνήγγειλεν
394 533 470 568 αὑτῷ
483 532 600 560 ἐνώπιον
615 533 713 565 παντὸς
723 533 771 561 τοῦ
785 533 863 565 λαοῦ,
874 532 909 559 δι’

117 577 151 612 ἢν
166 577 256 604 αἰτίαν
270 578 360 613 ἥψατο
374 579 467 611 αὑτοῦ,
486 579 600 614 δηλαδὴ,
616 579 768 614 λεληθότως
780 588 787 595 ·
803 578 909 614 ταύτην

117 621 146 648 δὲ
165 621 214 657 τὴν
230 623 319 650 αἰτίαν
335 625 543 659 προειρήκαμεν
555 625 694 660 ἀνωτέρω.

159 667 190 694 '0
203 667 238 694 δὲ
249 667 370 702 Ἰησοῦς
390 685 423 690 -—
442 677 489 697 σε.
505 670 550 706 Μὴ
565 670 659 705 φοόοὖ,
679 670 748 706 μήτε
764 671 824 706 ἐμὲ,
840 670 908 706 μήτε

118 712 162 739 τὸν
176 713 268 748 νόμον.
292 714 338 741 Ἐκ
354 715 473 747 πίστεως
485 717 550 751 γὰρ,
567 716 617 743 οὐκ
629 717 661 743 ὲκ
677 717 908 752 καταφρονήσεως

117 758 188 793 ἥψω,
204 760 251 786 καὶ
264 759 367 791 λοιπὸν,
387 762 403 797 ή
415 762 508 793 πίστις
522 770 570 788 σου
584 763 650 798 παρ’
664 762 731 798 ἐμοῦ
747 762 807 797 μὲν,
825 770 908 797 προε-

118 804 214 839 ξένησέ
231 814 272 832 σοι
287 809 333 841 τὴν
349 807 404 843 (50)
420 808 513 842 ὑγείαν
523 817 531 824 ·
551 809 627 844 παρά
642 809 671 835 δὲ
688 809 734 836 τοῦ
749 809 843 843 νόμοι),
859 809 908 843 τὴν

118 851 225 885 ἄφεσιν.
242 853 280 888 Τῇ
293 853 384 880 πίστει
399 854 426 881 δὲ
442 855 528 890 αὐτῆς
544 856 575 883 τὸ
590 857 644 883 πᾶν
661 856 846 892 ἐπεγράψατο,
865 857 908 884 ἵνα

120 898 164 923 καὶ
179 897 254 924 ἄλλοι
270 899 337 934 πρὸς
350 899 666 935 πίστινέφελκυσθῶσιν,
681 903 719 934 ὡς
735 904 887 938 εἰρήκαμεν
898 911 905 918 ·

117 943 200 976 ἔδειξε
220 945 248 971 δὲ
265 946 406 973 κάνταῦοα
425 947 480 983 (5H
499 948 512 974 ὁ
526 949 653 983 Χριστλς,
669 949 709 974 ὅτι
723 948 811 981 οὐδεὶς
827 949 908 976 ἀκού·

119 999 175 1017 σιον
197 991 267 1027 ἔχων
291 991 386 1026 πάθος,
414 993 569 1028 ἀκάθαρτος
583 995 643 1020 ἐστι
669 994 745 1030 παρά
760 995 800 1030 τῷ
826 994 904 1029 Θεῷο

118 1036 256 1072 θυγατέρα
288 1038 316 1065 δὲ
346 1039 430 1074 αὐτὴν
457 1039 603 1072 ἐκάλεσεν,
636 1041 674 1072 ὡς
702 1040 906 1075 υίοθετηοεῖσαν

118 1082 192 1118 αὑτῷ
212 1083 255 1110 διὰ
278 1084 407 1118 πίστεως,
430 1086 477 1112 καὶ
494 1085 552 1120 ἃμα
580 1085 623 1112 διὰ
645 1087 694 1120 τῆς
720 1088 906 1123 προσηγορίας

116 1128 218 1163 ταύτης
235 1130 372 1162 παντελῶς
386 1131 432 1158 τὸν
445 1131 528 1166 φόϐον
543 1132 629 1167 αὐτῆς
645 1132 786 1160 ἐκϐάλλων
803 1134 850 1160 καὶ
866 1135 905 1160 ol-

117 1174 275 1210 κεεούμενος
291 1176 388 1211 αὑτήν.

151 1221 286 1254 Πορεύου
300 1223 344 1254 είς
357 1222 491 1257 εἰρήνην.
510 1223 565 1259 Τὴν
579 1224 633 1251 ἀπὸ
645 1225 693 1252 τοῦ
711 1227 811 1261 μηκέτι
827 1226 907 1254 πολε-

119 1266 228 1299 μεῖσθαι
244 1267 296 1293 ὑπὸ
309 1267 356 1294 τοῦ
375 1268 488 1300 πάθους.
507 1270 586 1296 Κατὰ
599 1270 628 1296 δὲ
640 1271 797 1306 ἀναγωγὴν,
812 1272 855 1307 εἴη
873 1272 907 1299 ἂν

119 1312 269 1347 αἱμόρρους
285 1313 300 1348 ή
316 1314 396 1346 φύσις
414 1315 468 1341 τῶν
481 1315 644 1351 ἀνθρώπων,
661 1318 721 1352 ἥτις
737 1319 789 1354 πρδ
802 1318 847 1345 τοῦ
865 1318 907 1345 ὲλ-

118 1357 174 1383 θεῖν
181 1358 232 1391 ,τὸν
243 1359 370 1393 Χριστὸν,
384 1360 506 1396 ὲπήγαζε
517 1361 567 1396 τὴν
578 1362 748 1398 ἀκαθαρσίαν
758 1364 807 1398 τῆς
820 1365 908 1400 ἀμαρ-

116 1404 186 1435 τίας,
210 1405 335 1440 φοινιικὴν
352 1405 445 1439 οὖσαν,
463 1407 533 1442 ἦτοι,
551 1409 678 1444 φονικήν.
698 1410 781 1436 Οὐδὲν
793 1410 819 1436 δὲ
834 1410 907 1445 ὠφε-

116 1449 186 1485 λήθη
200 1452 275 1486 παρὰ
286 1452 341 1478 τῶν
351 1452 474 1487 ψυχικῶν
487 1454 588 1489 ἰατρῶν
598 1456 666 1490 αὐτῆ
675 1465 694 1486 ς,
711 1456 782 1490 λέγω
797 1457 841 1492 δὴ,
854 1458 908 1485 τῶν

117 1495 271 1530 φιλοσόφων
283 1504 290 1513 ·
308 1497 375 1524 ἀλλὰ
389 1499 436 1525 καὶ
453 1499 553 1534 μᾶλλον
568 1500 668 1536 ἐϐλάϐη
683 1503 742 1534 ταῖς
754 1503 908 1535 ἀλλοκότοις

115 1543 301 1576 διδασκαλίαις
318 1545 427 1572 αὐτῶν·
442 1546 569 1582 ἁψαμένη
584 1548 611 1574 δὲ
627 1548 674 1575 τοῦ
688 1549 797 1584 ἱματίου
812 1551 905 1584 αὐτοῦ,

118 1590 254 1622 τουτέστι,
275 1591 325 1625 τῆς
348 1592 514 1626 σαρκώσεως
532 1595 627 1626 αὑτοῦ,
644 1595 688 1622 διὰ
712 1597 843 1630 πίστεως,
858 1599 907 1625 αὑ·
920 1606 941 1635 c

116 1635 180 1661 τίκα
202 1636 274 1670 ἰάθη.
297 1637 352 1663 Καὶ
371 1638 425 1673 γὰρ
441 1637 556 1665 ἅπτεται
574 1639 619 1666 τοῦ
636 1641 744 1675 ἱματίου
764 1643 848 1669 αὑτοῦ
863 1644 907 1671 διὰ

115 1680 232 1713 πίστεως
260 1681 328 1717 (5‘2),
357 1684 411 1715 πᾶς
437 1685 452 1711 ό
480 1685 616 1712 πιστεύων
640 1687 672 1721 τῇ
702 1687 907 1724 ἐνανθρωπήσει

116 1735 210 1753 αυτου.

154 1771 219 1800 Ἔτι
233 1788 268 1794 -
281 1775 461 1809 σωθήσεται.
479 1776 574 1805 Ταῦτα
591 1778 638 1805 καὶ
657 1778 671 1805 ὀ
688 1779 802 1815 Μάρκος
822 1779 907 1816 ἔγρα-

114 1818 165 1853 ψεν
183 1819 212 1845 ὲν
230 1820 268 1856 τῷ
284 1822 500 1859 τρισκαιδεκάτῳ
514 1825 664 1861 κεφαλαίῳ,
683 1827 731 1853 καὶ
746 1826 864 1862 ζήτησον
878 1828 907 1854 ὲν

113 1865 212 1900 ἐκείνῳ
220 1867 268 1901 τὴν
283 1867 442 1902 ἑρμηνείαν.

156 1912 267 1939 Ἐλθὼν
280 1913 312 1940 δὲ
332 1930 367 1934 -—
382 1914 534 1943 ἀπέθανεν
548 1916 619 1952 (5'5).
647 1917 765 1953 Ὁμοίως
780 1919 828 1946 καὶ
843 1921 907 1956 περὶ

113 1958 216 1986 τούτων
250 1961 358 1987 πάντων
386 1963 415 1988 ὲν
443 1963 540 1998 ἐκείνῳ
572 1965 781 2000 σεσαφήνισται.
824 1967 907 1994 Ἐκδ-

112 2014 225 2033 πτοντο
237 2006 266 2034 δὲ
280 2008 388 2043 αὐτὴν,
403 2009 464 2036 ἀντὶ
475 2009 532 2041 τοῦ,
548 2010 679 2046 ιθρήνουν
694 2012 789 2048 αὐτήν.

148 2054 201 2080 Καὶ
213 2053 368 2088 κρατήσας
383 2070 418 2076 -
430 2056 564 2091 γεγονός.
580 2057 641 2083 Ἔτι
655 2057 702 2084 καὶ
714 2058 778 2093 περὶ.
799 2058 904 2086 τούτων

112 2099 329 2135 ἀπαραλείπτως
341 2101 472 2137 εὑρήσεις
485 2102 514 2128 ἐν
528 2102 639 2139 ἐκείνῳ.

148 2157 227 2184 ΚΕΦ.
243 2159 306 2185 KZ’.
323 2158 393 2192 Περὶ
408 2158 464 2193 τῆς
485 2158 662 2194 ἀποστολῆς
676 2159 736 2187 τῶν
750 2161 876 2190 δώδεκα.

148 2205 421 2239 Συγκαῑεσάμενος
434 2220 470 2225 —-
487 2206 675 2240 θεραπεύειν.
700 2207 818 2243 Εἴρηται
841 2211 906 2246 περὶ

963 302 1020 324 tum
1051 304 1162 332 propter
1191 297 1263 325 illius
1279 299 1420 330 virtutem,
1442 301 1498 324 tum
1521 303 1634 334 propter
1648 299 1746 335 legem,

959 343 1043 378 quod,
1059 351 1120 370 eum
1136 343 1276 371 immunda
1290 349 1375 376 esset.
1391 351 1465 376 eum,
1483 345 1528 379 qui
1546 346 1665 373 mundus
1679 352 1747 379 erat,

961 390 1104 425 tetigisset.

999 435 1074 462 Vers.
1097 436 1141 464 47.
1160 437 1198 463 Ac
1212 437 1322 471 procidit
1338 453 1373 458 -—-
1389 438 1520 471 protinus.
1548 434 1600 464 Per
1618 437 1750 472 hyperba-

962 485 1008 508 ton
1026 486 1066 509 est
1083 485 1149 509 ordo
1167 483 1324 511 verborum.
1344 483 1463 510 Proeidit
1484 483 1516 509 ad
1539 484 1620 518 pedes
1635 483 1703 517 ejus,
1723 489 1750 510 et

962 527 1093 555 indicavit
1105 528 1130 554 ei
1146 535 1236 555 coram
1257 528 1331 555 omni
1356 528 1467 564 populo,
1483 529 1518 555 ob
1540 536 1620 563 quam
1637 536 1749 556 causam

961 571 1036 599 illum
1062 573 1204 608 tetigisset,
1232 577 1295 608 puta
1316 574 1386 601 clam
1416 573 1472 601 sive
1507 574 1614 601 occulte
1639 582 1646 601 :
1679 574 1750 601 hanc

960 625 1051 647 autem
1068 627 1177 647 causam
1197 621 1323 655 superius
1336 621 1519 655 prmdiximus.

998 664 1074 693 Vers.
1095 665 1139 693 ιε.
1157 665 1234 692 Iesus
1254 671 1344 693 autem
1358 681 1394 686 —
1408 670 1442 693 te.
1468 666 1507 693 Ne
1525 671 1572 694 aut
1589 674 1631 694 me
1647 672 1693 694 aut
1712 667 1751 694 le-

959 718 1018 746 gem
1038 711 1142 738 timeas.
1161 711 1198 738 Ex
1217 712 1268 738 ilde
1280 712 1353 738 enim
1368 717 1395 739 et
1420 720 1473 738 non
1488 719 1519 739 ex
1538 717 1695 747 contemptu
1712 719 1751 741 le-

959 757 1060 792 tigisti;
1077 762 1104 784 et
1119 761 1194 785 certe
1221 757 1288 785 ﬁdes
1312 762 1357 785 tua
1375 765 1389 785 a
1407 766 1449 785 me
1467 759 1577 793 quidem
1594 760 1750 786 conciliavit

960 803 1006 830 tibi
1017 804 1173 836 sanitatem,
1184 811 1198 830 a
1211 803 1269 839 lege
1280 809 1344 832 vero
1357 804 1559 832 remissionem.
1573 805 1647 832 Fidei
1659 811 1749 833 autem

959 850 1033 877 illius
1050 854 1136 877 totum
1153 851 1278 878 attribuit
1299 851 1452 886 negotium,
1469 857 1497 879 ut
1515 856 1543 878 et
1559 852 1604 879 alii
1619 852 1651 879 ad
1670 853 1750 880 ﬁdem

960 897 1177 928 attraherentur,
1204 897 1276 925 sicut
1303 897 1490 932 prmdiximus.
1513 897 1640 925 Ostendit.
1661 899 1752 934 itaque.

959 951 1008 978 per
1034 944 1087 971 hoc
1117 943 1254 976 Christus,
1284 944 1356 979 quod
1380 944 1471 971 nullus
1498 945 1534 972 ob
1558 945 1682 972 morbum
1709 945 1752 972 vel

958 990 1143 1023 affectionem,
1160 999 1241 1025 quam
1267 990 1371 1018 imitus
1395 991 1512 1026 patitur,
1536 991 1693 1018 immundus
1710 997 1752 1019 est

958 1037 1029 1071 apud
1045 1036 1140 1064 Deum.
1157 1036 1253 1063 Filiam
1271 1045 1336 1064 vero
1351 1037 1436 1071 ipsam
1453 1037 1570 1068 voravit.
1594 1043 1688 1072 utpote
1705 1046 1753 1072 per

959 1082 1038 1109 ﬁdem
1056 1083 1106 1110 sibi
1121 1083 1295 1117 adoptatam:
1317 1083 1399 1110 simul
1418 1083 1499 1110 etiam
1521 1083 1678 1118 lmjusmodi
1699 1091 1749 1118 ap-

959 1128 1105 1163 pellatione
1122 1129 1246 1155 timorem
1265 1129 1376 1163 penitus
1389 1129 1423 1155 ub
1435 1136 1466 1156 ea
1485 1129 1632 1164 repellens,
1647 1129 1734 1164 ipsam
1745 1144 1751 1152 ς

958 1182 1010 1209 que
1025 1175 1074 1202 sibi
1091 1175 1252 1202 familiarem
1268 1175 1395 1202 reddens.

995 1220 1072 1249 Vers.
1089 1221 1134 1248 48.
1155 1220 1227 1248 Vade
1246 1221 1274 1247 in
1295 1229 1369 1256 pace.
1389 1221 1446 1255 Qua
1460 1222 1589 1257 deinceps
1617 1231 1632 1250 a
1656 1223 1751 1251 norbe

957 1274 1012 1294 non
1034 1266 1211 1302 impugneris.
1225 1266 1305 1295 Juxta
1322 1275 1460 1303 anagogcn
1475 1276 1541 1295 vero
1556 1269 1678 1304 intellligi
1700 1277 1750 1304 po-

959 1318 1014 1341 test
1031 1314 1164 1349 sanguine
1179 1315 1276 1346 iluens,
1293 1319 1390 1341 natura
1405 1315 1525 1342 humana
1549 1324 1557 1342 τ
1572 1322 1643 1349 ηοω,
1661 1315 1752 1350 prius-

958 1367 1040 1395 quam
1065 1360 1172 1388 veniret
1204 1361 1340 1393 Christus,
1368 1361 1496 1388 manabat
1511 1362 1616 1396 peccati
1638 1361 1752 1396 impuri-

959 1411 1014 1434 tate
1041 1407 1214 1442 sanguinaria
1245 1407 1303 1435 sive
1333 1399 1497 1441 mortifera;
1527 1415 1579 1435 nec
1603 1407 1751 1442 quidquam

959 1454 1109 1488 adiumenti
1134 1458 1256 1482 senserat
1285 1462 1299 1481 a
1329 1454 1498 1489 spiritalibus
1519 1454 1673 1481 animorum
1693 1462 1752 1481 me-

959 1501 1040 1532 dicis,
1056 1501 1101 1536 qui
1114 1500 1174 1536 ejus
1187 1508 1282 1528 curam
1297 1500 1463 1531 habuerant,
1479 1504 1541 1535 puta
1559 1499 1731 1535 philosophis
1743 1507 1752 1525 ε

961 1547 1009 1574 sed
1024 1547 1219 1574 detrimentum
1235 1546 1328 1582 potius
1347 1551 1517 1581 susceperat,
1544 1553 1591 1581 per
1608 1551 1752 1572 extraneas

961 1601 993 1621 ac
1017 1594 1148 1621 absurdas
1173 1601 1269 1621 eorum
1297 1593 1447 1620 doctrinas.
1471 1591 1508 1620 Ut
1533 1596 1626 1619 autem
1650 1592 1751 1619 Christi

962 1641 1048 1676 tetigit
1071 1642 1276 1673 vestimentum,
1301 1640 1354 1668 hoc
1377 1644 1429 1673 est,
1454 1639 1672 1667 incarnationem
1691 1638 1752 1675 ejus

959 1695 1007 1722 per
1020 1687 1111 1720 fidem,
1122 1691 1235 1722 repente
1248 1692 1342 1714 sanata
1358 1691 1412 1714 est.
1425 1686 1490 1721 Ejus
1508 1686 1644 1721 siquidem
1664 1685 1752 1722 tangit

959 1734 1162 1766 vestimentum,
1179 1733 1303 1768 quisquis
1313 1733 1399 1760 credit
1416 1732 1503 1767 ipsius
1515 1732 1748 1759 incarnationem.

995 1780 1072 1807 Vers.
1093 1779 1137 1807 49.
1160 1779 1251 1806 Adlmc
1278 1794 1311 1799 —
1330 1778 1407 1806 Vers.
1429 1778 1473 1806 50.
1498 1778 1575 1805 salva
1602 1779 1662 1805 erit.
1685 1778 1750 1806 "(FC

959 1826 1040 1854 etiam
1058 1826 1168 1861 scripsit
1182 1824 1289 1853 Marcus
1301 1825 1409 1852 decium
1425 1824 1505 1851 tertio
1520 1824 1622 1859 capite,
1639 1829 1667 1851 et
1682 1823 1708 1850 in
1717 1830 1752 1852 eo

958 1878 1050 1906 quaere
1061 1871 1324 1906 interpretationem.

995 1918 1071 1946 Vers.
1090 1919 1133 1946 5|.
1154 1916 1219 1945 Cum
1232 1922 1317 1944 autem
1334 1917 1444 1944 venisset
1458 1930 1494 1936 —-
1510 1915 1587 1944 Vers.
1615 1915 1659 1943 55.
1677 1923 1751 1942 mor-

959 1970 1004 1991 tua
1022 1969 1098 1991 esset.
1118 1963 1249 1991 Similiter
1264 1967 1292 1991 et
1307 1963 1366 1991 h'ec
1387 1963 1479 1990 omnia
1495 1962 1541 1990 illo
1552 1962 1642 1997 capite
1657 1962 1751 1997 expla—

958 2014 1021 2037 nata
1036 2014 1110 2037 sunt.

994 2055 1072 2083 Vers.
1087 2055 1131 2083 54.
1146 2055 1180 2082 Et
1191 2055 1353 2090 apprehensa
1366 2069 1398 2074 —
1411 2054 1487 2081 Vers.
1506 2053 1550 2081 56.
1568 2054 1637 2089 quod
1649 2054 1750 2089 factum

958 2107 1005 2130 est.
1021 2103 1058 2129 De
1073 2102 1115 2129 his
1138 2110 1244 2137 quoque
1260 2101 1335 2129 nullo
1351 2101 1538 2137 praetermisso
1558 2100 1595 2128 ibi
1613 2099 1748 2129 invenies.

957 2158 1033 2187 CAP.
1057 2158 1163 2187 XXVII.
1191 2159 1228 2186 De
1257 2159 1381 2186 missione
1400 2159 1535 2186 duodecim
1556 2158 1747 2192 apostolorum.

994 2206 1058 2241 Cap.
1078 2205 1123 2233 IX.
1139 2205 1215 2234 Vers.
1236 2207 1260 2233 Ι.
1276 2205 1432 2234 Convocatis
1445 2220 1479 2225 ——-
1491 2210 1518 2232 ut
1535 2210 1673 2233 curarent.
1687 2206 1749 2233 Dic-

108 2249 215 2275 τούτων
231 2250 259 2275 ἐν
278 2249 317 2284 τῷ
344 2251 580 2286 ἐννεακαιδεκάτῳ
597 2252 742 2288 κεφαλαίῳ
761 2255 808 2281 τοῦ
835 2257 905 2284 κατὰ

110 2295 138 2302 ..
177 2293 189 2302 ..
211 2295 222 2302 .

966 2260 1017 2279 .um
1028 2252 1117 2280 estde
1131 2252 1174 2280 bis
1185 2253 1292 2280 decimo
1304 2260 1377 2280 nono
1389 2252 1466 2288 juxta
1480 2251 1637 2280 Matthtcum
1647 2252 1747 2287 capite.

109 2293 261 2322 Ματθαῖον.

147 2340 201 2367 Καὶ
233 2341 414 2370 ἀπέστειλεν
437 2358 472 2364 -
499 2343 716 2379 ἁσθενοῖγτας.
743 2347 786 2375 Ἐν
809 2348 906 2386 ἐκείνῳ

108 2385 267 2420 διείληπται
292 2389 341 2416 καὶ
363 2389 426 2424 περὶ
445 2389 560 2424 τούτων,
589 2390 653 2418 ἔνθα
669 2394 760 2420 κειται
775 2395 815 2420 τό·
846 2385 905 2423 Ho-

105 2432 267 2467 ρευόμενοι
281 2434 315 2460 δὲ
329 2434 510 2468 κηρύσσετε,
533 2435 686 2471 λέγοντες,
715 2438 758 2465 ὅτι
779 2438 905 2475 ἤγγικεν

107 2479 129 2512 ἠ
145 2479 289 2510 ,ϐασιλεία
306 2479 366 2507 τῶν
376 2481 523 2515 οὐρανῶν.

145 2526 202 2553 Καὶ
213 2524 279 2553 εἷπε
303 2542 323 2547 -
339 2525 430 2561 ἔχειν.
451 2527 569 2562 Ὁμοίως
585 2530 632 2556 καὶ
651 2530 716 2566 περὶ
732 2530 848 2559 τούτων.

145 2569 201 2597 Καὶ
215 2571 259 2603 είς
275 2585 310 2590 —
324 2570 494 2605 ἐξέρχεσθε.
523 2574 579 2600 Καὶ
599 2575 666 2610 περὶ
683 2576 779 2603 τούτου
796 2577 901 2605 πλατύ-

105 2624 189 2651 τερον
205 2616 220 2642 ὁ
234 2616 374 2647 Matinio;
389 2617 448 2643 ἐκεῖ
462 2618 600 2654 ίστόρησε.

162 2699 188 2716 ⁵⁸
202 2699 299 2727 Matth.
316 2707 345 2731 κ,
370 2699 397 2726 'l.

991 2344 1069 2373 Vers.
1084 2343 1112 2371 9...
1130 2343 1163 2372 Et
1185 2345 1258 2372 misit
1285 2360 1321 2366 —
1335 2345 1466 2380 inﬁrmos.
1489 2343 1591 2372 Eodem
1608 2345 1698 2380 capite
1713 2345 1748 2372 de

954 2390 997 2420 bis
1008 2400 1117 2428 quoque
1129 2391 1256 2420 distincte
1268 2392 1370 2419 dictum
1381 2397 1431 2424 est,
1444 2391 1490 2419 ubi
1501 2392 1632 2427 ponitur:
1647 2390 1747 2418 Eiutles

953 2445 1042 2467 autem
1056 2440 1208 2474 praedicata,
1225 2440 1360 2467 dicentes:
1377 2438 1463 2466 Instat
1485 2444 1594 2474 regnum
1608 2438 1744 2465 caelorum.

993 2529 1069 2556 Vers.
1080 2529 1106 2556 5.
1125 2528 1158 2555 Et
1170 2527 1207 2555 ait
1220 2543 1254 2548 —
1266 2527 1394 2554 habeatis.
1407 2525 1540 2553 Similiter
1550 2530 1577 2553 et.
1592 2525 1626 2553 de
1640 2527 1692 2554 his.

991 2576 1066 2603 Vers.
1092 2575 1120 2602 4.
1149 2574 1183 2600 Ει
1202 2575 1230 2600 in
1252 2588 1287 2593 —
1306 2574 1384 2600 exite.
1410 2572 1448 2600 De
1465 2572 1507 2600 his
1529 2579 1638 2607 quoque
1664 2571 1745 2600 latins

954 2621 1063 2656 scripsit
1079 2620 1114 2648 ibi
1131 2619 1272 2647 Matthaeus
1288 2620 1322 2646 ⁸⁸.

704 2735 806 2767 Variae
819 2737 972 2770 lectiones
988 2742 1019 2769 et
1043 2743 1136 2769 notae.

145 2818 202 2854 (σο)
212 2819 332 2854 Σουτήν.
345 2824 376 2846 Α.

145 2853 203 2890 (Si)
220 2853 429 2890 Δὲγκᾶντεῦθεν.
443 2853 463 2881 Β

143 2889 202 2923 (52)
218 2889 268 2915 Διά
282 2891 409 2921 πίστεως,
424 2890 525 2918 omittit
545 2890 574 2917 Β.

144 2924 203 2960 (55)
234 2925 298 2953 Post
333 2925 463 2958 ἀπέθανε,
487 2926 588 2953 omittit
625 2927 705 2956 etiam
745 2927 898 2956 llentenius

956 2824 1038 2850 verba
1049 2828 1137 2850 textus
1149 2833 1155 2850 :
1168 2822 1253 2854 Αὐτὸς
1268 2823 1296 2849 δὲ
1315 2811 1502 2853 ὲκὸαλὼνέξω
1517 2821 1633 2854 πάντις,
1646 2822 1672 2850 in
1691 2829 1742 2850 sua

956 2859 1090 2899 versione,
1110 2859 1219 2887 tametsi
1238 2858 1265 2886 in
1280 2858 1444 2886 Prmt‘atione
1460 2857 1527 2885 nihil
1538 2864 1569 2884 ca
1586 2857 1619 2885 de
1640 2865 1669 2885 re
1683 2866 1742 2885 mo-

955 2898 1056 2922 nucrit.
