1940 3075
99 185 153 217 919

593 185 786 216 COMMENT.
811 184 849 214 IN
871 183 1009 214 LUCAM.
1027 195 1063 200 -
1082 182 1159 212 CAP.
1184 181 1234 212 IX.

1677 180 1728 211 950

135 244 166 269 ΤΙ
180 243 233 276 γὰρ
245 257 279 262 --
291 241 446 277 ζημιωθεΙς
458 241 562 274 ;Τοῦτο
577 243 624 269 καὶ
633 243 646 268 6
658 242 798 274 Ματθαῐος
812 241 892 277 ἔγρα-

978 240 1054 268 V'crs.
1070 239 1115 266 ‘25.
1134 238 1203 271 Quid
1220 238 1288 265 enim
1302 252 1336 258 —-
1350 237 1432 272 faciat
1448 239 1459 265 .9
1474 237 1531 265 lloe
1542 243 1570 265 et
1586 238 1729 265 Mattlneus

96 289 149 324 ψῑν
166 290 212 315 ἐπὶ
232 289 327 321 τέλους
351 288 398 316 τοῦ
415 290 580 324 τριακοστοῦ
609 289 704 324 τρίτου
723 288 885 323 κεφαλαίου,

96 338 146 364 καὶ
156 337 273 375 ζήτησον
287 338 346 364 ὲκεϊ
360 337 410 373 τὴν
424 337 565 372 ἐξήγησιν.
584 336 620 363 Τὸ
636 336 674 368 δὲ,
690 336 709 370 ἢ
725 334 888 370 ζημιωθεὶς.

98 383 334 419 ὲφερμηνευτικόν
347 383 405 410 ἐστι
424 382 483 415 τοῦ,
507 382 673 415 ἀπολέσας.
698 381 848 408 Ἀπώλειαν
863 381 891 407 δὲ

98 431 148 457 καὶ
166 430 272 465 ζημίαν
299 429 429 465 ὀνομάζει
449 429 499 465 τὴν
526 428 636 456 αἰώνιον
666 428 818 463 καταδίκην
845 427 892 454 καὶ

99 477 225 504 κόλασιν.

139 560 194 592 ’ος
207 558 262 593 γὰρ
277 573 312 578 -
343 557 489 593 dri-6.1m.
512 557 621 584 Τούτων
638 556 825 592 ἱμνημόνευςε
845 555 894 582 καὶ

101 607 116 632 ό
142 605 256 640 Μάρκος
272 605 301 630 ὲν
312 603 351 639 τῷ
365 603 483 639 εἰκοστῷ
496 604 621 639 τετάρτῳ
635 602 788 638 κεφαλαίῳ.
804 603 852 629 καὶ
867 603 896 629 ὲν

101 652 199 686 ἐκείνῳ
215 651 464 686 διηρμηνεὺθησαν.
497 650 580 677 Ἀλλὰ
608 649 668 682 πῶς
685 647 773 682 εἶπεν,
789 650 831 676 ὅτι
847 649 895 676 καὶ

101 698 150 726 τοῦ
159 699 264 733 [Ia-r96;
278 698 324 724 καὶ
336 697 390 724 τῶν
403 697 487 731 ἁγίων
503 696 642 731 ἀγγέλων;
653 696 727 722 Διὸτι
743 696 817 731 καὶὴ
832 695 895 729 δόξα

102 745 150 771 τοῦ
177 743 293 778 Πατρδς.
321 743 384 776 δόξα
411 742 494 770 αὐτοῦ
520 742 605 769 ἔσται.
638 742 704 774 Υἱὸς
731 741 785 777 γὰρ
813 742 896 768 αὐτοῦ

103 793 172 818 ἐστι.
189 790 270 825 Καὶή
285 790 349 822 δόξα
375 789 430 816 τῶν
454 789 540 822 ἁγίων
568 788 702 823 ἀγγέλων,
718 787 784 820 δόξα
811 787 896 814 αὑτοῦ

103 837 188 864 ἕαται.
204 837 343 871 Δεσπότης
357 836 411 870 γὰρ
432 835 523 862 αὐτῶν
537 836 606 862 ἐστι.

141 883 222 917 Λέγω
241 882 275 909 δὲ
292 897 327 902 —-
340 882 394 909 τοῦ
421 881 505 908 Θεοῦ.
524 882 640 917 Εῐρηται
655 882 721 917 περ).
745 881 849 908 τούτων
867 882 897 907 ὲν

940 287 1052 321 scripsit
1067 287 1094 312 in
1110 287 1162 313 line
1178 284 1307 313 tricesimi
1326 285 1398 312 tertii
1415 284 1514 320 capitis
1530 293 1537 311 :
1559 289 1586 312 et
1602 284 1639 311 ibi
1656 292 1730 318 qua:-

941 340 970 359 re
999 332 1211 360 enarrationem.
1247 331 1325 365 Quod
1354 335 1446 359 autem
1477 332 1552 359 addit
1578 340 1584 358 :
1611 331 1664 358 Aut
1689 331 1730 358 sui

941 379 1024 414 ipsius
1040 380 1175 413 iacturam
1189 378 1282 414 faciat,
1298 377 1492 405 declarativum
1507 382 1549 404 est
1573 377 1731 412 praeceden-

943 425 989 456 tis.
1017 429 1091 460 puta,
1120 424 1239 460 seipsum
1265 423 1371 458 perdat.
1397 423 1580 451 Perditionem
1611 431 1677 451 vero
1704 427 1733 450 et

941 471 1075 505 iacturam
1105 471 1238 503 nominat,
1267 475 1394 498 :eternam
1425 469 1680 498 condemnationem
1706 476 1734 498 et

943 517 1121 553 supplicium.

979 564 1057 591 Vers.
1074 563 1121 591 26.
1136 562 1321 598 Quemcunque
1336 577 1371 582 -—
1386 562 1550 598 angelorum.
1576 563 1677 590 llnrum
1705 568 1734 589 et

945 608 1052 636 Marcus
1066 607 1189 635 meminit
1214 607 1342 634 vicesimo
1360 611 1457 641 quarto
1470 607 1569 640 capite,
1589 612 1615 634 et
1630 607 1666 634 ibi
1688 615 1734 634 cx-

946 654 1054 689 planata
1067 658 1141 681 sunt.
1156 652 1256 680 Verum
1270 654 1407 688 quomodo
1424 658 1450 680 et
1463 652 1561 686 Patris,
1579 659 1606 680 et
1622 658 1734 680 sancto-

947 709 1006 728 rum
1024 699 1202 735 angelorum?
1221 699 1289 732 Quia
1304 699 1388 734 gloria
1415 699 1504 726 Patris
1525 699 1607 734 gloria
1625 704 1667 727 est
1693 700 1735 734 ip-

948 746 1014 778 sius,
1029 753 1090 773 cum
1107 753 1190 773 unum
1208 746 1272 773 sint.
1289 745 1345 781 Ego
1358 749 1383 772 et
1408 745 1498 775 Pater.
1527 746 1625 781 inquit,
1650 754 1731 772 unum

948 800 1037 819 sumus
1050 791 1074 807 “
1090 792 1132 827 (ιι)
1151 799 1158 819 :
1175 790 1258 826 gloria
1279 797 1344 818 vero
1359 791 1530 826 angelorum,
1547 791 1630 819 etiam
1654 791 1737 826 ipsius

949 843 1010 870 est;
1027 837 1160 864 Dominus
1176 837 1248 864 enim
1265 837 1372 864 illorum
1387 842 1438 864 est.

986 881 1062 908 Vers.
1075 881 1119 908 27.
1137 881 1200 908 Dico
1216 896 1247 902 —
1264 880 1322 908 Dei.
1343 881 1448 909 Dictum
1466 882 1552 910 estde
1567 882 1610 911 his
1643 883 1668 911 in
1684 883 1737 911 ﬁne

103 929 143 964 τῷ
157 928 228 955 τέλει
240 928 288 954 to?»
304 927 470 963 τριακοστοῦ
489 927 583 963 τρίτου
600 927 750 961 κεφαλαίου
765 927 812 954 τοῦ
823 927 895 955 κατὰ

957 926 1084 954 Lrieesimi
1108 926 1180 954 tertii
1211 927 1310 962 capitis
1335 927 1475 963 Evangelii
1495 929 1646 956 secundum
1672 928 1738 956 Mat-

104 976 256 1003 blarbalov.

118 1034 197 1061 ΚΕΦ.
214 1036 252 1062 Λ’.
268 1035 338 1069 Περὶ
355 1034 408 1069 τῆς
423 1034 679 1071 μεταμορφώσεως
693 1034 746 1061 τοῦ
767 1032 881 1068 Ἰησοῦ.

146 1081 316 1115 Ἐγένετο-
341 1081 428 1109 ὀκτώ.
446 1080 570 1116 Διῆλθον,
586 1080 718 1116 δηλονότι.

141 1175 195 1203 Καὶ
213 1175 394 1209 παραλαϐὼν
409 1190 444 1196 -
462 1175 672 1210 Ἰερουσαλήμ.
696 1176 764 1211 Περὶ
783 1177 832 1212 τῆς
850 1185 897 1212 με-

105 1221 316 1257 ταμορφώσεως
336 1221 440 1255 ταύτης
452 1220 643 1256 φανερώτερον
659 1220 780 1255 ἔγραψεν
794 1221 809 1247 6
821 1221 898 1247 Ματ-

107 1268 182 1300 θαῖος
196 1269 225 1295 ἐν
241 1268 278 1303 τῷ
292 1267 448 1303 τριακοστῷ
459 1267 584 1302 τετάρτῳ
599 1266 744 1302 κεφαλαίῳ
756 1266 852 1298 αὑτοῦ,
869 1267 897 1294 ἐν

106 1310 129 1347 ᾧ
154 1313 202 1340 καὶ
221 1313 306 1340 ταῦτα
330 1313 403 1341 κατὰ
420 1314 499 1347 λόγον
527 1313 754 1348 ἡρμηνεύθησαν.
772 1313 895 1348 Προσευ-

107 1360 221 1396 χὸμενος
231 1360 260 1387 δὲ
277 1359 487 1395 μετεμορφώθη,
506 1360 550 1387 ἵνα
563 1361 704 1395 μάθωμεν,
722 1360 763 1386 ὅτι
780 1360 796 1395 ἡ
811 1368 898 1395 προσ-

107 1407 175 1442 ευχὴ
209 1407 383 1441 μεταμορφοῖ
399 1408 447 1433 καὶ
462 1406 619 1442 λαμπρύνει
634 1406 680 1434 τδν
691 1406 845 1443 ἄνθρωπον,
861 1406 899 1438 ὠς

108 1453 173 1488 χρὴ,
189 1453 334 1488 γινομένη.

153 1499 183 1525 '0
199 1498 233 1525 δὲ
253 1499 365 1533 Πέτρος
380 1513 415 1518 --
431 1497 522 1531 αὐτῷ.
546 1499 620 1525 Ἔκεῐ
635 1498 681 1525 καὶ
704 1498 769 1533 περὶ
794 1497 899 1524 τούτων

106 1544 222 1580 ἑῤῥήοη.
240 1543 324 1576 Δόξαν
338 1544 365 1570 δὲ
380 1544 435 1571 νόει
452 1545 502 1579 τὴν
516 1544 704 1579 λαμπρότητα.

947 974 1058 1001 ιίηιιιιῐη.

1086 1031 1165 1060 CAP.
1185 1031 1270 1059 XXX.
1301 1031 1338 1059 De
1360 1033 1587 1068 tuus/armatiane.

981 1076 1059 1105 Vers.
1071 1076 1116 1105 28.
1134 1075 1247 1104 Factum
1262 1080 1300 1104 est
1314 1091 1348 1097 -
1362 1081 1429 1105 octo.
1449 1078 1579 1111 Videlicet
1595 1082 1736 1113 pertrans-

948 1123 1051 1150 ierunt.

986 1181 1062 1209 Vers.
1087 1180 1134 1208 98.
1157 1180 1352 1217 Auumpsit—
1367 1181 1444 1209 Vcrs.
1463 1182 1509 1209 51.
1537 1181 1738 1217 Hierosolymis.

950 1227 986 1255 De
1005 1227 1055 1254 hac
1075 1227 1319 1254 transformatione
1339 1227 1510 1255 manifestius
1534 1228 1645 1263 scripsit
1669 1228 1738 1255 Mat-

950 1273 1038 1301 tliasus
1054 1273 1192 1301 tricesimo
1219 1278 1316 1308 quarto
1338 1273 1380 1300 sui
1409 1273 1548 1309 Evangelii
1580 1274 1679 1309 capite,
1712 1274 1741 1302 iu

950 1327 1004 1355 quo
1022 1320 1106 1347 etiam
1125 1320 1183 1347 hmo
1198 1319 1232 1347 ad
1258 1319 1371 1348 verbum
1389 1319 1525 1347 declarata
1555 1324 1629 1347 sunt.
1651 1320 1740 1347 Orans

951 1370 1043 1393 autem
1058 1365 1268 1393 transformatus
1287 1372 1338 1397 est,
1355 1369 1386 1393 ut
1401 1365 1549 1398 discamus,
1567 1365 1639 1400 quod
1654 1367 1741 1394 oratio

954 1410 1130 1438 transformat
1147 1419 1179 1438 ac
1193 1411 1309 1439 illustrat
1324 1411 1477 1444 hominem,
1492 1411 1515 1439 si
1530 1411 1577 1438 ﬁat
1605 1412 1738 1446 quemad-

950 1458 1060 1484 modum
1077 1462 1196 1492 oportet.

987 1501 1065 1530 Vers.
1082 1501 1126 1528 52.
1148 1501 1244 1528 Petrus
1260 1510 1366 1529 vero—
1380 1501 1436 1529 illo.
1461 1501 1500 1529 lbi
1527 1502 1608 1530 etiam
1636 1502 1670 1529 de
1700 1502 1741 1529 his

953 1546 1057 1573 dictum
1082 1549 1134 1573 est.
1160 1544 1279 1572 Gloriam
1304 1554 1369 1574 vero
1391 1546 1513 1581 intellige
1540 1547 1727 1581 splendorem.

142 1590 198 1617 Καὶ
214 1590 333 1625 ἐγένετο
345 1605 380 1610 -
392 1590 537 1625 νεφέλην.
550 1591 671 1625 Μωῡσῆς
686 1590 736 1625 μὲν
746 1591 792 1617 καὶ
807 1590 895 1622 Ἠλίας

986 1590 1065 1618 Vers.
1081 1590 1126 1620 55.
1139 1590 1250 1616 Factum
1268 1596 1304 1617 est
1318 1605 1353 1611 —
1365 1591 1443 1618 Vers.
1465 1591 1510 1618 54.
1528 1591 1633 1618 nubent.
1652 1591 1742 1618 Moses

107 1636 234 1671 εἰσῆλθον
249 1637 289 1668 εἰς
303 1636 334 1663 τὸ
347 1636 436 1672 πάχος
450 1636 499 1672 τῆς
528 1636 656 1671 νεφέλης,
673 1636 897 1672 ἀπαχοησόμενοι

108 1683 218 1715 πάντως
245 1684 286 1715 εἰς
303 1684 364 1715 τοὺς
394 1683 604 1718 ἀφωρισμένους
635 1683 727 1714 αὑτοῖς
742 1682 853 1715 τόπους·
873 1683 898 1709 ol

109 1730 231 1765 μαθηταὶ
253 1730 293 1761 δὲ,
319 1730 394 1761 ὄντες
413 1730 463 1764 μὲν
482 1728 593 1764 ἔκφοϐοι
615 1729 661 1755 καὶ
686 1728 730 1756 διὰ
746 1729 795 1762 τὴν
815 1737 899 1764 μετα-

117 1776 259 1812 μόρφωσιν
275 1776 322 1802 τοῦ
336 1776 483 1808 Δεσπὸτου,
501 1775 592 1807 καθὼς
607 1772 666 1802 εἷπε
686 1775 813 1810 Μάρκος,
835 1774 899 1801 Θεα-

107 1823 223 1858 σάμενοι
239 1822 267 1849 δὲ
288 1821 337 1849 καὶ
360 1821 473 1854 τούτους
496 1812 583 1854 οὕτως
612 1821 761 1856 ὑπερφυῶς
776 1820 900 1855 ἀναλαμ-

107 1870 286 1905 6ανομένους,
304 1869 481 1904 ἐφοϐήθησαν
499 1868 612 1902 μᾶλλον.

143 1916 196 1944 Καὶ
211 1915 295 1950 φωνὴ
309 1930 343 1935 ——
353 1915 458 1950 μόνος.
479 1915 525 1940 Ἐν
539 1914 578 1949 τῷ
597 1913 744 1949 δηλωθέντι
758 1912 899 1947 κεφαλαίῳ

106 1962 155 1990 τοῦ
176 1962 246 1989 κατὰ
271 1961 413 1988 Ματθαῖον
441 1959 490 1986 καὶ
505 1959 569 1994 περὶ
585 1958 688 1985 τούτων
703 1957 825 1992 ὲξηγήθη
852 1956 898 1983 λε-

107 2008 266 2045 πτομερῶς.
290 2008 324 2033 "A
356 2007 404 2042 μὲν
420 2003 466 2033 οὖν
483 2004 539 2041 (57)
570 2005 696 2040 παρῆκεν
718 2005 732 2030 6
747 2003 897 2036 Ματθαῖος,

106 2056 215 2089 ἐξεῖπεν
227 2056 241 2081 6
253 2053 370 2084 Λουκᾶς
384 2052 402 2079 ἃ.
424 2051 453 2078 δὲ
474 2051 648 2086 παρέδραμεν
664 2052 678 2077 ὀ
692 2050 811 2081 Λουκᾶς,
827 2049 899 2076 ἱστό-

109 2109 193 2138 ρησεν
210 2102 224 2127 6
238 2099 390 2130 Ματθαϊος.

144 2147 197 2175 Καὶ
212 2147 295 2174 αὐτοὶ
314 2161 348 2167 η-
362 2143 542 2178 ἐωράκασιν.
561 2141 629 2169 Eine
646 2142 701 2177 γὰρ
720 2143 733 2169 ὁ
746 2142 897 2174 Ματθαῖος·

107 2196 149 2222 ὅτι
166 2193 386 2221 καταϐαινόντων
407 2190 497 2218 αὐτῶν
514 2190 568 2217 ἀπὸ
595 2189 652 2225 (58)
670 2189 718 2216 τοῦ
734 2189 825 2224 ὅρους,
854 2190 899 2215 ὲν-

107 2239 234 2266 ετείλατο
262 2238 353 2268 αὐτοῖς
370 2238 384 2264 6
407 2236 512 2271 Ἰησοῦς
532 2235 631 2269 λέγων·
659 2234 771 2268 Μηδενὶ
791 2234 896 2268 eiurare

107 2286 141 2312 τὸ
161 2285 288 2320 ὀραμα,
307 2283 364 2317 ἕως
389 2281 425 2312 οὗ
454 2284 471 2309 ὁ
502 2281 576 2315 Ὑιὸς
600 2281 654 2309 τοῦ
685 2280 842 2315 ἀνθρώπου
863 2280 898 2307 ἐκ

107 2330 223 2364 νεκρῶν
252 2329 373 2364 ἀναστῇ
381 2338 389 2345 ·
411 2329 459 2356 καὶ
473 2327 612 2362 ἀνάγνωθι
625 2326 675 2363 τὴν
688 2326 794 2354 τούτων
808 2327 899 2362 ἑρμη-

107 2376 184 2404 νεξαν
208 2377 275 2403 ἐκεῖ.

198 2431 276 2459 ΚΕΦ.
293 2432 358 2460 AA’.
391 2431 459 2466 Περὶ
474 2431 528 2458 τοῦ
544 2429 807 2464 σεληνιαζομένου.

161 2478 297 2512 Ἐγένετο
317 2493 352 2498 --
376 2477 588 2512 ἠδυνήθησαν.
617 2477 670 2504 Τὸν
686 2477 779 2506 ,παῖδα
801 2475 898 2503 τοῦτον

162 2549 186 2564 ³⁵
202 2546 301 2576 Joanu.
317 2555 345 2580 χ,
358 2547 403 2574 50.

458 2547 481 2563 ⁸⁸
495 2546 577 2574 Marc.
596 2554 633 2580 ix,
651 2546 677 2574 6.
693 2547 716 2562 "
735 2545 831 2573 Matth.
842 2552 907 2577 xvu,
920 2545 947 2571 9.

950 1634 1061 1669 quidem
1078 1639 1105 1661 et
1122 1634 1194 1661 Elias
1210 1635 1378 1663 intraverant
1395 1635 1420 1662 in
1437 1635 1643 1670 spissitudiuem
1661 1635 1741 1663 nubis

950 1680 982 1707 ad
997 1680 1055 1707 loca
1078 1680 1190 1708 omnino
1204 1680 1276 1708 inter
1295 1688 1325 1708 se
1340 1685 1467 1716 separata
1491 1680 1550 1716 (uu)
1573 1688 1581 1708 ξ
1613 1681 1741 1716 discipuli

949 1733 1026 1759 vero,
1043 1734 1104 1753 eum
1122 1727 1205 1754 etiam
1220 1731 1332 1761 propter
1345 1725 1451 1754 Domini
1469 1727 1740 1755 transformationcm

951 1777 1046 1799 essent
1076 1772 1212 1804 exterriti,
1229 1773 1314 1800 veluti
1334 1773 1403 1800 dixit
1429 1773 1536 1801 Marcus
1550 1774 1594 1806 ⁸⁸;
1617 1773 1741 1801 videntes

950 1819 1043 1850 etiam.
1057 1819 1131 1853 quod
1148 1819 1200 1847 hoc
1216 1819 1298 1846 modo
1314 1819 1367 1854 ipsi
1383 1818 1436 1855 (νυ)
1453 1820 1701 1854 supernaturaliter
1713 1820 1740 1846 in

950 1864 1051 1892 nubem
1069 1865 1266 1900 reciperentur.
1283 1865 1401 1892 maxime
1415 1865 1577 1892 timuerunt.

987 1911 1062 1938 Vers.
1079 1911 1124 1939 55.
1153 1911 1187 1939 Et
1203 1919 1252 1938 v0.1;
1264 1926 1299 1930 —
1315 1911 1393 1939 Vers.
1420 1911 1464 1938 36.
1485 1911 1567 1938 solus.
1602 1910 1739 1944 Priedicto

950 1957 1041 1993 capite
1068 1957 1208 1993 Evangelii
1234 1957 1385 1985 secundum
1418 1957 1574 1984 lllaltlueum
1600 1957 1737 1985 subtiliter

950 2006 984 2033 de
1000 2005 1042 2032 his
1066 2005 1232 2040 disputatum
1261 2009 1314 2033 est.
1335 2005 1402 2038 Quae
1425 2011 1490 2040 ergo
1514 2004 1647 2039 praeteriit
1670 2004 1740 2031 Mat-

952 2053 1048 2084 tllmus,
1067 2060 1099 2079 ea
1115 2052 1202 2080 Lucas
1227 2051 1382 2087 expressit;
1398 2059 1458 2086 qua:
1484 2058 1549 2079 vero
1564 2051 1741 2087 praetermisi:

950 2101 1050 2132 Lucas,
1071 2108 1102 2128 ea
1117 2100 1227 2135 scripsit
1243 2100 1399 2127 Mattlueus.

985 2145 1064 2173 Vers.
1090 2146 1134 2173 56.
1157 2145 1191 2172 Et
1214 2146 1263 2181 ipsi
1278 2146 1456 2172 —viderum.
1478 2145 1551 2173 Dixit
1577 2145 1650 2172 enim
1675 2144 1741 2171 Mat-

951 2193 1050 2226 thaeus,
1066 2192 1139 2227 quod
1152 2192 1217 2219 dum
1228 2192 1429 2219 descenderent
1443 2191 1477 2220 de
1491 2196 1594 2224 monte,
1612 2192 1742 2227 praecepit

951 2238 991 2266 eis
1004 2238 1083 2266 Jesus
1098 2238 1193 2267 dicens
1209 2246 1216 2265 :
1234 2238 1339 2266 Nemini
1361 2238 1483 2265 dixeritis
1504 2238 1643 2268 visionem.
1657 2238 1739 2264 donec

952 2285 1037 2312 Filius
1051 2285 1164 2312 hominis
1178 2293 1194 2312 α
1207 2285 1318 2312 mortuis
1329 2289 1450 2321 resurgat
1465 2285 1499 2313 '°.
1518 2285 1552 2313 Et
1568 2285 1605 2313 ibi
1622 2285 1682 2321 lege
1697 2284 1742 2312 ho-

952 2339 1011 2359 rum
1035 2331 1300 2367 interpretationem.

1143 2427 1219 2455 CAP.
1235 2427 1332 2455 XXXI.
1355 2427 1392 2455 De
1418 2428 1545 2455 quatico.

991 2473 1068 2501 Vers.
1086 2474 1131 2502 57.
1159 2473 1273 2501 Factum
1300 2475 1473 2503 θαι-νοις.
1503 2474 1556 2502 ιο.
1586 2477 1739 2507 patuerunt.

705 2618 806 2648 Variae
828 2617 1026 2648 lectiones‘et
1043 2621 1137 2647 notae.

147 2685 203 2720 (57)
218 2685 271 2712 υῦν
282 2685 369 2714 abest.
386 2685 406 2711 A

954 2685 1093 2719 Clirysost.
1129 2689 1194 2710 tom.
1227 2683 1283 2714 \'ll,
1320 2691 1346 2719 ρ.
1375 2682 1437 2719 ΒΨ,
1472 2682 1554 2708 habet
1577 2681 1626 2719 iis.
1666 2689 1741 2707 com-

145 2716 202 2754 (58)
241 2720 381 2752 ‘A-ubJoco
395 2721 437 2752 ἐκ,
451 2719 533 2746 habet
560 2719 642 2746 etiam
658 2724 784 2755 interque
813 2720 899 2747 codex
950 2716 1128 2755 probantibus
1143 2719 1225 2746 ctiam
1239 2718 1378 2746 codicibus
1395 2716 1582 2752 Chrysostomi
1594 2716 1739 2750 Musqucn-

110 2756 137 2782 in
163 2760 293 2784 contextu
310 2756 439 2788 Mattluei,
457 2755 529 2790 quod
545 2762 578 2782 eo
592 2754 679 2790 magis
702 2754 796 2786 miror,
827 2756 900 2790 quod
951 2754 1039 2782 Sibus.

147 2814 189 2845 (tt)
207 2814 273 2841 Cum
291 2823 370 2841 unmn
385 2821 532 2841 u—sunms.
552 2814 579 2840 lu
599 2812 693 2840 Graeco
714 2818 817 2840 tantum
845 2818 896 2845 est,

113 2849 197 2876 Filius
211 2851 278 2876 enim
291 2851 347 2884 ejus
366 2855 414 2877 est.

147 2885 204 2919 (un)
219 2885 259 2911 ΛιΙ
280 2883 337 2911 [ora
356 2900 390 2905 -—
410 2889 544 2918 separata.
569 2883 602 2912 Ut
618 2884 744 2911 nimirum
774 2883 896 2911 referan-

112 2926 155 2948 tur
170 2920 203 2948 ad
216 2921 349 2948 destinata
364 2921 428 2956 ipsi:
446 2920 514 2947 loca.

988 2813 1038 2846 (υυ)
1060 2812 1294 2845 Videmus—ipsi.
1308 2817 1360 2838 etc.
1380 2811 1506 2838 Vidcnlcs
1533 2815 1634 2843 autem,
1676 2811 1742 2838 istos

954 2848 1056 2881 (llosr-n
1073 2848 1217 2879 cli-Iliam)
1244 2848 1325 2874 (‘lium
1360 2849 1395 2874 ita
1420 2847 1666 2882 supernaturaliter
1695 2854 1739 2872 as-

953 2888 1061 2919 sumpto
1085 2884 1170 2918 magis
1188 2884 1350 2910 timuerunt.
