1927 3074
221 167 273 199 955

829 167 1021 198 EU'l‘llYMll
1046 167 1229 200 ZlGABENI

1797 169 1851 201 956

257 224 335 250 Vers.
369 223 412 250 6|.
442 221 566 250 Diait—
586 221 663 250 Vers.
687 221 734 248 6‘2.
764 230 843 257 regno
873 222 930 249 Dei.
957 222 1005 255 Qui

1096 221 1171 250 Εἷπε
1186 237 1222 243 -
1245 221 1411 255 ,ϐασιλείαν
1431 222 1485 250 τοῦ
1510 222 1596 250 Θεοῦ.
1622 221 1653 249 '0
1671 222 1851 258 ἐπιχειρήσας

223 278 302 297 arare
315 274 441 301 conatur,
457 274 483 296 ct
499 278 513 296 a
531 275 606 304 tergo
623 269 744 304 respicit,
758 269 909 304 corrumpit
924 276 1007 296 cona-

221 321 266 341 lus
280 313 523 349 promplitudinem
537 314 663 349 segnitie,
681 321 734 349 qua
756 321 770 340 a
783 319 858 349 tergo
887 314 1008 349 respicit.

222 360 378 387 Parabolice
392 367 457 395 ergo
471 360 596 387 Salvator
614 361 693 394 dixit,
709 365 828 388 aratrum
848 364 875 387 et
901 361 957 394 (xx)
969 368 1008 387 se-

221 405 303 439 quise
316 412 325 431 :
341 409 368 431 et
378 404 546 432 tantumdem
558 409 610 436 est,
621 413 653 432 ac
670 405 692 432 si
707 405 779 432 dicat
791 404 955 440 :Nemo,fqui
965 413 1008 432 me

219 449 298 484 sequi
315 455 440 481 conatur.
453 450 475 478 si
495 457 509 477 a
522 454 597 486 tergo
622 451 762 485 respiciat,
783 452 835 478 boc
849 456 902 484 est,
929 460 1007 480 men-

220 500 273 521 tem
286 495 374 522 adhuc
399 496 433 523 ad
449 496 610 531 temporalia
636 497 746 529 habeat,
757 502 837 532 aptus
845 501 888 525 est
907 498 940 525 ad
963 505 1007 526 re-

219 549 301 576 gnum
315 541 372 568 Dei.
388 541 500 576 Oportet
510 542 583 569 enim
599 550 672 574 eum,
689 543 734 577 qui
747 543 823 578 eligit
838 544 916 578 sequi
928 544 1008 571 Chri-

219 593 290 614 stum
304 588 449 616 confestim
464 589 555 615 omnia
567 589 710 624 despicere
718 594 746 616 et
763 590 851 624 sequi,
868 597 902 617 ne
911 590 1007 618 oculos

218 635 328 669 quidem
349 635 383 662 ab
396 642 429 662 eo
442 634 613 668 diverreudo,
630 642 665 662 ne
677 635 746 662 forte
760 635 853 663 habitu
871 643 902 663 ac
914 637 1008 671 specie

219 687 314 707 eorum
342 688 403 715 qua:
422 688 436 707 a
465 684 539 716 tergo
569 685 642 714 sunt,
658 681 817 709 retineatur.
846 681 917 716 Quid
935 683 1007 710 enim

218 727 274 754 Deo
300 727 448 762 optabilius
477 734 510 754 ac
527 727 724 761 praestantius?

251 784 327 812 CAP.
344 784 465 811 XXXIV.
482 783 520 811 De
530 784 674 818 designatis
684 785 851 820 septuaginta
867 786 1005 819 apostolis.

217 830 284 864 Cap.
298 829 334 856 Χ.
351 829 429 857 Vers.
465 837 483 856 r.
511 828 572 856 Post
602 829 656 856 lucc
670 843 706 848 --
721 830 903 864 septuaginta.
931 830 1007 865 Apo-

217 876 301 903 stolos
316 875 454 903 videlicet.
473 874 549 902 Mulli
566 874 640 902 enim
655 875 786 902 credituri
800 881 888 907 erant,
907 882 934 903 et
946 877 1007 912 plu-
1024 893 1043 920 Β

219 922 296 950 ribus
321 922 545 957 prardicatoribus
572 929 642 956 opus
674 926 743 948 erat.
775 921 923 951 Duodecim
966 924 1005 951 si-

216 969 326 1004 quidem
356 968 471 1003 apostoli
498 960 604 1003 primus
628 973 685 995 eral
705 969 1005 1005 cborus;septuaginta

215 1023 293 1049 vero,
319 1016 468 1043 secundus.
490 1015 546 1042 llos
560 1019 653 1042 autem
684 1015 832 1043 duodecim
846 1021 874 1043 et
889 1021 1003 1051 septua-

215 1061 290 1096 ginta
319 1060 531 1096 prmﬁgurabant
553 1061 697 1088 duodecim
709 1061 799 1089 fontes
811 1070 955 1096 aquarum,
977 1067 1006 1090 et

216 1106 388 1142 septuaginta
419 1106 509 1133 trunci
529 1106 681 1141 palmarqu
699 1106 726 1133 in
750 1106 846 1140 Elim,
863 1107 897 1134 ad
921 1115 1004 1142 quam

213 1156 349 1180 venerunt
363 1152 491 1180 Israelita:
510 1152 542 1184 °°.
564 1152 610 1179 ubi
636 1158 711 1179 mare
725 1151 848 1180 Rubrum
864 1158 1007 1188 pertrans-

213 1197 311 1225 issent.

250 1241 328 1269 Vers.
345 1250 364 1270 ι.
380 1242 414 1268 Εί
428 1242 514 1269 emisit
525 1257 560 1262 -—
574 1246 633 1270 erat
655 1244 709 1277 ipse
723 1247 857 1270 uenturus.
869 1243 1005 1271 Similiter

214 1293 243 1315 et
265 1288 408 1316 duodecim
437 1288 606 1323 coniunctim
631 1287 686 1324 (νυ)
713 1288 815 1321 emisit,
839 1289 918 1316 sicuti
938 1289 1006 1316 dixit

215 1333 323 1361 Marcus
348 1334 455 1362 decimo
484 1339 584 1369 quarto
601 1335 709 1369 capite;
736 1335 784 1362 sed
813 1335 960 1363 duodecim
977 1336 1005 1363 in

215 1387 312 1408 omnes
339 1380 466 1408 civitates
492 1388 524 1408 ac
548 1388 633 1416 pagos
658 1381 742 1408 lsracl
756 1381 859 1414 emisit,
873 1385 1004 1417 tanquam

215 1425 394 1461 perfectiores
411 1434 419 1454 ι
437 1427 610 1462 septuaginta
627 1434 703 1460 vero,
730 1426 758 1454 in
779 1427 851 1454 solas
868 1435 916 1455 eas
943 1436 1005 1462 qua:

214 1473 242 1500 in
259 1472 378 1499 transitu
397 1476 485 1504 erant,
514 1480 564 1507 per
580 1480 648 1507 quas
673 1473 725 1500 iter
754 1472 876 1500 facturus
890 1479 959 1507 erat,
975 1479 1004 1501 ut

212 1518 394 1553 prmdicarent
435 1518 629 1545 remissionem
673 1523 857 1554 peccatorum,
890 1520 1004 1554 ejusque

214 1564 372 1597 adventum,
386 1563 432 1599 qui
449 1564 638 1591 remissionem
649 1564 759 1592 illorum
773 1565 915 1592 tribueret.

249 1653 366 1681 νει-ελ.
388 1653 498 1681 Dicebat
513 1669 548 1675 —
567 1655 657 1689 pauci.
684 1654 803 1682 Messem
834 1655 901 1683 dicit
930 1656 1002 1690 illos,

219 1700 268 1735 qui
283 1700 493 1728 abiuiidelitate
518 1700 687 1734 demetendi,
713 1705 741 1729 et
765 1701 800 1729 ad
819 1701 900 1730 ﬁdem
923 1710 1001 1730 suam

212 1751 292 1773 erant
319 1746 506 1781 compurtandi
524 1755 532 1774 :
551 1747 691 1782 operarios
708 1755 784 1780 vero.
812 1749 961 1784 apostolos,
975 1754 1003 1777 et

211 1792 370 1827 quicunque
390 1792 424 1819 ad
440 1792 492 1820 hoc
506 1793 757 1821 subministrarem.
771 1793 821 1822 Hic
833 1800 924 1822 autem
942 1803 1001 1823 ma-

211 1838 339 1866 niiestata
351 1843 392 1866 est
400 1847 482 1867 causa
493 1839 675 1874 promotionis
686 1841 807 1875 ipsorum
817 1842 1000 1878 septuaginta,

210 1889 239 1912 et
253 1889 344 1912 tamen
362 1892 464 1920 paucos
479 1886 570 1913 adhuc
583 1893 645 1913 esse
661 1887 729 1914 dicit
741 1895 839 1915 omnes
862 1889 1001 1923 apostolos

209 1931 243 1958 ad
258 1931 459 1959 multitudinem
478 1932 598 1965 illorum,
614 1932 660 1967 qui
677 1933 805 1961 credituri
821 1938 910 1961 erant.

248 1976 326 2004 Vers.
352 1977 380 2004 2.
400 1977 501 2013 Rogata
516 1993 552 1998 —
572 1987 661 2006 suam.
686 1979 779 2006 Hocet
790 1979 828 2012 id,
842 1979 914 2014 quod
937 1984 1002 2007 ante

211 2023 285 2051 istud
299 2024 448 2058 praecessit,
463 2025 545 2052 etiam
556 2025 625 2052 dixit
656 2025 684 2052 in
702 2025 756 2053 tine
769 2025 871 2053 decimi
912 2026 1000 2054 octavi

210 2070 287 2105 juxta
307 2070 469 2098 Mattbazum
489 2071 598 2106 capitis,
612 2071 660 2099 sed
684 2071 720 2099 ibi
744 2080 861 2100 messem
887 2073 1000 2101 multam

211 2117 330 2152 appellat
355 2125 403 2145 eos
434 2118 480 2153 qui
507 2118 542 2146 de
554 2117 657 2146 Iudaeis
681 2123 760 2147 erant
783 2120 914 2148 credituri
932 2129 939 2148 :
955 2120 1000 2148 hic

210 2167 300 2190 autem
323 2171 371 2192 eos
397 2165 443 2199 qui
464 2172 496 2192 ex
520 2165 649 2200 gentibus
664 2173 672 2193 :
686 2169 714 2192 et
728 2165 764 2193 ibi
783 2166 913 2194 admonet
933 2167 1001 2195 duo-

208 2208 307 2241 decim,
326 2214 355 2236 ut
369 2215 448 2237 orent
465 2217 513 2244 pro
528 2211 678 2238 emissione
698 2211 796 2238 horum
814 2213 997 2247 septuaginta.

1061 269 1204 304 ἀροτριᾷν,
1219 269 1265 295 καὶ
1283 269 1390 304 βλέπων
1406 268 1446 300 εἰς
1460 269 1495 295 τὰ
1511 269 1609 300 ὀπίσω,
1619 268 1727 304 φθείρει
1738 269 1769 295 τὸ
1780 270 1853 304 πρό-

1060 314 1145 350 θυμον
1160 315 1210 349 τῆς
1229 315 1425 350 ἐπιχειρήσεως
1435 315 1469 350 τῇ
1486 313 1609 350 ῥᾳθυμίᾳ
1625 314 1672 341 τοῦ
1685 314 1797 350 βλέπειν
1809 315 1852 346 ei;

1059 360 1091 386 τὸ
1110 360 1208 387 ὀπίσω.
1233 360 1431 396 Παραϐολικῶς
1452 360 1542 387 τοίνυν
1568 361 1583 386 ὁ
1597 360 1693 395 Σωτὴρ
1721 360 1852 394 ἄροτρον

1058 405 1195 440 ὠνόμασε,
1206 405 1237 432 τὸ
1247 405 1404 433 ἀκολουθεῖν
1417 405 1501 440 αὐτῷ,
1513 405 1609 439 λέγων,
1626 405 1667 432 ὅτι
1682 406 1777 437 οὐδεὶς
1788 407 1851 432 ἐπι-

1059 452 1190 488 χειρήσας
1204 451 1363 480 ἀκολουθεῖν
1381 460 1438 486 μοι,
1451 451 1499 478 καὶ
1516 451 1623 487 βλέπων
1640 453 1681 483 είς
1694 452 1729 478 τὰ.
1745 452 1848 484 ὀπίσω,

1059 499 1192 532 τουτέστι,
1210 498 1256 526 τὸν
1273 497 1337 525 νοῦν
1351 499 1390 525 ἐτι
1407 498 1477 533 ἔχων
1494 498 1534 530 είς
1546 497 1582 524 τὰ
1608 497 1734 533 βιωτικὰ.
1752 499 1850 533 ἐπιτή-

1059 545 1128 577 δειός
1143 545 1218 572 ἐστιν
1246 546 1286 577 εἰς
1297 545 1347 580 τὴν
1375 544 1515 580 βασιλείαν
1542 543 1590 571 τοῦ
1606 543 1685 571 Θεοῦ.
1700 544 1760 580 Χρὴ
1777 544 1848 580 γὰρ,
1884 564 1886 566 μ

1058 591 1103 618 τὸν
1120 591 1247 626 ἑλόμενον
1261 590 1291 617 τὸ
1304 590 1462 618 ἀκολουθεῖν
1478 590 1517 625 τῷ
1538 589 1662 624 Χριστῷ,
1677 591 1786 617 πάντων
1799 591 1847 617 εὖ·

1059 636 1128 668 θέως
1145 636 1294 671 ὑπεριδεῖν,
1311 636 1356 663 καὶ
1380 635 1588 671 ἀμεταστρεπτὶ
1608 635 1695 669 τούτῳ
1717 635 1848 667 ἕπεσθαι,

1060 683 1166 717 μήποτε
1174 683 1207 717 τῇ
1219 682 1309 717 σχέσει
1324 682 1377 708 τῶν
1390 682 1478 709 ὀπίσω
1490 681 1659 716 καταηεθῇ.
1674 681 1705 708 Τί
1717 681 1771 716 γὰρ
1780 682 1848 708 θεοῦ

1059 729 1248 765 ποθεινότερον
1260 739 1291 757 τε
1305 731 1352 756 καὶ
1368 729 1588 765 προτιμότερον;

1058 787 1137 812 ΚΕΦ.
1150 785 1288 819 ΛΔ’.Περί
1307 786 1367 813 τῶν
1383 785 1621 820 ἀναδειχθέντων
1635 784 1848 819 ἐϐδομήκοντα.

1093 830 1174 857 Μετὰ
1195 830 1288 857 ταῦτα
1301 845 1337 851 ——
1363 830 1577 864 ἐϐδομήκοντα.
1602 830 1850 865 ’Λποστό).ους,δη-

1058 876 1156 903 λονὸτι.
1170 876 1265 903 Πολλοὶ
1280 876 1336 912 γὰρ
1350 876 1463 911 ἔμελλον
1481 876 1620 903 πιστεύειν
1636 876 1682 902 καὶ
1704 875 1784 910 χρεία
1799 884 1849 910 κη-

1060 920 1149 955 ρύκων
1176 921 1306 948 πλειόνων
1330 919 1374 956 ἦν.
1386 920 1494 947 Δώδεκα
1515 920 1565 955 μὲν
1589 918 1635 947 οὖν
1665 921 1850 954 ﬁnde-robur}

1056 967 1164 1002 πρῶτος
1179 966 1259 1002 χορός
1269 975 1276 982 ’
1290 966 1476 1002 ἑϐδομήκοντα
1493 966 1533 1000 δὲ,
1546 967 1560 993 ὀ
1575 966 1714 1001 δεύτερος.
1726 966 1849 998 Τούτους

1056 1011 1084 1038 δὲ
1097 1011 1159 1042 τοὺς
1186 1011 1298 1044 δώδεκα,
1314 1012 1361 1038 καὶ
1389 1011 1452 1043 τοὺς
1481 1011 1679 1046 ἐϐδομήκοντα,
1693 1010 1777 1037 πάλαι
1793 1009 1849 1046 (61)

1057 1057 1276 1093 προετύπουν,ὲν
1290 1059 1323 1092 τῇ
1336 1057 1444 1092 Αἰλεὶμ,
1457 1058 1496 1088 εἷς
1506 1057 1538 1092 ἢν
1553 1055 1634 1093 ἦλθον
1645 1057 1670 1083 οἱ
1680 1057 1850 1092 Ἰσραηλῖται

1058 1103 1202 1135 διαϐάντες
1217 1105 1267 1139 τὴν
1279 1103 1416 1138 Ἐρυθρὰν
1429 1103 1581 1136 θάλασσαν,
1596 1104 1623 1130 αἱ
1637 1103 1740 1130 δώδεκα
1755 1104 1846 1138 πηγαὶ

1055 1149 1109 1175 τῶν
1126 1148 1240 1182 ὑδάτων,
1265 1149 1313 1176 καὶ
1329 1149 1364 1176 τὰ
1380 1149 1568 1185 ἑϐδομήκοντα
1595 1149 1708 1184 στελέχη
1721 1150 1775 1176 τῶν
1789 1158 1849 1184 φοι-

1056 1195 1151 1222 νίκων.

1090 1241 1146 1268 Καὶ
1173 1240 1355 1268 ἀπέστειλεν
1377 1255 1411 1262 -
1431 1241 1561 1275 ἔμελλεν
1577 1240 1671 1274 αὐτὸς
1694 1241 1846 1275 ἔρχεσθαι.

1056 1287 1112 1313 Καὶ
1123 1287 1187 1318 τοὺς
1205 1286 1310 1313 δώδεκα
1327 1286 1428 1321 ὁμοίως
1443 1286 1513 1313 κατὰ
1526 1285 1658 1320 συζυγίαν
1672 1286 1847 1319 ἀπέστειλεν,

1055 1332 1094 1364 ὡς
1106 1332 1203 1368 εἴρηκε
1216 1333 1330 1368 Μάρκος
1350 1333 1380 1359 ἐν
1392 1332 1430 1368 τῷ
1453 1332 1744 1368 τεσσαρεσκαιδεκάτη)
1761 1341 1848 1366 κεφα-

1056 1377 1126 1413 λαίῳ
1138 1385 1144 1392 ·
1161 1378 1230 1405 ἀλλὰ
1245 1378 1308 1410 τοὺς
1319 1377 1425 1405 δώδεκα
1445 1378 1495 1412 μὲν
1522 1379 1562 1409 εἰς
1587 1377 1676 1409 πάσας
1697 1377 1746 1409 τὰς
1758 1378 1850 1409 πόλεις

1055 1424 1103 1450 καὶ
1115 1423 1212 1458 κώμας
1226 1424 1273 1451 τοῦ
1288 1424 1399 1460 Ἰσραὴλ
1413 1424 1584 1454 ἀπέστειλεν,
1596 1424 1633 1456 ὡς
1645 1424 1830 1459 τελειοτέρους
1840 1432 1847 1439 '

1055 1471 1118 1502 τοὺς
1135 1471 1323 1507 ἐϐδομήκοντα
1343 1471 1382 1504 δὲ,
1396 1472 1436 1503 είς
1464 1472 1549 1506 μόνας
1565 1471 1615 1500 τὰς
1631 1471 1700 1498 κατὰ
1729 1471 1848 1506 πάροδον

1056 1516 1138 1543 αὑτοῦ
1151 1517 1294 1551 κειμένας,
1307 1517 1341 1543 δι’
1363 1513 1399 1543 ὧν
1425 1515 1523 1551 ἔμελλε
1553 1517 1731 1551 πορεύεσθαι,
1743 1516 1847 1551 κηρύτ-

1019 1571 1039 1599 c
1055 1571 1152 1594 τοντας
1181 1563 1328 1598 μετάνοιαν
1352 1562 1574 1597 ἁμαρτημάτων,
1606 1562 1653 1588 καὶ
1680 1561 1773 1596 ἄφιξιν
1802 1562 1848 1588 τοῦ

1058 1608 1177 1644 χορηγοῦ
1194 1608 1242 1643 τῆς
1258 1608 1360 1635 τούτων
1378 1608 1512 1643 ἀφέσεως.

1094 1656 1197 1690 Ἔλεγε
1211 1669 1246 1676 —-
1264 1655 1369 1689 ὀλίγοι.
1380 1655 1516 1690 Θερισμὺν
1531 1655 1580 1690 μὲν
1593 1654 1667 1689 λέγει
1691 1655 1756 1686 τοὺς
1774 1655 1848 1689 θεριε

1058 1701 1241 1736 σθησομένους
1254 1701 1309 1737 (65)
1322 1701 1375 1728 ἀπὸ
1389 1701 1439 1735 τῆς
1451 1701 1581 1732 ἀπιστίας
1597 1701 1643 1727 καὶ
1657 1700 1848 1735 συγκομισοη-

1057 1748 1186 1782 σομένους
1213 1748 1253 1780 εἰς
1280 1747 1328 1783 τὴν
1356 1747 1446 1774 πίστιν
1472 1746 1569 1773 αὑτοῦ·
1585 1747 1705 1782 ἐργάτας
1732 1746 1847 1778 δὲ,τοὺ;

1056 1794 1235 1827 ἀποστόλους,
1251 1795 1315 1825 τοὺς
1328 1794 1534 1829 ὑπηρετοῦντας
1546 1795 1585 1825 εἰς
1595 1793 1684 1820 τοῦτο.
1695 1793 1848 1828 Δεδήὶωται

1055 1840 1083 1867 δὲ
1098 1840 1216 1868 ἐνταῦθα
1231 1841 1248 1876 ὴ
1261 1840 1337 1867 αἰτία
1351 1840 1402 1875 τῆς
1417 1839 1555 1876 προϐολῆς
1570 1840 1624 1865 τῶν
1644 1839 1844 1874 ἑϐδομήκοντα.

1055 1886 1111 1913 Καὶ
1126 1886 1166 1912 ἔτι
1190 1886 1218 1913 δὲ
1247 1886 1355 1920 ὀλίγους
1383 1886 1484 1921 εφησεν
1500 1883 1572 1912 εἷναι
1599 1885 1661 1916 τοὺς
1686 1885 1848 1919 σύμπαντας

1055 1934 1233 1967 ἀποστόλους,
1242 1935 1310 1969 πρὸς
1318 1935 1349 1960 τὺ
1357 1934 1457 1969 πλῆθος
1469 1933 1524 1960 τῶν
1534 1932 1686 1968 μελλόντων
1696 1932 1847 1959 πστεύειν.

1090 1980 1218 2014 Δεήθητε
1235 1996 1270 2002 -
1286 1979 1391 2007 αὑτοῦ.
1414 1979 1500 2006 Τοῦτο
1534 1979 1584 2006 καὶ
1607 1979 1637 2005 τὸ
1667 1979 1721 2014 πρὸ
1750 1979 1847 2004 τούτου

1056 2027 1137 2062 ῥητὸν
1152 2024 1212 2053 εἷπε
1229 2027 1276 2054 καὶ
1288 2027 1317 2053 ἐν
1333 2025 1372 2061 τῷ
1387 2026 1459 2052 τέλει
1475 2025 1524 2051 τοῦ
1543 2024 1782 2052 ὀκτωκαιδεκάτου
1799 2033 1846 2050 κε-

1055 2073 1171 2109 φαλαίου
1184 2074 1231 2101 τοῦ
1247 2074 1318 2100 κατὰ
1333 2072 1553 2101 Ματθαῖον·ὰλλ’
1568 2073 1628 2099 ἐκεῖ
1643 2072 1692 2107 μὲν
1711 2071 1843 2107 θερισμὸν

1054 2120 1140 2147 πολὺν
1155 2120 1243 2155 ἔλεγε,
1253 2120 1317 2151 τοὺς
1329 2119 1361 2152 ἐξ
1377 2118 1512 2146 Ἰουδαίων
1524 2117 1669 2145 πιστεῦσαι
1682 2116 1844 2152 μέλλοντας·

1054 2166 1171 2194 ἐνταῦθα
1183 2167 1223 2199 δὲ,
1234 2167 1297 2198 τοὺς
1313 2166 1342 2198 ἐξ
1358 2165 1453 2192 ἐθνῶν.
1465 2166 1518 2191 Καὶ
1537 2165 1593 2200 (66)
1615 2165 1674 2190 ἐκεῖ
1688 2163 1738 2198 μὲν
1763 2172 1847 2198 προε-

1053 2213 1171 2248 τρέπετο
1186 2213 1249 2244 τοὺς
1265 2212 1382 2244 δώδεκα,
1396 2211 1527 2247 δεηθῆναι
1546 2209 1611 2244 περὶ
1624 2209 1778 2244 ἀποστολῆς
1790 2209 1846 2235 τῶν

207 2253 252 2282 hic
263 2262 328 2282 vero
341 2255 415 2290 ipsOs
432 2257 606 2292 septuaginta
627 2257 768 2288 admonet.
792 2261 822 2284 ut
842 2263 923 2286 orent
949 2266 999 2293 pro

1060 2247 1237 2294 ιόδομήκοντα
1252 2258 1374 2285 τούτων·
1391 2255 1512 2283 ἐνταῦθα
1525 2256 1554 2282 δὲ
1571 2256 1636 2286 τοὺς
1655 2255 1844 2290 ὲόδομήκοντει

209 2300 382 2334 promotione
398 2301 590 2337 episcoporum
605 2310 638 2330 ac
659 2307 860 2338 praeceptorum
883 2311 933 2338 per
941 2304 1001 2332 sin-

207 2345 283 2379 gulas
313 2346 437 2374 civitates
462 2355 494 2375 ac
519 2348 656 2384 regiones.
679 2347 750 2384 Lege
768 2353 860 2377 autem
890 2358 1002 2378 enarra-

208 2390 310 2418 tionem
337 2393 480 2426 prreseutis
505 2394 571 2422 dicti
590 2396 616 2422 in
631 2400 784 2424 memorato
807 2398 898 2432 capite
907 2398 999 2426 Evan—

207 2435 269 2470 gelii
289 2438 441 2465 secundum
454 2439 616 2469 Mattheum.

245 2480 324 2510 Vers.
340 2483 366 2511 5,
393 2484 433 2512 Ite
449 2501 483 2506 —
497 2486 582 2521 lupos.
599 2486 655 2514 lloc
683 2488 766 2516 etiam
789 2489 822 2517 ad
852 2489 998 2517 duodecim

241 2571 263 2589 “
279 2571 362 2601 Exod.
381 2581 426 2606 xv,
440 2574 485 2601 27.

1051 2305 1174 2338 τούτους,
1191 2305 1256 2340 περὶ
1269 2304 1405 2340 προϐολῆς
1422 2303 1476 2330 τῶν
1493 2303 1565 2330 κατὰ
1582 2301 1673 2333 πόλεις
1687 2301 1735 2328 καὶ
1748 2301 1842 2336 χώρας

1051 2352 1210 2378 ἐπισκόπων
1233 2351 1279 2378 καὶ
1309 2350 1489 2377 διδασκάλων.
1507 2347 1661 2382 ’Ᾱνάγνωθι
1676 2348 1705 2374 δὲ
1727 2347 1777 2374 καὶ
1796 2347 1844 2380 τὴν

1051 2398 1183 2433 ἐξήγησιν
1197 2397 1244 2423 τοῦ
1271 2397 1406 2432 παρόντος
1421 2395 1506 2431 ῥητοῦ
1522 2396 1550 2422 ὲν
1562 2394 1601 2430 τῷ
1629 2393 1740 2430 ῥηθέντι
1757 2401 1844 2427 xequ-

1052 2443 1120 2478 λαίῳ
1137 2443 1183 2469 τοῦ
1197 2443 1267 2470 κατὰ
1287 2443 1438 2470 Ματθαὴν.

1094 2488 1238 2524 Ὑπάγετε
1261 2504 1296 2509 -
1312 2489 1425 2518 λύκων,
1448 2488 1535 2515 Τοῦτο
1545 2485 1610 2515 εἷπε
1636 2487 1682 2513 καὶ
1699 2485 1767 2521 πρὸς
1784 2485 1845 2516 τοὺς

811 2612 912 2644 Varim
936 2612 1090 2644 lectiones
1109 2620 1137 2644 et
1160 2619 1254 2646 noue.

242 2689 298 2729 (6t)
319 2690 421 2729 Auctor
436 2691 518 2725 bujus
530 2693 674 2720 sententia:
694 2698 736 2721 est
761 2694 906 2729 Origenes.
921 2695 997 2722 bom.

205 2725 222 2751 8
235 2725 261 2752 in
278 2726 376 2758 Exod.,
391 2734 471 2760 quam
486 2733 591 2764 postea,
611 2733 640 2756 ut
655 2729 711 2756 fere
726 2725 836 2762 accidit,
846 2730 938 2764 plures
955 2731 999 2758 in-

207 2765 341 2794 terpretes
354 2766 418 2788 sunt
432 2763 560 2797 amplexi.

243 2843 300 2878 (Ix)
333 2845 366 2871 Et
380 2848 453 2881 sequi
466 2856 502 2874 se.
522 2847 564 2879 Et.
580 2857 632 2875 non
650 2849 731 2876 estin
748 2848 842 2876 Gra‘co
862 2854 886 2875 οι

242 2879 298 2914 (yy)
314 2879 493 2915 Conjunrtim.
511 2884 587 2911 Κατὰ
608 2885 739 2919 συζυγίαν
756 2890 797 2912 cst
810 2885 894 2912 binos.

1087 2697 1143 2732 (65)
1173 2697 1381 2732 Θερισομὲνους.
1399 2697 1432 2726 Α.

1090 2734 1145 2768 (66)
1171 2733 1223 2760 Καί
1239 2733 1324 2761 abest.
1342 2734 1375 2761 Α.

333 2845 366 2871 Et
380 2848 453 2881 sequi
466 2856 502 2874 se.
522 2847 564 2879 Et.
580 2857 632 2875 non
650 2849 731 2876 estin
748 2848 842 2876 Gra‘co
862 2854 886 2875 οι
904 2849 998 2876 obesse
1015 2852 1103 2881 debet,
