1927 3074
75 169 129 201 957

582 169 774 201 COMMENT.
795 167 836 198 IN
854 166 994 197 LUCAM.
1014 179 1047 185 —
1066 167 1147 198 CAP.
1167 167 1202 201 Χ.

1657 167 1710 200 958

75 227 193 260 δώδεκα,
208 227 254 254 καὶ
276 227 394 263 ζήτησον
420 227 449 254 ἐν
466 226 506 262 τῷ
532 226 768 260 ἐννεακαιδεκάτῳ
785 232 868 259 κεφα-

929 222 1001 255 lixit,
1012 227 1039 251 et
1050 231 1141 258 qurere
1160 223 1267 250 decimo
1287 229 1360 250 nono
1381 222 1457 258 juxta
1479 222 1638 250 Matthaeum
1663 230 1711 250 ca-

75 271 146 307 λαίῳ
170 273 217 299 τοῦ
236 274 306 300 κατὰ
324 273 465 300 Ματοαῇιν
483 272 531 308 τὴν
548 272 698 308 ἑρμηνείαν
712 271 761 298 τοῦ
774 279 780 285 ·
796 269 870 297 Ἰδοὺ

74 317 134 353 ἐγὼ
142 318 322 346 ἀποστέλλω
333 319 410 353 ὑμᾶς
430 319 470 351 ὡς
482 319 614 352 πρόϐατα
623 318 657 344 ἐν
665 318 749 353 μέσῳ
756 317 869 344 λύκων.

113 364 192 391 Εἴποι
212 364 235 391 δ’
253 365 285 391 ἄν
310 373 351 395 τις
379 364 530 396 χᾶνταῦθα,
544 365 584 391 ὅτι
602 365 664 396 τοὺς
693 363 798 390 δώδεκα
818 362 869 398 μὲν

75 409 202 444 πρόϐατα
235 409 375 442 ἐκάλεσεν,
399 409 436 441 ὡς
457 409 661 445 τελειοτέρους·
678 409 739 440 τοὺς
751 408 869 443 ἑὸδομή-

77 464 162 482 κοντα
176 455 216 488 δὲ,
232 456 328 490 ἄρνας.

114 501 162 534 Μὴ
171 516 205 520 λ-
214 501 400 536 ὑποδήματα.
416 502 464 529 Διὰ
476 503 526 538 τῆς
540 503 755 539 ἀπαγορεύσεως
766 497 868 529 τουτών

78 547 187 573 κελεύει
202 548 314 583 θαρρεῖν
329 549 393 584 περὶ
418 549 472 575 τῶν
495 550 654 583 ἀναγκαίων
670 548 716 576 τοῦ
742 549 868 583 σώματος

77 593 126 618 ἐπὶ
142 593 181 628 τῷ
193 593 383 621 ἀποστείλαντι
395 595 507 627 τούτους
522 604 529 611 ·
544 595 696 630 ἀποτρέπει
707 595 746 628 δὲ,
760 595 803 621 διὰ
818 594 868 629 μὲν

79 638 127 665 τοῦ
145 639 181 675 μὴ
197 639 343 674 βαστάζειν
358 640 502 676 βαλάντιον
522 642 589 676 (67),
602 642 652 676 τὴν
668 641 866 677 φιλαργυρίαν·

77 685 123 711 διὰ
137 685 165 711 δὲ
186 686 246 716 τοῦ.
257 686 299 720 μὴ
317 687 428 721 πήραν,
442 687 472 714 τὺ
488 688 526 723 μὴ
543 687 724 723 ταμιεύεσθαι
741 688 864 722 τροφήν·

77 731 122 757 διὰ
136 732 164 758 δὲ
179 731 236 763 τοῦ,
246 732 289 766 μὴ
318 732 508 768 ὑποδήματα,
523 733 693 769 παιδοτριὸεϊ
713 733 813 765 αὐτοὺς
827 733 867 764 είς

77 777 205 810 ἄςκησιν.
221 778 393 813 Παρήγγειλε
408 780 441 813 δὴ
468 779 554 806 ταῦτα
572 780 620 806 καὶ
635 781 690 812 τοῖς
720 779 823 806 δώδεκα
838 780 867 806 ὲν

77 821 118 857 τῷ
133 822 280 856 δηλωθέντι
293 824 528 859 ἐννεακαιδεκάτῳ
544 825 697 860 κεφαλαίῳ.

113 867 168 894 Καὶ
183 882 217 888 --
227 867 421 902 ἀσπάσησθε.
434 869 521 896 Τοῦτο
539 870 755 904 προσέταξεν,οῠ
774 868 867 904 βουλό-

81 921 162 947 μενος
189 914 392 948 ἀπανθρώπους
409 915 508 948 αὐτοὺς
532 916 658 950 γίνεσθαι
681 916 730 943 καὶ
746 916 870 950 ἁπροση-

78 959 187 994 γὸρους,
198 959 255 985 ἀλλ’
271 960 502 995 ἀνεμποδίστως.
527 961 613 988 Εῗωθε
630 962 684 997 γὰρ
701 962 717 996 ἡ
735 961 796 988 καθ’
810 961 869 989 όδὺν

77 1002 171 1037 ὁμιλία
191 1003 220 1029 τὸ
247 1003 376 1030 σύντονον
406 1005 552 1039 ἐγκόπτειν
580 1006 617 1037 ὡς
640 1006 674 1033 τὰ
704 1006 790 1033 πολλὰ
817 1006 869 1041 τῆς

79 1048 208 1082 σπουδῆς.
223 1049 395 1084 Προστάττει
420 1051 511 1078 τοίνυν
530 1052 622 1084 αὐτοῖς
648 1052 727 1087 μόνον
743 1052 869 1086 γίνεσθαι

77 1093 126 1120 τοῦ
153 1095 383 1129 ἑμπιστενθέντος
409 1096 562 1132 ἐργου,›ιαὶ
591 1097 660 1133 μηδὲ
688 1098 734 1125 τὸν
751 1098 869 1134 τυχόντα

78 1139 174 1174 καιρὸν
189 1141 237 1166 τοῦ
252 1142 434 1177 κηρύγματος
461 1144 584 1179 δαπανᾷν
600 1145 640 1176 είς
667 1144 702 1171 τὰ
727 1144 765 1180 μὴ
783 1145 869 1179 ἀναγ-

79 1186 146 1212 καία
157 1186 203 1212 καὶ
215 1187 354 1223 πάρεργα.
371 1189 426 1215 Καὶ
441 1191 454 1216 ὁ
475 1190 625 1222 Ἐλισσαῖος
641 1190 668 1217 δὲ
682 1191 763 1218 πάλιν
786 1190 868 1226 Γιεζῆ

78 1232 125 1258 τὸν
143 1233 281 1270 ὑπηρέτην
300 1235 383 1261 αὑτοῦ
399 1236 444 1262 ἔπι
462 1245 487 1263 τι
504 1238 667 1271 κατεπεῖγον
691 1238 867 1271 ἀποστείλας,

79 1279 233 1306 ἐνετείλατο
247 1288 254 1296 ·
275 1281 316 1307 ὄτι
338 1282 408 1308 Ἐὰν
436 1283 528 1316 εὕρῃς
545 1283 650 1317 ἄνδρα,
667 1285 721 1311 οὐκ
744 1285 871 1319 εὐλογή-

80 1332 146 1358 σεις
158 1326 263 1353 αὐτόν·
273 1327 321 1354 καὶ
335 1327 388 1355 ἐὰν
401 1329 557 1363 εὐλογήσῃ
574 1338 610 1356 σε
624 1330 712 1364 ἀνὴρ,
725 1331 780 1357 οὐκ
796 1331 871 1358 ἀπο-

79 1370 207 1405 κριθήσῃ
219 1372 299 1404 αὑτῷ
311 1381 317 1387 ·
336 1373 476 1408 ἐμφαίνων
492 1375 522 1400 τὸ
539 1375 638 1410 χρῆναι
661 1375 779 1410 βαδίζειν
795 1377 870 1403 ἁπε-

81 1415 238 1449 ρίσπαστον,
252 1417 299 1443 καὶ
314 1419 455 1450 παιτελῶς
474 1420 683 1455 ἀνεμπόδιστον.

115 1501 169 1533 Είς
185 1500 225 1534 ἣν
238 1515 274 1521 —-
289 1502 393 1534 τούτῳ.
409 1502 495 1530 Τοῦτο
512 1503 543 1530 τὸ
561 1505 710 1540 πρόσρημα
722 1506 869 1541 ἀσπασμὸν

927 267 984 301 pite
1001 267 1064 295 dicti
1082 268 1155 295 illius
1186 267 1440 302 interpretationem
1458 276 1465 294 :
1484 267 1550 294 Ecce
1561 275 1607 303 ego
1635 268 1711 294 mitto

920 320 965 339 vos
985 317 1112 349 tanquam
1124 321 1182 340 oves
1194 314 1222 340 in
1239 313 1324 339 medio
1340 313 1462 347 luporum
1477 313 1514 341 “.

956 358 1058 386 Poterit
1077 359 1166 393 quivis
1179 359 1231 386 hoc
1240 359 1325 386 etiam
1345 359 1405 386 loco
1429 358 1532 391 dicere,
1557 357 1629 392 quod
1643 358 1712 385 duo-

923 404 1012 432 decim
1031 405 1210 439 appellaverit
1231 413 1308 437 oves,
1322 409 1453 439 tanquam
1471 403 1711 438 perfectiores.se—

919 449 1062 484 ptuaginta
1073 457 1138 477 vero
1150 457 1247 485 agnos,
1267 454 1398 484 tanquam
1417 448 1593 482 iteneriores.

956 494 1033 524 Vers.
1056 495 1083 522 4.
1112 494 1201 523 Nolite
1215 495 1454 522 —calceamenta.
1483 494 1540 522 Hoc
1565 494 1710 522 interdicto

918 541 995 576 jubet
1005 547 1034 568 ut
1048 542 1082 570 de
1094 542 1257 569 necessariis
1282 542 1407 576 corporis
1422 549 1498 575 spem
1518 541 1545 568 in
1567 540 1642 568 illum
1659 541 1709 568 ha-

919 587 1012 620 beant,
1034 588 1080 622 qui
1100 589 1173 622 ipsos
1203 588 1303 615 emisit.
1325 588 1392 615 Cum
1405 587 1592 622 autcmjubet,
1607 593 1642 613 ne
1654 593 1710 613 sac-

919 632 1010 659 culum
1039 632 1136 666 ferant,
1148 633 1183 660 ab
1206 633 1318 660 avaritia
1340 638 1446 660 avocat.
1490 633 1597 665 Diceus,
1627 640 1710 666 neque

918 687 1018 713 peram,
1035 678 1195 706 dehortatur
1210 686 1226 705 a
1249 678 1424 706 recondendo
1440 678 1513 706 cibo.
1553 677 1620 705 Cum
1643 685 1709 704 vero

918 725 992 752 addit
1010 734 1017 752 :
1033 733 1113 758 neque
1139 725 1318 752 calceamenta
1335 745 1342 757 ,
1375 725 1409 752 ad
1448 725 1610 752 exercitium
1635 724 1710 758 ipsos

918 770 1018 797 erudit.
1037 771 1171 805 Prmcepit
1188 778 1251 798 t'ero
1266 771 1323 799 haec
1336 771 1418 798 etiam
1432 770 1575 798 duodecim
1600 769 1709 797 laudato

918 815 1009 849 capite
1023 815 1131 842 decimo
1155 823 1237 843 nono.

957 860 1036 888 Vers.
1070 861 1147 888 4.1:‘t
1166 875 1202 881 —-
1231 861 1424 888 salutaveritis.
1454 860 1512 888 Hoc
1541 861 1631 896 jussit,
1654 868 1709 888 non

922 905 1087 934 inhumanos
1111 914 1159 934 eos
1175 906 1232 933 ﬁeri
1252 907 1357 938 volens,
1382 911 1429 934 aut
1454 907 1575 934 moribus
1586 915 1707 942 asperos,

921 960 991 987 quos
1016 960 1096 979 nemo
1119 953 1205 986 possit
1235 952 1409 986 compellare,
1438 952 1484 979 setl
1513 952 1709 987 impedimento

921 1002 1058 1026 carentes.
1085 998 1159 1025 Solet
1171 998 1244 1025 enim
1258 997 1385 1025 salutatio
1397 1005 1444 1032 per
1461 999 1543 1030 viam,
1564 998 1711 1024 vehemen-

921 1045 966 1072 tia:
988 1044 1071 1072 studii
1096 1048 1126 1071 ut
1146 1044 1294 1078 plurimum
1310 1044 1429 1071 obstare.
1461 1042 1588 1078 Praecipit
1620 1043 1711 1077 itaque

921 1089 984 1122 illis,
1019 1094 1048 1116 ut
1076 1089 1126 1116 soli
1155 1088 1229 1123 operi
1260 1088 1299 1115 eis
1327 1088 1474 1116 commisso
1497 1087 1640 1115 intendant
1657 1097 1663 1115 ε
1681 1094 1710 1115 et

921 1136 1038 1164 oblatam
1051 1134 1253 1170 praedicationis
1267 1133 1440 1161 occasionem
1455 1141 1508 1160 non
1527 1133 1665 1161 insumant
1680 1134 1709 1161 in

921 1190 951 1210 ea
973 1189 1033 1217 qme
1047 1181 1205 1208 necessaria
1219 1188 1272 1208 non
1290 1184 1364 1212 sunt,
1382 1180 1428 1207 sed
1456 1184 1554 1215 praeter
1571 1180 1707 1207 intentum

921 1234 980 1254 sese
996 1226 1124 1253 offerunt.
1139 1226 1254 1253 Elisaeus
1269 1233 1377 1260 quoque
1393 1225 1457 1252 olim
1468 1225 1568 1252 emisso
1580 1225 1653 1252 Giezi
1668 1225 1709 1252 fa-

922 1273 996 1299 mulo
1013 1271 1046 1298 ad
1060 1279 1129 1306 opus
1149 1272 1220 1305 quod
1235 1271 1436 1298 festinationem
1459 1270 1623 1305 requirebat,
1637 1279 1709 1306 pne-

921 1318 993 1353 cepit
1008 1317 1102 1345 dicens
1115 1327 1122 1343 :
1139 1317 1168 1344 Si
1186 1318 1316 1344 inveneris
1328 1317 1426 1349 vitum,
1443 1325 1494 1343 non
1518 1316 1654 1343 benediras
1667 1317 1709 1344 ei:

921 1369 945 1391 et
960 1364 982 1390 si
998 1363 1047 1390 tibi
1064 1363 1224 1390 benedixerit
1242 1363 1293 1394 vir,
1307 1370 1338 1389 ne
1354 1362 1510 1396 respondeas
1526 1361 1567 1388 illi
1582 1362 1614 1395 “,
1637 1361 1709 1388 indi-

921 1417 987 1437 cans
1003 1417 1073 1444 opus
1087 1416 1148 1436 esse
1172 1413 1201 1435 ut
1215 1408 1393 1435 indistraetus
1406 1414 1438 1434 ac
1455 1407 1568 1435 omnino
1583 1407 1642 1434 sine
1659 1407 1710 1434 im-

920 1456 1078 1491 pedimento
1094 1454 1265 1490 procederet.

956 1496 1078 1530 Vcrs.-5.
1095 1502 1128 1530 In
1152 1509 1335 1537 quamcunque
1349 1516 1385 1522 —-
1400 1501 1470 1527 huic.
1503 1499 1578 1526 lianc
1607 1499 1710 1526 allocu-

79 1548 210 1574 ικάλεσεν
225 1549 238 1575 ὁ
252 1549 392 1581 Ματθαῖος
407 1549 465 1584 (68)
481 1550 510 1576 ἑν
521 1550 560 1585 τῷ
587 1551 768 1586 προρῤηθέντι
785 1561 869 1587 κεφα-

929 1549 1024 1577 Lionem
1051 1548 1193 1576 Matthqu
1204 1547 1395 1575 salutationem
1410 1544 1560 1574 nominavit
1580 1545 1709 1580 praedicto

79 1592 159 1629 λαίῳ.
186 1594 324 1629 Σὺμὸολον
334 1595 361 1621 δὲ
376 1595 486 1630 ἀγάπης
500 1596 514 1622 ὁ
524 1597 643 1628 τοιοῦτος
659 1598 815 1633 ἀσπασμὸς,
824 1600 872 1635 δη-

78 1639 193 1674 ).ὦν,δτι
211 1641 346 1676 είρηνικοὶ
362 1642 409 1668 καὶ
426 1641 498 1677 φίλοι
518 1643 733 1678 παραγεγόνασι,

114 1733 168 1760 Kal
187 1733 242 1760 ἐὰν
257 1748 292 1754 -
308 1733 392 1768 ὑμῶν
416 1734 482 1770 (69).
504 1735 536 1761 Ἢ
567 1735 647 1771 χάρις
669 1737 718 1771 τῆς
747 1736 871 1773 δοθείσης

80 1778 191 1814 είρήνης
215 1779 282 1814 παρ’
294 1780 383 1814 ὑμῶν,
402 1781 418 1816 ἡ
435 1781 559 1816 ἐνέργεια
575 1781 621 1808 τοῦ
637 1782 759 1808 τοιούτου
768 1783 848 1817 λόγου
859 1791 866 1798 ⁵

80 1824 140 1855 υῑδς
152 1824 180 1850 δὲ
191 1824 335 1859 είρήνης,ὁ
348 1826 497 1860 εἰρηνικὸς,
507 1826 544 1858 ὡς
558 1826 693 1862 διαφόρως
706 1827 868 1863 εἰρήκαμεν.

116 1919 149 1945 El
163 1917 197 1944 δὲ
215 1933 251 1937 -
263 1917 443 1952 ἀνακάμψει.
465 1918 614 1952 1Ανέιγνωθι
628 1920 676 1946 καὶ
689 1921 718 1947 ὲν
730 1920 768 1955 τῷ
781 1921 869 1948 ἐννεα-

79 1964 235 1998 καιδεκάτῳ
256 1963 396 1998 κεφαλαίῳ
421 1963 468 1990 τοῦ
493 1963 565 1991 κατὰ
589 1965 726 1991 Ματθαῖον
743 1965 792 2000 τὴν
807 1966 868 2000 ἐξη-

79 2018 161 2044 γησιν
188 2009 251 2035 ἰτοῐιι⁴
266 2009 320 2035 Καὶ
348 2009 401 2036 ἐὰν
412 2009 471 2044 μὲν
484 2007 504 2044 ᾗ
521 2011 538 2044 ἡ
559 2010 636 2036 οἰκία
661 2011 741 2043 ἀξία,
759 2011 869 2039 ἐλθέτω

79 2057 99 2089 ἡ
119 2055 223 2088 εφήνη
240 2053 324 2088 ὑμῶν
342 2053 388 2081 ἐπ’
411 2055 509 2089 αὐτήν
520 2063 526 2070 ε
551 2056 606 2082 ἐὰν
618 2055 652 2082 δὲ
663 2056 705 2091 μὴ
724 2054 745 2092 ᾖ
756 2057 837 2090 ἀξια,
850 2058 868 2093 ἠ

79 2101 184 2135 εἰρήνη
200 2099 284 2134 ὑμῶν
299 2101 372 2134 πρὸς
385 2100 462 2135 ὑμᾶς
480 2101 701 2137 ἐπιστραφήτω.

117 2145 168 2171 Ἐν
182 2144 258 2178 αὐτῇ
274 2160 308 2164 --
318 2145 411 2172 αὑτοῦ
425 2146 501 2172 ἐστι.
514 2147 568 2173 Καὶ
583 2149 645 2182 περὶ
654 2148 757 2175 τούτων
767 2149 868 2183 ὀμοῖως

79 2191 110 2216 ὲν
123 2190 220 2225 ἐκείνῳ
239 2190 277 2224 τῷ
295 2190 434 2226 κεφαλαίῳ
450 2192 544 2226 σαφῶς
560 2180 675 2228 ἐρρήθη,
691 2180 789 2229 μικρὸν
800 2180 868 2221 ἀνωζ
885 2180 907 2208 D

79 2238 287 2273 τέρω.Ἐσοιειν
303 2238 330 2265 δὲ
345 2239 390 2265 καὶ
407 2239 495 2266 πίνειν
515 2240 548 2266 τὰ
563 2240 628 2274 παρ’
650 2240 741 2266 αὐτῶν
759 2241 872 2276 ἐπέτρε-

79 2287 142 2320 ψεν,
158 2286 207 2321 οὐχ
233 2286 336 2318 ἁπλῶς,
354 2285 412 2312 ἀλλ’
437 2286 474 2317 ὡς
501 2285 607 2320 πρέπον
641 2287 701 2313 ἐστὶ
737 2287 871 2323 μαθηταῖς

81 2332 177 2360 αὑτοῦ.
191 2331 277 2358 Τοῦτο
293 2332 347 2366 γὰρ
368 2331 506 2366 γνώριμον
525 2329 559 2367 ἧν
575 2331 677 2363 αὐτοῖς.

117 2379 164 2412 Μὴ
182 2393 216 2398 -
229 2379 336 2405 οὶκίαν.
357 2378 401 2404 Ἐν
420 2378 512 2413 ὲκεῖνῃ
533 2379 565 2413 τῇ
581 2378 769 2415 ὲξηγῄσειτὴν
782 2379 872 2407 αἰτίαν

80 2423 128 2450 τοῦ
146 2424 183 2458 μὴ
201 2423 374 2458 μεταϐαίνειν
392 2424 530 2458 εὑρήσεις.

118 2470 171 2496 Καὶ
198 2470 242 2502 εἷς
264 2485 298 2490 —
315 2469 400 2496 Θεοῦ.
425 2469 568 2496 Βασιλείαν
596 2470 642 2496 τοῦ
672 2470 739 2498 Θεοῦ
776 2472 872 2499 ἑαυτὸν

79 2515 156 2550 λέγει
171 2515 218 2541 νῦν
233 2514 270 2546 ὡς
285 2514 396 2548 βασιλέα
411 2515 458 2541 καὶ
477 2514 550 2542 Θεόν.
567 2515 696 2550 Ἤγγικε,
714 2518 808 2552 φησὶν,
824 2519 872 2545 καὶ

80 2562 132 2597 ἤδη
149 2560 313 2594 ὲπιδημήσει
329 2560 393 2594 ὑμῖν
406 2568 412 2574 ·
426 2560 496 2593 ἄξιοι
511 2561 628 2595 γίνεσθε,
643 2562 872 2599 ἐτοιμάζεσθεξεῑς

81 2607 226 2642 ὑποδοχήν.

136 2700 156 2716 ⁶¹
173 2699 270 2727 Mattn.
290 2707 316 2734 ι,
341 2699 385 2727 16.
457 2699 480 2716 θ’
505 2700 538 2727 ιν
562 2701 629 2738 Reg.
646 2709 683 2736 tv,
699 2703 744 2731 29.

801 2705 824 2722 "
842 2706 941 2736 Matth.
962 2715 989 2740 ι,
1007 2707 1050 2734 12.

923 1594 1011 1629 capite
1029 1594 1063 1621 °'.
1078 1594 1126 1621 Est
1150 1598 1242 1621 autem
1270 1592 1428 1628 huiusmodi
1449 1590 1576 1619 salutatio
1601 1590 1708 1625 signum

922 1641 1090 1674 dilectionis,
1112 1640 1270 1676 signiﬁcans
1285 1639 1357 1675 quod
1371 1637 1477 1674 paciﬁci
1493 1641 1521 1665 et
1536 1637 1615 1665 amici
1629 1637 1710 1664 δάκε

923 1688 1024 1715 nerint.

957 1733 1035 1762 Vers.
1048 1734 1074 1761 6.
1088 1732 1122 1759 Et
1135 1734 1159 1761 εἰ
1175 1748 1211 1753 -
1223 1737 1320 1760 vestra.
1341 1733 1399 1760 Hoc
1421 1736 1462 1760 est
1480 1731 1570 1768 gratia
1599 1731 1668 1758 datae
1694 1738 1708 1757 a

922 1780 1000 1808 vobis
1013 1779 1099 1814 pacis,
1115 1779 1157 1806 vel
1167 1778 1283 1806 elﬁcacia
1293 1777 1450 1812 huiusmodi
1465 1777 1611 1804 sermonis.
1624 1776 1709 1803 Filius

922 1835 1030 1862 quoque
1042 1826 1116 1861 pacis
1136 1825 1236 1852 dicitur
1251 1824 1394 1859 paciﬁcus,
1418 1823 1491 1851 sicut
1504 1823 1586 1850 variis
1602 1822 1628 1848 in
1644 1822 1711 1849 locis

921 1872 1050 1900 diximus.

957 1916 1034 1943 Vers.
1048 1914 1073 1943 6.
1097 1913 1191 1941 Sin—
1203 1918 1357 1940 revertetur.
1374 1912 1445 1948 Lege
1474 1919 1583 1947 quoque
1604 1911 1711 1939 decimo

920 1971 993 1991 nono
1017 1962 1104 1996 Capite
1121 1960 1345 1996 Evangeliiiuxta
1362 1958 1518 1986 Matth-acum
1544 1958 1610 1985 dicti
1641 1958 1712 1984 illius

921 2009 1124 2037 enarrationem
1142 2016 1147 2033 :
1166 2006 1199 2033 Et
1210 2006 1234 2033 si
1260 2006 1366 2040 quidem
1394 2005 1472 2040 fuerit
1498 2004 1590 2030 domu:
1618 2004 1710 2038 digna,

921 2055 1006 2082 veniat
1032 2061 1086 2088 pax
1103 2057 1189 2079 vestra
1218 2059 1297 2085 super
1321 2050 1396 2077 illaut
1412 2051 1453 2077 :si
1482 2055 1570 2076 autem
1593 2049 1702 2076 imliana

921 2100 1010 2136 fuerit,
1026 2106 1079 2134 pax
1098 2103 1183 2125 vestra
1199 2097 1233 2124 ad
1244 2105 1287 2123 vos
1299 2101 1466 2123 convertatur
1477 2096 1487 2110 ⁸

955 2144 1033 2172 Vere.
1055 2144 1082 2170 7.
1096 2143 1129 2170 In
1143 2143 1234 2170 eadem
1249 2157 1283 2162 —
1299 2150 1346 2168 sua
1359 2146 1406 2168 est.
1423 2141 1556 2168 Similiter
1571 2140 1604 2167 de
1620 2139 1662 2166 his
1685 2139 1712 2166 in

923 2191 968 2218 illo
990 2189 1080 2225 capite
1106 2188 1254 2215 manifeste
1276 2188 1379 2215 dictum
1399 2191 1441 2214 est
1464 2187 1546 2222 paulo
1576 2186 1712 2221 superius.

923 2237 1011 2264 Edere
1025 2239 1116 2262 autem
1129 2242 1162 2262 ac
1177 2234 1273 2261 bibere
1288 2234 1424 2269 permisit,
1441 2241 1501 2268 qua:
1517 2233 1550 2259 ab
1563 2233 1607 2259 illo
1626 2231 1713 2265 porri-

924 2287 1055 2319 gerentur
1067 2291 1074 2315 ;
1091 2289 1144 2308 non
1161 2280 1331 2315 simpliciter,
1344 2280 1392 2307 sed
1405 2280 1475 2307 sicut
1489 2279 1636 2314 discipulos
1649 2285 1713 2305 suos

924 2329 1059 2361 decebat;
1084 2327 1136 2353 hoc
1150 2327 1223 2354 enim
1240 2326 1305 2362 ipsis
1319 2331 1415 2353 notum
1430 2331 1498 2354 erat.

960 2373 1038 2401 Vers.
1054 2373 1079 2400 7.
1099 2371 1190 2399 Nolite
1212 2387 1246 2392 -—
1279 2374 1397 2399 domum.
1421 2372 1449 2399 In
1473 2371 1517 2399 illa
1542 2370 1714 2398 enarratione

924 2420 1008 2454 hujus
1024 2426 1133 2446 causam
1149 2419 1282 2445 invenies.

960 2466 1037 2494 Vers.
1074 2465 1101 2492 8.
1130 2464 1165 2491 Et
1193 2465 1265 2491 in—
1283 2464 1399 2492 Vers.9.
1433 2464 1491 2490 Dei.
1518 2463 1641 2498 Regnum
1666 2462 1714 2488 Dei

924 2519 999 2540 nunc
1015 2511 1135 2546 seipsum
1155 2510 1283 2545 appellat,
1300 2514 1428 2545 tanquam
1445 2517 1535 2543 regem
1566 2516 1597 2535 ac
1615 2507 1711 2533 Deum.

924 2556 1171 2593 Appropinquavit,
1198 2556 1296 2590 inquit,
1308 2560 1336 2583 et
1367 2555 1422 2590 jam
1438 2555 1599 2581 deversatur
1615 2551 1712 2578 voltis-

924 2612 1004 2637 cum;
1021 2603 1094 2638 digni
1118 2602 1268 2635 habcmini,
1295 2602 1340 2637 qui
1375 2600 1564 2637 prmparamini
1594 2599 1629 2626 ad
1654 2598 1714 2632 ejus

925 2649 1127 2685 susceptionem

1107 2706 1130 2722 °‘
1145 2705 1212 2734 Ibid.
1228 2706 1271 2734 15.

677 2765 777 2795 Varias
792 2766 946 2800 lectiones
968 2771 1000 2799 et
1022 2771 1119 2798 notae.

119 2814 174 2850 (67)
195 2812 367 2850 Βαλλάντιον.
390 2814 422 2840 Α.

119 2849 174 2890 (θβ)
195 2849 285 2890 Ιείιψχ
302 2850 388 2890 etiam.
410 2849 555 2890 noninulli.‘
572 2850 631 2890 _scd
662 2856 775 2890 temere,
798 2855 871 2889 apud

83 2883 296 2914 MatthazumlJ.
321 2885 472 2912 intulerunt
505 2894 511 2912 :
542 2885 690 2920 Λέγοντεςε
711 2883 823 2926 Εἰρήνη.
833 2890 871 2926 τῷ

924 2820 991 2854 οῖκῳ
1005 2819 1103 2854 τούτῳ.

961 2852 1016 2890 (69)
1060 2852 1092 2881 Ἡ
1104 2852 1205 2882 omittit
1218 2853 1250 2880 Α.
