1927 3074
230 112 286 143 963

838 107 1031 140 EUTllVMlI
1052 106 1235 138 ZIGABENI

1805 108 1858 140 964

229 173 292 194 rum
308 165 404 200 ipsius,
415 169 442 192 et
452 164 551 192 animae
561 164 653 198 simul,
665 170 693 192 et
703 164 827 200 corporis
837 164 1018 191 habuerimus

1082 163 1124 189 ὦν
1143 162 1260 189 ἐντολῶν
1283 161 1376 196 αὐτοῦ,
1393 162 1440 190 καὶ
1456 162 1563 198 ἔχωμεν
1582 163 1716 199 ψυχικοὺς
1733 164 1792 199 ἅμα
1813 165 1856 190 καὶ

230 212 324 239 oculos
347 215 422 238 recte
443 211 594 242 intuentes,
612 217 749 245 auresque
764 214 840 238 recte
855 209 1016 240 audientes,

230 257 264 284 ad
287 263 338 283 nos
357 257 440 283 etiam
464 255 577 283 omnino
600 261 785 289 convertetur,
801 260 829 283 et
851 255 989 290 mysteriis
1004 262 1018 280 a

230 302 311 337 vulgo
330 301 499 329 absconditis
519 302 685 336 dignabitur.

347 357 422 384 CAP.
435 356 541 384 XXXV.
560 357 599 384 De
612 361 730 384 tentante
742 357 900 392 legisperito.

267 403 344 430 Vers.
359 403 404 430 25.
425 402 458 429 Et
470 411 527 430 ecce
538 417 574 422 -——
583 403 736 437 possidebo?
750 404 898 437 lllaqueare
909 401 1021 436 putabat

229 449 381 479 Christum.
403 449 425 478 si
442 450 580 484 quippiam
602 450 651 484 legi
670 450 837 476 contrarium
859 449 914 475 ullo
942 452 1021 482 pacto

230 495 352 521 dcceret.
371 493 437 520 Dicit
456 501 539 529 ergo:
558 494 626 526 Quid
652 495 772 529 faciendo
787 496 868 521 vitant
894 498 1021 520 wternam

230 540 375 574 puuidebo,
394 548 475 574 quain
491 541 590 574 populo
612 539 784 566 annuntias?
799 538 913 574 Cognita
928 543 1021 564 autem

230 587 303 614 illius
324 587 454 620 versutia,
473 587 596 614 Salvator
615 588 649 614 ad
674 588 759 622 legem
778 587 866 621 ipsum
881 585 996 613 remittit
1012 593 1020 618 ;

231 632 312 659 simul
323 633 432 666 quidem
448 636 576 658 conatum
593 632 666 658 illius
683 631 829 666 repellens,
845 631 925 658 simul
937 630 1021 656 ctiam

218 686 347 713 arguens
365 678 452 710 illum,
467 677 539 711 quod
553 684 614 704 sese
631 685 680 711 pro
696 677 805 704 virtutis
818 677 924 703 cultore
939 682 1017 710 gere.

232 728 285 755 ret,
303 730 365 750 cum
392 730 448 749 non
475 726 559 754 esset,
584 721 668 749 veluti
698 721 760 748 linis
786 720 919 748 indicabit
944 727 1022 754 para-

232 769 313 796 bolie.

269 814 345 841 Vers.
367 814 411 841 26.
428 813 487 847 Ipse
511 821 570 840 vero
582 827 617 833 —
633 812 719 848 legis?
739 811 816 844 Quod
832 812 964 846 scriptum
981 815 1021 838 est

232 860 320 893 majus
348 858 539 894 przeccptum?
565 858 707 890 Quomodo
726 858 794 892 legis
821 858 925 891 majora
956 856 1022 892 legis

233 904 395 939 praecepta?
419 904 457 931 De
478 903 626 938 majoribus
642 910 762 937 namque
787 903 878 937 ipsum
902 902 1022 930 interro-

232 951 316 986 gavit.

271 996 345 1024 Vers.
359 996 404 1023 27.
421 996 512 1023 Atille
525 1011 560 1017 —
576 996 654 1024 Vers.
681 996 728 1024 ‘28.
753 996 920 1031 respondisti.
938 995 1023 1022 Recte

233 1042 310 1069 illum
338 1042 514 1076 respondisse
541 1042 634 1069 dixit:
669 1045 699 1068 ut
721 1041 766 1076 qui
780 1042 835 1068 duo
867 1040 1024 1068 recitaverit

230 1091 378 1122 praecepta,
399 1094 459 1121 quae
475 1086 509 1113 ad
523 1094 553 1114 se
571 1086 688 1113 invicem
711 1089 925 1118 connectuntur,
951 1085 1024 1112 sicut

231 1132 456 1168 quinquagesimo
475 1137 573 1167 quarto
589 1132 666 1167 juxta
682 1130 838 1158 Mattliazum
861 1131 951 1165 capite
966 1138 1024 1157 ina-

233 1178 398 1205 nilestatum
410 1181 462 1205 est.
476 1178 552 1204 Alius
569 1182 660 1204 autem
676 1181 735 1203 erat
747 1176 792 1203 hic
804 1176 977 1211 legispcritus
989 1175 1023 1202 ab

230 1231 273 1256 eo,
290 1225 322 1250 de
336 1231 391 1258 quo
404 1230 419 1250 a
434 1223 558 1250 Nlattliaao
570 1227 598 1250 et
613 1222 704 1249 Marco
720 1221 793 1249 facta
809 1226 852 1248 est
867 1221 971 1248 mentio
981 1221 1017 1246 τι.

265 1269 343 1297 Vers.
359 1269 404 1296 9.8.
419 1268 474 1295 Hoc
489 1283 522 1289 —
540 1268 618 1295 vives.
635 1267 702 1300 Hoc,
716 1267 788 1302 quod
801 1274 874 1293 nunc
888 1266 1021 1297 recitasti,

231 1313 294 1346 hoc,
316 1314 437 1348 inquam,
458 1313 501 1340 l‘ac
524 1318 551 1340 et
567 1313 642 1341 vives
658 1313 712 1340 vita
732 1317 909 1345 azterna,qua
931 1311 1025 1338 vivunt

228 1360 306 1395 justi,
326 1361 372 1393 qui
391 1360 448 1387 hinc
459 1363 594 1394 przecepta
611 1362 802 1386 servaverunt.
817 1357 915 1384 Docuit
939 1357 1024 1392 siqui-

230 1403 292 1430 dem
306 1403 434 1438 praadicto
445 1403 535 1437 capite
548 1402 686 1438 Evangelii
696 1402 846 1429 secundum
857 1400 1023 1434 Mattlizeum,

230 1449 304 1483 quod
319 1448 346 1475 in
364 1449 405 1475 liis
417 1448 523 1475 duobus
539 1447 681 1482 praeceptis
699 1447 824 1474 universa
845 1446 886 1473 lex
903 1451 930 1473 et
952 1453 1017 1481 pro-

1071 208 1246 243 σωματικοὺς
1256 208 1422 243 ὀφθαλμοὺς,
1435 209 1503 244 ὀρθὰ
1514 209 1674 244 βλέποντας,
1687 211 1734 236 καὶ
1745 211 1777 237 τὰ
1792 208 1858 241 ὦτα.

1071 256 1138 291 ὀρθὰ
1155 255 1300 288 ἀκούοντα,
1315 256 1423 287 πάντως
1437 257 1626 291 στραφήσεται
1637 257 1764 292 καὶπρὸς
1776 259 1860 292 ἡμᾶς,

1071 303 1119 328 καὶ
1135 301 1248 334 ἀξιώσει
1264 303 1425 337 μυστηρὶων
1443 303 1608 338 ἀπορρήτων
1627 305 1684 335 τοῖς
1704 303 1825 335 πολλοῖς.

1108 360 1187 386 ΚΕΦ.
1201 360 1262 386 ΛΕ’.
1272 360 1341 393 Περὶ
1356 359 1410 386 τοῦ
1424 360 1671 393 ἐπερωτήσαντος
1688 360 1826 395 νομικοῦ.

1106 404 1163 432 Καὶ
1182 405 1246 432 Mat)
1257 421 1290 425 —
1302 406 1544 440 κληρονομήσω;
1567 406 1756 442 Προσεδὲκησε
1777 415 1862 440 παγι-

1072 450 1165 477 δεῦσαι
1183 451 1228 477 τὸν
1241 451 1360 485 Χριστὸν
1376 452 1415 482 είς
1433 451 1463 477 τὺ
1483 453 1594 483 πάντως
1610 452 1737 484 ἐπιτάξαι
1747 461 1772 479 τι
1786 453 1863 478 ἐναν-

1071 496 1129 522 τίον
1145 495 1183 530 τῷ
1201 496 1285 531 νόμῳ.
1302 497 1383 530 Λέγει
1402 496 1476 531 γοῦν1
1493 497 1523 523 Τί
1545 497 1677 530 ποιήσας
1700 496 1777 531 ᾇυὴν
1798 499 1863 524 αἰώ-

1072 549 1140 568 νιον
1149 542 1380 576 κληρονομήσω,
1391 542 1424 577 ἢν
1440 542 1634 576 καταγγέλλεις
1646 543 1684 577 τῷ
1694 542 1766 577 hii);
1779 543 1863 573 Γνοὶς

1073 587 1102 614 δὲ
1123 588 1173 623 τὴν
1189 587 1285 614 τούτου
1304 587 1479 622 πανουργίαν
1495 588 1508 614 6
1525 587 1631 622 Σωτὴρ,
1649 588 1696 613 ἐπὶ
1716 587 1762 614 τὴν
1782 589 1864 622 νόμον

1073 634 1155 661 αὑτὸν
1177 634 1376 669 παραπέμπει·
1399 634 1458 668 ἅμα
1482 633 1549 668 μὲν,
1572 633 1786 668 διακρουόμενος
1813 634 1864 665 τὴν

1074 681 1172 714 πεῖραν
1184 679 1267 707 αὑτοῦ
1280 688 1287 694 ·
1306 680 1364 713 ἃμα
1379 679 1420 711 δὲ,
1433 679 1553 714 ἐλέγχων
1569 679 1659 711 αὑτὸν,
1674 680 1798 714 οἰόμενον
1814 680 1864 714 μὶν

1073 724 1143 752 εἶναι
1164 726 1302 760 ἐνάρετον,
1318 725 1355 760 μὴ
1368 725 1432 751 ὅντα
1448 725 1478 751 δέ
1490 733 1497 740 ·
1513 724 1551 755 ὡς
1567 724 1649 756 δείξει
1666 724 1696 750 τὸ
1712 725 1791 756 τέλος
1814 725 1865 759 τῆς

1074 771 1243 806 παραὸολῆς.
1391 777 1402 779 “

1117 817 1148 842 '0
1165 816 1200 842 δὲ
1215 831 1250 837 --
1263 816 1482 851 ἀναγινώσκεις
1496 814 1572 850 (77);
1590 815 1623 842 Τί
1636 815 1792 850 γέγραπται
1807 816 1867 849 μεῖ-

1073 862 1119 894 ζον
1135 862 1254 897 ἕνταλμα
1265 870 1273 895 ;
1288 862 1348 894 Πῶς
1357 861 1555 896 ἀναγινώσκεις
1569 862 1618 893 τὰς
1631 862 1740 896 μείζους
1753 860 1866 892 ὲντολὰς

1073 908 1120 936 τοῦ
1136 909 1235 944 νόμου;
1255 908 1321 943 Περὶ
1332 907 1387 934 τῶν
1401 907 1533 942 μειζόνων
1541 907 1596 943 γὰρ
1608 906 1688 934 αὑτὸν
1706 905 1864 941 ἠρώτησεν.

1114 994 1146 1020 '0
1161 993 1197 1019 δὲ
1215 1007 1244 1012 -
1264 991 1438 1025 ἀπεκρίθης.
1461 989 1563 1024 Ὀρθῶς
1579 989 1764 1024 ἀποκριθῆναι
1778 989 1866 1016 αὑτὸν

1073 1037 1161 1070 εἶπεν,
1179 1038 1216 1069 ὡς
1234 1038 1284 1068 τὰς
1302 1037 1349 1063 δύο
1363 1036 1473 1068 ἐντολὰς
1494 1035 1712 1070 ἀπαγγείλαντα.
1732 1035 1866 1070 ’Έχονται

1074 1083 1128 1117 γὰρ
1145 1081 1278 1116 ἀλλήλων,
1292 1081 1330 1113 ὡς
1347 1082 1377 1107 ὲν
1392 1080 1431 1116 τῷ
1445 1080 1623 1116 πεντηκοστῷ
1639 1079 1765 1114 τετάρτῳ
1777 1089 1866 1114 κεφα-

1074 1130 1142 1165 λαίῳ
1171 1128 1219 1156 τοῦ
1245 1128 1317 1154 κατὰ
1338 1127 1479 1155 Ματθαῖον
1503 1127 1664 1161 δεδήλωται.
1692 1127 1811 1162 Ἕτερος
1835 1128 1864 1153 δέ

1074 1177 1148 1203 ἐστιν
1163 1176 1176 1202 6
1193 1175 1305 1210 νομικὸς
1322 1170 1411 1206 οὗτος,
1435 1173 1512 1208 παρᾶ
1526 1173 1573 1199 τὸν
1584 1173 1636 1199 ὑπὸ
1650 1172 1796 1199 Ματθαίου
1817 1174 1866 1200 καὶ

1074 1223 1190 1258 Μάρκου
1207 1230 1260 1256 μνη
1265 1221 1458 1256 μονευόμενον,

1113 1268 1203 1296 Τοῦτο
1216 1283 1250 1287 -
1264 1267 1352 1301 ζήσῃ.
1371 1266 1468 1300 Τοῦτο,
1484 1266 1498 1292 ὅ
1514 1267 1688 1302 ἀπήγγειλας
1703 1267 1771 1299 νῦν,·
1783 1266 1866 1293 τοῦτο

1075 1316 1158 1346 ποίει,
1175 1315 1222 1341 καὶ
1238 1315 1307 1349 ζήσῃ
1322 1313 1395 1349 ζωὴν
1407 1312 1528 1346 αἰώνιον1
1542 1313 1603 1340 οἵαν
1618 1313 1702 1346 ζῶσιν
1714 1314 1738 1339 οι
1751 1313 1804 1344 τὰς
1820 1314 1866 1340 ὲν-

1074 1361 1154 1392 τολὰς
1169 1360 1271 1391 ταύτας
1287 1359 1460 1394 φυλάξαντες
1478 1359 1589 1386 δίκαιοι.
1610 1358 1728 1391 Ἐδίδαξε
1740 1359 1796 1394 γὰρ
1815 1359 1865 1386 καὶ

1075 1408 1105 1433 ὲν
1123 1407 1162 1442 τῷ
1181 1405 1329 1441 δηλωθέντι
1344 1405 1485 1439 κεφαλαίῳ
1500 1404 1548 1430 τοῦ
1565 1405 1636 1431 κατὰ
1649 1405 1804 1437 Ματοαίον,
1823 1406 1866 1431 ὅτι

1076 1453 1105 1479 ὲν
1124 1452 1238 1483 ταύταις
1251 1453 1312 1483 ταῖς
1336 1451 1413 1477 δυσὶν
1438 1451 1560 1482 ἐντολαῖς
1572 1450 1631 1482 ὅλον
1648 1451 1661 1477 6
1673 1451 1757 1484 νόμος
1775 1451 1824 1476 καὶ
1841 1451 1866 1476 οἱ

229 1494 319 1528 pheta:
336 1493 455 1529 pendent
468 1494 491 1509 "'
506 1502 513 1526 ;
531 1501 647 1528 quorum
668 1492 872 1520 enarrationem
897 1491 1018 1527 perfecte

1082 1498 1213 1534 κρορῆται
1227 1497 1390 1533 κρέμανται.
1406 1493 1455 1522 Ὦν
1471 1497 1520 1531 τὴν
1537 1496 1670 1531 ἐξήγησιν
1682 1496 1801 1527 ἐντελῶς
1820 1496 1868 1522 εὐ-

231 1539 540 1574 inveniesquintojuxta
561 1539 716 1566 Matthaaum
729 1538 829 1573 capite,
840 1537 885 1565 ubi
897 1537 996 1564 dicitur
1012 1546 1020 1564 :

230 1585 273 1612 Ita
293 1586 362 1612 enim
374 1591 410 1612 est
426 1585 467 1612 lea:
486 1591 509 1612 et
523 1586 654 1620 propheta:
667 1585 702 1612 ".

270 1630 346 1658 Vcrs.
361 1631 406 1659 29.
422 1633 454 1658 At
473 1631 517 1658 ille
535 1646 563 1651 —
580 1631 717 1666 proximus
736 1631 749 1658 .9
772 1629 879 1657 Conatu
899 1637 950 1657 suo
964 1628 1021 1656 fru-

232 1682 345 1711 stratus,
361 1678 468 1711 ell‘udit,
481 1686 562 1714 quem
573 1678 644 1713 apud
659 1685 688 1705 se
699 1677 861 1708 occultabat,
874 1683 1020 1704 tumorem.

231 1724 347 1751 Putabat
371 1725 443 1751 enim
460 1732 490 1752 se
505 1725 611 1752 cunctis
626 1732 686 1752 esse
702 1723 918 1759 praestantiorem
934 1731 940 1750 :
958 1730 1020 1749 nam

231 1771 273 1797 lex
290 1771 456 1805 proximum‘
468 1770 620 1798 nominavit
636 1778 709 1803 eum,
734 1770 780 1805 qui
796 1770 910 1797 alterius
927 1774 1020 1804 egeret

231 1816 332 1842 auxilio
346 1825 353 1841 :
367 1816 425 1851 ipse
439 1824 504 1843 vero
518 1816 592 1843 illum
611 1816 662 1843 dici
676 1816 849 1851 opinabatur,
861 1816 906 1850 qui
921 1815 1022 1842 virtute

231 1862 342 1896 :equalis
354 1867 450 1889 esset:
468 1862 530 1889 ideo
554 1862 647 1896 etiam,
668 1862 764 1890 volens
785 1862 904 1896 seipsum
924 1861 1022 1896 justiti-

230 1915 305 1940 care,
323 1908 381 1935 sive
396 1908 456 1935 aliis
469 1915 638 1943 praeponere,
655 1908 839 1943 interrogabat
852 1916 859 1935 :
874 1907 940 1940 Quis
953 1907 1020 1934 milii

231 1959 274 1982 est
290 1955 426 1989 aequalis?
444 1954 547 1982 Deinde
572 1954 696 1983 Christus
723 1962 772 1990 per
795 1954 952 1989 parabolam
973 1954 1022 1981 de-

231 2005 367 2027 monstrat
377 2000 452 2027 illum
467 2007 527 2027 esse
544 2000 711 2035 proximum,
725 1999 772 2035 qui
787 1999 902 2027 alterius
919 1999 1022 2034 indiget

231 2045 346 2073 auxilio.

265 2091 285 2126 1'
296 2091 437 2119 Proximus
449 2091 548 2119 dicitur
555 2092 646 2119 omnis
657 2092 748 2124 homo,
761 2092 833 2126 quod
845 2099 939 2119 omnes
951 2091 1021 2119 inter

231 2146 282 2165 nos
295 2138 441 2174 propinqui
461 2146 557 2166 sumus
580 2138 732 2166 secundum
748 2143 853 2166 natura:
868 2138 1021 2165 communi-

231 2185 379 2212 cationem.

285 2241 362 2269 CAP.
371 2241 492 2270 XXXVI.
510 2241 550 2268 De
561 2250 590 2268 eo
604 2242 649 2277 qui
661 2242 790 2269 inciderat
802 2242 828 2268 in
841 2242 966 2268 latrones.

269 2287 346 2317 Vera.
370 2287 415 2314 50.
439 2287 589 2322 Suscipieiu
603 2287 729 2315 —dixit.
756 2286 916 2322 Suscipiens
943 2287 1021 2315 :boc

232 2338 275 2361 est
284 2332 436 2367 ,excipiens
449 2339 616 2359 sermonem.

269 2377 346 2405 Vera.
371 2377 415 2404 50.
428 2376 512 2403 Homo
527 2391 563 2397 —-
582 2375 696 2404 Iericho.
726 2375 857 2404 Parabola
878 2376 947 2410 haec,
970 2376 1022 2404 etsi

233 2422 320 2451 ellicta
346 2423 392 2455 sit,
416 2427 447 2450 ut
465 2422 601 2455 ostendat,
616 2421 678 2456 quis
693 2421 729 2449 sit
745 2422 886 2457 proximus
901 2431 908 2450 :
925 2423 1020 2458 paucis

286 2511 307 2527 "
321 2509 495 2545 Mattli.xxti,
512 2511 567 2544 55',
584 2510 666 2539 Marc.
680 2519 730 2545 xu,
743 2510 789 2539 28.

843 2511 866 2526 ⁷¹
882 2510 978 2538 Matth.
1005 2518 1074 2543 χιιι,
1090 2510 1133 2538 40.

1077 1545 1172 1580 ρήσεις
1186 1545 1214 1570 ὲν
1230 1543 1269 1578 τῷ
1284 1544 1401 1578 πέμπτῳ
1417 1542 1559 1577 κεφαλαίῳ
1571 1542 1618 1569 τοῦ
1631 1543 1701 1569 κατὰ
1709 1542 1866 1573 Ματθαῖον,

1075 1591 1114 1621 εἰς
1120 1589 1160 1616 τό·
1170 1588 1314 1624 οῦτω¹<Ἱ8>
1321 1588 1375 1623 γὰρ
1387 1588 1494 1615 ἐστινό
1503 1588 1595 1622 νόμος
1604 1589 1650 1614 καὶ
1661 1589 1688 1614 ol
1699 1587 1865 1621 προφῆται.

1116 1637 1147 1662 ’0
1167 1635 1200 1662 δὲ
1213 1650 1248 1655 ——-
1258 1635 1410 1667 πλησίον;
1429 1632 1585 1667 ’Δποτυχὼν
1596 1633 1645 1668 τῆς
1658 1633 1765 1668 πείρας,
1783 1633 1868 1668 ἐξέρο

1075 1683 1140 1718 ρηξε
1154 1682 1210 1718 (79)
1229 1682 1278 1715 τὴν
1295 1682 1324 1707 ἐν
1346 1680 1420 1716 αὐτῷ
1444 1680 1640 1715 κεκρυμμένην
1661 1679 1761 1714 οἴησιν.
1782 1680 1866 1715 ’ῼειο

1074 1729 1127 1764 γὰρ
1155 1728 1263 1754 πάντων
1291 1727 1447 1762 ὑπερέχειν.
1472 1726 1500 1752 '0
1520 1726 1570 1760 μὲν
1597 1725 1651 1760 γὰρ
1683 1725 1767 1758 νόμος
1791 1725 1866 1759 πλη-

1076 1774 1132 1801 σίον
1146 1774 1212 1809 (80),
1240 1773 1286 1800 τὸν
1303 1772 1431 1807 δεόμενον
1447 1771 1574 1807 βοηθείας
1593 1771 1736 1806 ὠνόμασεν
1748 1777 1756 1787 ⁸
1780 1771 1865 1802 αὐτὸς

1073 1821 1102 1847 δὲ
1115 1820 1238 1856 πλησίον,
1260 1819 1305 1846 τὸν
1318 1817 1378 1845 ἴσον
1392 1818 1568 1853 κατ’.ᾰρετὴν
1585 1818 1707 1844 ὑπέλαϐε
1729 1817 1800 1851 (81).
1817 1818 1865 1843 Διὸ

1075 1866 1122 1893 καὶ
1138 1866 1222 1892 θέλων
1232 1864 1357 1891 δικαιοῦν
1369 1865 1477 1896 ἑαυτὸν,
1492 1864 1589 1899 ἡγουν,
1612 1863 1790 1898 ὑπερτιοέναι
1808 1863 1864 1889 τῶν

1074 1913 1171 1945 ἄλλων,
1190 1912 1292 1947 ἐρωτᾷ,
1309 1911 1358 1942 Τίς
1374 1910 1434 1936 ἐστί
1453 1918 1505 1945 μου
1519 1907 1596 1943 ἷσος;
1613 1906 1683 1935 Εἶτα
1700 1907 1745 1935 διὰ
1771 1916 1865 1943 παρα-

1075 1959 1155 1993 ϐολῆς
1175 1959 1189 1984 6
1205 1956 1323 1993 Χριστὸς
1341 1956 1546 1989 ἀποδείκνυσιν,
1567 1955 1608 1981 ὅτι
1621 1953 1737 1990 πλησίον
1755 1953 1836 1980 ἐστὶν
1849 1953 1864 1979 6

1073 2005 1199 2040 δεόμενος
1210 2003 1348 2039 βοηθείας.

1110 2086 1242 2123 [Πλησίον
1268 2084 1378 2118 λέγεται
1398 2084 1452 2115 πᾶς
1465 2082 1621 2117 ἄνθρωπος,
1637 2082 1676 2114 ὡς
1693 2082 1863 2116 ἐγγιζόντων

1073 2135 1090 2170 ὴ
1095 2134 1153 2169 μῶν
1165 2131 1290 2167 ἀλλήλοις
1303 2130 1373 2157 κατὰ
1387 2129 1532 2156 κοινωνίαν
1546 2129 1654 2164 φύσεως
1671 2127 1753 2164 (82).]

1071 2239 1151 2267 ΚΕΦ.
1165 2237 1237 2272 nq'.
1254 2236 1325 2271 Περὶ
1333 2235 1385 2263 τοῦ
1397 2235 1586 2270 ἐμπεσόντος
1596 2234 1639 2266 εὶς
1651 2233 1720 2266 τοὺς
1728 2233 1862 2267 λῃστάς.

1111 2282 1287 2310 ’Υπολαϐὼν
1315 2296 1350 2302 --
1376 2279 1472 2308 εἶπεν.
1499 2279 1676 2307 Ὑπολαὸὼν
1714 2279 1776 2305 ἀντὶ
1799 2278 1860 2310 τοῦ,

1072 2330 1264 2364 διαδεξάμενος
1281 2328 1327 2355 τὸν
1341 2328 1430 2361 λόγον.

1111 2377 1286 2410 Ἀνθρωπος
1303 2389 1338 2395 ——
1367 2373 1489 2408 Ἰεριχώ.
1517 2372 1548 2399 'H
1567 2371 1711 2407 παραϐολὴ
1733 2370 1818 2405 αὕτη,
1835 2369 1861 2396 εί

1073 2423 1122 2451 καὶ
1141 2421 1273 2456 συνετέθη
1295 2420 1340 2447 διὰ
1356 2420 1386 2447 τὸ
1409 2420 1508 2453 δεῖξαι,
1535 2419 1578 2451 τίς
1599 2420 1674 2445 ἐστιν
1688 2419 1702 2444 ὁ
1729 2416 1858 2452 πλησίον,

1190 2509 1213 2525 ⁷³
1227 2508 1325 2536 Matth.
1342 2515 1388 2541 vn,
1406 2508 1449 2535 12.

825 2589 930 2619 Varias
953 2588 1107 2620 lectiones
1128 2592 1159 2619 et
1180 2591 1277 2618 nolle.

271 2676 329 2710 (77)
345 2675 497 2703 Ilentenius
514 2674 675 2710 hictextum
701 2672 831 2710 diviserat
852 2676 880 2700 et
898 2679 937 2710 ex
969 2679 1023 2700 uno

234 2708 338 2739 scliolio
350 2711 405 2738 duo
418 2710 528 2737 fecerat.
551 2708 629 2740 Vide,
645 2716 705 2743 quae
718 2708 788 2734 inl'ra
809 2712 871 2742 post
898 2708 1022 2742 Evange-

233 2746 298 2773 liuin
316 2745 429 2774 Joannis
440 2745 532 2772 monui
548 2744 581 2770 ad
597 2743 724 2770 Ilentenit
744 2742 1020 2774 animadversionem,

233 2788 314 2815 quam
334 2781 397 2807 huic
415 2780 474 2807 loco
485 2780 596 2814 adjecit.

269 2816 326 2850 (78)
341 2815 426 2842 Etiam
445 2815 488 2842 hic
499 2811 622 2850 uierque
634 2813 718 2850 codex
749 2811 845 2850 05:035.
870 2817 933 2840 ante
952 2820 1021 2840 con-

234 2844 361 2878 sonnain.
376 2850 425 2877 Hic
439 2857 502 2885 ergo
518 2844 602 2876 altera
617 2848 697 2876 lectio
716 2853 775 2876 orta
801 2844 888 2881 οὗτος.
906 2853 943 2885 ut
960 2856 1017 2875 nlo-

1073 2671 1121 2699 nui
1137 2671 1163 2698 in
1175 2671 1294 2698 editione
1309 2670 1341 2697 N.
1359 2669 1435 2697 Test.

1121 2707 1163 2740 79)
1179 2706 1217 2733 Ita
1236 2711 1362 2739 uterque.
1377 2706 1409 2731 lit
1425 2708 1498 2731 recte
1511 2703 1625 2740 quidem
1639 2703 1675 2731 ita
1685 2702 1801 2740 dicitur.

1121 2709 1163 2740 79)
1179 2709 1217 2733 Ita
1236 2711 1362 2739 uterque.
1377 2709 1409 2731 Iit
1425 2709 1498 2731 recte
1511 2709 1621 2738 quidem
1639 2709 1675 2731 ita
1690 2709 1801 2731 dlClllll'.

1108 2709 1162 2777 ίδο)
1179 2741 1237 2777 Hic.
1256 2745 1316 2774 post
1342 2739 1465 2777 πλησίον,
1480 2739 1556 2777 addit
1573 2739 1671 2777 podex
1684 2739 1715 2777 B_
1741 2745 1773 2764 ea
1795 2745 1855 2772 qua:

1071 2773 1133 2804 mox
1150 2773 1305 2803 inclusae:
1321 2774 1441 2809 m'irginc
1458 2773 1588 2801 codicisA
1602 2774 1726 2808 ascripsi.

1105 2813 1162 2846 (8|;
1181 2810 1328 2846 ’Υπέᾇαλε.
1351 2810 1382 2837 Β.

1107 2843 1162 2883 ζ82)
1181 2846 1216 2872 'll
1234 2845 1358 2881 πλησίον,
1367 2845 1442 2874 addit
1463 2845 1492 2872 Β.
1507 2844 1624 2878 Inclusa,
1641 2844 1668 2871 in
1678 2844 1797 2878 margine
1820 2843 1851 2869 Α.
