  <div class='ocr_page' id='page_1' title='image "/cluster/home/n/w/nwhite01/storage/ocr_20150623/129/njp.32101077773065/512.png"; bbox 0 0 1927 3074; ppageno 0'>
   <div class='ocr_carea' id='block_1_1' title="bbox 96 108 154 141">
    <p class='ocr_par' dir='ltr' id='par_1_1' title="bbox 96 108 154 141">
     <span class='ocr_line' id='line_1_1' title="bbox 96 108 154 141; baseline 0.034 -2"><span class='ocrx_word' id='word_1_1' title='bbox 96 108 154 141; x_wconf 81' lang='lat'><strong>965</strong></span> 
     </span>
    </p>
   </div>
   <div class='ocr_carea' id='block_1_2' title="bbox 602 111 1232 148">
    <p class='ocr_par' dir='ltr' id='par_1_2' title="bbox 602 111 1232 148">
     <span class='ocr_line' id='line_1_2' title="bbox 602 111 1232 148; baseline 0.013 -8"><span class='ocrx_word' id='word_1_2' title='bbox 602 111 800 144; x_wconf 79' lang='lat' dir='ltr'><strong>COMMENT.</strong></span> <span class='ocrx_word' id='word_1_3' title='bbox 822 113 863 143; x_wconf 82' lang='lat' dir='ltr'><strong>IN</strong></span> <span class='ocrx_word' id='word_1_4' title='bbox 884 113 1023 145; x_wconf 81' lang='lat' dir='ltr'><strong>LUCAM.</strong></span> <span class='ocrx_word' id='word_1_5' title='bbox 1040 129 1069 134; x_wconf 96' lang='lat'><strong>-</strong></span> <span class='ocrx_word' id='word_1_6' title='bbox 1094 116 1177 148; x_wconf 86' lang='lat' dir='ltr'><strong>CAP.</strong></span> <span class='ocrx_word' id='word_1_7' title='bbox 1195 118 1232 148; x_wconf 82' lang='lat' dir='ltr'><strong>X.</strong></span> 
     </span>
    </p>
   </div>
   <div class='ocr_carea' id='block_1_3' title="bbox 1679 125 1732 159">
    <p class='ocr_par' dir='ltr' id='par_1_3' title="bbox 1679 125 1732 159">
     <span class='ocr_line' id='line_1_3' title="bbox 1679 125 1732 159; baseline 0.038 -2"><span class='ocrx_word' id='word_1_8' title='bbox 1679 125 1732 159; x_wconf 76' lang='lat'><strong>958</strong></span> 
     </span>
    </p>
   </div>
   <div class='ocr_carea' id='block_1_4' title="bbox 95 161 888 214">
    <p class='ocr_par' dir='ltr' id='par_1_4' title="bbox 95 161 883 202">
     <span class='ocr_line' id='line_1_4' title="bbox 95 161 883 202; baseline 0.005 -13"><span class='ocrx_word' id='word_1_9' title='bbox 95 163 156 189; x_wconf 82' lang='grc' dir='ltr'>ἀλλ’</span> <span class='ocrx_word' id='word_1_10' title='bbox 171 162 218 190; x_wconf 79' lang='grc' dir='ltr'>οὖν</span> <span class='ocrx_word' id='word_1_11' title='bbox 233 163 262 189; x_wconf 81' lang='grc' dir='ltr'>ἐν</span> <span class='ocrx_word' id='word_1_12' title='bbox 279 161 378 198; x_wconf 82' lang='grc' dir='ltr'>βραχεῖ</span> <span class='ocrx_word' id='word_1_13' title='bbox 394 164 486 191; x_wconf 84' lang='grc' dir='ltr'>πᾶσαν</span> <span class='ocrx_word' id='word_1_14' title='bbox 504 164 649 198; x_wconf 76' lang='grc' dir='ltr'><strong>ὑποφαίνει</strong></span> <span class='ocrx_word' id='word_1_15' title='bbox 662 165 712 200; x_wconf 81' lang='grc' dir='ltr'>τὴν</span> <span class='ocrx_word' id='word_1_16' title='bbox 728 166 883 202; x_wconf 82' lang='grc' dir='ltr'>φιλάνθρω-</span> 
     </span>
    </p>
   </div>
   <div class='ocr_carea' id='block_1_5' title="bbox 955 161 1730 214">
    <p class='ocr_par' dir='ltr' id='par_1_5' title="bbox 955 170 1730 214">
     <span class='ocr_line' id='line_1_5' title="bbox 955 170 1730 214; baseline 0.015 -18"><span class='ocrx_word' id='word_1_17' title='bbox 955 176 1030 196; x_wconf 70' lang='lat' dir='ltr'><strong>tmen</strong></span> <span class='ocrx_word' id='word_1_18' title='bbox 1048 170 1140 199; x_wconf 77' lang='lat' dir='ltr'><strong>verbis</strong></span> <span class='ocrx_word' id='word_1_19' title='bbox 1151 173 1274 201; x_wconf 86' lang='lat' dir='ltr'><strong>ostendit</strong></span> <span class='ocrx_word' id='word_1_20' title='bbox 1284 173 1432 202; x_wconf 79' lang='lat' dir='ltr'><strong>humanam</strong></span> <span class='ocrx_word' id='word_1_21' title='bbox 1444 176 1623 214; x_wconf 74' lang='lat' dir='ltr'><strong>etbcnignam</strong></span> <span class='ocrx_word' id='word_1_22' title='bbox 1636 179 1730 208; x_wconf 47' lang='lat' dir='ltr'><strong>Salva.</strong></span> 
     </span>
    </p>
   </div>
   <div class='ocr_carea' id='block_1_6' title="bbox 96 209 888 247">
    <p class='ocr_par' dir='ltr' id='par_1_6' title="bbox 96 209 888 247">
     <span class='ocr_line' id='line_1_6' title="bbox 96 209 888 247; baseline 0.005 -12"><span class='ocrx_word' id='word_1_23' title='bbox 96 217 148 235; x_wconf 85' lang='grc' dir='ltr'>πον</span> <span class='ocrx_word' id='word_1_24' title='bbox 163 209 322 244; x_wconf 71' lang='grc' dir='ltr'><strong>οἰκονομίαν</strong></span> <span class='ocrx_word' id='word_1_25' title='bbox 338 209 386 236; x_wconf 83' lang='grc' dir='ltr'>τοῦ</span> <span class='ocrx_word' id='word_1_26' title='bbox 402 210 529 245; x_wconf 84' lang='grc' dir='ltr'><strong>Σωτῆρος</strong></span> <span class='ocrx_word' id='word_1_27' title='bbox 545 210 637 246; x_wconf 84' lang='grc' dir='ltr'>ἡμῶν.</span> <span class='ocrx_word' id='word_1_28' title='bbox 659 211 822 247; x_wconf 67' lang='grc' dir='ltr'><strong>ΙἌνθρωπον</strong></span> <span class='ocrx_word' id='word_1_29' title='bbox 839 213 888 247; x_wconf 74' lang='grc' dir='ltr'>μὲν</span> 
     </span>
    </p>
   </div>
   <div class='ocr_carea' id='block_1_7' title="bbox 95 255 889 294">
    <p class='ocr_par' dir='ltr' id='par_1_7' title="bbox 95 255 889 294">
     <span class='ocr_line' id='line_1_7' title="bbox 95 255 889 294; baseline 0.004 -13"><span class='ocrx_word' id='word_1_30' title='bbox 95 255 151 289; x_wconf 74' lang='grc' dir='ltr'>γὰρ</span> <span class='ocrx_word' id='word_1_31' title='bbox 166 255 283 290; x_wconf 79' lang='grc' dir='ltr'><strong>νοοῦμεν</strong></span> <span class='ocrx_word' id='word_1_32' title='bbox 314 255 359 282; x_wconf 79' lang='grc' dir='ltr'><strong>τὸν</strong></span> <span class='ocrx_word' id='word_1_33' title='bbox 381 256 467 291; x_wconf 72' lang='grc' dir='ltr'>Ἀδὰμ</span> <span class='ocrx_word' id='word_1_34' title='bbox 490 258 538 283; x_wconf 72' lang='grc' dir='ltr'>καὶ</span> <span class='ocrx_word' id='word_1_35' title='bbox 555 257 618 288; x_wconf 74' lang='grc' dir='ltr'>τοὺς</span> <span class='ocrx_word' id='word_1_36' title='bbox 635 257 665 289; x_wconf 78' lang='grc' dir='ltr'><strong>ἐξ</strong></span> <span class='ocrx_word' id='word_1_37' title='bbox 682 257 768 292; x_wconf 79' lang='grc' dir='ltr'>Ἀδὰμ</span> <span class='ocrx_word' id='word_1_38' title='bbox 781 257 889 294; x_wconf 78' lang='grc' dir='ltr'>ἀνθρώ-</span> 
     </span>
    </p>
   </div>
   <div class='ocr_carea' id='block_1_8' title="bbox 95 302 888 340">
    <p class='ocr_par' dir='ltr' id='par_1_8' title="bbox 95 302 888 340">
     <span class='ocr_line' id='line_1_8' title="bbox 95 302 888 340; baseline 0.005 -13"><span class='ocrx_word' id='word_1_39' title='bbox 95 310 165 334; x_wconf 78' lang='grc' dir='ltr'>πους</span> <span class='ocrx_word' id='word_1_40' title='bbox 179 309 186 316; x_wconf 91' lang='grc'><strong>·</strong></span> <span class='ocrx_word' id='word_1_41' title='bbox 214 302 365 328; x_wconf 73' lang='grc' dir='ltr'>κατάὸασιν</span> <span class='ocrx_word' id='word_1_42' title='bbox 387 302 416 329; x_wconf 78' lang='grc' dir='ltr'>δὲ</span> <span class='ocrx_word' id='word_1_43' title='bbox 440 302 494 329; x_wconf 83' lang='grc' dir='ltr'><strong>ἀπὸ</strong></span> <span class='ocrx_word' id='word_1_44' title='bbox 514 303 692 339; x_wconf 77' lang='grc' dir='ltr'>Ἰερουσαλὴμ</span> <span class='ocrx_word' id='word_1_45' title='bbox 706 305 746 335; x_wconf 82' lang='grc' dir='ltr'><strong>είς</strong></span> <span class='ocrx_word' id='word_1_46' title='bbox 773 303 888 340; x_wconf 79' lang='grc' dir='ltr'>Ἵεριχὼ,</span> 
     </span>
    </p>
   </div>
   <div class='ocr_carea' id='block_1_9' title="bbox 94 348 890 384">
    <p class='ocr_par' dir='ltr' id='par_1_9' title="bbox 94 348 890 384">
     <span class='ocr_line' id='line_1_9' title="bbox 94 348 890 384; baseline 0.005 -10"><span class='ocrx_word' id='word_1_47' title='bbox 94 348 146 382; x_wconf 80' lang='grc' dir='ltr'>τὴν</span> <span class='ocrx_word' id='word_1_48' title='bbox 163 348 224 375; x_wconf 75' lang='grc' dir='ltr'>ὁδον</span> <span class='ocrx_word' id='word_1_49' title='bbox 241 349 291 384; x_wconf 83' lang='grc' dir='ltr'>τὴν</span> <span class='ocrx_word' id='word_1_50' title='bbox 305 349 360 375; x_wconf 80' lang='grc' dir='ltr'><strong>ἀπὸ</strong></span> <span class='ocrx_word' id='word_1_51' title='bbox 379 350 481 384; x_wconf 79' lang='grc' dir='ltr'>ἀρετῆς</span> <span class='ocrx_word' id='word_1_52' title='bbox 507 349 546 380; x_wconf 81' lang='grc' dir='ltr'><strong>είς</strong></span> <span class='ocrx_word' id='word_1_53' title='bbox 561 350 672 382; x_wconf 82' lang='grc' dir='ltr'><strong>κακίαν,</strong></span> <span class='ocrx_word' id='word_1_54' title='bbox 689 351 736 377; x_wconf 87' lang='grc' dir='ltr'>καὶ</span> <span class='ocrx_word' id='word_1_55' title='bbox 749 351 802 377; x_wconf 79' lang='grc' dir='ltr'><strong>ἀπὸ</strong></span> <span class='ocrx_word' id='word_1_56' title='bbox 818 351 890 378; x_wconf 83' lang='grc' dir='ltr'>ὑπα-</span> 
     </span>
    </p>
   </div>
   <div class='ocr_carea' id='block_1_10' title="bbox 95 394 889 430">
    <p class='ocr_par' dir='ltr' id='par_1_10' title="bbox 95 394 889 430">
     <span class='ocr_line' id='line_1_10' title="bbox 95 394 889 430; baseline 0.004 -10"><span class='ocrx_word' id='word_1_57' title='bbox 95 395 162 429; x_wconf 80' lang='grc' dir='ltr'>κοῆς</span> <span class='ocrx_word' id='word_1_58' title='bbox 178 396 217 426; x_wconf 86' lang='grc' dir='ltr'><strong>είς</strong></span> <span class='ocrx_word' id='word_1_59' title='bbox 229 395 385 430; x_wconf 84' lang='grc' dir='ltr'>παρακοὴν,</span> <span class='ocrx_word' id='word_1_60' title='bbox 411 395 458 422; x_wconf 80' lang='grc' dir='ltr'>καὶ</span> <span class='ocrx_word' id='word_1_61' title='bbox 485 394 539 422; x_wconf 81' lang='grc' dir='ltr'><strong>ἀπὸ</strong></span> <span class='ocrx_word' id='word_1_62' title='bbox 558 394 642 429; x_wconf 77' lang='grc' dir='ltr'>ὕψους</span> <span class='ocrx_word' id='word_1_63' title='bbox 669 395 819 428; x_wconf 80' lang='grc' dir='ltr'><strong>πολιτείας,</strong></span> <span class='ocrx_word' id='word_1_64' title='bbox 848 397 889 428; x_wconf 80' lang='grc' dir='ltr'>εἰς</span> 
     </span>
    </p>
   </div>
   <div class='ocr_carea' id='block_1_11' title="bbox 94 441 889 478">
    <p class='ocr_par' dir='ltr' id='par_1_11' title="bbox 94 441 889 478">
     <span class='ocr_line' id='line_1_11' title="bbox 94 441 889 478; baseline 0.003 -12"><span class='ocrx_word' id='word_1_65' title='bbox 94 441 290 476; x_wconf 48' lang='lat' dir='ltr'><strong>Ibunt/21111::</strong></span> <span class='ocrx_word' id='word_1_66' title='bbox 308 441 460 476; x_wconf 80' lang='grc' dir='ltr'>διαγωγῆς.</span> <span class='ocrx_word' id='word_1_67' title='bbox 482 441 589 477; x_wconf 76' lang='grc' dir='ltr'>’Υψηλὴ</span> <span class='ocrx_word' id='word_1_68' title='bbox 604 442 654 476; x_wconf 76' lang='grc' dir='ltr'>μὲν</span> <span class='ocrx_word' id='word_1_69' title='bbox 673 442 728 477; x_wconf 85' lang='grc' dir='ltr'><strong>γὰρ</strong></span> <span class='ocrx_word' id='word_1_70' title='bbox 750 443 766 477; x_wconf 82' lang='grc' dir='ltr'><strong>ἡ</strong></span> <span class='ocrx_word' id='word_1_71' title='bbox 788 442 889 478; x_wconf 84' lang='grc' dir='ltr'>Ἰερου-</span> 
     </span>
    </p>
   </div>
   <div class='ocr_carea' id='block_1_12' title="bbox 97 487 574 524">
    <p class='ocr_par' dir='ltr' id='par_1_12' title="bbox 97 487 574 524">
     <span class='ocr_line' id='line_1_12' title="bbox 97 487 574 524; baseline 0.006 -12"><span class='ocrx_word' id='word_1_72' title='bbox 97 487 207 522; x_wconf 59' lang='grc' dir='ltr'>σαλῆμ·</span> <span class='ocrx_word' id='word_1_73' title='bbox 222 487 353 522; x_wconf 79' lang='grc' dir='ltr'>χθαμαλὴ</span> <span class='ocrx_word' id='word_1_74' title='bbox 373 487 400 514; x_wconf 81' lang='grc' dir='ltr'>δὲ</span> <span class='ocrx_word' id='word_1_75' title='bbox 415 488 431 522; x_wconf 83' lang='grc' dir='ltr'>ἡ</span> <span class='ocrx_word' id='word_1_76' title='bbox 458 487 574 524; x_wconf 85' lang='grc' dir='ltr'>Ίεριχώ.</span> 
     </span>
    </p>
   </div>
   <div class='ocr_carea' id='block_1_13' title="bbox 132 532 888 571">
    <p class='ocr_par' dir='ltr' id='par_1_13' title="bbox 132 532 888 571">
     <span class='ocr_line' id='line_1_13' title="bbox 132 532 888 571; baseline 0.004 -12"><span class='ocrx_word' id='word_1_77' title='bbox 132 532 186 559; x_wconf 78' lang='grc' dir='ltr'><strong>Καὶ</strong></span> <span class='ocrx_word' id='word_1_78' title='bbox 210 547 246 552; x_wconf 89' lang='grc'><strong>-</strong></span> <span class='ocrx_word' id='word_1_79' title='bbox 263 534 455 567; x_wconf 68' lang='grc' dir='ltr'>περιέπεσεν.</span> <span class='ocrx_word' id='word_1_80' title='bbox 488 533 662 566; x_wconf 76' lang='grc' dir='ltr'>Ὀδοστάταις</span> <span class='ocrx_word' id='word_1_81' title='bbox 681 534 736 570; x_wconf 76' lang='grc'>(83)</span> <span class='ocrx_word' id='word_1_82' title='bbox 751 535 888 571; x_wconf 64' lang='grc' dir='ltr'>δαίμοσιν.</span> 
     </span>
    </p>
   </div>
   <div class='ocr_carea' id='block_1_14' title="bbox 133 624 889 665">
    <p class='ocr_par' dir='ltr' id='par_1_14' title="bbox 133 624 889 665">
     <span class='ocr_line' id='line_1_14' title="bbox 133 624 889 665; baseline 0.011 -15"><span class='ocrx_word' id='word_1_83' title='bbox 133 624 167 651; x_wconf 84' lang='grc' dir='ltr'><strong>Οἳ</strong></span> <span class='ocrx_word' id='word_1_84' title='bbox 182 640 215 644; x_wconf 86' lang='grc'><strong>-</strong></span> <span class='ocrx_word' id='word_1_85' title='bbox 232 625 337 652; x_wconf 77' lang='grc' dir='ltr'>αὐτόν.</span> <span class='ocrx_word' id='word_1_86' title='bbox 359 626 400 653; x_wconf 77' lang='grc' dir='ltr'><strong>Τὰ</strong></span> <span class='ocrx_word' id='word_1_87' title='bbox 418 626 516 661; x_wconf 77' lang='grc' dir='ltr'>ἱμάτια</span> <span class='ocrx_word' id='word_1_88' title='bbox 542 627 590 662; x_wconf 80' lang='grc' dir='ltr'>τῆς</span> <span class='ocrx_word' id='word_1_89' title='bbox 607 628 720 665; x_wconf 79' lang='grc' dir='ltr'>ἀρετῆς,</span> <span class='ocrx_word' id='word_1_90' title='bbox 742 629 788 658; x_wconf 82' lang='grc' dir='ltr'><strong>τὸν</strong></span> <span class='ocrx_word' id='word_1_91' title='bbox 806 629 889 665; x_wconf 74' lang='grc' dir='ltr'>φόϐαν</span> 
     </span>
    </p>
   </div>
   <div class='ocr_carea' id='block_1_15' title="bbox 96 669 744 708">
    <p class='ocr_par' dir='ltr' id='par_1_15' title="bbox 96 669 744 708">
     <span class='ocr_line' id='line_1_15' title="bbox 96 669 744 708; baseline 0.009 -13"><span class='ocrx_word' id='word_1_92' title='bbox 96 670 145 695; x_wconf 78' lang='grc' dir='ltr'>τοῦ</span> <span class='ocrx_word' id='word_1_93' title='bbox 162 669 241 702; x_wconf 88' lang='grc' dir='ltr'>Θεοῦ,</span> <span class='ocrx_word' id='word_1_94' title='bbox 260 670 290 696; x_wconf 77' lang='grc' dir='ltr'><strong>δν</strong></span> <span class='ocrx_word' id='word_1_95' title='bbox 309 670 506 706; x_wconf 75' lang='grc' dir='ltr'>περιεϐέϐλητο</span> <span class='ocrx_word' id='word_1_96' title='bbox 520 672 601 708; x_wconf 73' lang='grc' dir='ltr'>δίκην</span> <span class='ocrx_word' id='word_1_97' title='bbox 619 674 744 708; x_wconf 81' lang='grc' dir='ltr'>χιτῶνος.</span> 
     </span>
    </p>
   </div>
   <div class='ocr_carea' id='block_1_16' title="bbox 133 715 888 756">
    <p class='ocr_par' dir='ltr' id='par_1_16' title="bbox 133 715 888 756">
     <span class='ocr_line' id='line_1_16' title="bbox 133 715 888 756; baseline 0.009 -15"><span class='ocrx_word' id='word_1_98' title='bbox 133 716 186 742; x_wconf 73' lang='grc' dir='ltr'><strong>Καὶ</strong></span> <span class='ocrx_word' id='word_1_99' title='bbox 216 730 253 734; x_wconf 95' lang='grc'><strong><em>-</em></strong></span> <span class='ocrx_word' id='word_1_100' title='bbox 269 715 420 751; x_wconf 72' lang='grc' dir='ltr'><strong>ἀπῆλθον.</strong></span> <span class='ocrx_word' id='word_1_101' title='bbox 448 717 560 752; x_wconf 80' lang='grc' dir='ltr'>Πληγὰς</span> <span class='ocrx_word' id='word_1_102' title='bbox 585 719 717 754; x_wconf 72' lang='grc' dir='ltr'>ψυχικὰς,</span> <span class='ocrx_word' id='word_1_103' title='bbox 742 720 888 756; x_wconf 82' lang='grc' dir='ltr'>τραύματα</span> 
     </span>
    </p>
   </div>
   <div class='ocr_carea' id='block_1_17' title="bbox 97 761 251 796">
    <p class='ocr_par' dir='ltr' id='par_1_17' title="bbox 97 761 251 796">
     <span class='ocr_line' id='line_1_17' title="bbox 97 761 251 796; baseline 0.006 -9"><span class='ocrx_word' id='word_1_104' title='bbox 97 761 251 796; x_wconf 54' lang='grc' dir='ltr'>ἁμαρτιῶν,</span> 
     </span>
    </p>
   </div>
   <div class='ocr_carea' id='block_1_18' title="bbox 139 807 889 846">
    <p class='ocr_par' dir='ltr' id='par_1_18' title="bbox 139 807 889 846">
     <span class='ocr_line' id='line_1_18' title="bbox 139 807 889 846; baseline 0.008 -14"><span class='ocrx_word' id='word_1_105' title='bbox 139 807 280 840; x_wconf 64' lang='grc' dir='ltr'>Ἀφέντες</span> <span class='ocrx_word' id='word_1_106' title='bbox 311 808 443 844; x_wconf 74' lang='grc' dir='ltr'>ἡμιθανῆ</span> <span class='ocrx_word' id='word_1_107' title='bbox 468 809 668 845; x_wconf 74' lang='grc' dir='ltr'><strong>τυγχάνοντα.</strong></span> <span class='ocrx_word' id='word_1_108' title='bbox 688 810 734 842; x_wconf 78' lang='grc' dir='ltr'><strong>Ἐξ</strong></span> <span class='ocrx_word' id='word_1_109' title='bbox 760 811 889 846; x_wconf 79' lang='grc' dir='ltr'><strong>ἡμισείας</strong></span> 
     </span>
    </p>
   </div>
   <div class='ocr_carea' id='block_1_19' title="bbox 97 853 886 893">
    <p class='ocr_par' dir='ltr' id='par_1_19' title="bbox 97 853 886 893">
     <span class='ocr_line' id='line_1_19' title="bbox 97 853 886 893; baseline 0.008 -15"><span class='ocrx_word' id='word_1_110' title='bbox 97 853 195 888; x_wconf 71' lang='grc' dir='ltr'>Ονητὺν</span> <span class='ocrx_word' id='word_1_111' title='bbox 208 855 367 890; x_wconf 77' lang='grc' dir='ltr'>γενόμενον.</span> <span class='ocrx_word' id='word_1_112' title='bbox 381 856 420 891; x_wconf 86' lang='grc' dir='ltr'><strong>Τῇ</strong></span> <span class='ocrx_word' id='word_1_113' title='bbox 443 856 517 892; x_wconf 78' lang='grc' dir='ltr'>ψυχῇ</span> <span class='ocrx_word' id='word_1_114' title='bbox 540 858 594 892; x_wconf 78' lang='grc' dir='ltr'><strong>γὰρ</strong></span> <span class='ocrx_word' id='word_1_115' title='bbox 611 858 746 890; x_wconf 77' lang='grc' dir='ltr'>ἀθάνατος</span> <span class='ocrx_word' id='word_1_116' title='bbox 778 859 886 893; x_wconf 81' lang='grc' dir='ltr'>μείνας,</span> 
     </span>
    </p>
   </div>
   <div class='ocr_carea' id='block_1_20' title="bbox 95 900 889 940">
    <p class='ocr_par' dir='ltr' id='par_1_20' title="bbox 95 900 889 940">
     <span class='ocr_line' id='line_1_20' title="bbox 95 900 889 940; baseline 0.009 -15"><span class='ocrx_word' id='word_1_117' title='bbox 95 901 136 935; x_wconf 69' lang='grc' dir='ltr'>τῷ</span> <span class='ocrx_word' id='word_1_118' title='bbox 159 900 266 936; x_wconf 82' lang='grc' dir='ltr'>σώματι</span> <span class='ocrx_word' id='word_1_119' title='bbox 289 902 414 938; x_wconf 81' lang='grc' dir='ltr'>τέθνηκε.</span> <span class='ocrx_word' id='word_1_120' title='bbox 430 903 504 930; x_wconf 83' lang='grc' dir='ltr'><strong>Τὸδὲ</strong></span> <span class='ocrx_word' id='word_1_121' title='bbox 524 904 729 938; x_wconf 69' lang='grc' dir='ltr'>ἀπῆλθον-,καὶ</span> <span class='ocrx_word' id='word_1_122' title='bbox 751 905 782 931; x_wconf 80' lang='grc' dir='ltr'>τὸ</span> <span class='ocrx_word' id='word_1_123' title='bbox 797 904 889 940; x_wconf 68' lang='grc' dir='ltr'><strong>ἀφέν-</strong></span> 
     </span>
    </p>
   </div>
   <div class='ocr_carea' id='block_1_21' title="bbox 96 948 887 987">
    <p class='ocr_par' dir='ltr' id='par_1_21' title="bbox 96 948 887 987">
     <span class='ocr_line' id='line_1_21' title="bbox 96 948 887 987; baseline 0.01 -15"><span class='ocrx_word' id='word_1_124' title='bbox 96 955 157 980; x_wconf 81' lang='grc' dir='ltr'>τες,</span> <span class='ocrx_word' id='word_1_125' title='bbox 174 948 204 973; x_wconf 73' lang='grc' dir='ltr'>οὐ</span> <span class='ocrx_word' id='word_1_126' title='bbox 234 950 459 985; x_wconf 79' lang='grc' dir='ltr'><strong>περιεργαστέον,</strong></span> <span class='ocrx_word' id='word_1_127' title='bbox 480 951 525 978; x_wconf 82' lang='grc' dir='ltr'>διὰ</span> <span class='ocrx_word' id='word_1_128' title='bbox 540 951 590 987; x_wconf 81' lang='grc' dir='ltr'>τὴν</span> <span class='ocrx_word' id='word_1_129' title='bbox 617 952 674 987; x_wconf 75' lang='grc' dir='ltr'>(ει)</span> <span class='ocrx_word' id='word_1_130' title='bbox 688 952 814 985; x_wconf 77' lang='grc' dir='ltr'>ἐξουσίαν</span> <span class='ocrx_word' id='word_1_131' title='bbox 837 953 887 987; x_wconf 82' lang='grc' dir='ltr'>τῆς</span> 
     </span>
    </p>
   </div>
   <div class='ocr_carea' id='block_1_22' title="bbox 97 993 266 1029">
    <p class='ocr_par' dir='ltr' id='par_1_22' title="bbox 97 993 266 1029">
     <span class='ocr_line' id='line_1_22' title="bbox 97 993 266 1029; baseline 0 -10"><span class='ocrx_word' id='word_1_132' title='bbox 97 1000 134 1019; x_wconf 80' lang='grc' dir='ltr'><strong>πα</strong></span> <span class='ocrx_word' id='word_1_133' title='bbox 138 993 266 1029; x_wconf 74' lang='grc' dir='ltr'>ραὸολῆς.</span> 
     </span>
    </p>
   </div>
   <div class='ocr_carea' id='block_1_23' title="bbox 133 1039 887 1078">
    <p class='ocr_par' dir='ltr' id='par_1_23' title="bbox 133 1039 887 1078">
     <span class='ocr_line' id='line_1_23' title="bbox 133 1039 887 1078; baseline 0.005 -13"><span class='ocrx_word' id='word_1_134' title='bbox 133 1039 212 1066; x_wconf 79' lang='grc' dir='ltr'>Κατὰ</span> <span class='ocrx_word' id='word_1_135' title='bbox 237 1041 408 1075; x_wconf 70' lang='grc' dir='ltr'><strong>συγκυρίαν</strong></span> <span class='ocrx_word' id='word_1_136' title='bbox 423 1056 457 1061; x_wconf 86' lang='lat'><strong>——</strong></span> <span class='ocrx_word' id='word_1_137' title='bbox 480 1041 595 1076; x_wconf 78' lang='grc' dir='ltr'>ἐκείνῃ.</span> <span class='ocrx_word' id='word_1_138' title='bbox 626 1042 769 1077; x_wconf 87' lang='grc' dir='ltr'>Συγκυρία</span> <span class='ocrx_word' id='word_1_139' title='bbox 786 1042 847 1078; x_wconf 84' lang='grc' dir='ltr'>μὲν,</span> <span class='ocrx_word' id='word_1_140' title='bbox 870 1042 887 1078; x_wconf 82' lang='grc' dir='ltr'>ὴ</span> 
     </span>
    </p>
   </div>
   <div class='ocr_carea' id='block_1_24' title="bbox 98 1085 886 1124">
    <p class='ocr_par' dir='ltr' id='par_1_24' title="bbox 98 1085 886 1124">
     <span class='ocr_line' id='line_1_24' title="bbox 98 1085 886 1124; baseline 0.006 -14"><span class='ocrx_word' id='word_1_141' title='bbox 98 1085 230 1120; x_wconf 76' lang='grc' dir='ltr'>συντυχία</span> <span class='ocrx_word' id='word_1_142' title='bbox 243 1093 250 1101; x_wconf 89' lang='grc'><strong>·</strong></span> <span class='ocrx_word' id='word_1_143' title='bbox 269 1087 360 1121; x_wconf 69' lang='grc' dir='ltr'>ἱερεὺς</span> <span class='ocrx_word' id='word_1_144' title='bbox 377 1087 415 1120; x_wconf 86' lang='grc' dir='ltr'>δὲ,</span> <span class='ocrx_word' id='word_1_145' title='bbox 432 1089 446 1114; x_wconf 84' lang='grc' dir='ltr'><strong>ό</strong></span> <span class='ocrx_word' id='word_1_146' title='bbox 468 1088 512 1114; x_wconf 74' lang='grc' dir='ltr'><strong>διὰ</strong></span> <span class='ocrx_word' id='word_1_147' title='bbox 527 1089 668 1120; x_wconf 76' lang='grc' dir='ltr'><strong>Μωῡσέως</strong></span> <span class='ocrx_word' id='word_1_148' title='bbox 690 1088 780 1120; x_wconf 73' lang='grc' dir='ltr'>δοθεὶς</span> <span class='ocrx_word' id='word_1_149' title='bbox 794 1089 886 1124; x_wconf 81' lang='grc' dir='ltr'>νόμος,</span> 
     </span>
    </p>
   </div>
   <div class='ocr_carea' id='block_1_25' title="bbox 97 1131 546 1169">
    <p class='ocr_par' dir='ltr' id='par_1_25' title="bbox 97 1131 546 1169">
     <span class='ocr_line' id='line_1_25' title="bbox 97 1131 546 1169; baseline 0.009 -13"><span class='ocrx_word' id='word_1_150' title='bbox 97 1131 133 1161; x_wconf 87' lang='grc' dir='ltr'>ὡ;</span> <span class='ocrx_word' id='word_1_151' title='bbox 150 1132 214 1166; x_wconf 79' lang='grc' dir='ltr'>περὶ</span> <span class='ocrx_word' id='word_1_152' title='bbox 228 1132 329 1159; x_wconf 72' lang='grc' dir='ltr'>Θυσιῶν</span> <span class='ocrx_word' id='word_1_153' title='bbox 341 1133 546 1169; x_wconf 74' lang='grc' dir='ltr'>διαλεγόμενος.</span> 
     </span>
    </p>
   </div>
   <div class='ocr_carea' id='block_1_26' title="bbox 132 1177 889 1216">
    <p class='ocr_par' dir='ltr' id='par_1_26' title="bbox 132 1177 889 1216">
     <span class='ocr_line' id='line_1_26' title="bbox 132 1177 889 1216; baseline 0.005 -13"><span class='ocrx_word' id='word_1_154' title='bbox 132 1177 187 1204; x_wconf 78' lang='grc' dir='ltr'><strong>Καὶ</strong></span> <span class='ocrx_word' id='word_1_155' title='bbox 211 1178 283 1205; x_wconf 80' lang='grc' dir='ltr'>ιδὼν</span> <span class='ocrx_word' id='word_1_156' title='bbox 299 1179 393 1206; x_wconf 81' lang='grc' dir='ltr'>αὑτὸν</span> <span class='ocrx_word' id='word_1_157' title='bbox 410 1180 626 1215; x_wconf 70' lang='grc' dir='ltr'>ἀντιπαρῆλθεν.</span> <span class='ocrx_word' id='word_1_158' title='bbox 644 1180 824 1216; x_wconf 83' lang='grc' dir='ltr'>Παρέδραμεν</span> <span class='ocrx_word' id='word_1_159' title='bbox 840 1180 889 1207; x_wconf 81' lang='grc' dir='ltr'><strong>αὒ-</strong></span> 
     </span>
    </p>
   </div>
   <div class='ocr_carea' id='block_1_27' title="bbox 96 1224 373 1261">
    <p class='ocr_par' dir='ltr' id='par_1_27' title="bbox 96 1224 373 1261">
     <span class='ocr_line' id='line_1_27' title="bbox 96 1224 373 1261; baseline 0.007 -10"><span class='ocrx_word' id='word_1_160' title='bbox 96 1225 143 1251; x_wconf 61' lang='grc' dir='ltr'>τῐν</span> <span class='ocrx_word' id='word_1_161' title='bbox 163 1224 250 1256; x_wconf 72' lang='grc' dir='ltr'>οὕτως</span> <span class='ocrx_word' id='word_1_162' title='bbox 264 1225 373 1261; x_wconf 75' lang='grc' dir='ltr'>ἔχοντα.</span> 
     </span>
    </p>
   </div>
   <div class='ocr_carea' id='block_1_28' title="bbox 140 1270 888 1307">
    <p class='ocr_par' dir='ltr' id='par_1_28' title="bbox 140 1270 888 1307">
     <span class='ocr_line' id='line_1_28' title="bbox 140 1270 888 1307; baseline 0.001 -11"><span class='ocrx_word' id='word_1_163' title='bbox 140 1270 264 1304; x_wconf 84' lang='grc' dir='ltr'><strong>Ὁμοίως</strong></span> <span class='ocrx_word' id='word_1_164' title='bbox 287 1286 321 1291; x_wconf 90' lang='grc'><strong>--</strong></span> <span class='ocrx_word' id='word_1_165' title='bbox 336 1272 551 1306; x_wconf 75' lang='grc' dir='ltr'>ἀντιπαρῆλθε.</span> <span class='ocrx_word' id='word_1_166' title='bbox 571 1272 688 1307; x_wconf 79' lang='grc' dir='ltr'>Λευῖτην</span> <span class='ocrx_word' id='word_1_167' title='bbox 717 1271 888 1306; x_wconf 81' lang='grc' dir='ltr'><strong>ὑποληπτέον</strong></span> 
     </span>
    </p>
   </div>
   <div class='ocr_carea' id='block_1_29' title="bbox 98 1316 887 1353">
    <p class='ocr_par' dir='ltr' id='par_1_29' title="bbox 98 1316 887 1353">
     <span class='ocr_line' id='line_1_29' title="bbox 98 1316 887 1353; baseline 0.003 -11"><span class='ocrx_word' id='word_1_168' title='bbox 98 1316 214 1342; x_wconf 67' lang='grc' dir='ltr'>ἐνταῦθα</span> <span class='ocrx_word' id='word_1_169' title='bbox 231 1318 277 1343; x_wconf 62' lang='grc' dir='ltr'><strong>τὸν</strong></span> <span class='ocrx_word' id='word_1_170' title='bbox 306 1316 385 1350; x_wconf 85' lang='grc' dir='ltr'>λόγον</span> <span class='ocrx_word' id='word_1_171' title='bbox 401 1318 456 1344; x_wconf 81' lang='grc' dir='ltr'><strong>τῶν</strong></span> <span class='ocrx_word' id='word_1_172' title='bbox 473 1317 632 1353; x_wconf 68' lang='grc' dir='ltr'>προφητῶν,</span> <span class='ocrx_word' id='word_1_173' title='bbox 646 1318 683 1349; x_wconf 83' lang='grc' dir='ltr'>ὠς</span> <span class='ocrx_word' id='word_1_174' title='bbox 707 1317 887 1352; x_wconf 69' lang='grc' dir='ltr'>διακονούμει</span> 
     </span>
    </p>
   </div>
   <div class='ocr_carea' id='block_1_30' title="bbox 97 1363 564 1398">
    <p class='ocr_par' dir='ltr' id='par_1_30' title="bbox 97 1363 564 1398">
     <span class='ocr_line' id='line_1_30' title="bbox 97 1363 564 1398; baseline 0.002 -9"><span class='ocrx_word' id='word_1_175' title='bbox 97 1371 142 1389; x_wconf 88' lang='grc' dir='ltr'><strong>νον</strong></span> <span class='ocrx_word' id='word_1_176' title='bbox 160 1364 216 1394; x_wconf 82' lang='grc' dir='ltr'>τοῖς</span> <span class='ocrx_word' id='word_1_177' title='bbox 229 1363 403 1398; x_wconf 76' lang='grc' dir='ltr'>ἐπιτάγμασι</span> <span class='ocrx_word' id='word_1_178' title='bbox 418 1364 466 1391; x_wconf 79' lang='grc' dir='ltr'>τοῦ</span> <span class='ocrx_word' id='word_1_179' title='bbox 483 1364 564 1390; x_wconf 80' lang='grc' dir='ltr'>Θεοῦ.</span> 
     </span>
    </p>
   </div>
   <div class='ocr_carea' id='block_1_31' title="bbox 132 1409 888 1446">
    <p class='ocr_par' dir='ltr' id='par_1_31' title="bbox 132 1409 888 1446">
     <span class='ocr_line' id='line_1_31' title="bbox 132 1409 888 1446; baseline 0.003 -11"><span class='ocrx_word' id='word_1_180' title='bbox 132 1409 320 1443; x_wconf 78' lang='grc' dir='ltr'>Σαμαρείτης</span> <span class='ocrx_word' id='word_1_181' title='bbox 358 1425 393 1430; x_wconf 93' lang='lat'><strong>——</strong></span> <span class='ocrx_word' id='word_1_182' title='bbox 437 1411 682 1445; x_wconf 75' lang='grc' dir='ltr'>ἐσπλαγχνίσθη.</span> <span class='ocrx_word' id='word_1_183' title='bbox 710 1410 888 1446; x_wconf 74' lang='grc' dir='ltr'>Σαμαρείτης</span> 
     </span>
    </p>
   </div>
   <div class='ocr_carea' id='block_1_32' title="bbox 98 1456 886 1492">
    <p class='ocr_par' dir='ltr' id='par_1_32' title="bbox 98 1456 886 1492">
     <span class='ocr_line' id='line_1_32' title="bbox 98 1456 886 1492; baseline 0.006 -11"><span class='ocrx_word' id='word_1_184' title='bbox 98 1457 201 1482; x_wconf 77' lang='grc' dir='ltr'>νοεῖται</span> <span class='ocrx_word' id='word_1_185' title='bbox 216 1456 263 1482; x_wconf 87' lang='grc' dir='ltr'>νῦν</span> <span class='ocrx_word' id='word_1_186' title='bbox 292 1458 306 1483; x_wconf 85' lang='grc' dir='ltr'>ὁ</span> <span class='ocrx_word' id='word_1_187' title='bbox 322 1458 451 1492; x_wconf 61' lang='grc' dir='ltr'>Χριστος,</span> <span class='ocrx_word' id='word_1_188' title='bbox 468 1458 505 1489; x_wconf 85' lang='grc' dir='ltr'>ὼς</span> <span class='ocrx_word' id='word_1_189' title='bbox 520 1458 572 1484; x_wconf 81' lang='grc' dir='ltr'><strong>ὑπὸ</strong></span> <span class='ocrx_word' id='word_1_190' title='bbox 589 1458 643 1485; x_wconf 84' lang='grc' dir='ltr'><strong>τῶν</strong></span> <span class='ocrx_word' id='word_1_191' title='bbox 662 1458 786 1485; x_wconf 81' lang='grc' dir='ltr'>ἀπίστων</span> <span class='ocrx_word' id='word_1_192' title='bbox 816 1460 886 1486; x_wconf 85' lang='grc' dir='ltr'><strong>Ἰου-</strong></span> 
     </span>
    </p>
   </div>
   <div class='ocr_carea' id='block_1_33' title="bbox 96 1500 555 1538">
    <p class='ocr_par' dir='ltr' id='par_1_33' title="bbox 96 1500 555 1538">
     <span class='ocr_line' id='line_1_33' title="bbox 96 1500 555 1538; baseline 0.007 -11"><span class='ocrx_word' id='word_1_193' title='bbox 96 1500 180 1528; x_wconf 75' lang='grc' dir='ltr'>δαίων</span> <span class='ocrx_word' id='word_1_194' title='bbox 193 1502 366 1538; x_wconf 70' lang='grc' dir='ltr'>Σαμαρείτης</span> <span class='ocrx_word' id='word_1_195' title='bbox 384 1504 555 1538; x_wconf 77' lang='grc' dir='ltr'>ὀνομασθείς.</span> 
     </span>
    </p>
   </div>
   <div class='ocr_carea' id='block_1_34' title="bbox 136 1548 888 1584">
    <p class='ocr_par' dir='ltr' id='par_1_34' title="bbox 136 1548 888 1584">
     <span class='ocr_line' id='line_1_34' title="bbox 136 1548 888 1584; baseline 0.004 -11"><span class='ocrx_word' id='word_1_196' title='bbox 136 1548 170 1573; x_wconf 86' lang='grc' dir='ltr'><em>Ἢ</em></span> <span class='ocrx_word' id='word_1_197' title='bbox 193 1550 251 1581; x_wconf 73' lang='grc' dir='ltr'>καὶ,</span> <span class='ocrx_word' id='word_1_198' title='bbox 280 1549 318 1581; x_wconf 84' lang='grc' dir='ltr'>ὡς</span> <span class='ocrx_word' id='word_1_199' title='bbox 345 1549 375 1576; x_wconf 82' lang='grc' dir='ltr'>οὐ</span> <span class='ocrx_word' id='word_1_200' title='bbox 398 1550 477 1584; x_wconf 83' lang='grc' dir='ltr'>μόνον</span> <span class='ocrx_word' id='word_1_201' title='bbox 507 1550 653 1584; x_wconf 78' lang='grc' dir='ltr'>Ἰουδαίων,</span> <span class='ocrx_word' id='word_1_202' title='bbox 689 1551 757 1578; x_wconf 82' lang='grc' dir='ltr'>ἀλλὰ</span> <span class='ocrx_word' id='word_1_203' title='bbox 786 1553 888 1583; x_wconf 68' lang='grc' dir='ltr'>παντὸς</span> 
     </span>
    </p>
   </div>
   <div class='ocr_carea' id='block_1_35' title="bbox 96 1594 888 1632">
    <p class='ocr_par' dir='ltr' id='par_1_35' title="bbox 96 1594 888 1632">
     <span class='ocr_line' id='line_1_35' title="bbox 96 1594 888 1632; baseline 0.006 -12"><span class='ocrx_word' id='word_1_204' title='bbox 96 1594 191 1626; x_wconf 79' lang='grc' dir='ltr'>εονους</span> <span class='ocrx_word' id='word_1_205' title='bbox 207 1595 297 1629; x_wconf 79' lang='grc' dir='ltr'>φύσιν,</span> <span class='ocrx_word' id='word_1_206' title='bbox 315 1596 360 1622; x_wconf 72' lang='grc' dir='ltr'><strong>διὰ</strong></span> <span class='ocrx_word' id='word_1_207' title='bbox 375 1596 421 1622; x_wconf 78' lang='grc' dir='ltr'>τοῦ</span> <span class='ocrx_word' id='word_1_208' title='bbox 433 1596 648 1631; x_wconf 85' lang='grc' dir='ltr'>προσλήμματος</span> <span class='ocrx_word' id='word_1_209' title='bbox 671 1597 740 1632; x_wconf 79' lang='grc'>(85),</span> <span class='ocrx_word' id='word_1_210' title='bbox 753 1597 888 1632; x_wconf 68' lang='grc' dir='ltr'><strong>ιπεριὸαλ⁴</strong></span> 
     </span>
    </p>
   </div>
   <div class='ocr_carea' id='block_1_36' title="bbox 96 1641 658 1679">
    <p class='ocr_par' dir='ltr' id='par_1_36' title="bbox 96 1641 658 1679">
     <span class='ocr_line' id='line_1_36' title="bbox 96 1641 658 1679; baseline 0.009 -13"><span class='ocrx_word' id='word_1_211' title='bbox 96 1641 222 1673; x_wconf 69' lang='grc' dir='ltr'>λξαενος.</span> <span class='ocrx_word' id='word_1_212' title='bbox 239 1642 335 1675; x_wconf 83' lang='grc' dir='ltr'>Ἐθνος</span> <span class='ocrx_word' id='word_1_213' title='bbox 352 1644 418 1679; x_wconf 70' lang='grc' dir='ltr'>γὰρ,</span> <span class='ocrx_word' id='word_1_214' title='bbox 435 1644 459 1671; x_wconf 77' lang='lat' dir='ltr'><strong>oi</strong></span> <span class='ocrx_word' id='word_1_215' title='bbox 476 1644 658 1679; x_wconf 81' lang='grc' dir='ltr'>Σαμαρεῖται.</span> 
     </span>
    </p>
   </div>
   <div class='ocr_carea' id='block_1_37' title="bbox 134 1727 794 1772">
    <p class='ocr_par' dir='ltr' id='par_1_37' title="bbox 134 1727 794 1772">
     <span class='ocr_line' id='line_1_37' title="bbox 134 1727 794 1772; baseline 0.005 -10"><span class='ocrx_word' id='word_1_216' title='bbox 134 1735 189 1762; x_wconf 76' lang='grc' dir='ltr'><strong>Καὶ</strong></span> <span class='ocrx_word' id='word_1_217' title='bbox 205 1750 240 1756; x_wconf 93' lang='grc'><strong>-</strong></span> <span class='ocrx_word' id='word_1_218' title='bbox 253 1736 356 1763; x_wconf 84' lang='grc' dir='ltr'>αὐτοῦ.</span> <span class='ocrx_word' id='word_1_219' title='bbox 374 1735 420 1772; x_wconf 83' lang='grc' dir='ltr'><strong>Τῷ</strong></span> <span class='ocrx_word' id='word_1_220' title='bbox 438 1727 532 1771; x_wconf 78' lang='grc' dir='ltr'>δεσμῷ</span> <span class='ocrx_word' id='word_1_221' title='bbox 545 1737 596 1771; x_wconf 88' lang='grc' dir='ltr'>τῆς</span> <span class='ocrx_word' id='word_1_222' title='bbox 607 1736 794 1769; x_wconf 84' lang='grc' dir='ltr'>διδασκαλ.ας.</span> 
     </span>
    </p>
   </div>
   <div class='ocr_carea' id='block_1_38' title="bbox 134 1781 889 1820">
    <p class='ocr_par' dir='ltr' id='par_1_38' title="bbox 134 1781 889 1820">
     <span class='ocr_line' id='line_1_38' title="bbox 134 1781 889 1820; baseline 0.003 -10"><span class='ocrx_word' id='word_1_223' title='bbox 134 1782 275 1816; x_wconf 82' lang='grc' dir='ltr'><strong>Ἑπιχέων</strong></span> <span class='ocrx_word' id='word_1_224' title='bbox 288 1796 322 1803; x_wconf 90' lang='lat'><strong>—-</strong></span> <span class='ocrx_word' id='word_1_225' title='bbox 348 1781 444 1810; x_wconf 74' lang='grc' dir='ltr'>οἷν-ον.</span> <span class='ocrx_word' id='word_1_226' title='bbox 474 1783 649 1820; x_wconf 82' lang='grc' dir='ltr'>ῚΙμερὸτητα</span> <span class='ocrx_word' id='word_1_227' title='bbox 665 1785 712 1811; x_wconf 81' lang='grc' dir='ltr'>καὶ</span> <span class='ocrx_word' id='word_1_228' title='bbox 728 1785 836 1820; x_wconf 73' lang='grc' dir='ltr'>στύψιν.</span> <span class='ocrx_word' id='word_1_229' title='bbox 857 1785 889 1811; x_wconf 83' lang='grc' dir='ltr'><strong>’ῐί</strong></span> 
     </span>
    </p>
   </div>
   <div class='ocr_carea' id='block_1_39' title="bbox 97 1829 889 1867">
    <p class='ocr_par' dir='ltr' id='par_1_39' title="bbox 97 1829 889 1867">
     <span class='ocr_line' id='line_1_39' title="bbox 97 1829 889 1867; baseline 0.005 -13"><span class='ocrx_word' id='word_1_230' title='bbox 97 1829 257 1856; x_wconf 74' lang='grc' dir='ltr'>διδασκαλία</span> <span class='ocrx_word' id='word_1_231' title='bbox 269 1829 324 1864; x_wconf 74' lang='grc' dir='ltr'><strong>γὰρ</strong></span> <span class='ocrx_word' id='word_1_232' title='bbox 345 1830 442 1862; x_wconf 76' lang='grc' dir='ltr'>αὐτοῦ,</span> <span class='ocrx_word' id='word_1_233' title='bbox 468 1832 505 1865; x_wconf 83' lang='grc' dir='ltr'>πῆ</span> <span class='ocrx_word' id='word_1_234' title='bbox 533 1831 582 1866; x_wconf 77' lang='grc' dir='ltr'>μὲν</span> <span class='ocrx_word' id='word_1_235' title='bbox 608 1832 721 1866; x_wconf 83' lang='grc' dir='ltr'><strong>ἡμέρως</strong></span> <span class='ocrx_word' id='word_1_236' title='bbox 745 1832 889 1867; x_wconf 79' lang='grc' dir='ltr'>προϐαίνει</span> 
     </span>
    </p>
   </div>
   <div class='ocr_carea' id='block_1_40' title="bbox 97 1875 888 1912">
    <p class='ocr_par' dir='ltr' id='par_1_40' title="bbox 97 1875 888 1912">
     <span class='ocr_line' id='line_1_40' title="bbox 97 1875 888 1912; baseline 0.004 -10"><span class='ocrx_word' id='word_1_237' title='bbox 97 1877 146 1902; x_wconf 61' lang='grc' dir='ltr'><strong>καὶ⁵</strong></span> <span class='ocrx_word' id='word_1_238' title='bbox 162 1875 283 1911; x_wconf 80' lang='grc' dir='ltr'>ίλαρύνει</span> <span class='ocrx_word' id='word_1_239' title='bbox 295 1884 302 1891; x_wconf 93' lang='grc'><strong>·</strong></span> <span class='ocrx_word' id='word_1_240' title='bbox 326 1876 362 1910; x_wconf 86' lang='grc' dir='ltr'>πῆ</span> <span class='ocrx_word' id='word_1_241' title='bbox 375 1877 403 1903; x_wconf 83' lang='grc' dir='ltr'>δὲ</span> <span class='ocrx_word' id='word_1_242' title='bbox 421 1877 518 1912; x_wconf 86' lang='grc' dir='ltr'>στύφει</span> <span class='ocrx_word' id='word_1_243' title='bbox 546 1878 593 1903; x_wconf 83' lang='grc' dir='ltr'>καὶ</span> <span class='ocrx_word' id='word_1_244' title='bbox 616 1877 721 1911; x_wconf 75' lang='grc' dir='ltr'>δάκνει,</span> <span class='ocrx_word' id='word_1_245' title='bbox 738 1878 786 1905; x_wconf 79' lang='grc' dir='ltr'>καὶ</span> <span class='ocrx_word' id='word_1_246' title='bbox 802 1877 888 1910; x_wconf 73' lang='grc' dir='ltr'>οὕτως</span> 
     </span>
    </p>
   </div>
   <div class='ocr_carea' id='block_1_41' title="bbox 63 1919 669 1959">
    <p class='ocr_par' dir='ltr' id='par_1_41' title="bbox 63 1919 669 1959">
     <span class='ocr_line' id='line_1_41' title="bbox 63 1919 669 1959; baseline 0.002 -11"><span class='ocrx_word' id='word_1_247' title='bbox 63 1929 69 1934; x_wconf 82' lang='grc'><strong>’</strong></span> <span class='ocrx_word' id='word_1_248' title='bbox 97 1919 129 1949; x_wconf 86' lang='grc' dir='ltr'>εὖ</span> <span class='ocrx_word' id='word_1_249' title='bbox 143 1922 287 1958; x_wconf 79' lang='grc' dir='ltr'>κέκραται,</span> <span class='ocrx_word' id='word_1_250' title='bbox 303 1923 351 1949; x_wconf 65' lang='grc' dir='ltr'><strong>καί⁵</strong></span> <span class='ocrx_word' id='word_1_251' title='bbox 370 1923 542 1959; x_wconf 77' lang='grc' dir='ltr'>ἑκατέρωθεν</span> <span class='ocrx_word' id='word_1_252' title='bbox 558 1923 669 1957; x_wconf 73' lang='grc' dir='ltr'>ὠφελεῖ.</span> 
     </span>
    </p>
   </div>
   <div class='ocr_carea' id='block_1_42' title="bbox 135 2014 889 2051">
    <p class='ocr_par' dir='ltr' id='par_1_42' title="bbox 135 2014 889 2051">
     <span class='ocr_line' id='line_1_42' title="bbox 135 2014 889 2051; baseline 0.003 -9"><span class='ocrx_word' id='word_1_253' title='bbox 135 2016 324 2049; x_wconf 73' lang='grc' dir='ltr'>Ἐπιϐιὸάσας</span> <span class='ocrx_word' id='word_1_254' title='bbox 339 2031 374 2037; x_wconf 92' lang='lat'><strong>—-</strong></span> <span class='ocrx_word' id='word_1_255' title='bbox 403 2014 526 2051; x_wconf 77' lang='grc' dir='ltr'>κτῆνος.</span> <span class='ocrx_word' id='word_1_256' title='bbox 551 2015 614 2042; x_wconf 76' lang='grc' dir='ltr'><strong>Ἐπὶ</strong></span> <span class='ocrx_word' id='word_1_257' title='bbox 627 2015 657 2042; x_wconf 81' lang='grc' dir='ltr'>τὸ</span> <span class='ocrx_word' id='word_1_258' title='bbox 673 2015 738 2043; x_wconf 74' lang='grc' dir='ltr'>ἴδιον</span> <span class='ocrx_word' id='word_1_259' title='bbox 752 2016 842 2051; x_wconf 80' lang='grc' dir='ltr'>σῶμα,</span> <span class='ocrx_word' id='word_1_260' title='bbox 859 2017 889 2044; x_wconf 70' lang='grc' dir='ltr'>τὸ</span> 
     </span>
    </p>
   </div>
   <div class='ocr_carea' id='block_1_43' title="bbox 96 2061 888 2099">
    <p class='ocr_par' dir='ltr' id='par_1_43' title="bbox 96 2061 888 2099">
     <span class='ocr_line' id='line_1_43' title="bbox 96 2061 888 2099; baseline 0.001 -10"><span class='ocrx_word' id='word_1_261' title='bbox 96 2063 254 2090; x_wconf 77' lang='grc' dir='ltr'>κτείνεσθαι</span> <span class='ocrx_word' id='word_1_262' title='bbox 282 2063 338 2099; x_wconf 84' lang='grc'>(86)</span> <span class='ocrx_word' id='word_1_263' title='bbox 371 2063 478 2098; x_wconf 78' lang='grc' dir='ltr'>μέλλον,</span> <span class='ocrx_word' id='word_1_264' title='bbox 511 2062 649 2093; x_wconf 80' lang='grc' dir='ltr'>τουτέστι,</span> <span class='ocrx_word' id='word_1_265' title='bbox 681 2061 823 2097; x_wconf 78' lang='grc' dir='ltr'>βαστάσας</span> <span class='ocrx_word' id='word_1_266' title='bbox 839 2063 888 2094; x_wconf 81' lang='grc' dir='ltr'><strong>τὰς</strong></span> 
     </span>
    </p>
   </div>
   <div class='ocr_carea' id='block_1_44' title="bbox 96 2107 888 2144">
    <p class='ocr_par' dir='ltr' id='par_1_44' title="bbox 96 2107 888 2144">
     <span class='ocr_line' id='line_1_44' title="bbox 96 2107 888 2144; baseline -0.003 -8"><span class='ocrx_word' id='word_1_267' title='bbox 96 2109 240 2140; x_wconf 80' lang='grc' dir='ltr'>ἀσθενείας</span> <span class='ocrx_word' id='word_1_268' title='bbox 256 2109 340 2136; x_wconf 79' lang='grc' dir='ltr'>αὐτοῦ</span> <span class='ocrx_word' id='word_1_269' title='bbox 367 2108 412 2135; x_wconf 86' lang='grc' dir='ltr'><strong>διὰ</strong></span> <span class='ocrx_word' id='word_1_270' title='bbox 437 2108 488 2144; x_wconf 80' lang='grc' dir='ltr'>τῆς</span> <span class='ocrx_word' id='word_1_271' title='bbox 503 2107 728 2144; x_wconf 77' lang='grc' dir='ltr'>προσληφθείσης</span> <span class='ocrx_word' id='word_1_272' title='bbox 745 2108 888 2143; x_wconf 77' lang='grc' dir='ltr'>ἀνθρωπό-</span> 
     </span>
    </p>
   </div>
   <div class='ocr_carea' id='block_1_45' title="bbox 96 2164 189 2190">
    <p class='ocr_par' dir='ltr' id='par_1_45' title="bbox 96 2164 189 2190">
     <span class='ocr_line' id='line_1_45' title="bbox 96 2164 189 2190; baseline 0.011 -7"><span class='ocrx_word' id='word_1_273' title='bbox 96 2165 113 2183; x_wconf 82' lang='grc' dir='ltr'><strong>τ</strong></span> <span class='ocrx_word' id='word_1_274' title='bbox 118 2164 189 2190; x_wconf 76' lang='grc' dir='ltr'>ητος.</span> 
     </span>
    </p>
   </div>
   <div class='ocr_carea' id='block_1_46' title="bbox 133 2185 888 2238">
    <p class='ocr_par' dir='ltr' id='par_1_46' title="bbox 133 2185 886 2238">
     <span class='ocr_line' id='line_1_46' title="bbox 133 2185 886 2238; baseline -0.004 -7"><span class='ocrx_word' id='word_1_275' title='bbox 133 2185 265 2238; x_wconf 56' lang='grc' dir='ltr'><strong>’ἀγαγεῖν</strong></span> <span class='ocrx_word' id='word_1_276' title='bbox 283 2202 378 2230; x_wconf 80' lang='grc' dir='ltr'>αὺτὸν</span> <span class='ocrx_word' id='word_1_277' title='bbox 397 2202 441 2234; x_wconf 75' lang='grc' dir='ltr'><strong>εἰς</strong></span> <span class='ocrx_word' id='word_1_278' title='bbox 465 2199 657 2235; x_wconf 77' lang='grc' dir='ltr'>πανδοχεῖον.</span> <span class='ocrx_word' id='word_1_279' title='bbox 679 2200 850 2236; x_wconf 85' lang='grc' dir='ltr'>ιΙανδοχετον,</span> <span class='ocrx_word' id='word_1_280' title='bbox 870 2201 886 2237; x_wconf 81' lang='grc' dir='ltr'>ὴ</span> 
     </span>
    </p>
   </div>
   <div class='ocr_carea' id='block_1_47' title="bbox 955 2185 1555 2238">
    <p class='ocr_par' dir='ltr' id='par_1_47' title="bbox 974 2197 1555 2226">
     <span class='ocr_line' id='line_1_47' title="bbox 974 2197 1555 2226; baseline -0.002 -1"><span class='ocrx_word' id='word_1_281' title='bbox 974 2198 1052 2226; x_wconf 82' lang='lat' dir='ltr'><strong>Vers.</strong></span> <span class='ocrx_word' id='word_1_282' title='bbox 1084 2198 1129 2225; x_wconf 72' lang='grc'><strong>54.</strong></span> <span class='ocrx_word' id='word_1_283' title='bbox 1179 2197 1262 2225; x_wconf 70' lang='lat' dir='ltr'><strong>Duxit</strong></span> <span class='ocrx_word' id='word_1_284' title='bbox 1305 2198 1334 2225; x_wconf 82' lang='lat' dir='ltr'><strong>in</strong></span> <span class='ocrx_word' id='word_1_285' title='bbox 1372 2198 1555 2225; x_wconf 76' lang='lat' dir='ltr'><strong>diversorium.</strong></span> 
     </span>
    </p>
   </div>
   <div class='ocr_carea' id='block_1_48' title="bbox 940 217 1732 262">
    <p class='ocr_par' dir='ltr' id='par_1_48' title="bbox 940 217 1732 262">
     <span class='ocr_line' id='line_1_48' title="bbox 940 217 1732 262; baseline 0.018 -19"><span class='ocrx_word' id='word_1_286' title='bbox 940 217 1008 262; x_wconf 79' lang='lat' dir='ltr'><strong>toris</strong></span> <span class='ocrx_word' id='word_1_287' title='bbox 1039 219 1126 246; x_wconf 87' lang='lat' dir='ltr'><strong>nostri</strong></span> <span class='ocrx_word' id='word_1_288' title='bbox 1160 221 1396 256; x_wconf 72' lang='lat' dir='ltr'><strong>gubernationem.</strong></span> <span class='ocrx_word' id='word_1_289' title='bbox 1422 223 1566 253; x_wconf 79' lang='lat' dir='ltr'><strong>Hominem</strong></span> <span class='ocrx_word' id='word_1_290' title='bbox 1598 228 1732 262; x_wconf 81' lang='lat' dir='ltr'><strong>siquidem</strong></span> 
     </span>
    </p>
   </div>
   <div class='ocr_carea' id='block_1_49' title="bbox 939 260 1730 306">
    <p class='ocr_par' dir='ltr' id='par_1_49' title="bbox 939 260 1730 306">
     <span class='ocr_line' id='line_1_49' title="bbox 939 260 1730 306; baseline 0.016 -18"><span class='ocrx_word' id='word_1_291' title='bbox 939 260 1116 298; x_wconf 67' lang='lat' dir='ltr'><strong>intelligimus</strong></span> <span class='ocrx_word' id='word_1_292' title='bbox 1130 265 1226 300; x_wconf 83' lang='lat' dir='ltr'><strong>Adam,</strong></span> <span class='ocrx_word' id='word_1_293' title='bbox 1244 272 1271 294; x_wconf 90' lang='lat' dir='ltr'><strong>et</strong></span> <span class='ocrx_word' id='word_1_294' title='bbox 1287 268 1333 303; x_wconf 88' lang='lat' dir='ltr'><strong>qui</strong></span> <span class='ocrx_word' id='word_1_295' title='bbox 1357 269 1391 296; x_wconf 87' lang='lat' dir='ltr'><strong>ab</strong></span> <span class='ocrx_word' id='word_1_296' title='bbox 1406 269 1492 298; x_wconf 81' lang='lat' dir='ltr'><strong>Adam</strong></span> <span class='ocrx_word' id='word_1_297' title='bbox 1518 260 1730 306; x_wconf 75' lang='lat' dir='ltr'><strong>descenderunt.</strong></span> 
     </span>
    </p>
   </div>
   <div class='ocr_carea' id='block_1_50' title="bbox 940 310 1731 348">
    <p class='ocr_par' dir='ltr' id='par_1_50' title="bbox 940 310 1731 348">
     <span class='ocr_line' id='line_1_50' title="bbox 940 310 1731 348; baseline 0.014 -12"><span class='ocrx_word' id='word_1_298' title='bbox 940 310 1084 338; x_wconf 86' lang='lat' dir='ltr'><strong>universos</strong></span> <span class='ocrx_word' id='word_1_299' title='bbox 1099 321 1106 339; x_wconf 86' lang='lat'><strong>:</strong></span> <span class='ocrx_word' id='word_1_300' title='bbox 1122 312 1284 341; x_wconf 84' lang='lat' dir='ltr'><strong>descensum</strong></span> <span class='ocrx_word' id='word_1_301' title='bbox 1301 320 1391 343; x_wconf 83' lang='lat' dir='ltr'><strong>autem</strong></span> <span class='ocrx_word' id='word_1_302' title='bbox 1407 317 1441 344; x_wconf 86' lang='lat' dir='ltr'><strong>ad</strong></span> <span class='ocrx_word' id='word_1_303' title='bbox 1454 316 1605 345; x_wconf 81' lang='lat' dir='ltr'><strong>Jerusalem</strong></span> <span class='ocrx_word' id='word_1_304' title='bbox 1619 319 1646 346; x_wconf 94' lang='lat' dir='ltr'><strong>in</strong></span> <span class='ocrx_word' id='word_1_305' title='bbox 1660 319 1731 348; x_wconf 69' lang='lat' dir='ltr'><strong>Ieri-</strong></span> 
     </span>
    </p>
   </div>
   <div class='ocr_carea' id='block_1_51' title="bbox 939 355 1731 394">
    <p class='ocr_par' dir='ltr' id='par_1_51' title="bbox 939 355 1731 394">
     <span class='ocr_line' id='line_1_51' title="bbox 939 355 1731 394; baseline 0.014 -12"><span class='ocrx_word' id='word_1_306' title='bbox 939 355 1002 388; x_wconf 80' lang='lat' dir='ltr'><strong>cho,</strong></span> <span class='ocrx_word' id='word_1_307' title='bbox 1019 357 1090 384; x_wconf 88' lang='lat' dir='ltr'><strong>viam</strong></span> <span class='ocrx_word' id='word_1_308' title='bbox 1104 366 1118 384; x_wconf 88' lang='lat' dir='ltr'><strong>a</strong></span> <span class='ocrx_word' id='word_1_309' title='bbox 1134 358 1232 386; x_wconf 90' lang='lat' dir='ltr'><strong>virtute</strong></span> <span class='ocrx_word' id='word_1_310' title='bbox 1252 360 1286 387; x_wconf 89' lang='lat' dir='ltr'><strong>ad</strong></span> <span class='ocrx_word' id='word_1_311' title='bbox 1301 361 1407 394; x_wconf 82' lang='lat' dir='ltr'><strong>vitium,</strong></span> <span class='ocrx_word' id='word_1_312' title='bbox 1428 367 1457 390; x_wconf 89' lang='lat' dir='ltr'><strong>et</strong></span> <span class='ocrx_word' id='word_1_313' title='bbox 1471 363 1506 390; x_wconf 89' lang='lat' dir='ltr'><strong>ab</strong></span> <span class='ocrx_word' id='word_1_314' title='bbox 1519 365 1677 392; x_wconf 84' lang='lat' dir='ltr'><strong>obedientia</strong></span> <span class='ocrx_word' id='word_1_315' title='bbox 1696 367 1731 393; x_wconf 88' lang='lat' dir='ltr'><strong>ad</strong></span> 
     </span>
    </p>
   </div>
   <div class='ocr_carea' id='block_1_52' title="bbox 939 400 1731 438">
    <p class='ocr_par' dir='ltr' id='par_1_52' title="bbox 939 400 1731 438">
     <span class='ocr_line' id='line_1_52' title="bbox 939 400 1731 438; baseline 0.014 -11"><span class='ocrx_word' id='word_1_316' title='bbox 939 400 1164 436; x_wconf 87' lang='lat' dir='ltr'><strong>iuobedientiam,</strong></span> <span class='ocrx_word' id='word_1_317' title='bbox 1185 409 1212 431; x_wconf 89' lang='lat' dir='ltr'><strong>et</strong></span> <span class='ocrx_word' id='word_1_318' title='bbox 1222 413 1237 432; x_wconf 89' lang='lat' dir='ltr'><strong>a</strong></span> <span class='ocrx_word' id='word_1_319' title='bbox 1251 405 1361 433; x_wconf 87' lang='lat' dir='ltr'><strong>sublimi</strong></span> <span class='ocrx_word' id='word_1_320' title='bbox 1377 408 1438 434; x_wconf 62' lang='lat' dir='ltr'><strong>vitae</strong></span> <span class='ocrx_word' id='word_1_321' title='bbox 1453 408 1580 437; x_wconf 84' lang='lat' dir='ltr'><strong>instituto</strong></span> <span class='ocrx_word' id='word_1_322' title='bbox 1593 410 1626 436; x_wconf 89' lang='lat' dir='ltr'><strong>ad</strong></span> <span class='ocrx_word' id='word_1_323' title='bbox 1645 415 1731 438; x_wconf 83' lang='lat' dir='ltr'><strong>terre-</strong></span> 
     </span>
    </p>
   </div>
   <div class='ocr_carea' id='block_1_53' title="bbox 939 449 1729 488">
    <p class='ocr_par' dir='ltr' id='par_1_53' title="bbox 939 449 1729 488">
     <span class='ocr_line' id='line_1_53' title="bbox 939 449 1729 488; baseline 0.013 -15"><span class='ocrx_word' id='word_1_324' title='bbox 939 454 1003 474; x_wconf 87' lang='lat' dir='ltr'><strong>nam</strong></span> <span class='ocrx_word' id='word_1_325' title='bbox 1012 449 1249 477; x_wconf 88' lang='lat' dir='ltr'><strong>conversationem</strong></span> <span class='ocrx_word' id='word_1_326' title='bbox 1263 459 1268 477; x_wconf 94' lang='lat'><strong>:</strong></span> <span class='ocrx_word' id='word_1_327' title='bbox 1284 456 1326 478; x_wconf 88' lang='lat' dir='ltr'><strong>est</strong></span> <span class='ocrx_word' id='word_1_328' title='bbox 1340 451 1414 480; x_wconf 89' lang='lat' dir='ltr'><strong>enim</strong></span> <span class='ocrx_word' id='word_1_329' title='bbox 1428 452 1579 481; x_wconf 77' lang='lat' dir='ltr'><strong>Jerusalem</strong></span> <span class='ocrx_word' id='word_1_330' title='bbox 1593 455 1729 488; x_wconf 83' lang='lat' dir='ltr'><strong>sublimis,</strong></span> 
     </span>
    </p>
   </div>
   <div class='ocr_carea' id='block_1_54' title="bbox 939 492 1273 524">
    <p class='ocr_par' dir='ltr' id='par_1_54' title="bbox 939 492 1273 524">
     <span class='ocr_line' id='line_1_54' title="bbox 939 492 1273 524; baseline 0.012 -4"><span class='ocrx_word' id='word_1_331' title='bbox 939 492 1050 521; x_wconf 86' lang='lat' dir='ltr'><strong>Jericho</strong></span> <span class='ocrx_word' id='word_1_332' title='bbox 1062 503 1126 522; x_wconf 85' lang='lat' dir='ltr'><strong>vero</strong></span> <span class='ocrx_word' id='word_1_333' title='bbox 1150 495 1273 524; x_wconf 88' lang='lat' dir='ltr'><strong>humilis.</strong></span> 
     </span>
    </p>
   </div>
   <div class='ocr_carea' id='block_1_55' title="bbox 974 539 1731 582">
    <p class='ocr_par' dir='ltr' id='par_1_55' title="bbox 974 539 1731 582">
     <span class='ocr_line' id='line_1_55' title="bbox 974 539 1731 582; baseline 0.012 -16"><span class='ocrx_word' id='word_1_334' title='bbox 974 539 1052 567; x_wconf 84' lang='lat' dir='ltr'><strong>Vers.</strong></span> <span class='ocrx_word' id='word_1_335' title='bbox 1069 541 1114 568; x_wconf 74' lang='lat'><strong>30.</strong></span> <span class='ocrx_word' id='word_1_336' title='bbox 1127 541 1162 568; x_wconf 84' lang='lat' dir='ltr'><strong>Et</strong></span> <span class='ocrx_word' id='word_1_337' title='bbox 1177 557 1213 561; x_wconf 98' lang='lat'>—</span> <span class='ocrx_word' id='word_1_338' title='bbox 1225 543 1329 571; x_wconf 80' lang='lat' dir='ltr'><strong>incidit.</strong></span> <span class='ocrx_word' id='word_1_339' title='bbox 1346 543 1375 571; x_wconf 88' lang='lat' dir='ltr'><strong>ld</strong></span> <span class='ocrx_word' id='word_1_340' title='bbox 1394 549 1448 576; x_wconf 77' lang='lat' dir='ltr'><strong>est.</strong></span> <span class='ocrx_word' id='word_1_341' title='bbox 1468 545 1618 580; x_wconf 59' lang='lat' dir='ltr'><strong>daemones,</strong></span> <span class='ocrx_word' id='word_1_342' title='bbox 1635 548 1680 582; x_wconf 85' lang='lat' dir='ltr'><strong>qui</strong></span> <span class='ocrx_word' id='word_1_343' title='bbox 1702 547 1731 575; x_wconf 85' lang='lat' dir='ltr'><strong>in</strong></span> 
     </span>
    </p>
   </div>
   <div class='ocr_carea' id='block_1_56' title="bbox 939 583 1160 614">
    <p class='ocr_par' dir='ltr' id='par_1_56' title="bbox 939 583 1160 614">
     <span class='ocr_line' id='line_1_56' title="bbox 939 583 1160 614; baseline 0.009 -2"><span class='ocrx_word' id='word_1_344' title='bbox 939 583 984 613; x_wconf 83' lang='lat' dir='ltr'><strong>via</strong></span> <span class='ocrx_word' id='word_1_345' title='bbox 995 585 1160 614; x_wconf 82' lang='lat' dir='ltr'><strong>residebant.</strong></span> 
     </span>
    </p>
   </div>
   <div class='ocr_carea' id='block_1_57' title="bbox 975 629 1732 669">
    <p class='ocr_par' dir='ltr' id='par_1_57' title="bbox 975 629 1732 669">
     <span class='ocr_line' id='line_1_57' title="bbox 975 629 1732 669; baseline 0.011 -12"><span class='ocrx_word' id='word_1_346' title='bbox 975 629 1052 658; x_wconf 83' lang='lat' dir='ltr'><strong>Vers.</strong></span> <span class='ocrx_word' id='word_1_347' title='bbox 1065 631 1109 658; x_wconf 82' lang='grc'><strong>50.</strong></span> <span class='ocrx_word' id='word_1_348' title='bbox 1124 631 1175 664; x_wconf 84' lang='lat' dir='ltr'><strong>Qui</strong></span> <span class='ocrx_word' id='word_1_349' title='bbox 1188 647 1221 653; x_wconf 89' lang='lat'><strong><em>——</em></strong></span> <span class='ocrx_word' id='word_1_350' title='bbox 1232 641 1301 661; x_wconf 86' lang='lat' dir='ltr'><strong>eum.</strong></span> <span class='ocrx_word' id='word_1_351' title='bbox 1314 633 1490 663; x_wconf 75' lang='lat' dir='ltr'><strong>Vestimentis</strong></span> <span class='ocrx_word' id='word_1_352' title='bbox 1500 636 1619 669; x_wconf 81' lang='lat' dir='ltr'><strong>virtutisI</strong></span> <span class='ocrx_word' id='word_1_353' title='bbox 1634 637 1732 665; x_wconf 86' lang='lat' dir='ltr'><strong>timore</strong></span> 
     </span>
    </p>
   </div>
   <div class='ocr_carea' id='block_1_58' title="bbox 939 677 1626 713">
    <p class='ocr_par' dir='ltr' id='par_1_58' title="bbox 939 677 1626 713">
     <span class='ocr_line' id='line_1_58' title="bbox 939 677 1626 713; baseline 0.009 -9"><span class='ocrx_word' id='word_1_354' title='bbox 939 677 998 711; x_wconf 90' lang='lat' dir='ltr'><strong>Dei,</strong></span> <span class='ocrx_word' id='word_1_355' title='bbox 1012 685 1066 713; x_wconf 89' lang='lat' dir='ltr'><strong>quo</strong></span> <span class='ocrx_word' id='word_1_356' title='bbox 1081 678 1109 705; x_wconf 91' lang='lat' dir='ltr'><strong>in</strong></span> <span class='ocrx_word' id='word_1_357' title='bbox 1125 679 1235 706; x_wconf 89' lang='lat' dir='ltr'><strong>modum</strong></span> <span class='ocrx_word' id='word_1_358' title='bbox 1251 682 1334 708; x_wconf 86' lang='lat' dir='ltr'><strong>vestis</strong></span> <span class='ocrx_word' id='word_1_359' title='bbox 1351 681 1537 710; x_wconf 87' lang='lat' dir='ltr'><strong>circumdatus</strong></span> <span class='ocrx_word' id='word_1_360' title='bbox 1556 688 1626 710; x_wconf 88' lang='lat' dir='ltr'><strong>erat.</strong></span> 
     </span>
    </p>
   </div>
   <div class='ocr_carea' id='block_1_59' title="bbox 981 725 1732 765">
    <p class='ocr_par' dir='ltr' id='par_1_59' title="bbox 981 725 1732 765">
     <span class='ocr_line' id='line_1_59' title="bbox 981 725 1732 765; baseline 0.011 -14"><span class='ocrx_word' id='word_1_361' title='bbox 981 725 1060 752; x_wconf 76' lang='lat' dir='ltr'><strong>Vers.</strong></span> <span class='ocrx_word' id='word_1_362' title='bbox 1069 725 1114 752; x_wconf 85' lang='lat'><strong>&#39;50.</strong></span> <span class='ocrx_word' id='word_1_363' title='bbox 1124 725 1158 753; x_wconf 79' lang='lat' dir='ltr'><strong>Et</strong></span> <span class='ocrx_word' id='word_1_364' title='bbox 1171 741 1204 748; x_wconf 89' lang='lat'><strong>-—</strong></span> <span class='ocrx_word' id='word_1_365' title='bbox 1215 728 1346 755; x_wconf 78' lang='lat' dir='ltr'><strong>abierunt.</strong></span> <span class='ocrx_word' id='word_1_366' title='bbox 1358 728 1463 756; x_wconf 71' lang='lat' dir='ltr'><strong>Animae</strong></span> <span class='ocrx_word' id='word_1_367' title='bbox 1470 729 1732 765; x_wconf 77' lang='lat' dir='ltr'><strong>plagis,vulneribus</strong></span> 
     </span>
    </p>
   </div>
   <div class='ocr_carea' id='block_1_60' title="bbox 939 774 1124 805">
    <p class='ocr_par' dir='ltr' id='par_1_60' title="bbox 939 774 1124 805">
     <span class='ocr_line' id='line_1_60' title="bbox 939 774 1124 805; baseline -0.005 -7"><span class='ocrx_word' id='word_1_368' title='bbox 939 774 1124 805; x_wconf 83' lang='lat' dir='ltr'><strong>peccatorum.</strong></span> 
     </span>
    </p>
   </div>
   <div class='ocr_carea' id='block_1_61' title="bbox 977 815 1733 851">
    <p class='ocr_par' dir='ltr' id='par_1_61' title="bbox 977 815 1733 851">
     <span class='ocr_line' id='line_1_61' title="bbox 977 815 1733 851; baseline 0.008 -9"><span class='ocrx_word' id='word_1_369' title='bbox 977 815 1109 843; x_wconf 80' lang='lat' dir='ltr'><strong>Vers.30.</strong></span> <span class='ocrx_word' id='word_1_370' title='bbox 1129 816 1316 851; x_wconf 75' lang='lat' dir='ltr'><strong>Relinquenles</strong></span> <span class='ocrx_word' id='word_1_371' title='bbox 1332 820 1542 846; x_wconf 73' lang='lat' dir='ltr'><strong>semimortuam.</strong></span> <span class='ocrx_word' id='word_1_372' title='bbox 1561 821 1601 847; x_wconf 79' lang='lat' dir='ltr'><strong>Ex</strong></span> <span class='ocrx_word' id='word_1_373' title='bbox 1620 821 1733 848; x_wconf 90' lang='lat' dir='ltr'><strong>dimidio</strong></span> 
     </span>
    </p>
   </div>
   <div class='ocr_carea' id='block_1_62' title="bbox 943 860 1732 898">
    <p class='ocr_par' dir='ltr' id='par_1_62' title="bbox 943 860 1732 898">
     <span class='ocr_line' id='line_1_62' title="bbox 943 860 1732 898; baseline 0.008 -10"><span class='ocrx_word' id='word_1_374' title='bbox 943 860 1044 889; x_wconf 78' lang='lat' dir='ltr'><strong>factum</strong></span> <span class='ocrx_word' id='word_1_375' title='bbox 1073 861 1243 891; x_wconf 85' lang='lat' dir='ltr'><strong>mortalem:</strong></span> <span class='ocrx_word' id='word_1_376' title='bbox 1273 864 1353 898; x_wconf 82' lang='lat' dir='ltr'><strong>juxta</strong></span> <span class='ocrx_word' id='word_1_377' title='bbox 1377 865 1497 892; x_wconf 87' lang='lat' dir='ltr'><strong>animam</strong></span> <span class='ocrx_word' id='word_1_378' title='bbox 1524 866 1598 892; x_wconf 84' lang='lat' dir='ltr'><strong>enim</strong></span> <span class='ocrx_word' id='word_1_379' title='bbox 1629 867 1732 894; x_wconf 86' lang='lat' dir='ltr'><strong>mansit</strong></span> 
     </span>
    </p>
   </div>
   <div class='ocr_carea' id='block_1_63' title="bbox 942 909 1731 946">
    <p class='ocr_par' dir='ltr' id='par_1_63' title="bbox 942 909 1731 946">
     <span class='ocr_line' id='line_1_63' title="bbox 942 909 1731 946; baseline 0.006 -10"><span class='ocrx_word' id='word_1_380' title='bbox 942 909 1112 942; x_wconf 80' lang='lat' dir='ltr'><strong>immortalis.</strong></span> <span class='ocrx_word' id='word_1_381' title='bbox 1129 918 1242 946; x_wconf 85' lang='lat' dir='ltr'><strong>corpore</strong></span> <span class='ocrx_word' id='word_1_382' title='bbox 1257 919 1321 939; x_wconf 86' lang='lat' dir='ltr'><strong>vero</strong></span> <span class='ocrx_word' id='word_1_383' title='bbox 1337 916 1461 940; x_wconf 89' lang='lat' dir='ltr'><strong>mortuus</strong></span> <span class='ocrx_word' id='word_1_384' title='bbox 1477 917 1527 940; x_wconf 86' lang='lat' dir='ltr'><strong>est.</strong></span> <span class='ocrx_word' id='word_1_385' title='bbox 1543 913 1622 946; x_wconf 80' lang='lat' dir='ltr'><strong>Quod</strong></span> <span class='ocrx_word' id='word_1_386' title='bbox 1640 919 1731 942; x_wconf 84' lang='lat' dir='ltr'><strong>autem</strong></span> 
     </span>
    </p>
   </div>
   <div class='ocr_carea' id='block_1_64' title="bbox 942 954 1733 992">
    <p class='ocr_par' dir='ltr' id='par_1_64' title="bbox 942 954 1733 992">
     <span class='ocr_line' id='line_1_64' title="bbox 942 954 1733 992; baseline 0.009 -12"><span class='ocrx_word' id='word_1_387' title='bbox 942 954 1041 983; x_wconf 87' lang='lat' dir='ltr'><strong>dicitur</strong></span> <span class='ocrx_word' id='word_1_388' title='bbox 1055 964 1062 982; x_wconf 88' lang='lat'><strong>:</strong></span> <span class='ocrx_word' id='word_1_389' title='bbox 1086 955 1220 989; x_wconf 79' lang='lat' dir='ltr'><strong>abierunt,</strong></span> <span class='ocrx_word' id='word_1_390' title='bbox 1237 961 1261 983; x_wconf 92' lang='lat' dir='ltr'><strong>el</strong></span> <span class='ocrx_word' id='word_1_391' title='bbox 1285 957 1476 992; x_wconf 77' lang='lat' dir='ltr'><strong>relinquentes,</strong></span> <span class='ocrx_word' id='word_1_392' title='bbox 1493 966 1545 985; x_wconf 88' lang='lat' dir='ltr'><strong>non</strong></span> <span class='ocrx_word' id='word_1_393' title='bbox 1575 963 1617 986; x_wconf 86' lang='lat' dir='ltr'><strong>cst</strong></span> <span class='ocrx_word' id='word_1_394' title='bbox 1631 959 1665 986; x_wconf 84' lang='lat' dir='ltr'><strong>de</strong></span> <span class='ocrx_word' id='word_1_395' title='bbox 1681 960 1733 987; x_wconf 88' lang='lat' dir='ltr'><strong>hoc</strong></span> 
     </span>
    </p>
   </div>
   <div class='ocr_carea' id='block_1_65' title="bbox 942 999 1676 1039">
    <p class='ocr_par' dir='ltr' id='par_1_65' title="bbox 942 999 1676 1039">
     <span class='ocr_line' id='line_1_65' title="bbox 942 999 1676 1039; baseline 0.008 -13"><span class='ocrx_word' id='word_1_396' title='bbox 942 999 1048 1028; x_wconf 84' lang='lat' dir='ltr'><strong>curiose</strong></span> <span class='ocrx_word' id='word_1_397' title='bbox 1063 1001 1240 1028; x_wconf 85' lang='lat' dir='ltr'><strong>scrutandum</strong></span> <span class='ocrx_word' id='word_1_398' title='bbox 1257 1006 1369 1037; x_wconf 84' lang='lat' dir='ltr'><strong>propter</strong></span> <span class='ocrx_word' id='word_1_399' title='bbox 1389 1011 1512 1030; x_wconf 83' lang='lat' dir='ltr'><strong>normam</strong></span> <span class='ocrx_word' id='word_1_400' title='bbox 1532 1005 1676 1039; x_wconf 61' lang='lat' dir='ltr'><strong>parabolae.</strong></span> 
     </span>
    </p>
   </div>
   <div class='ocr_carea' id='block_1_66' title="bbox 979 1045 1734 1082">
    <p class='ocr_par' dir='ltr' id='par_1_66' title="bbox 979 1045 1734 1082">
     <span class='ocr_line' id='line_1_66' title="bbox 979 1045 1734 1082; baseline 0.009 -10"><span class='ocrx_word' id='word_1_401' title='bbox 979 1045 1056 1073; x_wconf 88' lang='lat' dir='ltr'><strong>Vers.</strong></span> <span class='ocrx_word' id='word_1_402' title='bbox 1073 1046 1201 1074; x_wconf 72' lang='lat' dir='ltr'><strong>3LCasu</strong></span> <span class='ocrx_word' id='word_1_403' title='bbox 1221 1062 1256 1067; x_wconf 93' lang='lat'><em>—</em></span> <span class='ocrx_word' id='word_1_404' title='bbox 1279 1047 1337 1074; x_wconf 89' lang='lat' dir='ltr'><strong>illa.</strong></span> <span class='ocrx_word' id='word_1_405' title='bbox 1365 1047 1510 1082; x_wconf 83' lang='lat' dir='ltr'><strong>Sacerdos,</strong></span> <span class='ocrx_word' id='word_1_406' title='bbox 1534 1051 1586 1078; x_wconf 89' lang='lat' dir='ltr'><strong>hoc</strong></span> <span class='ocrx_word' id='word_1_407' title='bbox 1609 1055 1660 1081; x_wconf 88' lang='lat' dir='ltr'><strong>est.</strong></span> <span class='ocrx_word' id='word_1_408' title='bbox 1691 1052 1734 1079; x_wconf 79' lang='lat' dir='ltr'><strong>lex</strong></span> 
     </span>
    </p>
   </div>
   <div class='ocr_carea' id='block_1_67' title="bbox 942 1091 1734 1132">
    <p class='ocr_par' dir='ltr' id='par_1_67' title="bbox 942 1091 1734 1132">
     <span class='ocr_line' id='line_1_67' title="bbox 942 1091 1734 1132; baseline 0.009 -15"><span class='ocrx_word' id='word_1_409' title='bbox 942 1091 1004 1118; x_wconf 82' lang='lat' dir='ltr'><strong>data</strong></span> <span class='ocrx_word' id='word_1_410' title='bbox 1039 1099 1089 1126; x_wconf 88' lang='lat' dir='ltr'><strong>per</strong></span> <span class='ocrx_word' id='word_1_411' title='bbox 1110 1091 1244 1128; x_wconf 80' lang='lat' dir='ltr'><strong>Moysem,</strong></span> <span class='ocrx_word' id='word_1_412' title='bbox 1272 1098 1369 1128; x_wconf 82' lang='lat' dir='ltr'><strong>utpote</strong></span> <span class='ocrx_word' id='word_1_413' title='bbox 1395 1095 1429 1122; x_wconf 87' lang='lat' dir='ltr'><strong>de</strong></span> <span class='ocrx_word' id='word_1_414' title='bbox 1462 1096 1602 1124; x_wconf 86' lang='lat' dir='ltr'><strong>sacriﬁciis</strong></span> <span class='ocrx_word' id='word_1_415' title='bbox 1638 1097 1734 1132; x_wconf 86' lang='lat' dir='ltr'><strong>dispu-</strong></span> 
     </span>
    </p>
   </div>
   <div class='ocr_carea' id='block_1_68' title="bbox 943 1141 1013 1164">
    <p class='ocr_par' dir='ltr' id='par_1_68' title="bbox 943 1141 1013 1164">
     <span class='ocr_line' id='line_1_68' title="bbox 943 1141 1013 1164; baseline 0 0"><span class='ocrx_word' id='word_1_416' title='bbox 943 1141 1013 1164; x_wconf 63' lang='lat'><strong>[3118.</strong></span> 
     </span>
    </p>
   </div>
   <div class='ocr_carea' id='block_1_69' title="bbox 975 1184 1735 1220">
    <p class='ocr_par' dir='ltr' id='par_1_69' title="bbox 975 1184 1735 1220">
     <span class='ocr_line' id='line_1_69' title="bbox 975 1184 1735 1220; baseline 0.005 -9"><span class='ocrx_word' id='word_1_417' title='bbox 975 1184 1055 1211; x_wconf 87' lang='lat' dir='ltr'><strong>Vers.</strong></span> <span class='ocrx_word' id='word_1_418' title='bbox 1086 1184 1131 1211; x_wconf 74' lang='lat' dir='ltr'><strong>3L</strong></span> <span class='ocrx_word' id='word_1_419' title='bbox 1174 1185 1284 1220; x_wconf 73' lang='lat' dir='ltr'><strong>Visoque</strong></span> <span class='ocrx_word' id='word_1_420' title='bbox 1305 1185 1351 1212; x_wconf 90' lang='lat' dir='ltr'><strong>illo</strong></span> <span class='ocrx_word' id='word_1_421' title='bbox 1361 1187 1499 1220; x_wconf 75' lang='lat' dir='ltr'><strong>prwteriil.</strong></span> <span class='ocrx_word' id='word_1_422' title='bbox 1517 1186 1678 1215; x_wconf 86' lang='lat' dir='ltr'><strong>Pertransiit</strong></span> <span class='ocrx_word' id='word_1_423' title='bbox 1702 1188 1735 1215; x_wconf 87' lang='lat' dir='ltr'><strong>il-</strong></span> 
     </span>
    </p>
   </div>
   <div class='ocr_carea' id='block_1_70' title="bbox 942 1231 1468 1264">
    <p class='ocr_par' dir='ltr' id='par_1_70' title="bbox 942 1231 1468 1264">
     <span class='ocr_line' id='line_1_70' title="bbox 942 1231 1468 1264; baseline 0.004 -7"><span class='ocrx_word' id='word_1_424' title='bbox 942 1231 1009 1264; x_wconf 87' lang='lat' dir='ltr'><strong>lum,</strong></span> <span class='ocrx_word' id='word_1_425' title='bbox 1040 1239 1101 1258; x_wconf 90' lang='lat' dir='ltr'><strong>cum</strong></span> <span class='ocrx_word' id='word_1_426' title='bbox 1118 1232 1154 1259; x_wconf 87' lang='lat' dir='ltr'><strong>ita</strong></span> <span class='ocrx_word' id='word_1_427' title='bbox 1168 1233 1239 1259; x_wconf 91' lang='lat' dir='ltr'><strong>male</strong></span> <span class='ocrx_word' id='word_1_428' title='bbox 1257 1232 1374 1260; x_wconf 75' lang='lat' dir='ltr'><strong>allectus</strong></span> <span class='ocrx_word' id='word_1_429' title='bbox 1385 1238 1468 1261; x_wconf 89' lang='lat' dir='ltr'><strong>esset.</strong></span> 
     </span>
    </p>
   </div>
   <div class='ocr_carea' id='block_1_71' title="bbox 977 1276 1734 1313">
    <p class='ocr_par' dir='ltr' id='par_1_71' title="bbox 977 1276 1734 1313">
     <span class='ocr_line' id='line_1_71' title="bbox 977 1276 1734 1313; baseline 0.007 -11"><span class='ocrx_word' id='word_1_430' title='bbox 977 1276 1055 1304; x_wconf 75' lang='lat' dir='ltr'><strong>Vers.</strong></span> <span class='ocrx_word' id='word_1_431' title='bbox 1073 1277 1117 1304; x_wconf 70' lang='grc'>52.</span> <span class='ocrx_word' id='word_1_432' title='bbox 1130 1277 1260 1305; x_wconf 82' lang='lat' dir='ltr'><strong>Similiter</strong></span> <span class='ocrx_word' id='word_1_433' title='bbox 1272 1292 1304 1297; x_wconf 92' lang='lat'>—</span> <span class='ocrx_word' id='word_1_434' title='bbox 1315 1279 1455 1313; x_wconf 79' lang='lat' dir='ltr'><strong>prwleriit.</strong></span> <span class='ocrx_word' id='word_1_435' title='bbox 1471 1280 1523 1306; x_wconf 84' lang='lat' dir='ltr'><strong>Per</strong></span> <span class='ocrx_word' id='word_1_436' title='bbox 1536 1279 1646 1307; x_wconf 80' lang='lat' dir='ltr'><strong>levitani</strong></span> <span class='ocrx_word' id='word_1_437' title='bbox 1680 1279 1734 1307; x_wconf 86' lang='lat' dir='ltr'><strong>hoc</strong></span> 
     </span>
    </p>
   </div>
   <div class='ocr_carea' id='block_1_72' title="bbox 941 1323 1734 1361">
    <p class='ocr_par' dir='ltr' id='par_1_72' title="bbox 941 1323 1734 1361">
     <span class='ocr_line' id='line_1_72' title="bbox 941 1323 1734 1361; baseline 0.005 -12"><span class='ocrx_word' id='word_1_438' title='bbox 941 1323 1002 1350; x_wconf 85' lang='lat' dir='ltr'><strong>loco</strong></span> <span class='ocrx_word' id='word_1_439' title='bbox 1016 1324 1192 1358; x_wconf 77' lang='lat' dir='ltr'><strong>accipiendos</strong></span> <span class='ocrx_word' id='word_1_440' title='bbox 1211 1329 1253 1352; x_wconf 86' lang='lat' dir='ltr'><strong>cst</strong></span> <span class='ocrx_word' id='word_1_441' title='bbox 1284 1332 1375 1352; x_wconf 89' lang='lat' dir='ltr'><strong>sermo</strong></span> <span class='ocrx_word' id='word_1_442' title='bbox 1398 1326 1608 1360; x_wconf 85' lang='lat' dir='ltr'><strong>prophetarum,</strong></span> <span class='ocrx_word' id='word_1_443' title='bbox 1638 1332 1734 1361; x_wconf 90' lang='lat' dir='ltr'><strong>ulpote</strong></span> 
     </span>
    </p>
   </div>
   <div class='ocr_carea' id='block_1_73' title="bbox 941 1367 1411 1402">
    <p class='ocr_par' dir='ltr' id='par_1_73' title="bbox 941 1367 1411 1402">
     <span class='ocr_line' id='line_1_73' title="bbox 941 1367 1411 1402; baseline 0.004 -8"><span class='ocrx_word' id='word_1_444' title='bbox 941 1367 989 1395; x_wconf 86' lang='lat' dir='ltr'><strong>Dei</strong></span> <span class='ocrx_word' id='word_1_445' title='bbox 1005 1368 1174 1402; x_wconf 78' lang='lat' dir='ltr'><strong>jussionibus</strong></span> <span class='ocrx_word' id='word_1_446' title='bbox 1186 1369 1411 1397; x_wconf 81' lang='lat' dir='ltr'><strong>subministrans.</strong></span> 
     </span>
    </p>
   </div>
   <div class='ocr_carea' id='block_1_74' title="bbox 978 1415 1734 1445">
    <p class='ocr_par' dir='ltr' id='par_1_74' title="bbox 978 1415 1734 1445">
     <span class='ocr_line' id='line_1_74' title="bbox 978 1415 1734 1445; baseline 0.004 -3"><span class='ocrx_word' id='word_1_447' title='bbox 978 1415 1056 1443; x_wconf 75' lang='lat' dir='ltr'><strong>Vers.</strong></span> <span class='ocrx_word' id='word_1_448' title='bbox 1071 1416 1115 1443; x_wconf 76' lang='lat'><strong>53.</strong></span> <span class='ocrx_word' id='word_1_449' title='bbox 1129 1415 1355 1444; x_wconf 73' lang='lat' dir='ltr'><strong>Samarilamta—</strong></span> <span class='ocrx_word' id='word_1_450' title='bbox 1368 1417 1550 1444; x_wconf 67' lang='lat' dir='ltr'><strong>misericordia</strong></span> <span class='ocrx_word' id='word_1_451' title='bbox 1578 1422 1663 1444; x_wconf 74' lang='lat' dir='ltr'><strong>motus</strong></span> <span class='ocrx_word' id='word_1_452' title='bbox 1683 1422 1734 1445; x_wconf 71' lang='lat' dir='ltr'><strong>est.</strong></span> 
     </span>
    </p>
   </div>
   <div class='ocr_carea' id='block_1_75' title="bbox 941 1461 1735 1499">
    <p class='ocr_par' dir='ltr' id='par_1_75' title="bbox 941 1461 1735 1499">
     <span class='ocr_line' id='line_1_75' title="bbox 941 1461 1735 1499; baseline 0.004 -11"><span class='ocrx_word' id='word_1_453' title='bbox 941 1461 1132 1489; x_wconf 80' lang='lat' dir='ltr'><strong>Samaritanus</strong></span> <span class='ocrx_word' id='word_1_454' title='bbox 1149 1462 1311 1497; x_wconf 76' lang='lat' dir='ltr'><strong>intelligitur</strong></span> <span class='ocrx_word' id='word_1_455' title='bbox 1327 1471 1402 1490; x_wconf 91' lang='lat' dir='ltr'><strong>nunc</strong></span> <span class='ocrx_word' id='word_1_456' title='bbox 1418 1464 1558 1495; x_wconf 85' lang='lat' dir='ltr'><strong>Christus,</strong></span> <span class='ocrx_word' id='word_1_457' title='bbox 1575 1468 1668 1499; x_wconf 84' lang='lat' dir='ltr'><strong>utpote</strong></span> <span class='ocrx_word' id='word_1_458' title='bbox 1699 1464 1735 1491; x_wconf 84' lang='lat' dir='ltr'><strong>ab</strong></span> 
     </span>
    </p>
   </div>
   <div class='ocr_carea' id='block_1_76' title="bbox 899 1507 1585 1544">
    <p class='ocr_par' dir='ltr' id='par_1_76' title="bbox 899 1507 1585 1544">
     <span class='ocr_line' id='line_1_76' title="bbox 899 1507 1585 1544; baseline 0.003 -9"><span class='ocrx_word' id='word_1_459' title='bbox 899 1514 921 1543; x_wconf 68' lang='grc' dir='ltr'>(ζ</span> <span class='ocrx_word' id='word_1_460' title='bbox 939 1507 1088 1536; x_wconf 89' lang='lat' dir='ltr'><strong>incredulis</strong></span> <span class='ocrx_word' id='word_1_461' title='bbox 1101 1508 1202 1536; x_wconf 64' lang='lat' dir='ltr'><strong>Judaais</strong></span> <span class='ocrx_word' id='word_1_462' title='bbox 1215 1508 1407 1536; x_wconf 84' lang='lat' dir='ltr'><strong>Samaritanus</strong></span> <span class='ocrx_word' id='word_1_463' title='bbox 1420 1510 1585 1544; x_wconf 83' lang='lat' dir='ltr'><strong>appellatus.</strong></span> 
     </span>
    </p>
   </div>
   <div class='ocr_carea' id='block_1_77' title="bbox 976 1553 1732 1587">
    <p class='ocr_par' dir='ltr' id='par_1_77' title="bbox 976 1553 1732 1587">
     <span class='ocr_line' id='line_1_77' title="bbox 976 1553 1732 1587; baseline 0.005 -8"><span class='ocrx_word' id='word_1_464' title='bbox 976 1553 1024 1581; x_wconf 89' lang='lat' dir='ltr'><strong>Vel</strong></span> <span class='ocrx_word' id='word_1_465' title='bbox 1048 1554 1132 1582; x_wconf 87' lang='lat' dir='ltr'><strong>etiam</strong></span> <span class='ocrx_word' id='word_1_466' title='bbox 1174 1562 1230 1582; x_wconf 90' lang='lat' dir='ltr'><strong>non</strong></span> <span class='ocrx_word' id='word_1_467' title='bbox 1263 1554 1421 1582; x_wconf 54' lang='lat' dir='ltr'><strong>Iudaeorum</strong></span> <span class='ocrx_word' id='word_1_468' title='bbox 1467 1559 1585 1587; x_wconf 82' lang='lat' dir='ltr'><strong>tantum,</strong></span> <span class='ocrx_word' id='word_1_469' title='bbox 1628 1555 1675 1583; x_wconf 88' lang='lat' dir='ltr'><strong>sed</strong></span> <span class='ocrx_word' id='word_1_470' title='bbox 1704 1560 1732 1583; x_wconf 86' lang='lat' dir='ltr'><strong>et</strong></span> 
     </span>
    </p>
   </div>
   <div class='ocr_carea' id='block_1_78' title="bbox 939 1602 1731 1638">
    <p class='ocr_par' dir='ltr' id='par_1_78' title="bbox 939 1602 1731 1638">
     <span class='ocr_line' id='line_1_78' title="bbox 939 1602 1731 1638; baseline 0.001 -9"><span class='ocrx_word' id='word_1_471' title='bbox 939 1606 1100 1629; x_wconf 80' lang='lat' dir='ltr'><strong>cunctarum</strong></span> <span class='ocrx_word' id='word_1_472' title='bbox 1114 1602 1236 1636; x_wconf 83' lang='lat' dir='ltr'><strong>gentium</strong></span> <span class='ocrx_word' id='word_1_473' title='bbox 1253 1606 1380 1629; x_wconf 88' lang='lat' dir='ltr'><strong>naturam</strong></span> <span class='ocrx_word' id='word_1_474' title='bbox 1395 1610 1444 1637; x_wconf 87' lang='lat' dir='ltr'><strong>per</strong></span> <span class='ocrx_word' id='word_1_475' title='bbox 1461 1603 1553 1630; x_wconf 85' lang='lat' dir='ltr'><strong>carnis</strong></span> <span class='ocrx_word' id='word_1_476' title='bbox 1565 1603 1731 1638; x_wconf 53' lang='lat' dir='ltr'><strong>assumptio.-</strong></span> 
     </span>
    </p>
   </div>
   <div class='ocr_carea' id='block_1_79' title="bbox 939 1647 1732 1684">
    <p class='ocr_par' dir='ltr' id='par_1_79' title="bbox 939 1647 1732 1684">
     <span class='ocr_line' id='line_1_79' title="bbox 939 1647 1732 1684; baseline 0.003 -10"><span class='ocrx_word' id='word_1_477' title='bbox 939 1654 1002 1674; x_wconf 89' lang='lat' dir='ltr'><strong>nem</strong></span> <span class='ocrx_word' id='word_1_478' title='bbox 1023 1648 1204 1682; x_wconf 82' lang='lat' dir='ltr'><strong>amplectens.</strong></span> <span class='ocrx_word' id='word_1_479' title='bbox 1221 1647 1387 1676; x_wconf 89' lang='lat' dir='ltr'><strong>Samaritani</strong></span> <span class='ocrx_word' id='word_1_480' title='bbox 1413 1649 1486 1676; x_wconf 89' lang='lat' dir='ltr'><strong>enim</strong></span> <span class='ocrx_word' id='word_1_481' title='bbox 1516 1654 1580 1676; x_wconf 89' lang='lat' dir='ltr'><strong>sunt</strong></span> <span class='ocrx_word' id='word_1_482' title='bbox 1608 1649 1732 1684; x_wconf 57' lang='lat' dir='ltr'><strong>quaedam</strong></span> 
     </span>
    </p>
   </div>
   <div class='ocr_carea' id='block_1_80' title="bbox 940 1693 1160 1728">
    <p class='ocr_par' dir='ltr' id='par_1_80' title="bbox 940 1693 1160 1728">
     <span class='ocr_line' id='line_1_80' title="bbox 940 1693 1160 1728; baseline 0.009 -9"><span class='ocrx_word' id='word_1_483' title='bbox 940 1693 1013 1720; x_wconf 88' lang='lat' dir='ltr'><strong>natio</strong></span> <span class='ocrx_word' id='word_1_484' title='bbox 1029 1694 1160 1728; x_wconf 81' lang='lat' dir='ltr'><strong>gentium.</strong></span> 
     </span>
    </p>
   </div>
   <div class='ocr_carea' id='block_1_81' title="bbox 977 1738 1605 1774">
    <p class='ocr_par' dir='ltr' id='par_1_81' title="bbox 977 1738 1605 1774">
     <span class='ocr_line' id='line_1_81' title="bbox 977 1738 1605 1774; baseline 0.005 -9"><span class='ocrx_word' id='word_1_485' title='bbox 977 1738 1056 1765; x_wconf 87' lang='lat' dir='ltr'><strong>Vers.</strong></span> <span class='ocrx_word' id='word_1_486' title='bbox 1071 1739 1116 1767; x_wconf 71' lang='grc'><strong>54.</strong></span> <span class='ocrx_word' id='word_1_487' title='bbox 1132 1739 1166 1766; x_wconf 80' lang='lat' dir='ltr'><strong>Et</strong></span> <span class='ocrx_word' id='word_1_488' title='bbox 1179 1754 1214 1759; x_wconf 87' lang='lat'><em>—</em></span> <span class='ocrx_word' id='word_1_489' title='bbox 1230 1740 1297 1774; x_wconf 73' lang='lat' dir='ltr'><strong>ejus.</strong></span> <span class='ocrx_word' id='word_1_490' title='bbox 1329 1740 1446 1768; x_wconf 86' lang='lat' dir='ltr'><strong>Vinculo</strong></span> <span class='ocrx_word' id='word_1_491' title='bbox 1463 1741 1605 1769; x_wconf 69' lang='lat' dir='ltr'><strong>doctrinm.</strong></span> 
     </span>
    </p>
   </div>
   <div class='ocr_carea' id='block_1_82' title="bbox 974 1782 1732 1820">
    <p class='ocr_par' dir='ltr' id='par_1_82' title="bbox 974 1782 1732 1820">
     <span class='ocr_line' id='line_1_82' title="bbox 974 1782 1732 1820; baseline 0.004 -9"><span class='ocrx_word' id='word_1_492' title='bbox 974 1782 1053 1812; x_wconf 73' lang='lat' dir='ltr'><strong>Vers.</strong></span> <span class='ocrx_word' id='word_1_493' title='bbox 1070 1784 1114 1812; x_wconf 70' lang='grc'>54.</span> <span class='ocrx_word' id='word_1_494' title='bbox 1132 1785 1279 1820; x_wconf 73' lang='lat' dir='ltr'><strong>lnfundem</strong></span> <span class='ocrx_word' id='word_1_495' title='bbox 1292 1799 1322 1806; x_wconf 80' lang='lat'><strong>--</strong></span> <span class='ocrx_word' id='word_1_496' title='bbox 1336 1787 1437 1813; x_wconf 82' lang='lat' dir='ltr'><strong>vinum.</strong></span> <span class='ocrx_word' id='word_1_497' title='bbox 1449 1786 1600 1813; x_wconf 83' lang='lat' dir='ltr'><strong>Lenitatem</strong></span> <span class='ocrx_word' id='word_1_498' title='bbox 1616 1794 1648 1814; x_wconf 92' lang='lat' dir='ltr'><strong>ac</strong></span> <span class='ocrx_word' id='word_1_499' title='bbox 1660 1795 1732 1815; x_wconf 87' lang='lat' dir='ltr'><strong>mor-</strong></span> 
     </span>
    </p>
   </div>
   <div class='ocr_carea' id='block_1_83' title="bbox 939 1827 1731 1866">
    <p class='ocr_par' dir='ltr' id='par_1_83' title="bbox 939 1827 1731 1866">
     <span class='ocr_line' id='line_1_83' title="bbox 939 1827 1731 1866; baseline 0.004 -9"><span class='ocrx_word' id='word_1_500' title='bbox 939 1827 1095 1857; x_wconf 67' lang='lat' dir='ltr'><strong>d&#39;acitatcm.</strong></span> <span class='ocrx_word' id='word_1_501' title='bbox 1114 1832 1243 1858; x_wconf 85' lang='lat' dir='ltr'><strong>Doctrina</strong></span> <span class='ocrx_word' id='word_1_502' title='bbox 1257 1832 1330 1858; x_wconf 89' lang='lat' dir='ltr'><strong>enim</strong></span> <span class='ocrx_word' id='word_1_503' title='bbox 1350 1832 1409 1866; x_wconf 84' lang='lat' dir='ltr'><strong>ejus</strong></span> <span class='ocrx_word' id='word_1_504' title='bbox 1430 1832 1494 1859; x_wconf 89' lang='lat' dir='ltr'><strong>alibi</strong></span> <span class='ocrx_word' id='word_1_505' title='bbox 1527 1832 1636 1866; x_wconf 85' lang='lat' dir='ltr'><strong>quidem</strong></span> <span class='ocrx_word' id='word_1_506' title='bbox 1654 1841 1731 1861; x_wconf 67' lang='lat' dir='ltr'><strong>man-</strong></span> 
     </span>
    </p>
   </div>
   <div class='ocr_carea' id='block_1_84' title="bbox 940 1877 1732 1915">
    <p class='ocr_par' dir='ltr' id='par_1_84' title="bbox 940 1877 1732 1915">
     <span class='ocr_line' id='line_1_84' title="bbox 940 1877 1732 1915; baseline 0 -11"><span class='ocrx_word' id='word_1_507' title='bbox 940 1882 1017 1905; x_wconf 81' lang='lat' dir='ltr'><strong>suete</strong></span> <span class='ocrx_word' id='word_1_508' title='bbox 1032 1877 1154 1912; x_wconf 87' lang='lat' dir='ltr'><strong>procedit</strong></span> <span class='ocrx_word' id='word_1_509' title='bbox 1169 1882 1196 1905; x_wconf 87' lang='lat' dir='ltr'><strong>et</strong></span> <span class='ocrx_word' id='word_1_510' title='bbox 1210 1878 1346 1905; x_wconf 83' lang='lat' dir='ltr'><strong>exhilarat</strong></span> <span class='ocrx_word' id='word_1_511' title='bbox 1363 1887 1370 1905; x_wconf 85' lang='lat'><strong>:</strong></span> <span class='ocrx_word' id='word_1_512' title='bbox 1401 1878 1540 1906; x_wconf 83' lang='lat' dir='ltr'><strong>interdum</strong></span> <span class='ocrx_word' id='word_1_513' title='bbox 1570 1886 1635 1906; x_wconf 83' lang='lat' dir='ltr'><strong>vero</strong></span> <span class='ocrx_word' id='word_1_514' title='bbox 1666 1886 1732 1915; x_wconf 76' lang='lat' dir='ltr'><strong>per.</strong></span> 
     </span>
    </p>
   </div>
   <div class='ocr_carea' id='block_1_85' title="bbox 939 1923 1732 1960">
    <p class='ocr_par' dir='ltr' id='par_1_85' title="bbox 939 1923 1732 1960">
     <span class='ocr_line' id='line_1_85' title="bbox 939 1923 1732 1960; baseline 0.006 -11"><span class='ocrx_word' id='word_1_515' title='bbox 939 1923 1048 1958; x_wconf 77' lang='lat' dir='ltr'><strong>stringit</strong></span> <span class='ocrx_word' id='word_1_516' title='bbox 1059 1931 1091 1950; x_wconf 86' lang='lat' dir='ltr'><strong>ac</strong></span> <span class='ocrx_word' id='word_1_517' title='bbox 1107 1923 1234 1951; x_wconf 90' lang='lat' dir='ltr'><strong>mordet:</strong></span> <span class='ocrx_word' id='word_1_518' title='bbox 1252 1928 1280 1951; x_wconf 89' lang='lat' dir='ltr'><strong>et</strong></span> <span class='ocrx_word' id='word_1_519' title='bbox 1292 1924 1328 1951; x_wconf 90' lang='lat' dir='ltr'><strong>ita</strong></span> <span class='ocrx_word' id='word_1_520' title='bbox 1339 1924 1454 1960; x_wconf 87' lang='lat' dir='ltr'><strong>pulchre</strong></span> <span class='ocrx_word' id='word_1_521' title='bbox 1469 1929 1619 1960; x_wconf 81' lang='lat' dir='ltr'><strong>temperata</strong></span> <span class='ocrx_word' id='word_1_522' title='bbox 1634 1931 1687 1958; x_wconf 81' lang='lat' dir='ltr'><strong>est,</strong></span> <span class='ocrx_word' id='word_1_523' title='bbox 1700 1934 1732 1954; x_wconf 85' lang='lat' dir='ltr'><strong>ac</strong></span> 
     </span>
    </p>
   </div>
   <div class='ocr_carea' id='block_1_86' title="bbox 939 1967 1158 2004">
    <p class='ocr_par' dir='ltr' id='par_1_86' title="bbox 939 1967 1158 2004">
     <span class='ocr_line' id='line_1_86' title="bbox 939 1967 1158 2004; baseline 0 -8"><span class='ocrx_word' id='word_1_524' title='bbox 939 1967 1060 2003; x_wconf 88' lang='lat' dir='ltr'><strong>undique</strong></span> <span class='ocrx_word' id='word_1_525' title='bbox 1068 1969 1158 2004; x_wconf 87' lang='lat' dir='ltr'><strong>juvat.</strong></span> 
     </span>
    </p>
   </div>
   <div class='ocr_carea' id='block_1_87' title="bbox 976 2014 1728 2050">
    <p class='ocr_par' dir='ltr' id='par_1_87' title="bbox 976 2014 1728 2050">
     <span class='ocr_line' id='line_1_87' title="bbox 976 2014 1728 2050; baseline 0.001 -9"><span class='ocrx_word' id='word_1_526' title='bbox 976 2014 1053 2041; x_wconf 86' lang='lat' dir='ltr'><strong>Vers.</strong></span> <span class='ocrx_word' id='word_1_527' title='bbox 1085 2014 1131 2042; x_wconf 76' lang='grc'><strong>54.</strong></span> <span class='ocrx_word' id='word_1_528' title='bbox 1165 2014 1200 2041; x_wconf 81' lang='lat' dir='ltr'><strong>Et</strong></span> <span class='ocrx_word' id='word_1_529' title='bbox 1236 2015 1373 2050; x_wconf 72' lang='lat' dir='ltr'><strong>imponens</strong></span> <span class='ocrx_word' id='word_1_530' title='bbox 1415 2030 1452 2036; x_wconf 90' lang='lat'>—</span> <span class='ocrx_word' id='word_1_531' title='bbox 1486 2016 1649 2050; x_wconf 76' lang='lat' dir='ltr'><strong>jumentum,</strong></span> <span class='ocrx_word' id='word_1_532' title='bbox 1700 2015 1728 2042; x_wconf 89' lang='lat' dir='ltr'><strong>In</strong></span> 
     </span>
    </p>
   </div>
   <div class='ocr_carea' id='block_1_88' title="bbox 938 2060 1731 2095">
    <p class='ocr_par' dir='ltr' id='par_1_88' title="bbox 938 2060 1731 2095">
     <span class='ocr_line' id='line_1_88' title="bbox 938 2060 1731 2095; baseline 0 -9"><span class='ocrx_word' id='word_1_533' title='bbox 938 2060 1079 2095; x_wconf 88' lang='lat' dir='ltr'><strong>proprium</strong></span> <span class='ocrx_word' id='word_1_534' title='bbox 1109 2067 1220 2094; x_wconf 88' lang='lat' dir='ltr'><strong>corpus,</strong></span> <span class='ocrx_word' id='word_1_535' title='bbox 1252 2060 1325 2095; x_wconf 84' lang='lat' dir='ltr'><strong>quod</strong></span> <span class='ocrx_word' id='word_1_536' title='bbox 1362 2060 1544 2088; x_wconf 85' lang='lat' dir='ltr'><strong>occidendum</strong></span> <span class='ocrx_word' id='word_1_537' title='bbox 1575 2064 1650 2088; x_wconf 85' lang='lat' dir='ltr'><strong>erat:</strong></span> <span class='ocrx_word' id='word_1_538' title='bbox 1679 2060 1731 2087; x_wconf 82' lang='lat' dir='ltr'><strong>hac</strong></span> 
     </span>
    </p>
   </div>
   <div class='ocr_carea' id='block_1_89' title="bbox 939 2105 1731 2142">
    <p class='ocr_par' dir='ltr' id='par_1_89' title="bbox 939 2105 1731 2142">
     <span class='ocr_line' id='line_1_89' title="bbox 939 2105 1731 2142; baseline -0.001 -9"><span class='ocrx_word' id='word_1_539' title='bbox 939 2110 991 2139; x_wconf 90' lang='lat' dir='ltr'><strong>est,</strong></span> <span class='ocrx_word' id='word_1_540' title='bbox 1006 2110 1117 2141; x_wconf 87' lang='lat' dir='ltr'><strong>portans</strong></span> <span class='ocrx_word' id='word_1_541' title='bbox 1132 2105 1309 2133; x_wconf 87' lang='lat' dir='ltr'><strong>inﬁrmitates</strong></span> <span class='ocrx_word' id='word_1_542' title='bbox 1318 2106 1377 2142; x_wconf 80' lang='lat' dir='ltr'><strong>ejus</strong></span> <span class='ocrx_word' id='word_1_543' title='bbox 1393 2114 1442 2141; x_wconf 89' lang='lat' dir='ltr'><strong>per</strong></span> <span class='ocrx_word' id='word_1_544' title='bbox 1452 2110 1619 2141; x_wconf 80' lang='lat' dir='ltr'><strong>assumplam</strong></span> <span class='ocrx_word' id='word_1_545' title='bbox 1635 2106 1731 2132; x_wconf 82' lang='lat' dir='ltr'><strong>huma—</strong></span> 
     </span>
    </p>
   </div>
   <div class='ocr_carea' id='block_1_90' title="bbox 943 2152 1072 2179">
    <p class='ocr_par' dir='ltr' id='par_1_90' title="bbox 943 2152 1072 2179">
     <span class='ocr_line' id='line_1_90' title="bbox 943 2152 1072 2179; baseline -0.008 0"><span class='ocrx_word' id='word_1_546' title='bbox 943 2152 1072 2179; x_wconf 81' lang='lat' dir='ltr'><strong>nitatem.</strong></span> 
     </span>
    </p>
   </div>
   <div class='ocr_carea' id='block_1_91' title="bbox 1609 2196 1732 2224">
    <p class='ocr_par' dir='ltr' id='par_1_91' title="bbox 1609 2196 1732 2224">
     <span class='ocr_line' id='line_1_91' title="bbox 1609 2196 1732 2224; baseline 0.008 -1"><span class='ocrx_word' id='word_1_547' title='bbox 1609 2196 1732 2224; x_wconf 90' lang='lat' dir='ltr'><strong>Diverso-</strong></span> 
     </span>
    </p>
   </div>
   <div class='ocr_carea' id='block_1_92' title="bbox 103 2243 888 2284">
    <p class='ocr_par' dir='ltr' id='par_1_92' title="bbox 103 2245 888 2284">
     <span class='ocr_line' id='line_1_92' title="bbox 103 2245 888 2284; baseline -0.001 -8"><span class='ocrx_word' id='word_1_548' title='bbox 103 2249 254 2284; x_wconf 80' lang='grc' dir='ltr'>Ἐκκλησία</span> <span class='ocrx_word' id='word_1_549' title='bbox 279 2247 334 2274; x_wconf 86' lang='grc' dir='ltr'><strong>τῶν</strong></span> <span class='ocrx_word' id='word_1_550' title='bbox 358 2247 475 2281; x_wconf 82' lang='grc' dir='ltr'>πιστῶν,</span> <span class='ocrx_word' id='word_1_551' title='bbox 500 2247 539 2279; x_wconf 84' lang='grc' dir='ltr'><strong>ὡς</strong></span> <span class='ocrx_word' id='word_1_552' title='bbox 565 2247 619 2273; x_wconf 83' lang='grc' dir='ltr'>πᾶν</span> <span class='ocrx_word' id='word_1_553' title='bbox 641 2245 720 2280; x_wconf 84' lang='grc' dir='ltr'>γένος</span> <span class='ocrx_word' id='word_1_554' title='bbox 734 2247 888 2284; x_wconf 81' lang='grc' dir='ltr'>ἀνθρώπων</span> 
     </span>
    </p>
   </div>
   <div class='ocr_carea' id='block_1_93' title="bbox 955 2243 1730 2284">
    <p class='ocr_par' dir='ltr' id='par_1_93' title="bbox 955 2243 1730 2280">
     <span class='ocr_line' id='line_1_93' title="bbox 955 2243 1730 2280; baseline 0 -10"><span class='ocrx_word' id='word_1_555' title='bbox 955 2245 1006 2271; x_wconf 81' lang='lat' dir='ltr'><strong>ium</strong></span> <span class='ocrx_word' id='word_1_556' title='bbox 1022 2247 1064 2271; x_wconf 85' lang='lat' dir='ltr'><strong>est</strong></span> <span class='ocrx_word' id='word_1_557' title='bbox 1080 2243 1214 2277; x_wconf 85' lang='lat' dir='ltr'><strong>Ecclesia,</strong></span> <span class='ocrx_word' id='word_1_558' title='bbox 1231 2252 1290 2279; x_wconf 69' lang='lat' dir='ltr'><strong>qua:</strong></span> <span class='ocrx_word' id='word_1_559' title='bbox 1304 2251 1386 2272; x_wconf 89' lang='lat' dir='ltr'><strong>omne</strong></span> <span class='ocrx_word' id='word_1_560' title='bbox 1403 2252 1493 2280; x_wconf 75' lang='lat' dir='ltr'><strong>genus</strong></span> <span class='ocrx_word' id='word_1_561' title='bbox 1518 2243 1662 2271; x_wconf 85' lang='lat' dir='ltr'><strong>hominum</strong></span> <span class='ocrx_word' id='word_1_562' title='bbox 1690 2250 1730 2270; x_wconf 85' lang='lat' dir='ltr'><strong>re-</strong></span> 
     </span>
    </p>
   </div>
   <div class='ocr_carea' id='block_1_94' title="bbox 96 2296 238 2331">
    <p class='ocr_par' dir='ltr' id='par_1_94' title="bbox 96 2296 238 2331">
     <span class='ocr_line' id='line_1_94' title="bbox 96 2296 238 2331; baseline 0.007 -8"><span class='ocrx_word' id='word_1_563' title='bbox 96 2296 238 2331; x_wconf 74' lang='grc' dir='ltr'>δεχομένη.</span> 
     </span>
    </p>
   </div>
   <div class='ocr_carea' id='block_1_95' title="bbox 134 2341 890 2378">
    <p class='ocr_par' dir='ltr' id='par_1_95' title="bbox 134 2341 890 2378">
     <span class='ocr_line' id='line_1_95' title="bbox 134 2341 890 2378; baseline -0.001 -10"><span class='ocrx_word' id='word_1_564' title='bbox 134 2342 188 2369; x_wconf 76' lang='grc' dir='ltr'><strong>Καὶ</strong></span> <span class='ocrx_word' id='word_1_565' title='bbox 222 2341 392 2377; x_wconf 68' lang='grc' dir='ltr'>ἐπεμελήθη</span> <span class='ocrx_word' id='word_1_566' title='bbox 418 2341 524 2369; x_wconf 84' lang='grc' dir='ltr'>αὐτοῦ.</span> <span class='ocrx_word' id='word_1_567' title='bbox 558 2341 724 2378; x_wconf 82' lang='grc' dir='ltr'>Ἐποιήσατο</span> <span class='ocrx_word' id='word_1_568' title='bbox 758 2342 890 2377; x_wconf 82' lang='grc' dir='ltr'>πρόνοιαν</span> 
     </span>
    </p>
   </div>
   <div class='ocr_carea' id='block_1_96' title="bbox 97 2389 191 2416">
    <p class='ocr_par' dir='ltr' id='par_1_96' title="bbox 97 2389 191 2416">
     <span class='ocr_line' id='line_1_96' title="bbox 97 2389 191 2416; baseline 0 0"><span class='ocrx_word' id='word_1_569' title='bbox 97 2389 191 2416; x_wconf 85' lang='grc' dir='ltr'>αὐτοῦ.</span> 
     </span>
    </p>
   </div>
   <div class='ocr_carea' id='block_1_97' title="bbox 134 2433 891 2471">
    <p class='ocr_par' dir='ltr' id='par_1_97' title="bbox 134 2433 891 2471">
     <span class='ocr_line' id='line_1_97' title="bbox 134 2433 891 2471; baseline 0.001 -10"><span class='ocrx_word' id='word_1_570' title='bbox 134 2434 188 2461; x_wconf 77' lang='lat' dir='ltr'><strong>Ka‘t</strong></span> <span class='ocrx_word' id='word_1_571' title='bbox 204 2449 238 2455; x_wconf 95' lang='lat'><strong>—</strong></span> <span class='ocrx_word' id='word_1_572' title='bbox 252 2434 394 2466; x_wconf 76' lang='grc' dir='ltr'><strong>ἐξελθών.</strong></span> <span class='ocrx_word' id='word_1_573' title='bbox 407 2434 487 2462; x_wconf 81' lang='grc' dir='ltr'>Μετὰ</span> <span class='ocrx_word' id='word_1_574' title='bbox 503 2436 601 2471; x_wconf 81' lang='grc' dir='ltr'>μικρὸν</span> <span class='ocrx_word' id='word_1_575' title='bbox 614 2435 671 2471; x_wconf 85' lang='grc'>(87)</span> <span class='ocrx_word' id='word_1_576' title='bbox 686 2433 831 2462; x_wconf 79' lang='grc' dir='ltr'>ἀποθανων</span> <span class='ocrx_word' id='word_1_577' title='bbox 842 2440 891 2459; x_wconf 75' lang='grc' dir='ltr'><strong>και</strong></span> 
     </span>
    </p>
   </div>
   <div class='ocr_carea' id='block_1_98' title="bbox 101 2481 478 2516">
    <p class='ocr_par' dir='ltr' id='par_1_98' title="bbox 101 2481 478 2516">
     <span class='ocr_line' id='line_1_98' title="bbox 101 2481 478 2516; baseline 0.003 -9"><span class='ocrx_word' id='word_1_578' title='bbox 101 2481 219 2514; x_wconf 75' lang='grc' dir='ltr'>ἐξελθὼν</span> <span class='ocrx_word' id='word_1_579' title='bbox 234 2481 288 2508; x_wconf 81' lang='grc' dir='ltr'><strong>ἀπὸ</strong></span> <span class='ocrx_word' id='word_1_580' title='bbox 304 2482 352 2507; x_wconf 83' lang='grc' dir='ltr'><strong>τοῦ</strong></span> <span class='ocrx_word' id='word_1_581' title='bbox 362 2481 478 2516; x_wconf 79' lang='grc' dir='ltr'>κόσμου.</span> 
     </span>
    </p>
   </div>
   <div class='ocr_carea' id='block_1_99' title="bbox 135 2525 889 2562">
    <p class='ocr_par' dir='ltr' id='par_1_99' title="bbox 135 2525 889 2562">
     <span class='ocr_line' id='line_1_99' title="bbox 135 2525 889 2562; baseline -0.001 -10"><span class='ocrx_word' id='word_1_582' title='bbox 135 2526 286 2553; x_wconf 71' lang='grc' dir='ltr'><strong>Ἐκϐαλὼν</strong></span> <span class='ocrx_word' id='word_1_583' title='bbox 306 2541 341 2547; x_wconf 92' lang='grc'><strong><em>--</em></strong></span> <span class='ocrx_word' id='word_1_584' title='bbox 361 2527 466 2554; x_wconf 77' lang='grc' dir='ltr'>αὐτοῦ.</span> <span class='ocrx_word' id='word_1_585' title='bbox 497 2526 571 2558; x_wconf 78' lang='grc' dir='ltr'><strong>’Ἕως</strong></span> <span class='ocrx_word' id='word_1_586' title='bbox 594 2527 642 2562; x_wconf 81' lang='grc' dir='ltr'>μὲν</span> <span class='ocrx_word' id='word_1_587' title='bbox 667 2526 722 2562; x_wconf 78' lang='grc' dir='ltr'><strong>γὰρ</strong></span> <span class='ocrx_word' id='word_1_588' title='bbox 754 2525 814 2560; x_wconf 78' lang='grc' dir='ltr'>ἔζη,</span> <span class='ocrx_word' id='word_1_589' title='bbox 840 2525 889 2551; x_wconf 73' lang='grc' dir='ltr'><strong>αὑ-</strong></span> 
     </span>
    </p>
   </div>
   <div class='ocr_carea' id='block_1_100' title="bbox 99 2571 888 2608">
    <p class='ocr_par' dir='ltr' id='par_1_100' title="bbox 99 2571 888 2608">
     <span class='ocr_line' id='line_1_100' title="bbox 99 2571 888 2608; baseline -0.003 -10"><span class='ocrx_word' id='word_1_590' title='bbox 99 2572 145 2604; x_wconf 84' lang='grc' dir='ltr'>τὸς</span> <span class='ocrx_word' id='word_1_591' title='bbox 165 2573 223 2608; x_wconf 83' lang='grc'>(88)</span> <span class='ocrx_word' id='word_1_592' title='bbox 244 2573 406 2608; x_wconf 78' lang='grc' dir='ltr'>ἐπεμελεῖτο</span> <span class='ocrx_word' id='word_1_593' title='bbox 427 2572 483 2599; x_wconf 86' lang='grc' dir='ltr'><strong>τῶν</strong></span> <span class='ocrx_word' id='word_1_594' title='bbox 506 2572 630 2599; x_wconf 81' lang='grc' dir='ltr'>ἀσθενῶν</span> <span class='ocrx_word' id='word_1_595' title='bbox 644 2579 650 2587; x_wconf 91' lang='grc'>·</span> <span class='ocrx_word' id='word_1_596' title='bbox 678 2571 822 2598; x_wconf 62' lang='grc' dir='ltr'>ἀποθανὼν</span> <span class='ocrx_word' id='word_1_597' title='bbox 849 2571 888 2603; x_wconf 84' lang='grc' dir='ltr'>δὲ,</span> 
     </span>
    </p>
   </div>
   <div class='ocr_carea' id='block_1_101' title="bbox 939 2291 1021 2319">
    <p class='ocr_par' dir='ltr' id='par_1_101' title="bbox 939 2291 1021 2319">
     <span class='ocr_line' id='line_1_101' title="bbox 939 2291 1021 2319; baseline 0 -1"><span class='ocrx_word' id='word_1_598' title='bbox 939 2291 1021 2319; x_wconf 84' lang='lat' dir='ltr'><strong>cioit.</strong></span> 
     </span>
    </p>
   </div>
   <div class='ocr_carea' id='block_1_102' title="bbox 968 2299 1732 2371">
    <p class='ocr_par' dir='ltr' id='par_1_102' title="bbox 968 2299 1732 2371">
     <span class='ocr_line' id='line_1_102' title="bbox 968 2299 1732 2371; baseline -0.007 -5"><span class='ocrx_word' id='word_1_599' title='bbox 968 2299 1059 2371; x_wconf 41' lang='grc' dir='ltr'><strong>[εξ-ε,</strong></span> <span class='ocrx_word' id='word_1_600' title='bbox 1073 2338 1116 2365; x_wconf 72' lang='grc'><strong>⁵54.</strong></span> <span class='ocrx_word' id='word_1_601' title='bbox 1131 2337 1165 2364; x_wconf 82' lang='lat' dir='ltr'><strong>Et</strong></span> <span class='ocrx_word' id='word_1_602' title='bbox 1182 2344 1275 2364; x_wconf 82' lang='lat' dir='ltr'><strong>curam</strong></span> <span class='ocrx_word' id='word_1_603' title='bbox 1286 2336 1358 2363; x_wconf 72' lang='lat' dir='ltr'><strong>illius</strong></span> <span class='ocrx_word' id='word_1_604' title='bbox 1365 2335 1427 2371; x_wconf 82' lang='lat' dir='ltr'><strong>egit.</strong></span> <span class='ocrx_word' id='word_1_605' title='bbox 1445 2335 1591 2362; x_wconf 80' lang='lat' dir='ltr'><strong>Rationem</strong></span> <span class='ocrx_word' id='word_1_606' title='bbox 1604 2334 1664 2370; x_wconf 86' lang='lat' dir='ltr'><strong>ejus</strong></span> <span class='ocrx_word' id='word_1_607' title='bbox 1682 2334 1732 2361; x_wconf 87' lang='lat' dir='ltr'><strong>ha-</strong></span> 
     </span>
    </p>
   </div>
   <div class='ocr_carea' id='block_1_103' title="bbox 939 2382 1302 2418">
    <p class='ocr_par' dir='ltr' id='par_1_103' title="bbox 939 2382 1302 2418">
     <span class='ocr_line' id='line_1_103' title="bbox 939 2382 1302 2418; baseline -0.006 -7"><span class='ocrx_word' id='word_1_608' title='bbox 939 2383 1010 2416; x_wconf 89' lang='lat' dir='ltr'><strong>buit,</strong></span> <span class='ocrx_word' id='word_1_609' title='bbox 1027 2387 1056 2411; x_wconf 90' lang='lat' dir='ltr'><strong>et</strong></span> <span class='ocrx_word' id='word_1_610' title='bbox 1072 2383 1107 2410; x_wconf 85' lang='lat' dir='ltr'><strong>de</strong></span> <span class='ocrx_word' id='word_1_611' title='bbox 1122 2390 1154 2410; x_wconf 91' lang='lat' dir='ltr'><strong>eo</strong></span> <span class='ocrx_word' id='word_1_612' title='bbox 1168 2382 1302 2418; x_wconf 88' lang='lat' dir='ltr'><strong>providit.</strong></span> 
     </span>
    </p>
   </div>
   <div class='ocr_carea' id='block_1_104' title="bbox 975 2427 1728 2463">
    <p class='ocr_par' dir='ltr' id='par_1_104' title="bbox 975 2427 1728 2463">
     <span class='ocr_line' id='line_1_104' title="bbox 975 2427 1728 2463; baseline -0.007 -6"><span class='ocrx_word' id='word_1_613' title='bbox 975 2429 1053 2457; x_wconf 77' lang='lat' dir='ltr'><strong>Vera.</strong></span> <span class='ocrx_word' id='word_1_614' title='bbox 1066 2428 1156 2457; x_wconf 63' lang='lat'><strong>55.11::</strong></span> <span class='ocrx_word' id='word_1_615' title='bbox 1167 2443 1202 2451; x_wconf 71' lang='grc' dir='ltr'>ι.-</span> <span class='ocrx_word' id='word_1_616' title='bbox 1230 2436 1357 2463; x_wconf 72' lang='lat' dir='ltr'><strong>egressus.</strong></span> <span class='ocrx_word' id='word_1_617' title='bbox 1388 2427 1452 2455; x_wconf 88' lang='lat' dir='ltr'><strong>Post</strong></span> <span class='ocrx_word' id='word_1_618' title='bbox 1479 2427 1589 2462; x_wconf 80' lang='lat' dir='ltr'><strong>aliquod</strong></span> <span class='ocrx_word' id='word_1_619' title='bbox 1618 2431 1728 2460; x_wconf 87' lang='lat' dir='ltr'><strong>tempus</strong></span> 
     </span>
    </p>
   </div>
   <div class='ocr_carea' id='block_1_105' title="bbox 940 2474 1424 2509">
    <p class='ocr_par' dir='ltr' id='par_1_105' title="bbox 940 2474 1424 2509">
     <span class='ocr_line' id='line_1_105' title="bbox 940 2474 1424 2509; baseline -0.006 -6"><span class='ocrx_word' id='word_1_620' title='bbox 940 2479 1066 2503; x_wconf 88' lang='lat' dir='ltr'><strong>mortuus</strong></span> <span class='ocrx_word' id='word_1_621' title='bbox 1082 2479 1108 2503; x_wconf 83' lang='lat' dir='ltr'><strong>et</strong></span> <span class='ocrx_word' id='word_1_622' title='bbox 1121 2475 1154 2502; x_wconf 88' lang='lat' dir='ltr'><strong>de</strong></span> <span class='ocrx_word' id='word_1_623' title='bbox 1170 2474 1273 2502; x_wconf 92' lang='lat' dir='ltr'><strong>mundo</strong></span> <span class='ocrx_word' id='word_1_624' title='bbox 1287 2481 1424 2509; x_wconf 77' lang='lat' dir='ltr'><strong>egressus.</strong></span> 
     </span>
    </p>
   </div>
   <div class='ocr_carea' id='block_1_106' title="bbox 979 2520 1729 2556">
    <p class='ocr_par' dir='ltr' id='par_1_106' title="bbox 979 2520 1729 2556">
     <span class='ocr_line' id='line_1_106' title="bbox 979 2520 1729 2556; baseline -0.007 -5"><span class='ocrx_word' id='word_1_625' title='bbox 979 2523 1058 2551; x_wconf 79' lang='lat' dir='ltr'><strong>Vcrs.</strong></span> <span class='ocrx_word' id='word_1_626' title='bbox 1071 2522 1117 2550; x_wconf 79' lang='grc'><strong>55.</strong></span> <span class='ocrx_word' id='word_1_627' title='bbox 1133 2521 1305 2556; x_wconf 78' lang='grc' dir='ltr'>ὒερνοπιριοε</span> <span class='ocrx_word' id='word_1_628' title='bbox 1331 2534 1365 2540; x_wconf 88' lang='lat'><em>—</em></span> <span class='ocrx_word' id='word_1_629' title='bbox 1377 2520 1462 2547; x_wconf 75' lang='lat' dir='ltr'><strong>illius.</strong></span> <span class='ocrx_word' id='word_1_630' title='bbox 1479 2521 1570 2548; x_wconf 86' lang='lat' dir='ltr'><strong>Donec</strong></span> <span class='ocrx_word' id='word_1_631' title='bbox 1599 2520 1707 2547; x_wconf 78' lang='lat' dir='ltr'><strong>vivebat</strong></span> <span class='ocrx_word' id='word_1_632' title='bbox 1723 2529 1729 2546; x_wconf 93' lang='lat'>:</span> 
     </span>
    </p>
   </div>
   <div class='ocr_carea' id='block_1_107' title="bbox 944 2566 1731 2604">
    <p class='ocr_par' dir='ltr' id='par_1_107' title="bbox 944 2566 1731 2604">
     <span class='ocr_line' id='line_1_107' title="bbox 944 2566 1731 2604; baseline -0.005 -8"><span class='ocrx_word' id='word_1_633' title='bbox 944 2569 1004 2604; x_wconf 81' lang='lat' dir='ltr'><strong>ipse</strong></span> <span class='ocrx_word' id='word_1_634' title='bbox 1014 2575 1108 2596; x_wconf 88' lang='lat' dir='ltr'><strong>curam</strong></span> <span class='ocrx_word' id='word_1_635' title='bbox 1133 2567 1252 2595; x_wconf 87' lang='lat' dir='ltr'><strong>habebat</strong></span> <span class='ocrx_word' id='word_1_636' title='bbox 1273 2566 1462 2594; x_wconf 81' lang='lat' dir='ltr'><strong>inﬁrmorum:</strong></span> <span class='ocrx_word' id='word_1_637' title='bbox 1490 2568 1537 2595; x_wconf 90' lang='lat' dir='ltr'><strong>ubi</strong></span> <span class='ocrx_word' id='word_1_638' title='bbox 1566 2575 1631 2594; x_wconf 90' lang='lat' dir='ltr'><strong>vero</strong></span> <span class='ocrx_word' id='word_1_639' title='bbox 1657 2575 1731 2593; x_wconf 91' lang='lat' dir='ltr'><strong>mor-</strong></span> 
     </span>
    </p>
   </div>
   <div class='ocr_carea' id='block_1_108' title="bbox 682 2650 1116 2682">
    <p class='ocr_par' dir='ltr' id='par_1_108' title="bbox 682 2650 1116 2682">
     <span class='ocr_line' id='line_1_108' title="bbox 682 2650 1116 2682; baseline -0.002 0"><span class='ocrx_word' id='word_1_640' title='bbox 682 2651 781 2682; x_wconf 66' lang='grc' dir='ltr'>ναι-ἰῶ</span> <span class='ocrx_word' id='word_1_641' title='bbox 802 2650 959 2681; x_wconf 82' lang='lat' dir='ltr'><strong>lectiones</strong></span> <span class='ocrx_word' id='word_1_642' title='bbox 973 2653 1003 2682; x_wconf 88' lang='lat' dir='ltr'><strong>et</strong></span> <span class='ocrx_word' id='word_1_643' title='bbox 1023 2654 1116 2681; x_wconf 74' lang='lat' dir='ltr'><strong>noue.</strong></span> 
     </span>
    </p>
   </div>
   <div class='ocr_carea' id='block_1_109' title="bbox 135 2734 751 2772">
    <p class='ocr_par' dir='ltr' id='par_1_109' title="bbox 135 2734 751 2772">
     <span class='ocr_line' id='line_1_109' title="bbox 135 2734 751 2772; baseline -0.005 -7"><span class='ocrx_word' id='word_1_644' title='bbox 135 2739 192 2772; x_wconf 80' lang='grc'>(85)</span> <span class='ocrx_word' id='word_1_645' title='bbox 207 2736 394 2770; x_wconf 78' lang='grc' dir='ltr'>Ἐγκαῦἑτοις,</span> <span class='ocrx_word' id='word_1_646' title='bbox 411 2734 631 2772; x_wconf 63' lang='lat' dir='ltr'><strong>praestolanlibus</strong></span> <span class='ocrx_word' id='word_1_647' title='bbox 648 2734 679 2772; x_wconf 74' lang='lat' dir='ltr'><strong>in</strong></span> <span class='ocrx_word' id='word_1_648' title='bbox 690 2734 751 2772; x_wconf 72' lang='lat' dir='ltr'><strong>viis.</strong></span> 
     </span>
    </p>
   </div>
   <div class='ocr_carea' id='block_1_110' title="bbox 132 2768 884 2808">
    <p class='ocr_par' dir='ltr' id='par_1_110' title="bbox 132 2768 884 2808">
     <span class='ocr_line' id='line_1_110' title="bbox 132 2768 884 2808; baseline -0.007 -8"><span class='ocrx_word' id='word_1_649' title='bbox 132 2768 192 2808; x_wconf 59' lang='lat' dir='ltr'><strong>{Si}</strong></span> <span class='ocrx_word' id='word_1_650' title='bbox 209 2768 259 2799; x_wconf 77' lang='grc' dir='ltr'><strong>Διᾶ</strong></span> <span class='ocrx_word' id='word_1_651' title='bbox 277 2773 306 2798; x_wconf 76' lang='grc' dir='ltr'>τὸ</span> <span class='ocrx_word' id='word_1_652' title='bbox 326 2768 497 2803; x_wconf 78' lang='grc' dir='ltr'>ὲξουσίὰζειν</span> <span class='ocrx_word' id='word_1_653' title='bbox 519 2771 569 2806; x_wconf 84' lang='grc' dir='ltr'>τὴν</span> <span class='ocrx_word' id='word_1_654' title='bbox 586 2768 746 2807; x_wconf 65' lang='grc' dir='ltr'>παριόολὴν</span> <span class='ocrx_word' id='word_1_655' title='bbox 771 2769 800 2795; x_wconf 85' lang='grc' dir='ltr'>ὲν</span> <span class='ocrx_word' id='word_1_656' title='bbox 823 2769 884 2801; x_wconf 87' lang='grc' dir='ltr'>ταῖς</span> 
     </span>
    </p>
   </div>
   <div class='ocr_carea' id='block_1_111' title="bbox 97 2808 459 2842">
    <p class='ocr_par' dir='ltr' id='par_1_111' title="bbox 97 2808 459 2842">
     <span class='ocr_line' id='line_1_111' title="bbox 97 2808 459 2842; baseline -0.011 -6"><span class='ocrx_word' id='word_1_657' title='bbox 97 2808 238 2839; x_wconf 71' lang='grc' dir='ltr'>τοιαύταις</span> <span class='ocrx_word' id='word_1_658' title='bbox 254 2808 459 2842; x_wconf 76' lang='grc' dir='ltr'>περιστάσεσιν.</span> 
     </span>
    </p>
   </div>
   <div class='ocr_carea' id='block_1_112' title="bbox 136 2842 484 2880">
    <p class='ocr_par' dir='ltr' id='par_1_112' title="bbox 136 2842 484 2880">
     <span class='ocr_line' id='line_1_112' title="bbox 136 2842 484 2880; baseline -0.003 -10"><span class='ocrx_word' id='word_1_659' title='bbox 136 2843 193 2880; x_wconf 60' lang='grc'>(55)</span> <span class='ocrx_word' id='word_1_660' title='bbox 205 2843 260 2878; x_wconf 84' lang='grc' dir='ltr'><strong>Τῆς</strong></span> <span class='ocrx_word' id='word_1_661' title='bbox 275 2842 484 2878; x_wconf 78' lang='grc' dir='ltr'>ὲνσαρκὼσεως.</span> 
     </span>
    </p>
   </div>
   <div class='ocr_carea' id='block_1_113' title="bbox 974 2729 1729 2767">
    <p class='ocr_par' dir='ltr' id='par_1_113' title="bbox 974 2729 1729 2767">
     <span class='ocr_line' id='line_1_113' title="bbox 974 2729 1729 2767; baseline -0.007 -7"><span class='ocrx_word' id='word_1_662' title='bbox 974 2732 1028 2767; x_wconf 85' lang='lat'><strong>(86)</strong></span> <span class='ocrx_word' id='word_1_663' title='bbox 1040 2732 1121 2760; x_wconf 82' lang='lat' dir='ltr'><strong>Ludit</strong></span> <span class='ocrx_word' id='word_1_664' title='bbox 1129 2732 1157 2759; x_wconf 90' lang='lat' dir='ltr'><strong>in</strong></span> <span class='ocrx_word' id='word_1_665' title='bbox 1166 2731 1344 2760; x_wconf 85' lang='lat' dir='ltr'><strong>similitudine</strong></span> <span class='ocrx_word' id='word_1_666' title='bbox 1351 2731 1513 2767; x_wconf 80' lang='lat' dir='ltr'><strong>syllabarum</strong></span> <span class='ocrx_word' id='word_1_667' title='bbox 1524 2729 1631 2764; x_wconf 76' lang='grc' dir='ltr'>κτῆνος,</span> <span class='ocrx_word' id='word_1_668' title='bbox 1641 2729 1729 2756; x_wconf 80' lang='grc' dir='ltr'>κτείν-</span> 
     </span>
    </p>
   </div>
   <div class='ocr_carea' id='block_1_114' title="bbox 939 2769 1397 2838">
    <p class='ocr_par' dir='ltr' id='par_1_114' title="bbox 939 2769 1397 2838">
     <span class='ocr_line' id='line_1_114' title="bbox 939 2769 1044 2795; baseline 0.01 -1"><span class='ocrx_word' id='word_1_669' title='bbox 939 2769 1044 2795; x_wconf 77' lang='grc' dir='ltr'>νεσθαι.</span> 
     </span>
     <span class='ocr_line' id='line_1_115' title="bbox 972 2800 1397 2838; baseline -0.005 -9"><span class='ocrx_word' id='word_1_670' title='bbox 972 2804 1029 2838; x_wconf 76' lang='grc'>(87)</span> <span class='ocrx_word' id='word_1_671' title='bbox 1066 2803 1167 2837; x_wconf 78' lang='grc' dir='ltr'>Καιρὸν</span> <span class='ocrx_word' id='word_1_672' title='bbox 1188 2810 1237 2836; x_wconf 90' lang='lat' dir='ltr'><strong>pro</strong></span> <span class='ocrx_word' id='word_1_673' title='bbox 1255 2801 1360 2838; x_wconf 75' lang='grc' dir='ltr'>μικρόν.</span> <span class='ocrx_word' id='word_1_674' title='bbox 1370 2800 1397 2828; x_wconf 87' lang='grc' dir='ltr'>Β.</span> 
     </span>
    </p>
   </div>
   <div class='ocr_carea' id='block_1_115' title="bbox 980 2835 1626 2874">
    <p class='ocr_par' dir='ltr' id='par_1_115' title="bbox 980 2835 1626 2874">
     <span class='ocr_line' id='line_1_116' title="bbox 980 2835 1626 2874; baseline -0.003 -10"><span class='ocrx_word' id='word_1_675' title='bbox 980 2835 1034 2874; x_wconf 72' lang='grc'>(88)</span> <span class='ocrx_word' id='word_1_676' title='bbox 1053 2835 1138 2870; x_wconf 71' lang='grc' dir='ltr'>Αὐτός</span> <span class='ocrx_word' id='word_1_677' title='bbox 1156 2835 1238 2865; x_wconf 74' lang='lat' dir='ltr'><strong>codex</strong></span> <span class='ocrx_word' id='word_1_678' title='bbox 1255 2835 1275 2864; x_wconf 82' lang='grc' dir='ltr'><strong>Β</strong></span> <span class='ocrx_word' id='word_1_679' title='bbox 1293 2835 1373 2865; x_wconf 75' lang='lat' dir='ltr'><strong>habet</strong></span> <span class='ocrx_word' id='word_1_680' title='bbox 1389 2841 1447 2872; x_wconf 87' lang='lat' dir='ltr'><strong>post</strong></span> <span class='ocrx_word' id='word_1_681' title='bbox 1458 2835 1626 2871; x_wconf 69' lang='grc' dir='ltr'>ἐπεμελεῖτο.</span> 
     </span>
    </p>
   </div>
  </div>
