1927 3074
84 169 136 202 969

605 168 802 199 COMMENT.
823 167 863 198 IN
884 165 1024 198 LUCAM.
1044 180 1062 185 -
1096 167 1178 198 CAP.
1199 168 1250 198 Xl.

1666 169 1718 200 970

84 225 184 258 λόγων.
213 223 251 251 Οὐ
280 223 336 260 γὰρ
366 223 514 259 τρυφήσων
537 220 632 258 ἦλθον,
665 223 735 250 ἀλλὰ
760 221 875 255 διδάξων

935 230 1051 250 meorum
1061 223 1223 251 auscultatio
1231 230 1400 250 sermonum.
1413 222 1505 258 Neque
1513 223 1598 256 enim,
1611 227 1640 250 ut
1651 231 1717 259 epu‘

85 272 168 307 ὑμᾶς.

121 318 218 351 Μαρία
230 332 265 336 -
278 315 383 350 αὐτῆς.
400 317 453 343 Δύο
479 316 588 352 μερίδες
607 316 747 348 πολιτείας
765 317 876 342 ἐπαινε-

84 364 140 395 ταὶ,
157 365 173 398 ἠ
191 363 241 399 μὲν
269 363 422 398 πρακτικὴ,
452 364 470 396 ἡ
494 363 521 389 δὲ
538 363 705 399 θεωρητική.
725 363 833 394 Ταύτας
848 362 877 389 ai

82 410 132 437 δύο
148 407 228 437 αὗται
242 409 384 436 διείλοντο.
403 408 504 443 Μάρθα
522 409 583 445 μὲν,
602 409 652 445 τὴν
664 409 830 445 πρακτικὴν,
847 409 876 434 ὲν

84 456 124 491 τῷ
134 456 318 483 διακονεῖσθαι
334 456 399 491 περὶ
417 456 467 490 τὴν
484 456 645 491 σωματικὴν
661 455 812 492 θεραπείαν
829 455 876 481 τοῦ

85 502 190 537 Κυρίου
203 511 209 518 ·
228 502 326 538 Μαρία
345 501 384 533 δὲ,
401 502 452 537 τὴν
464 502 649 538 θεωρητικὴν,
662 503 691 529 ὲν
702 502 741 538 τῷ
764 502 876 529 ἀκούειν

83 548 140 574 τῶν
155 549 242 580 λόγων
259 547 355 575 αὑτοῦ.
371 548 426 575 Καὶ
439 548 500 575 ἐπεὶ
513 549 626 581 διπλοῦς
639 547 673 585 ἦν
685 550 700 576 ὀ
713 550 844 584 Χριστὸς,
857 550 874 584 ὴ

86 594 136 630 μὲν
151 595 274 622 ἀνέπαυε
287 595 318 621 τὸ
333 594 470 630 ὁρώμενον
496 595 579 622 αὑτοῦ
590 604 596 611 ·
615 595 631 630 ή
648 595 677 622 δὲ
695 594 819 622 ἐδούλευε
837 595 876 630 τῷ

83 640 195 674 ἀοράτῳ
211 639 294 666 αὑτοῦ
305 648 312 655 ·
326 640 408 671 αὐτὸς
419 640 458 673 δὲ,
469 640 521 675 τῆς
537 640 588 675 μὲν
605 640 655 676 τὴν
672 640 832 676 προθυμίαν
845 640 874 667 οὐ

82 685 207 718 διέϐαλε,
224 685 276 721 τῆς
295 685 322 712 δὲ
339 685 390 722 τὴν
414 686 575 721 προαίρεσιν
595 686 724 722 ἐπῄνεσε.
746 687 803 722 Τῆς
826 688 876 722 μὲν

83 732 140 766 γὰρ
156 732 184 758 τὸ
215 731 307 768 ἔργον,
335 733 568 768 χρησιμώτατον·
596 733 646 768 τῆς
666 734 694 760 δὲ
726 734 782 770 (90)
805 734 876 770 ὕψτν

82 777 145 803 λότε
150 786 208 812 ρον.

119 864 156 890 Σὺ
172 864 210 896 δὲ,
230 864 265 900 ἣν
281 863 382 900 βούλει,
407 865 539 901 μίμησαι,
559 865 575 901 ἢ
594 865 730 901 θεράπευε
746 866 776 892 τὸ
793 867 874 901 σῶμα

82 910 131 938 ’τοῦ
144 912 257 947 Κυρίου,
267 912 339 946 λέγω
352 912 396 948 δὴ,
410 913 472 944 τοὺς
489 913 614 948 πτωχούς
624 923 629 928 ·
639 913 702 948 Ἐφ’
713 913 789 940 ὅσον
806 914 872 948 γὰρ,

83 957 177 993 φησιν,
201 957 365 992 ἐποιήσατε
398 958 444 985 ἑνὶ
464 960 580 986 τούτων
605 959 664 986 τῶν
689 960 872 994 ἐλαχίστων,

81 1004 148 1038 ἐμοὶ
164 1004 342 1039 ἐποιήσατε·
356 1005 373 1040 ἢ
387 1005 503 1041 ἀσχολοῦ
519 1007 584 1040 περὶ
597 1006 648 1041 τὴν
661 1006 794 1042 ἀκρόασιν
819 1006 873 1034 τῶν

83 1050 172 1084 λόγων
188 1051 282 1085 αὑτοῦ,
297 1052 363 1087 περὶ
381 1052 432 1087 τὴν
449 1052 567 1088 θεωρίαν
581 1052 635 1079 τῶν
658 1052 804 1088 δογμάτων
825 1053 874 1079 αὐ-

83 1096 132 1124 τοῦ
143 1105 150 1113 ⁸
164 1097 180 1132 ἢ
196 1098 244 1124 καὶ
255 1097 399 1133 ἀμφότερα
411 1097 543 1133 μετέρχον
557 1099 626 1124 κατὰ
642 1098 704 1129 τοὺς
718 1100 872 1134 προσήκον-

83 1151 134 1174 τας
150 1143 271 1178 καιρούς.

120 1190 176 1223 Τὴν
187 1189 292 1224 ἀγαθὴν
313 1190 344 1216 δὲ
359 1190 457 1226 μερίδα
485 1188 575 1223 εἶπεν,
599 1190 649 1225 οὐχ
664 1190 702 1222 ὡς
720 1191 769 1226 τῆς
789 1190 874 1227 ἄλλης

84 1237 207 1269 πονηρᾶς
231 1235 326 1271 οὔσης,
343 1236 402 1262 ἀλλ’
426 1236 532 1272 ἀγαθὴν
561 1236 678 1264 ἐνταῦθα
710 1236 760 1270 τὴν
779 1237 874 1272 κρείτο

83 1289 149 1308 τονα
161 1281 313 1317 ὠνόμασεν.
338 1283 491 1318 Ἐνδέχεται
520 1283 574 1318 γὰρ
596 1283 644 1309 δύο
672 1283 764 1311 καλῶν
788 1284 819 1311 τὺ
845 1284 874 1311 ἒν

84 1326 155 1354 εἶναι
170 1327 290 1355 κάλλιον.
304 1328 394 1355 Καλὸν
408 1329 456 1364 μὲν
470 1328 525 1364 γὰρ
539 1329 569 1355 τὸ
581 1329 733 1363 φιλοξενεῐν
743 1337 750 1344 ·
764 1330 875 1357 κάλλιον

84 1373 113 1400 δὲ
132 1374 164 1399 τὺ
177 1374 358 1410 παρεδρεύειν
373 1374 444 1410 Θεῷ.
458 1375 495 1401 Τὸ
510 1375 560 1410 μὲν
574 1375 630 1412 γὰρ
653 1375 827 1410 σωματικόν
843 1376 875 1402 τὸ

84 1418 113 1444 δὲ
131 1419 326 1446 πνευματικόν.

253 1477 331 1504 ΚΕΦ.
351 1477 416 1506 AII’.
432 1478 502 1512 Περὶ
519 1477 704 1515 προσευχῆς.

123 1523 178 1550 Καὶ
194 1522 312 1558 ἐγένετο
323 1539 358 1544 -
372 1524 475 1552 αὑτοῦ.
496 1521 582 1556 Οὗτος
595 1525 609 1551 ό
625 1525 751 1562 μαθητὴς
771 1527 804 1554 ἐκ
819 1527 874 1555 τῶν

930 269 979 300 Ier.
993 269 1066 302 veni,
1083 270 1130 296 sed
1148 273 1177 296 ut
1193 277 1240 297 vos
1257 270 1382 297 doceam.

967 314 1043 342 Vers.
1060 316 1104 342 Η..
1122 315 1208 342 Μανία
1223 330 1257 334 -
1275 324 1317 342 ea.
1336 315 1402 343 Duae
1416 321 1507 350 partes
1531 316 1719 343 conversatio-

929 362 972 390 nis
987 362 1138 390 laudabiles
1151 367 1228 395 sunt,
1242 369 1341 397 nempe
1355 363 1475 397 practice
1494 361 1552 389 sive
1563 362 1717 397 operativa,

928 412 957 435 et
973 408 1094 435 lheorica
1113 409 1171 435 sive
1184 408 1417 443 contemplativa;
1446 408 1495 435 bas
1525 408 1586 435 dure
1607 415 1718 435 sorores

928 456 987 483 ista:
1000 456 1156 491 elegerant:
1175 456 1280 483 Martha
1297 456 1408 491 quidem
1438 455 1617 490 operativam,
1639 456 1720 482 mini-

929 502 1045 531 strando
1062 504 1134 530 circa
1152 503 1292 538 corporale
1309 503 1414 530 Domini
1431 503 1612 537 obsequium;
1638 502 1721 529 Maria

928 557 994 577 vero
1021 549 1273 584 contemplativatn,
1300 550 1438 577 audiendo
1479 557 1621 576 sermones
1638 549 1722 577 illius.

928 595 962 623 Et
975 596 1038 631 quia
1055 596 1199 632 bipartitus
1217 601 1277 624 crat
1290 597 1428 628 Christus,
1449 596 1494 623 illa
1515 596 1625 631 quidem
1650 596 1722 623 refo-

927 643 1037 671 cillabat
1048 648 1153 679 partem
1168 643 1383 679 ejusvisibilem,
1413 644 1470 670 [nec
1501 648 1592 670 autem
1616 643 1723 670 colebat

927 693 1033 724 partem
1048 690 1107 725 ejus
1119 689 1284 716 invisibilem
1309 698 1316 716 :
1343 689 1402 724 ipse
1418 695 1483 716 vero
1510 688 1584 716 illius
1612 688 1721 723 quidem

927 735 1172 771 promptitudinem
1189 743 1243 762 non
1262 734 1437 769 vituperavit,
1457 734 1538 770 hujus
1560 739 1650 762 autem
1663 735 1723 762 ele-

926 782 1047 810 ctiouem
1061 781 1191 809 laudavit.
1215 781 1355 816 Siquidem
1368 781 1440 808 illius
1460 789 1528 815 opus
1555 781 1622 808 utile
1647 784 1722 808 certe

926 829 1073 856 admodum
1089 832 1159 860 erat,
1175 828 1258 864 hujus
1277 832 1366 855 tamen
1382 824 1538 855 sublimius.

961 875 1002 903 ‘I'u
1020 883 1095 912 ergo,
1113 883 1194 911 quam
1208 875 1328 902 volueris
1343 874 1462 907 imitare,
1475 879 1522 902 aut
1534 882 1628 902 curam
1653 875 1724 902 habe

929 922 1053 958 corporis
1072 922 1192 954 Domini,
1204 922 1266 950 dico
1283 929 1348 949 sane
1364 929 1528 957 pauperum.
1543 921 1611 949 Nam
1627 925 1723 957 quate-

928 977 987 1001 nus,
1010 967 1109 1003 inquit,
1134 969 1179 994 nni
1204 967 1237 994 de
1266 967 1305 994 Itis
1330 967 1445 994 minimis
1468 967 1575 1002 fecistis,
1598 971 1622 994 et
1658 967 1724 994 mihi

928 1015 1025 1051 fecistis
1042 1014 1074 1040 ⁷⁷.
1119 1013 1173 1041 Aut
1209 1020 1349 1048 occupare
1387 1013 1460 1040 circa
1494 1012 1723 1040 auseultationem

928 1068 1088 1088 sermonum
1105 1059 1200 1095 ipsius,
1219 1059 1292 1086 circa
1302 1058 1724 1094 contemplationemdogmatutn

928 1107 1012 1134 illius.
1025 1106 1078 1134 Aut
1091 1106 1172 1134 etiam
1186 1110 1332 1140 utrumque
1352 1113 1449 1133 exerce
1462 1105 1590 1141 congruis
1619 1108 1725 1140 tempo--

928 1153 1016 1181 ribus.

964 1199 1065 1226 Bonam
1082 1205 1146 1225 vero
1162 1201 1266 1233 partem
1281 1196 1359 1228 dixit.
1390 1204 1444 1224 non
1460 1196 1532 1232 quod
1548 1197 1632 1224 altera
1654 1196 1725 1224 mala

928 1246 981 1274 sit:
999 1246 1046 1273 sed
1057 1245 1153 1272 bonam
1168 1244 1212 1272 hic
1231 1243 1376 1279 appellavit
1387 1251 1447 1270 eam
1463 1251 1523 1278 quze
1554 1243 1650 1270 melior
1671 1247 1725 1270 est.

929 1292 1021 1320 Potest
1035 1291 1107 1319 enim
1127 1290 1200 1322 ﬁeri,
1224 1294 1252 1317 ut
1264 1290 1379 1317 duorum
1397 1289 1531 1316 bonorum
1549 1297 1603 1316 uuu
1612 1297 1636 1316 tn
1655 1289 1726 1316 alte-

929 1345 961 1366 ro
969 1337 1067 1364 tnelius
1082 1337 1127 1364 sit.
1143 1336 1247 1363 Ilonum
1257 1335 1393 1371 siquidem
1404 1339 1457 1367 cst,
1472 1335 1636 1370 hospitalem
1652 1342 1723 1364 esse.

929 1390 1024 1410 verum
1043 1382 1141 1409 melius
1149 1386 1199 1414 est,
1218 1381 1273 1409 Deo
1285 1381 1404 1409 assidere
1417 1389 1424 1408 :
1439 1380 1505 1408 illud
1515 1381 1587 1408 enim
1599 1388 1726 1416 corpora—

930 1429 956 1456 le
974 1433 1025 1462 est,
1043 1429 1095 1456 hoc
1110 1433 1200 1456 autem
1215 1427 1367 1463 spirituale.

1109 1485 1183 1513 CAP.
1202 1483 1346 1512 XXXVIII.
1370 1483 1406 1511 De
1419 1484 1548 1510 oratione.

966 1531 1042 1560 CAP.
1062 1531 1107 1558 XI.
1118 1531 1196 1558 Vers.
1213 1530 1240 1558 I.
1253 1530 1352 1557 Accidit
1367 1535 1457 1556 autem
1468 1545 1504 1550 —
1519 1538 1589 1558 suos.
1603 1530 1727 1566 Discipu-

85 1569 272 1604 ἐϐδομήκοντα
284 1568 327 1606 ἦν.
347 1571 416 1602 Τοὺς
438 1571 492 1605 γὰρ
513 1571 618 1598 δώδεκα
648 1571 768 1605 ἐδίδαξεν
786 1574 814 1600 ἐν
840 1574 875 1610 τῷ

935 1578 975 1606 lus
989 1578 1033 1605 hic
1045 1582 1104 1605 erat
1116 1585 1149 1604 ex
1162 1577 1346 1612 septuaginta.
1366 1575 1436 1603 Nam
1452 1576 1597 1604 duodecim
1625 1577 1726 1604 docue-

85 1618 204 1652 πέμπτῳ
229 1616 371 1652 κεφαλαίῳ
395 1617 442 1644 τοῦ
468 1617 538 1644 κατὰ
555 1617 706 1645 Ματθαῖον.
735 1618 808 1645 Ἰδὼν
823 1620 877 1656 γὰρ

85 1662 132 1688 τὸν
144 1662 304 1689 διδάσκαλον
325 1661 423 1697 καινὴν
449 1662 592 1688 πολιτείαν
605 1662 653 1689 καὶ
670 1663 727 1698 (9t)
748 1666 879 1700 μετερχό-

88 1716 169 1744 μενον
183 1709 230 1735 καὶ
247 1708 457 1744 ὑποτιθέμενον,
470 1708 589 1744 ἐζήτησε
606 1709 654 1735 καὶ
675 1710 774 1746 καινὴν
789 1719 877 1746 προσ-

87 1753 181 1788 ευχὴν,
202 1755 235 1788 τῇ
251 1753 376 1788 πολιτείᾳ
404 1753 586 1788 κατάλληλον.
609 1753 638 1781 '0
659 1754 698 1787 δὲ,
716 1755 751 1790 ἢν
773 1755 876 1790 ἐδίδαξε

87 1800 152 1832 τοὺς
166 1800 281 1832 δώδεκα,
297 1800 401 1836 ταύτην
416 1800 464 1826 καὶ
481 1799 526 1826 νῦν
541 1799 691 1827 ἐκτίθεται.

124 1895 197 1922 Eine
210 1909 243 1914 —
264 1895 408 1928 πονηροῦ.
432 1894 661 1930 Ἧρμηνεύθησαν
681 1896 767 1922 ταῦτα
788 1897 876 1923 πάντα

87 1942 160 1968 κατὰ
175 1941 204 1968 τὸ
219 1941 302 1976 ῥητὸν
315 1941 343 1968 ἑν
358 1940 397 1976 τῷ
417 1940 565 1976 δηλωθέντι
583 1941 702 1976 πέμπτῳ
723 1942 875 1977 κεφαλαίῳ.

88 1988 121 2014 Εἰ
137 1987 165 2013 δὲ
192 1988 238 2013 καὶ
263 1986 350 2019 λέξεις
376 1987 450 2018 τινὲς
478 1985 596 2013 ἐνταῦθα
627 1987 876 2020 παραλλάττουσι-θ,

88 2033 146 2060 ἀλλ’
162 2032 209 2060 οὖν
221 2034 270 2068 τὴν
285 2032 371 2067 αὐτὴν
388 2033 436 2059 καὶ
448 2028 529 2058 αὗται
543 2031 682 2066 σημασίαν
697 2032 876 2067 φυλάττουσι,

89 2080 138 2106 καὶ
154 2081 194 2110 εἰς
210 2080 260 2113 τὴν
280 2079 378 2114 ὁμοίαν
391 2078 544 2114 ἑρμηνείαν
568 2078 744 2112 συνάγονται.
764 2078 878 2111 Διδάξας

88 2127 117 2153 δὲ
133 2126 345 2161 προσεύχεσθαι,
361 2125 447 2157 δεῖξαι
462 2123 599 2159 βούλεται,
615 2126 661 2151 καὶ
672 2125 713 2152 ὅτι
726 2126 743 2161 ἡ
757 2126 877 2162 ἐπιμονὴ

89 2172 139 2206 τῆς
152 2172 309 2205 προσευχῆς
325 2171 402 2198 ἀνύει
417 2171 448 2197 τὸ
463 2170 697 2206 σπουδαζόμενον,
713 2172 760 2198 καὶ
776 2171 878 2208 κέχρη-

88 2227 134 2245 ται
149 2217 292 2254 παραϐολῇ
311 2216 474 2253 παριστώσῃ
493 2216 583 2244 τοῦτο.
609 2217 826 2254 Περιεργότερον
848 2219 877 2245 δὲ

88 2264 160 2300 αὕτη
177 2264 402 2301 συμπέπλασται,
416 2264 460 2290 ἴνα
478 2264 526 2290 καὶ
540 2263 583 2298 εἴη
602 2263 791 2300 πιθανωτέρα.

127 2359 181 2386 Kal
193 2357 258 2386 εἶπε
276 2373 310 2379 -
324 2357 417 2391 αὐτῷ.
431 2357 553 2393 Χρῆσον,
575 2357 646 2393 ἤτοι,
664 2357 789 2385 δάνεισον
810 2359 877 2394 (92).

127 2452 271 2485 Κάκεῖνος
294 2467 329 2472 -
345 2459 405 2479 σοι.
422 2451 491 2478 Φασί
517 2460 592 2484 τινες
621 2452 815 2487 ἀναγωγικῶς,
838 2454 878 2480 ὅτι

90 2499 193 2525 νοεῖται
206 2498 281 2531 φίλος
300 2498 349 2533 μὲν
367 2499 381 2524 ὸ
398 2497 590 2534 φιλάνθρωπος
606 2499 675 2530 Θεός
705 2507 712 2514 ·
730 2499 879 2535 πορεύεται

90 2545 119 2571 δὲ
137 2544 205 2578 πρὸς
223 2544 306 2570 αὑτὸν
324 2544 504 2577 μεσονυκτίου
516 2545 565 2571 καὶ
585 2545 660 2572 αἰτεῖ
672 2547 750 2581 τρεῖς
766 2545 877 2582 ἄρτους,

91 2591 106 2616 ὸ
118 2590 195 2625 παρὰ
203 2589 249 2616 τὸν
259 2590 434 2625 προσήκοντα
442 2589 537 2623 καιρὸν
549 2590 634 2616 αἰτῶν
644 2592 719 2626 τρεῖς
727 2592 879 2626 θεολογίας,

92 2636 200 2671 Πατρὸς
213 2636 262 2662 καὶ
277 2635 343 2662 Υίοῦ
359 2636 406 2662 καὶ
425 2635 504 2670 ἁγίου
518 2635 688 2670 Πνεύματος,
705 2638 750 2665 ἵνα
766 2638 877 2672 παραϐῇ

148 2711 171 2728 ⁷⁷
186 2710 282 2739 Μειιῑιι.
298 2718 364 2744 xxv,
379 2709 426 2737 40.

933 1632 975 1654 rat
993 1626 1088 1661 quinto
1100 1625 1187 1660 capite
1203 1624 1341 1660 Evangelii
1357 1624 1435 1659 juxta
1458 1623 1627 1651 Matthaeum.
1657 1625 1724 1651 Cum

933 1673 1038 1700 videret
1051 1673 1126 1699 enim
1140 1676 1336 1706 prteceptorem
1355 1678 1456 1698 novum
1480 1670 1541 1698 vita:
1570 1670 1725 1698 institutum

933 1723 960 1748 et
975 1726 1103 1747 exercere
1115 1724 1143 1746 et
1157 1718 1305 1745 admonere
1317 1726 1323 1744 :
1343 1724 1440 1745 novam
1452 1724 1560 1751 quoque
1574 1718 1726 1745 orationem

933 1765 1070 1801 quaesivit,
1110 1764 1173 1791 vita:
1215 1763 1306 1791 studio
1345 1763 1568 1791 convenientem.
1604 1764 1638 1792 At
1682 1765 1727 1792 ille

931 1821 1012 1848 quam
1028 1812 1102 1847 ipsos
1119 1810 1264 1839 duodecim
1280 1811 1422 1844 docuerat,
1445 1811 1517 1838 hanc
1545 1812 1626 1838 etiam
1653 1819 1727 1840 nunc

932 1857 1052 1893 exponit.

967 1904 1046 1932 Vers.
1063 1903 1090 1930 Ξ.
1108 1902 1150 1929 Ait
1164 1902 1286 1929 ——-Vers.
1305 1903 1332 1929 4.
1361 1902 1445 1929 malo.
1475 1901 1577 1929 Horum
1596 1902 1725 1929 'omnium

933 1951 965 1978 al
979 1949 1094 1978 verbum
1108 1949 1171 1977 data
1183 1953 1225 1976 est
1252 1948 1444 1983 interpretatio
1467 1947 1599 1983 praedicto
1627 1948 1725 1982 quinto

933 1997 1030 2031 capite.
1043 1995 1121 2028 Quod
1137 1994 1160 2021 si
1172 1994 1307 2021 dictiones
1321 1993 1445 2028 quaedam
1462 1994 1507 2021 hic
1520 1997 1723 2028 permutantur,

932 2042 1054 2070 eamdem
1066 2046 1157 2069 tamen
1175 2045 1203 2068 et
1217 2040 1277 2067 istae
1290 2044 1400 2067 servant
1429 2039 1668 2075 signiﬁcationem,
1698 2044 1725 2066 et

932 2088 960 2115 in
974 2087 1091 2123 similem
1110 2087 1278 2114 conveniunt
1300 2086 1565 2121 interpretationem.
1578 2086 1724 2120 Postquam

932 2138 1023 2161 autent
1035 2140 1114 2160 orare
1131 2132 1235 2163 docuit.
1252 2132 1309 2159 vult
1337 2132 1494 2165 ostendere,
1521 2131 1594 2166 quod
1623 2132 1726 2158 oratio-

933 2181 975 2207 nis
990 2178 1193 2215 perseverantia
1207 2177 1309 2205 tribuit'
1322 2177 1359 2209 id,
1375 2177 1448 2212 quod
1466 2178 1527 2212 quis
1546 2177 1668 2212 expetit;
1699 2181 1726 2204 et

933 2226 1062 2261 parabola
1095 2232 1162 2252 usus
1197 2228 1252 2256 est,
1295 2232 1356 2259 quae
1383 2224 1434 2252 hoc
1455 2224 1631 2255 demenstret,
1665 2231 1725 2257 qua:

894 2261 1013 2301 Detiam
1041 2270 1195 2298 accuratius
1218 2269 1334 2298 formata
1365 2275 1426 2302 est.
1457 2274 1487 2297 ut
1513 2269 1719 2305 persuasibilior

928 2318 1058 2346 reddatur
1063 2337 1069 2344 .

967 2360 1046 2388 Vera.
1075 2361 1102 2388 5.
1135 2359 1170 2387 Et
1199 2360 1313 2387 dixit—
1334 2360 1412 2388 Vere.
1433 2360 1460 2388 6.
1479 2360 1531 2388 itii.

929 2415 976 2435 seu
998 2413 1092 2435 mutuo
1109 2407 1153 2434 da.

966 2454 1043 2482 Vera.
1062 2454 1089 2481 7.
1111 2454 1146 2481 Et
1161 2454 1206 2482 ille
1219 2470 1253 2474 —
1267 2455 1324 2482 tibi.
1346 2455 1444 2482 Dicunt
1457 2454 1567 2491 quidam
1587 2462 1636 2489 per
1653 2454 1724 2481 ami-

933 2509 996 2529 cum
1011 2502 1159 2537 anagogiee
1172 2501 1257 2529 Deum
1271 2501 1385 2537 intelligi
1399 2501 1542 2529 hominum
1567 2504 1717 2527 amatorem

935 2547 1017 2575 Vadit
1033 2553 1115 2575 auten
1132 2547 1165 2575 ad
1180 2548 1269 2583 ipsum
1282 2548 1372 2575 media
1408 2551 1491 2574 nocte
1519 2551 1547 2573 et
1570 2546 1638 2581 petit
1664 2549 1720 2573 trcs

935 2600 1035 2628 panes,
1050 2593 1095 2628 qui
1109 2593 1285 2621 eonvenienti
1305 2598 1426 2628 tempore
1440 2594 1510 2628 petit
1524 2591 1658 2626 triplicem
1680 2589 1722 2617 di-

934 2639 1026 2666 vinum
1041 2647 1208 2672 sermonem,
1222 2639 1310 2666 Patris
1323 2638 1452 2666 videlicet
1469 2641 1496 2666 ct
1511 2636 1571 2664 Filii
1587 2643 1619 2664 ac
1633 2634 1722 2671 Spiri-

1568 2361 1718 2389 Commoda

699 2742 800 2774 Varias
819 2742 972 2775 lectiones
988 2747 1017 2774 et
1036 2746 1131 2775 notae.

128 2831 182 2867 (90)
199 2831 254 2865 Τῆς
271 2831 300 2857 δὶ
316 2829 346 2856 τό

128 2868 185 2900 (9t)
198 2867 252 2893 Καί
269 2866 346 2893 abest
358 2866 390 2892 Δ.

129 2897 184 2939 (92)
202 2900 264 2929 Ilaec
281 2901 333 2927 tria
347 2899 480 2928 vocabula
492 2897 584 2925 omisit
599 2898 751 2928 Hentenius
768 2902 795 2926 et
815 2902 870 2926 'tex

268 2947 405 2978 PATROL.
426 2947 484 2978 Gn.
502 2945 630 2976 CXXIX.

938 2833 994 2856 tum
1011 2828 1127 2864 iunctim
1158 2827 1262 2857 eddidlt
1276 2836 1291 2857 τι
1314 2829 1409 2865 quinto
1438 2827 1472 2857 ad
1497 2828 1642 2865 septimum
1662 2836 1724 2857 ver-

937 2871 1009 2892 sum.

1530 2944 1566 2976 31
