1927 3074
69 135 119 166 989

555 131 748 162 COMMENT.
769 131 810 162 IN
826 130 965 162 LUCAM.
984 144 1019 150 —
1037 132 1114 163 CAP.
1130 132 1200 162 XII.

1643 131 1695 163 900

67 189 248 226 λαμπρότητα
263 190 310 216 τοῦ
337 198 365 216 τε
381 189 535 216 ἐνδιαθέτου
551 189 633 224 λόγου
648 190 695 216 x11
714 189 761 216 τοῦ
790 197 857 224 προ-

922 191 1021 226 [uentis
1047 191 1185 219 sermonis
1210 190 1316 218 statuit.
1346 189 1461 224 Oportet
1485 188 1571 221 enim,
1601 192 1630 216 ut
1650 189 1695 216 hic

69 236 183 271 φορικοῦ
199 236 383 262 διατάττεται.
401 236 461 270 Χρὴ
475 235 528 269 γὰρ
545 235 657 265 τούτους
671 235 713 262 ἀεὶ
732 235 853 269 λάμπειν

67 282 115 308 καὶ
134 281 272 315 φωτίζειν,
285 281 396 315 τὸνμὲν
408 281 491 316 ἡμᾶς,
516 280 562 306 τὸν
591 280 619 306 δὲ
641 281 704 312 τοὺς
716 280 761 315 ὑφ’
774 279 854 316 ἡμῶν

67 327 287 361 διδασκομένους.

104 372 157 400 Kal
181 373 267 406 ὑμεῖς
281 387 317 393 -—
336 373 445 407 γάμων.
463 372 512 398 Διά
538 372 696 408 παραϐολῆς
726 373 856 407 ἐνέφηνεν

72 418 267 452 ἑτοιμάζεσθαι
284 419 353 454 πρὸς
368 420 522 453 ἀπάντησιν
547 420 641 451 αὐτοῦ,
663 419 751 446 πάντα
766 420 856 452 καλῶς

70 464 271 498 διατιθεμένους
285 465 331 491 καὶ
343 465 530 500 ἀναμένοιτας
552 465 634 492 αὐτδν
657 466 788 501 μέλλοντα
804 466 857 492 πά-

70 511 111 536 λιν
126 510 204 545 ἥξειν
219 509 249 543 ἐξ
265 510 392 546 οὐρανοῦ.
412 512 461 538 Διὰ
492 511 571 538 τοῦτο
586 512 640 547 γὰρ
659 512 788 540 ἀνάλυσιν
807 513 856 547 μὲν

70 555 195 590 ὠνόμασε
211 556 262 589 τὴν
289 557 358 590 μετὰ
373 557 403 582 τὸ
418 557 554 591 ἀναϐῆναι
573 557 683 592 χρονίαν
708 558 790 584 αὑτοῦ
807 557 857 584 κά-

72 601 158 628 ςοδον·
175 601 282 636 γάμους
294 601 333 635 δὲ,
349 602 399 636 τὴν
413 602 470 628 ἄνω
483 603 656 638 εὐφροσύνην
670 604 717 630 καὶ
728 604 859 639 ἀγαλλία-

73 656 124 675 σιν.

109 694 220 722 Ἵνα-
240 693 329 726 αὐτῷ.
360 694 516 727 Τουτεστιν,
548 695 592 722 ἵνα
619 695 776 730 αἰσθόμενοι
807 695 858 730 τῆς
884 717 892 727 .

73 740 225 775 παρουσίας
240 739 333 771 αὐτοῦ,
351 740 502 775 προθύμως
517 741 564 767 καὶ
577 741 646 775 μετὰ
662 742 750 777 χαρᾶς
769 743 856 769 ἀπιν-

72 785 205 820 τήσωσιν,
223 784 299 810 οὐδέν
319 793 345 810 τι
359 785 478 819 πονηρὸν
496 785 648 817 συνειδότες
672 786 789 818 ἑαυτοῖς.
808 787 860 814 Πε-

75 831 194 865 ριιτὲρω
207 830 261 864 γὰρ
281 830 312 856 οὐ
333 832 548 865 περιεργαστέον
563 831 613 867 τὴν
634 832 804 867 παραὸο).ήν.

109 877 252 912 Μακάριοι
266 893 302 897 -
317 879 550 913 γρηγοροῦντας.
581 879 788 915 Γρηγοροῦντας
808 880 859 913 ἑτι,

75 923 118 949 διὰ
128 923 158 949 τὸ
175 924 204 950 ἑν
216 923 382 958 ἐγρηγόρσει
397 925 545 951 ἀποθανεῖν
569 924 678 955 αὐτούς.
693 925 792 960 Ἀρετὴ
807 925 861 961 γὰρ

74 969 122 1004 τῆς
139 969 229 1004 ψυχῆς
243 969 310 996 οὖσα
357 971 533 1006 ἐγρήγορσις,
551 971 765 1006 συμπαραμένει
777 972 859 1007 αὐτῇ.

109 1015 186 1046 Τινὲς
203 1015 231 1041 δὲ
245 1015 299 1042 ἀπὸ
310 1015 361 1050 τῆς
375 1015 531 1047 ἀναλύσεως
546 1016 593 1041 καὶ
606 1017 656 1051 τῆς
667 1016 799 1047 ἐλεύσεως
811 1017 859 1043 καὶ

74 1059 213 1094 κρούσεως
241 1060 366 1093 ἐνόησαν,
382 1061 423 1088 ὅτι
440 1062 454 1087 ὁ
484 1061 601 1096 Χριστὸς
624 1060 703 1091 αὐτὸς
734 1061 864 1095 ἐπιδημεῖ

75 1106 135 1137 ταῖς
150 1105 292 1136 τελευταῖς
307 1105 361 1132 τῶν
381 1106 505 1138 δικαίων,
520 1106 569 1133 καὶ
591 1107 621 1133 οὗ
652 1107 732 1141 μόνον
747 1106 863 1140 τούτων,

76 1151 145 1178 ἀλλὰ
172 1151 290 1177 καὶτῶν
320 1152 503 1187 ἁμαρτωλῶν.
523 1153 577 1178 Καὶ
591 1152 670 1179 τοῦτο
697 1152 863 1187 βεϐαιοῦσιν,

75 1197 131 1224 ἀπὸ
161 1197 207 1223 τοῦ
244 1199 331 1223 εἰπεῖν
348 1198 394 1224 τὸν
419 1198 486 1224 Θεδν
510 1198 549 1234 τῷ
579 1198 709 1233 πλουσίῳ,
737 1199 864 1233 Ἀφρον,

77 1241 169 1276 ταύτῃ
185 1240 222 1275 τῇ
235 1242 319 1269 νυκτὶ
337 1242 393 1277 τὴν
406 1241 511 1276 ψυχήν
534 1251 592 1269 σου
607 1241 788 1269 ἀπαιτοῦσιν
808 1242 866 1268 ἀπὸ

77 1295 145 1314 σου.

114 1331 223 1367 Ἕτεροι
243 1334 272 1358 de
294 1341 325 1358 τυ
350 1332 472 1359 τοιοῦτον
497 1333 586 1367 νόημα
605 1333 758 1368 δεχομενοι,
783 1333 865 1367 φασιν

76 1377 225 1413 ἐπιδημίαν
252 1377 383 1413 Χριστοῦ,
411 1378 456 1404 τὸν
474 1377 553 1412 λόγον
571 1378 665 1411 αὑτοῦ,
683 1378 728 1404 τὸν
745 1387 866 1413 μετακι-

77 1425 209 1460 λούμενον
234 1425 388 1460 τηνικαῦτα
410 1425 475 1457 τοὺς
493 1426 542 1460 μὲν
559 1425 682 1457 δικαίους
708 1427 747 1457 εἰς
765 1427 864 1461 χαρὰν,

77 1472 142 1502 τοὺς
158 1472 186 1497 δὲ
205 1471 395 1506 ἁμαρτωλοὺς,
412 1472 451 1503 εἰς
465 1472 564 1507 λύπην.

905 245 1015 272 semper
1037 238 1185 270 illuminet,
1207 242 1265 265 tum
1287 244 1348 269 nos,
1374 241 1431 264 tum
1450 242 1497 262 eos
1516 235 1562 270 qui
1581 243 1595 261 a
1614 235 1695 262 nubis

907 285 1041 312 docentur
1063 283 1093 318 (ί)
1100 304 1107 312 .

941 375 1021 403 Vers.
1037 375 1081 403 56.
1105 374 1139 402 Et
1157 383 1201 402 vos
1218 390 1253 395 -—-
1274 375 1383 409 nuptiis.
1407 373 1458 401 Per
1483 373 1696 400 similitudinem

908 420 1078 455 significavit,
1104 425 1134 447 ut
1158 420 1193 448 ad
1219 427 1364 448 occursum
1389 427 1468 447 suum
1493 423 1696 453 praeparentur,

908 467 936 494 in
952 467 1080 493 omnibus
1104 466 1175 493 bene
1198 466 1334 501 dispositi,
1359 471 1387 494 et
1411 469 1603 501 exspectantes
1622 473 1697 496 eum,

908 512 954 547 qui
969 519 1077 539 rursum
1092 520 1108 540 e
1122 513 1191 540 caelo
1207 517 1340 540 venturus
1353 516 1406 540 est.
1424 512 1540 546 Propter
1555 512 1607 539 hoc
1623 511 1697 538 enim

909 557 1071 586 descensum
1085 566 1177 591 suum,
1192 566 1257 593 quo,
1274 559 1353 594 longo
1370 561 1546 594 exspectatus
1563 561 1698 592 tempore,

909 604 1012 636 veniet,
1035 605 1219 632 reversionem
1240 604 1408 637 nominavit;
1435 603 1543 638 nuptias
1563 610 1628 630 vero
1651 610 1698 630 su-

909 658 1021 685 pernam
1037 650 1157 678 laatitiam
1170 655 1197 678 et
1207 651 1430 678 exsultationem.

945 696 1028 724 Vers.
1041 696 1085 724 56.
1104 697 1138 737 Ut
1148 711 1182 716 —
1197 697 1231 724 ei.
1249 696 1305 723 lloc
1320 699 1374 728 est,
1390 701 1420 723 ut
1430 700 1627 730 cognoscentes
1640 694 1701 728 ejus

911 743 1072 775 adventum,
1090 747 1214 778 prompte
1228 748 1256 770 et
1271 751 1332 770 cum
1353 742 1451 778 gaudio
1464 745 1621 772 occurrant.
1637 739 1700 767 nul-

911 789 963 816 lius
978 789 1030 815 s'ibi
1049 789 1113 815 mali
1131 788 1246 816 conscii.
1264 788 1367 815 Praeter
1385 788 1444 815 hate
1456 792 1551 814 autem
1573 786 1642 813 nihil
1658 791 1700 812 est

912 834 1019 862 curiose
1036 834 1212 861 scrutandum
1228 834 1261 862 de
1276 833 1417 868 parabola.

949 881 1028 910 Vers.
1052 881 1098 907 57.
1122 879 1199 907 Beati
1220 895 1256 899 —
1278 879 1428 914 vigilantes.
1447 877 1599 912 Vigilautes
1623 876 1700 908 item,

913 937 945 956 eo
963 928 1034 964 quod
1049 928 1076 954 in
1093 926 1232 962 vigilantia
1249 925 1401 952 moriantur
1416 933 1423 953 :
1439 931 1501 951 cum
1516 923 1588 950 enim
1603 922 1701 950 animas

915 977 1001 1004 virtus
1015 975 1051 1002 sit
1066 972 1220 1009 vigilantia,
1240 971 1321 999 simul
1337 978 1400 998 cum
1417 978 1448 997 ea
1464 972 1616 1004 permanet.

949 1020 1067 1055 Quidam
1081 1027 1146 1046 vero
1165 1026 1198 1045 ex
1214 1017 1266 1044 hoc
1284 1017 1374 1044 reditu
1390 1015 1546 1043 etadvcntu
1561 1021 1592 1040 ac
1609 1013 1704 1048 pulsac

915 1067 989 1095 tione
1022 1065 1229 1095 intellexerunt,
1263 1062 1335 1097 quod
1366 1061 1496 1089 Christus
1524 1059 1636 1086 advenit
1668 1057 1703 1085 ad

914 1111 1188 1146 mortemjustorum,
1201 1116 1252 1136 nec
1263 1108 1361 1135 horum
1379 1111 1495 1138 tantum,
1507 1113 1603 1132 verum
1617 1105 1703 1131 etiam

915 1162 1104 1194 peccatorum;
1121 1161 1149 1184 et
1164 1156 1215 1183 hoc
1233 1163 1267 1182 ex
1283 1162 1315 1182 eo
1329 1153 1503 1184 conﬁrmant,
1521 1151 1593 1186 quod
1606 1149 1706 1178 dixerit

916 1204 988 1232 Deus
999 1203 1076 1232 diviti
1088 1212 1096 1231 :
1111 1202 1207 1235 Stulte,
1219 1203 1270 1228 hac
1279 1205 1352 1228 nocte
1361 1200 1480 1226 animant
1491 1202 1565 1225 tuam
1583 1199 1704 1231 repetunt

916 1259 932 1277 a
947 1255 971 1277 te
986 1249 1019 1277 ".

953 1333 1006 1361 Alii
1024 1340 1090 1361 vero
1106 1332 1181 1360 hunc
1196 1331 1336 1366 accipiunt
1352 1329 1532 1359 intellectum,
1553 1331 1582 1354 ut
1601 1326 1704 1356 dicant.

917 1380 1020 1407 Christi
1043 1379 1192 1406 adventum
1214 1384 1276 1404 esse
1301 1382 1457 1403 sermonem
1478 1374 1548 1408 ejus,
1571 1372 1617 1406 qui
1640 1377 1707 1398 tunc

916 1427 1005 1462 justos
1024 1424 1142 1452 accersit
1164 1423 1196 1450 ad
1214 1422 1355 1458 gaudium,
1376 1424 1535 1455 peccatores
1558 1422 1650 1445 autem
1672 1417 1706 1444 ad

918 1479 1076 1500 mazrorem.

121 1517 211 1552 Ἀμὴν
242 1518 402 1551 -αὐτοῖς,
430 1518 627 1550 Περιζώσεται,
645 1520 678 1554 τῇ
710 1520 863 1557 δικαιοσύντ

955 1519 1033 1547 Vers.
1058 1518 1103 1544 57.
1128 1518 1208 1543 Amen
1229 1530 1265 1535 —
1281 1514 1345 1542 illis.
1365 1513 1517 1547 Praecingct
1541 1518 1580 1541 se.
1601 1509 1707 1546 justitia

79 1564 130 1598 τῆς
152 1564 370 1597 ἀνταποδόσεως,
389 1565 435 1591 καὶ
451 1564 594 1592 ἀνακλινεῖ
610 1566 721 1599 αὐτοὺς,
737 1568 777 1597 εἰς
801 1567 866 1593 ἀνά-

79 1617 180 1635 παυσιν
195 1609 315 1642 αἰώνιον,
328 1609 364 1640 ὡς
377 1609 410 1636 δι’
422 1610 504 1636 αὑτὸν
523 1612 736 1647 κεκοπιακότας,
751 1613 864 1638 x2l6t1-

79 1655 190 1690 κονήσει
207 1656 298 1688 αὐτοῖς
316 1656 446 1692 διανομὴν
458 1657 512 1683 τῶν
527 1657 610 1690 ἀξίων
625 1658 761 1693 ἀμοιϐῶν.

114 1749 171 1776 Kal
189 1750 244 1775 ἐὰν
261 1763 295 1769 -
310 1749 429 1776 ἐκεῖνοι,
445 1749 554 1785 Ἐπειδὴ
573 1751 651 1777 νυκτὶ
662 1750 749 1777 ἔοικεν
763 1752 777 1777 ὁ
800 1760 869 1787 πγρ-

79 1795 118 1822 ὼν
135 1795 202 1830 βίος,
232 1794 277 1821 διὰ
289 1794 338 1830 τὴν
350 1796 580 1832 κατακεχυμένην
593 1797 675 1823 αὑτοῦ
692 1797 809 1832 ζόφωσιν
821 1798 869 1825 καὶ

81 1838 187 1873 πλάνην
200 1839 252 1864 ἀπὸ
267 1839 322 1864 τῶν
348 1839 484 1874 δαιμόνων
502 1841 550 1867 καὶ
563 1841 617 1867 τῶν
632 1842 737 1875 παθῶν,
754 1843 868 1875 εἰκότως

81 1889 124 1920 εἰς
152 1887 298 1923 διαφόρους
317 1889 442 1923 φυλακὰς
469 1890 551 1916 αὑτὸν
579 1890 688 1926 διαιρεῖ.
708 1889 739 1916 Ol
758 1889 870 1916 παλαιοὶ

83 1934 141 1969 γὰρ
166 1935 371 1969 νυκτοφύλακες
396 1936 437 1967 εἰς
453 1937 528 1971 τρεῖς
557 1937 681 1970 φυλακὰς
707 1936 757 1970 τὴν
784 1935 870 1962 νύκτα

80 1980 189 2011 διεῖλον,
204 1981 278 2012 τινὲς
308 1981 336 2007 δὲ
365 1982 405 2013 εἰς
421 1982 570 2017 τέσσαρας.
601 1983 656 2009 Καὶ
676 1981 788 2017 πρώτην
821 1981 870 2017 μὲν

81 2026 207 2061 φυλακὴν
236 2027 321 2060 λέγει,
350 2026 400 2061 τὴν
427 2029 595 2054 κατάστασιν
621 2028 675 2054 τῶν
693 2027 870 2062 τελειοτέρων

80 2072 122 2103 sl;
142 2072 254 2106 ἀρετήν·
269 2071 399 2106 δευτέραν
414 2072 452 2105 δὲ,
468 2072 518 2108 τὴν
533 2073 587 2100 τῶν
606 2073 706 2107 μέσων·
721 2073 817 2108 τρίτην
831 2073 870 2104 δὲ,

79 2117 131 2152 τὴν
154 2117 208 2143 τῶν
232 2118 407 2151 τελευταίων,
431 2119 456 2145 οἳ
479 2119 650 2153 σύμπαντες,
671 2121 694 2146 εἰ
722 2119 871 2154 εὑρεθῶσιν

79 2162 181 2194 οὕτως.
193 2163 231 2194 ὡς
243 2163 387 2198 προλαϐὼν
400 2162 487 2197 εἶπεν,
501 2165 596 2200 ἤγουν,
613 2165 718 2199 ἕτοιμοι
739 2165 811 2191 κατὰ
822 2165 868 2191 τον

919 1563 1128 1595 retributionis;
1165 1566 1192 1588 et
1226 1560 1308 1587 faciet
1348 1559 1410 1586 illos
1447 1557 1632 1587 discumbere,
1672 1555 1706 1582 ad

917 1611 1041 1646 requiem
1065 1609 1272 1643 sempiternam,
1299 1610 1425 1640 tanquam
1449 1611 1498 1632 eos
1523 1602 1570 1637 qui
1595 1605 1708 1636 propter

917 1657 1004 1692 ipsum
1019 1656 1210 1682 laboraverunt
1224 1661 1232 1680 :
1248 1659 1280 1679 ac
1309 1650 1479 1678 ministrabit
1500 1649 1563 1681 illis,
1577 1647 1708 1675 distribu-

919 1703 1020 1728 tionctn
1036 1701 1180 1734 dignarum
1200 1697 1422 1724 retributionum.

956 1748 1033 1775 Vers.
1053 1747 1097 1774 58.
1116 1745 1147 1772 Et
1170 1744 1193 1771 si
1208 1759 1243 1764 ——
1257 1743 1309 1769 illi.
1330 1743 1398 1775 Quia
1417 1741 1488 1768 nocti
1509 1747 1630 1775 praesens
1650 1739 1705 1765 vita

919 1794 1096 1824 assimilatur.
1110 1794 1222 1827 propter
1239 1789 1357 1816 infusam
1374 1788 1398 1814 ei
1416 1787 1560 1821 caliginem
1578 1793 1608 1812 ac
1627 1793 1704 1811 erro—

919 1848 978 1868 rem
992 1847 1006 1866 a
1019 1838 1190 1866 daemonibus
1203 1840 1230 1862 ct
1246 1834 1389 1861 affectibus
1407 1842 1414 1860 :
1431 1833 1529 1859 merito
1546 1832 1572 1858 in
1587 1830 1709 1857 diversas

919 1885 1039 1920 vigilias.
1052 1891 1100 1911 seu
1114 1882 1263 1912 custodias,
1277 1881 1361 1915 ipsam
1378 1878 1485 1906 dividit.
1500 1878 1611 1905 Veteres
1622 1877 1706 1908 enim,

921 1932 966 1968 qui
987 1935 1067 1958 nocte
1084 1929 1243 1965 vigilabant,
1263 1927 1290 1953 in
1307 1931 1362 1953 tres
1380 1924 1510 1952 excubias
1529 1924 1615 1959 ipsam
1638 1922 1709 1949 divi-

921 1979 1024 2006 debant
1055 1986 1062 2004 :
1089 1975 1200 2011 quidam
1232 1981 1298 2000 vero
1322 1972 1350 1999 in
1378 1976 1503 2006 quatuor.
1535 1970 1567 1996 Et
1595 1969 1709 2004 primam

922 2024 1033 2060 quidem
1046 2023 1122 2055 dicit,
1147 2025 1249 2049 statum
1269 2026 1364 2046 eorum
1386 2017 1431 2053 qui
1452 2017 1485 2044 ad
1501 2017 1630 2043 virtutem
1648 2019 1712 2042 sunt

921 2070 1109 2107 perfectiores,
1124 2066 1283 2099 secundam,
1310 2064 1499 2095 mediocrium,
1523 2062 1641 2094 tertiam,
1660 2068 1711 2095 ρο-

923 2106 1088 2145 strcmorum
1117 2124 1124 2143 :
1149 2114 1195 2149 qui
1221 2119 1326 2143 omnes.
1355 2111 1377 2138 si
1405 2110 1440 2137 ita
1469 2108 1572 2136 inventi
1598 2106 1712 2139 fuerint,

924 2164 996 2191 sicut
1016 2166 1081 2190 ante
1101 2161 1179 2192 dixit.
1204 2159 1332 2188 videlicet
1349 2157 1438 2193 parati
1460 2155 1557 2183 mortis
1575 2159 1711 2188 tempore,

78 2209 129 2235 τοῦ
146 2208 261 2235 θανάτου
281 2210 387 2245 καιρὸν,
411 2211 543 2246 μακάριοι
558 2211 676 2243 πάντως,
701 2211 738 2242 ὡς
750 2210 798 2246 τῆς
817 2219 863 2246 μα-

926 2209 998 2238 beati
1024 2212 1115 2240 erunt,
1138 2211 1232 2242 utpote
1247 2205 1310 2233 vitae
1328 2204 1414 2231 beata:
1431 2201 1535 2237 pariter
1553 2199 1711 2236 participes.

80 2255 182 2290 καρίας
197 2254 270 2288 ζωῆς
284 2255 442 2290 μεθέξοντες
459 2257 610 2291 ἀναλόγως.

118 2301 211 2328 Τοῦτο
226 2316 261 2322 -
276 2302 380 2330 αὑτοῦ.
398 2303 452 2329 Καὶ
464 2303 493 2329 ὲν
508 2303 548 2338 τῷ
559 2303 674 2338 εἰκοστῷ
687 2303 773 2338 ὀγδόῳ
786 2311 872 2338 κεφα-

79 2345 150 2381 λαίῳ
165 2346 212 2373 τοῦ
226 2347 297 2373 κατὰ
307 2347 448 2374 Ματϐαῖον
472 2347 560 2375 εἶπεν·
584 2348 697 2375 Ἐκεῖνο
725 2348 759 2375 δὲ
776 2342 873 2382 ’γινώ-

80 2400 184 2424 ante,
199 2393 243 2420 ὅτι
257 2394 283 2420 εἰ
297 2394 362 2428 ᾔδει
374 2396 391 2421 ὁ
405 2394 631 2428 οἰκοδεσπότης.
647 2395 843 2430 ποίᾳ,φυζ1ακῇ
856 2397 872 2422 d

81 2438 215 2472 κλέπτης
221 2439 347 2472 ἔρχεται,
357 2441 561 2476 ἐγρηγόρησεν
579 2440 627 2475 ἂν,
636 2441 683 2468 καὶ
692 2442 725 2468 τὰ
733 2441 806 2476 ἑξῆς.
814 2442 870 2469 Καὶ

81 2485 220 2518 ἀνάγνωθι
233 2485 282 2520 τὴν
291 2486 420 2521 ἐξήγησιν
436 2488 503 2515 ἐκεῖ.

119 2530 176 2557 Καὶ
203 2546 239 2551 -—
259 2532 387 2567 ἔρχεται.
404 2534 479 2560 Ἐκεῖ
493 2533 540 2560 καὶ
564 2534 649 2561 ταῦτα
678 2535 798 2571 εἴρηται,
823 2535 870 2562 καὶ

81 2577 263 2611 ἡρμήνευται.

138 2666 160 2681 ³⁵
171 2666 237 2693 Luc.
263 2674 311 2700 xu,
327 2667 374 2696 20.
428 2668 451 2684 "
464 2666 561 2695 Matth.
578 2675 652 2702 xxiv,
665 2669 711 2696 45.

919 2308 923 2312 “
961 2303 1039 2331 Vera.
1061 2302 1106 2329 '59.
1125 2301 1178 2327 Hoc
1199 2313 1234 2319 ——
1257 2306 1345 2325 artant.
1370 2295 1601 2330 Quinquagesimo
1618 2298 1714 2320 octavo

923 2351 1004 2378 etiam
1015 2348 1103 2382 capite
1114 2344 1250 2380 Evangelii
1261 2344 1338 2379 juxta
1350 2343 1506 2369 Matthzeum
1532 2340 1599 2368 dixit
1612 2349 1618 2366 :
1641 2339 1715 2366 Illud

923 2401 1013 2424 autem
1037 2394 1137 2423 scitote,
1166 2390 1234 2425 quod
1261 2389 1284 2415 si
1309 2388 1387 2414 sciret
1418 2385 1636 2422 paterfamilias,
1663 2391 1715 2416 qua

924 2441 1018 2477 vigilia
1051 2439 1094 2474 {ur
1122 2442 1247 2464 venturus
1277 2438 1347 2466 erat,
1382 2432 1514 2468 vigilasset
1558 2431 1658 2465 utique,
1689 2432 1717 2455 et

925 2493 1020 2517 etetera
1043 2486 1077 2511 ".
1097 2485 1168 2518 Lege
1191 2490 1255 2517 ergo
1274 2481 1311 2508 ibi
1331 2479 1544 2508 enarrationem.

961 2535 1041 2562 Vers.
1069 2531 1114 2558 40.
1137 2529 1171 2557 Et
1192 2543 1227 2548 —
1251 2532 1376 2554 uenturus
1399 2531 1448 2553 est.
1470 2524 1509 2552 lbi
1527 2529 1636 2559 quoque
1660 2521 1718 2548 lucc

923 2582 995 2609 dicta
1008 2584 1072 2607 sunt
1082 2586 1111 2606 ac
1121 2577 1266 2605 declarata.

683 2745 782 2777 Variae
801 2745 955 2776 lectiones
971 2749 1002 2775 et
1021 2748 1105 2775 nota)

120 2841 152 2870 (il
171 2840 283 2875 Oportet
295 2840 367 2867 enim
382 2839 432 2868 hns
448 2847 556 2876 semper
571 2841 661 2869 lucere
675 2846 702 2869 et
723 2840 890 2874 illuminare,
908 2840 983 2868 illum
999 2839 1108 2876 quidem
1127 2846 1188 2874 nos,
1207 2838 1280 2866 hunc
1304 2844 1369 2867 vero
1385 2844 1442 2870 eos,
1460 2835 1506 2871 qui
1525 2842 1539 2862 a
1566 2834 1644 2862 nubis
1669 2834 1715 2861 do-

83 2880 190 2903 CCI~llll'.
