1927 3074
227 125 276 158 991

841 128 1033 159 EUTHYMII
1053 127 1233 158 ZIGABENI

1799 124 1852 156 99:7.

261 184 338 212 νει-ε.
358 186 402 213 ιι.
421 185 462 212 Ait
488 199 523 206 --
545 185 623 214 Vers.
649 186 695 213 42.
722 186 875 213 demensum
903 186 1010 214 cibum!

1098 186 1173 215 Εῒπο
1201 202 1236 208 -
1259 187 1468 223 σιτομέτριον;
1484 186 1569 218 Εἰδὼς
1589 185 1603 212 ὁ
1627 184 1743 219 Πέτρος,
1762 184 1804 211 ὃτι
1823 184 1852 210 αἱ

226 231 324 258 Sciens
341 231 450 262 Petrus,
468 232 600 267 quasdam
624 232 769 267 parabolas
787 232 884 260 electis
901 233 1011 268 proprie

224 277 310 312 aptari
326 277 481 312 discipulis,
496 278 627 313 quasdam
643 286 709 306 vero
723 279 908 307 communiter
920 279 1011 307 omni-

178 336 180 338 ι
225 323 286 355 hus,
307 323 406 350 merito
425 323 458 350 de
477 323 605 358 parabole
624 324 788 361 interrogat,
805 332 858 360 qua
883 325 1013 353 videlicet

225 369 292 396 dixit
307 375 315 394 :
332 367 389 395 Sint
406 368 487 396 lumbi
503 370 581 397 uestri
595 371 742 404 praecincti,
760 374 788 398 et
810 375 918 399 castera.
942 369 1013 403 Quid

226 420 291 447 ergo
305 413 451 442 Christus?
466 414 609 450 Requisito
624 416 698 444 ﬁdeli
711 423 742 444 ac
754 416 884 452 prudenti
899 417 1013 452 dispen-

225 464 326 492 satore,
356 460 455 488 deinde
486 461 545 497 ipso
576 463 658 490 beato
689 462 849 498 praedicam,
882 462 1013 495 ostendit,

226 505 300 540 quod
323 506 357 534 de
381 507 449 542 ipsis
472 508 571 536 dixerit
593 510 766 544 parabolam;
792 509 914 537 futurum
941 508 1015 537 enim

227 556 297 584 erat,
318 558 349 580 ut
367 553 418 589 ipsi
435 554 555 582 ﬁdelium
572 555 778 591 dispensatores
797 556 904 590 tierent,
919 556 1017 584 dantes

227 597 295 632 ipsis
312 599 339 625 in
357 603 480 635 tempore
496 601 658 628 demensum
674 602 806 630 doctrina:
822 602 927 629 cibum.

261 688 434 725 Legeautem
463 693 692 729 quinquagesimo
718 699 816 723 octavo
840 695 918 730 juxta
947 695 1015 724 Mat-
1038 707 1043 714 -

227 735 335 762 thu-um
352 741 442 772 caplte
460 739 525 767 dicti
541 740 613 768 illius
631 741 835 768 enarrationem
853 751 859 768 :
880 741 1013 774 Quisnam

227 787 266 808 es!
293 783 378 817 ﬁdelis
412 792 512 818 servus,
543 790 567 813 et
593 787 708 821 prudens
723 787 766 814 ’Ἴ
793 792 821 815 et
849 787 886 816 ibi
918 788 1016 816 horum

228 830 350 857 omnium
381 831 506 859 invenies
538 832 772 867 explanationem.

1067 236 1117 271 μὲν
1134 235 1188 262 τῶν
1205 235 1369 271 παραὸολῶν
1386 242 1416 261 τε
1433 233 1481 260 καὶ
1495 231 1623 263 ἐντολῶν,
1641 230 1695 265 ἰδίᾳ
1711 230 1766 260 τοῖς
1778 228 1852 261 ἐξει-

1065 282 1209 318 λεγμένοις
1227 281 1364 316 μαθηταῖς
1378 280 1557 315 ἀρμόζονσιν,
1574 278 1602 305 αί
1630 276 1669 309 δὲ,
1685 276 1762 310 κοινῇ
1783 274 1853 300 πᾶσι

1066 329 1123 359 τοῖς
1140 329 1257 361 πιστοῖς,
1284 326 1400 358 εἰκότως
1414 325 1505 361 ἐρωτᾷ
1524 324 1588 359 περὶ
1607 323 1658 358 τῆς
1679 320 1852 356 παραϐολῆς,

1066 373 1177 410 δηλαδὴ,
1191 374 1240 409 τῆς
1256 372 1399 408 λεγούσης,
1416 373 1588 405 ,Ἔστωσαν
1597 369 1680 404 ὑμῶν
1693 369 1724 395 αὶ
1739 367 1854 401 ὀσφύες

1068 418 1305 453 περιεζωσμέναι,
1319 417 1406 445 καὶτὰ
1421 416 1494 453 ἑξῆς·
1505 416 1532 443 τί
1541 415 1588 442 οὖν
1600 415 1615 442 ὁ
1625 413 1743 449 Χριστός
1754 421 1761 445 ;
1780 412 1855 438 Ἐπι-

1069 466 1190 502 ζητήσας
1209 466 1255 493 τὸν
1270 466 1366 492 πιστὸν
1387 465 1432 492 καὶ
1460 464 1592 499 φρόνιμον
1618 461 1760 494 οἰκονόμον
1783 458 1854 493 (ΞΙ),

1069 511 1129 540 εἶτα
1142 512 1297 548 μακαρίσας
1315 510 1408 544 αὐτὸν,
1423 510 1533 544 ἔδειξεν.
1548 510 1589 536 ὅτι
1607 508 1674 544 περὶ
1687 506 1778 533 αὐτῶν
1791 505 1852 531 εἶπε

1068 559 1118 594 τὴν
1130 558 1301 594 παραδολήν.
1313 557 1394 584 Αὐτοὶ
1412 557 1466 592 γὰρ
1489 555 1602 591 ἔμελλον
1625 553 1760 587 οἰκονόμοι
1778 550 1856 585 γενετ-

1071 605 1139 632 σθαι
1156 604 1211 631 τῶν
1226 604 1340 636 πιστῶν,
1355 603 1473 635 διδόντες
1488 603 1581 634 αὑτοῖς
1592 603 1621 628 ἑν
1634 599 1724 635 καιρῷ
1740 600 1770 625 τδ
1785 605 1857 624 σιτο-

1070 651 1181 687 μέτριον
1197 650 1249 684 τῆς
1264 649 1450 681 διδασκαλίας.

1105 696 1256 730 ’Δνάγνωθι
1271 695 1300 722 δὲ
1315 696 1361 721 καὶ
1379 695 1408 721 ὲν
1425 694 1465 730 τῷ
1479 692 1658 727 πεντηκοστῷ
1671 691 1756 725 ὀγδόῳ
1769 697 1858 722 κεφα-

1070 743 1138 778 λαίῳ
1152 742 1199 769 τοῦ
1216 743 1286 769 κατὰ
1300 740 1439 769 Ματθαῖον
1453 740 1501 775 τὴν
1517 739 1647 774 ἐξήγησιν
1663 738 1710 763 τοῦ
1720 745 1726 751 ι
1739 736 1786 769 Τίς
1800 735 1859 768 ἄρα

1070 789 1157 817 ἐστὶν
1172 790 1189 816 ὁ
1205 788 1313 820 πιστὸς
1327 787 1438 819 δοῦλος
1454 786 1503 813 καὶ
1517 787 1677 820 φνόνιμος,
1690 785 1737 810 καὶ
1747 783 1859 809 πάντων

1072 837 1175 863 τούτων
1189 836 1316 871 εὑρήσεις
1328 834 1387 861 ἐκεῖ
1398 834 1446 869 τὴν
1458 832 1619 867 ἑρμηνείαν.

265 875 340 903 Vers.
368 877 412 904 45.
438 877 539 905 Beatus
561 893 597 898 —
612 878 690 907 Vers.
708 880 751 908 44.
770 880 857 908 illum.
875 881 915 908 Ibi
936 881 1016 909 etiam

1107 882 1258 916 Μακάριος
1269 895 1304 901 -·-
1318 881 1422 908 αὐτόν.
1436 879 1512 906 Ἐκεῖ
1524 878 1571 905 καὶ
1600 877 1687 904 ταῦτα
1703 873 1863 909 ὀιεσαφηνί-

229 921 287 949 hate
307 923 441 957 patefacta
464 929 538 951 sunt.

264 967 343 997 Vers.
354 970 397 996 45.
410 969 486 1002 Quod
494 971 636 999 εἰν-νοτε.
654 973 698 1000 46.
711 978 801 1009 ponet.
812 973 1019 1009 Consequenter

228 1014 311 1042 etiam
329 1016 461 1050 praediolo
473 1018 563 1052 capite
579 1018 638 1047 haec
653 1019 725 1046 dicta
745 1028 776 1047 ac
792 1020 927 1048 declarata
942 1026 1016 1049 sunt.

224 1056 226 1058 ⁷
265 1061 342 1089 Vers.
360 1062 405 1090 47.
432 1062 482 1091 Ille
500 1079 536 1084 —-
558 1065 660 1093 multis.
683 1066 719 1093 Dc
739 1065 839 1094 futuris
863 1067 1019 1102 pastoribus

228 1113 271 1135 est
287 1107 332 1136 hic
352 1116 455 1142 sermo,
479 1115 621 1139 exterrens
636 1119 692 1145 eos,
712 1113 759 1148 qui
774 1121 882 1141 omnem
907 1114 954 1141 Dei
972 1122 1020 1142 vo-

229 1153 362 1182 luntatem
377 1161 526 1190 noverunt,
543 1165 593 1185 nec
607 1166 635 1186 se
648 1163 812 1194 praeparant,
828 1159 879 1187 hoc
895 1165 947 1192 est,
962 1168 1018 1188 non

229 1199 334 1229 faciunt
356 1201 432 1237 juxta
461 1203 663 1239 beneplacitum
686 1205 757 1240 ejus.
783 1205 817 1233 Et
840 1209 1018 1240 protestatur,

235 1247 307 1280 quod
338 1248 506 1283 vapulahunt
533 1250 639 1284 multis,
666 1256 741 1286 puta,
775 1252 879 1288 plagis;
912 1254 939 1282 id
966 1259 1019 1288 est,

229 1292 330 1321 misere
355 1295 570 1329 turquebuntur.
592 1297 656 1332 quia
679 1298 799 1326 scientes
819 1299 1018 1335 despexerunt.

266 1389 347 1417 Vers.
371 1390 416 1418 48.
440 1391 491 1424 Qui
511 1400 572 1419 vero
593 1409 627 1414 —
647 1395 748 1428 paucis.
771 1395 855 1430 Atqui
878 1395 1020 1432 ignorabat

230 1435 399 1464 voluntatem
421 1437 539 1470 domini,
566 1439 614 1467 sed
635 1444 727 1467 tamen
749 1441 786 1468 ita
806 1449 915 1478 quoque
933 1452 1019 1479 vapu-

230 1482 298 1510 labit
312 1491 320 1515 ;
335 1491 396 1510 cum
412 1484 485 1511 enim
499 1484 569 1512 scire
583 1485 728 1521 potuisset,
745 1495 799 1514 non
811 1488 892 1516 scivit
905 1497 912 1516 :
927 1497 1020 1524 neque

231 1535 322 1557 tamen
345 1534 462 1564 tantum,
485 1535 515 1558 ut
535 1532 610 1566 prior

231 1575 276 1603 hic
291 1584 356 1603 vero
379 1577 471 1612 segnis
487 1578 538 1606 fuit
560 1587 566 1605 :
589 1579 702 1614 gravior
723 1585 814 1608 autem
837 1587 880 1609 est
903 1583 1019 1617 segnitie

231 1625 419 1664 contemptus.
442 1623 584 1659 Signiﬁcat
603 1630 695 1653 autem
710 1625 829 1660 ﬁdelem,
846 1627 1018 1663 ignorantem

231 1673 265 1694 ex
285 1666 392 1702 ignavia
414 1675 446 1695 ac
470 1669 588 1697 ruditate
616 1669 663 1698 Dei
688 1671 868 1700 voluntatem.
894 1672 1020 1702 lntideles

231 1714 318 1747 enim,
332 1722 386 1742 non
403 1723 436 1743 ex
450 1716 564 1751 segnitie
576 1716 623 1745 Dei
636 1717 803 1746 voluntatem
820 1719 960 1754 ignorant,
971 1721 1020 1748 sed

230 1760 387 1788 voluntario
404 1769 497 1789 errore
511 1769 543 1790 ac
556 1763 720 1791 immutabili
732 1765 877 1799 pravitate.

265 1807 344 1835 Vers.
372 1808 417 1835 48.
441 1807 515 1836 Omni
537 1814 626 1837 autem
647 1817 839 1846 —qu¢eretur.
861 1811 895 1839 Et
915 1812 968 1841 hoc
986 1813 1021 1842 de

230 1854 388 1889 pastoribus
408 1855 511 1883 dictum
531 1861 589 1895 est;
609 1857 652 1884 his
669 1858 743 1885 enim
764 1866 861 1894 magna
875 1860 962 1895 gratia
977 1860 1021 1888 in-

231 1902 358 1929 tellectus
380 1902 482 1930 divinae
498 1894 648 1932 voluntatis
668 1904 730 1931 data
747 1909 798 1937 est,
815 1905 849 1932 ad
865 1894 960 1933 eorum
974 1906 1020 1941 qui

231 1953 394 1984 pascuntur,
410 1949 573 1983 utilitatem;
593 1951 653 1978 ideo
667 1951 761 1984 etiam,
781 1955 910 1987 tanquam
926 1953 960 1980 ab
978 1953 1021 1981 his

230 1995 277 2031 qui
295 1995 381 2023 multa
401 2002 567 2031 acceperunt
585 1997 697 2030 talenta,
715 1997 832 2025 multum
847 1997 915 2026 lucri
933 1999 967 2026 ab
982 1999 1022 2026 eis

231 2048 380 2077 quzeretur.
401 2042 480 2076 Quod
505 2047 596 2070 autem
615 2043 774 2078 pastoribus
791 2044 855 2072 data
875 2045 911 2073 sit
924 2045 1020 2081 gratia,

231 2089 314 2117 etiam
334 2089 435 2117 Paulus
451 2090 530 2123 dicit,
543 2090 669 2118 scribens
688 2090 722 2118 ad
742 2090 919 2119 Timotheum
932 2090 1022 2120 :.Noli

232 2136 362 2170 negligere
376 2137 493 2171 gratiam
513 2144 572 2171 quw
585 2137 614 2163 in.
635 2142 659 2164 te
682 2142 732 2169 est,
754 2145 814 2172 qua:
833 2138 880 2165 tibi
897 2138 961 2165 data
984 2143 1022 2166 est

232 2191 292 2211 cum
301 2183 468 2218 intpost'tione
479 2191 607 2210 manuum
618 2182 775 2218 presbyterii
785 2183 821 2210 ³⁸.

635 1541 642 1560 :
669 1533 715 1561 ille
725 1534 860 1569 siquidem
882 1535 1018 1571 despexit,
1033 1549 1055 1578 ο

1073 930 1186 957 σθησαν.

1127 939 1186 956 σαν.

1107 939 1181 1004 τ’ίιῖὰν
1190 976 1224 1003 δὲ
1235 992 1269 996 -
1279 975 1376 1008 θήσει.
1390 972 1559 1003 ’Δκολούθως
1572 971 1601 998 ἐν
1616 969 1713 1005 ἐκείνῳ
1721 968 1760 1003 τῷ
1776 975 1864 1001 κεφαο

1071 1023 1140 1058 λαίῳ
1156 1024 1204 1050 καὶ
1223 1022 1309 1049 ταῦτα
1324 1020 1440 1058 ὲρῤήθη,
1461 1019 1508 1046 καὶ
1526 1018 1698 1054 ἡρμηνεύθη.

1114 1069 1246 1101 Ἐκεῖνος
1260 1083 1295 1090 -ν-
1320 1066 1449 1099 πολλάς.
1464 1064 1534 1101 Περὶ
1546 1064 1600 1091 τῶν
1622 1063 1773 1099 μελλόντων
1799 1070 1865 1088 ποι-

1075 1116 1181 1152 μαίνειν
1199 1114 1297 1142 ὲστὶνό
1315 1113 1394 1147 λόγος
1409 1109 1486 1143 οὗτος
1504 1111 1574 1147 (22),
1595 1110 1720 1144 ἐκφοϐῶν
1741 1108 1806 1140 τοὺς
1825 1108 1866 1134 εί-

1073 1163 1152 1194 δότας
1172 1162 1221 1194 μὲν
1241 1161 1294 1187 πᾶν
1316 1160 1345 1187 τὸ
1359 1159 1466 1194 θέλημα
1486 1157 1533 1184 τοῦ
1547 1156 1626 1187 Θεοῦ,
1646 1155 1682 1191 μὴ
1700 1153 1864 1190 ἐτοιμάζον-

1072 1218 1122 1240 τας
1130 1208 1168 1241 δὲ,
1177 1207 1311 1237 τουτέστι,
1325 1205 1362 1242 μὴ
1373 1203 1517 1235 ποιοῦντας
1530 1202 1597 1238 πρὸς
1608 1202 1753 1237 ἀρέσκειαν
1766 1199 1863 1231 αὐτοῦ,

1074 1255 1121 1282 καὶ
1137 1252 1403 1289 διαμαρτυρόμενος,
1415 1251 1457 1277 ὃτι
1472 1249 1636 1284 δαρήσονται
1665 1247 1777 1279 mni;
1795 1246 1866 1280 πλη-

1073 1301 1125 1334 γὰς
1154 1299 1288 1334 δηλονότι,
1317 1298 1454 1330 τουτέστι,
1476 1295 1699 1336 κολασθήσονται
1721 1291 1863 1327 χαλεπῶς,

1073 1347 1139 1374 διότι
1155 1346 1256 1378 ειδότες
1275 1344 1493 1380 κατεφρόνησαν.
1614 1339 1616 1341 ⁷

1115 1394 1146 1420 '0
1163 1392 1197 1419 δὲ
1224 1407 1261 1412 -
1296 1391 1410 1425 ὀλίγας.
1428 1389 1482 1416 Καὶ
1506 1388 1560 1424 μὴν
1587 1387 1679 1423 ἠγνόει
1699 1385 1728 1413 τὺ
1752 1384 1863 1420 θέλημα

1074 1439 1121 1466 τοῦ
1142 1438 1239 1474 κυρίου
1257 1436 1350 1470 αὑτοῦ,
1368 1436 1426 1464 ἀλλ’
1443 1436 1518 1469 ὅμως
1543 1434 1692 1469 δαρήσεται
1707 1433 1755 1458 καὶ
1771 1429 1862 1463 οὗτος,

1073 1487 1140 1514 διότι
1160 1486 1307 1520 δυνάμενος
1334 1484 1447 1518 γνῶναι,
1463 1483 1513 1510 οὐκ
1530 1483 1614 1516 ἔγνω,
1633 1480 1702 1515 πλὴν
1719 1479 1749 1505 οὗ
1768 1477 1865 1504 τοσοῦ-

1072 1542 1127 1561 τον.
1146 1534 1265 1564 Ἐκεῖνος
1282 1531 1332 1567 μὲν
1346 1530 1399 1566 γὰρ
1417 1529 1631 1565 κατεφρόνησεν·
1648 1524 1725 1558 οὗτος
1738 1526 1767 1553 δὲ
1780 1527 1866 1561 ὲῤῥᾳ-

1072 1580 1188 1615 θύμησε.
1202 1578 1388 1612 Χαλεπωτέρα
1404 1577 1432 1604 δὲ
1453 1575 1590 1612 ῥᾳθυμίας
1609 1575 1626 1610 ἡ
1644 1573 1862 1608 καταφρόνησις.

1071 1626 1152 1660 Δηλοϊ
1166 1625 1194 1652 δὲ
1207 1624 1252 1651 τὸν
1279 1623 1386 1656 πιστὸν,
1407 1623 1452 1649 τὸν
1468 1621 1618 1652 ἀγνοοῦντα
1635 1619 1665 1646 τὺ
1689 1618 1797 1653 θέλημα
1815 1616 1862 1643 τοῦ

1071 1672 1151 1706 Θεοῦ,
1166 1671 1209 1699 διὰ
1223 1671 1353 1706 ἀμαθίαν.
1368 1670 1399 1696 Ol.
1409 1669 1462 1704 γὰρ
1472 1668 1582 1695 ἄπιστοι
1605 1666 1654 1692 οὐκ
1666 1665 1701 1701 ὲκ,
1722 1663 1864 1700 ῥᾳθυμίας

1072 1719 1200 1754 ἀγνοοῦσι
1217 1719 1248 1744 τὸ
1270 1717 1376 1752 θέλημα
1392 1716 1439 1743 τοῦ
1466 1715 1545 1747 Θεοῦ,
1570 1714 1628 1741 ἀλλ’
1651 1713 1680 1746 ἐξ
1698 1712 1862 1746 αὐθαιρέτου

1072 1765 1176 1800 πλάνης
1204 1764 1251 1791 καὶ
1267 1763 1476 1798 ἁμεταμελήτου
1493 1760 1605 1792 κακίας.

1106 1811 1201 1840 Παντὶ
1228 1811 1262 1838 δὲ
1276 1826 1309 1830 -
1330 1809 1526 1844 ὥιτηθιὶσεται
1547 1807 1616 1843 (25).
1631 1807 1686 1834 Καὶ
1703 1805 1783 1832 τοῦτο
1797 1804 1863 1839 περὶ

1072 1860 1126 1886 τῶν
1141 1858 1351 1894 ποιμαινόντων.
1376 1856 1489 1887 Τούτοις
1516 1855 1570 1890 γὰρ
1599 1854 1699 1881 δίδοται
1722 1852 1791 1879 πολὺ
1815 1852 1864 1886 χά-

1075 1915 1159 1942 ρισμα
1172 1905 1306 1936 συνέσεως
1316 1903 1364 1931 τοῦ
1376 1903 1530 1939 θελήματος
1545 1901 1594 1928 τοῦ
1610 1900 1689 1932 Θεοῦ,
1707 1898 1777 1933 πρὸς
1790 1898 1863 1932 ὠφέ-

1073 1955 1149 1982 λειαν
1171 1953 1225 1980 τῶν
1243 1951 1475 1987 ποιμαινομένων.
1501 1949 1547 1975 Διδ
1565 1949 1624 1978 καὶ,
1645 1947 1683 1978 ὡς
1708 1944 1795 1971 πολλὰ
1813 1945 1862 1970 τά.

1073 2001 1159 2028 λαντα
1174 1999 1314 2031 λαϐόντες,
1339 1997 1425 2024 πολλὰ
1446 1995 1529 2031 κέρδη
1555 1993 1803 2028 ἀπαιτηθήσονται·
1822 1990 1863 2016 ὅτι

1072 2049 1102 2075 δὲ
1118 2047 1240 2083 χάρισμα
1271 2045 1371 2071 δίδοται
1391 2044 1448 2074 τοῖς
1470 2041 1659 2076 ποιμαίνουσι,
1682 2039 1749 2073 φησὶ
1776 2037 1826 2063 καὶ
1849 2037 1863 2062 ὁ

1074 2095 1192 2127 Παῦλος,
1211 2093 1326 2128 γράφων
1346 2091 1415 2125 πρὸς
1432 2088 1583 2123 Τιμόθεον
1604 2086 1651 2119 Μὴ
1676 2085 1780 2119 ἀμέλει
1809 2083 1862 2110 τοῦ

1073 2141 1109 2169 ἐν
1125 2140 1175 2168 σοὶ
1189 2140 1385 2175 χαρίσματος,
1403 2136 1418 2162 ὃ
1432 2135 1523 2168 ἐδόθη
1535 2142 1585 2161 σοι
1597 2133 1673 2168 μετὰ
1700 2129 1864 2162 ἐπιθέσεως

1074 2187 1134 2215 τῶν
1145 2185 1252 2222 χειρῶν
1266 2184 1319 2211 τοῦ
1336 2180 1562 2217 πρεσϐυτερίου.

268 2235 347 2264 Vers.
366 2235 413 2264 48.
431 2236 501 2264 Ει-
527 2244 567 2263 ea.
596 2235 764 2271 Exemplaris
780 2236 890 2271 quidem
908 2244 1018 2270 sermo;

1110 2218 1164 2262 ι(άὶ
1175 2218 1211 2254 -ζ
1223 2232 1326 2261 αὐτόν.
1339 2229 1595 2267 Παραδειγματικὸς
1612 2227 1661 2263 μὲν
1671 2227 1685 2253 ὁ
1701 2226 1791 2259 λόγος,
1805 2224 1863 2252 ἐστι

233 2287 277 2310 est
298 2286 390 2310 autem
417 2287 445 2310 et
469 2282 513 2310 hic
537 2282 571 2310 de
597 2282 712 2310 eisdem.
736 2283 786 2310 Cui
806 2283 882 2310 enim
906 2283 1019 2311 multam

233 2336 369 2356 summam
384 2328 418 2356 ad
436 2328 649 2363 negetiationem
666 2329 942 2362 commendaveruut,
961 2330 1021 2365 plus

232 2375 303 2403 lucri
323 2382 354 2402 ex
371 2374 555 2410 negotiatione
570 2377 664 2409 petent
682 2374 716 2401 ab
733 2381 776 2402 eo.
788 2374 828 2401 Ita
841 2379 869 2402 et
883 2375 1020 2410 Christus,

233 2421 278 2448 cui
297 2421 414 2448 multum
429 2420 523 2456 gratia:
536 2420 750 2452 commendavit,
762 2420 824 2455 plus
838 2425 913 2456 petet
927 2422 962 2450 ab
975 2430 1019 2450 eo.

234 2467 266 2495 Ei
290 2467 364 2495 enim
383 2467 541 2495 concredita
557 2471 601 2495 est
620 2474 676 2494 non
697 2466 788 2494 solum
807 2467 916 2502 propria
935 2467 1010 2496 salus

233 2521 328 2542 verum
341 2514 422 2542 etiam
438 2514 543 2550 populi.

272 2560 349 2588 Vera.
374 2561 419 2588 l9.
445 2561 536 2596 Ignem
557 2576 593 2581 —
615 2565 726 2589 terram.
744 2561 836 2597 Ignem
856 2569 930 2589 nunc
943 2561 1020 2593 dicit,

235 2607 316 2639 ﬁdem
334 2616 366 2635 ac
384 2607 426 2635 sui
450 2607 636 2640 dilectionem,
661 2608 852 2636 demonstrans
870 2608 1021 2635 vehemen-

288 2679 311 2694 "
328 2677 427 2706 Matth.
444 2684 521 2710 xxxv,
535 2677 580 2705 45.
633 2676 678 2704 ’⁸1
694 2676 765 2704 Tim:
787 2684 823 2711 iv,
837 2677 879 2704 tt.

1070 2281 1098 2309 δὲ
1113 2281 1160 2308 καὶ
1176 2276 1255 2311 οὗτος
1267 2278 1332 2314 περὶ
1346 2277 1402 2304 τῶν
1412 2275 1661 2310 τοιούτων.Ὤσπερ
1674 2274 1740 2308 γᾶρ,
1753 2271 1775 2306 ᾧ
1790 2280 1863 2307 παρο

1074 2328 1168 2356 έοεντό
1196 2335 1267 2356 τινες
1282 2325 1350 2352 πολὺ
1365 2323 1515 2357 κεφάλαιον
1533 2322 1573 2351 είς
1594 2320 1742 2356 ἐμπορίαν,
1767 2327 1863 2353 περισ-

1072 2373 1381 2411 σότερονάπαιτήσουσιν
1391 2370 1482 2401 αὑτὸν,
1489 2368 1532 2395 διὰ
1538 2368 1568 2394 τὸ
1576 2367 1605 2399 ἐξ
1615 2365 1750 2401 ἐμπορίας
1758 2365 1862 2411 κέρδος

1071 2410 1143 2449 οὕτω
1151 2420 1218 2447 καὶὸ
1229 2418 1305 2451 Θεὸς,
1315 2413 1337 2451 ᾧ
1350 2416 1484 2452 παρέθετο
1493 2413 1562 2440 πολὺ
1576 2412 1712 2448 χάρισμα,
1725 2410 1861 2446 περισσό-

1074 2476 1152 2504 τερον
1166 2466 1313 2501 ἀπαιτήσει
1324 2464 1416 2491 αὐτόν.
1436 2462 1576 2498 Χρεωστεῖ
1587 2460 1654 2495 γὰρ,
1666 2459 1698 2485 οὺ
1715 2459 1800 2493 μόνον
1814 2458 1862 2492 τὴν

1076 2513 1173 2542 ἑαυτοῦ
1189 2511 1337 2547 σωτηρίαν,
1350 2509 1419 2537 ἀλλὰ
1435 2509 1482 2536 καὶ
1492 2508 1541 2543 τὴν
1559 2506 1607 2533 τοῦ
1616 2504 1694 2532 λαοῦ.

1111 2560 1174 2594 Πῦρ
1187 2574 1223 2579 -
1238 2557 1306 2593 γῆν.
1328 2555 1388 2592 Πῦρ
1401 2556 1476 2590 λέγει
1489 2553 1537 2581 νῦν
1556 2552 1605 2587 τὴν
1632 2553 1673 2583 εἰς
1697 2550 1782 2577 αὑτὸν
1796 2548 1865 2583 ἁγά-

1076 2615 1131 2642 πην
1146 2606 1193 2633 καὶ
1215 2604 1318 2637 πίστιν,
1346 2601 1489 2638 ἐμφαίνων
1512 2599 1543 2626 τὸ
1569 2597 1684 2633 σφοδρὸν
1708 2596 1796 2630 αὐτῆς
1815 2595 1864 2622 καὶ

835 2754 936 2786 Variae
949 2751 1102 2785 lectiones
1117 2754 1148 2783 et
1163 2754 1256 2782 notae.

277 2834 333 2867 (9|)
363 2833 573 2867 ρίκοδεσπότην,
589 2833 618 2859 Β.

279 2866 335 2904 ᾹΞΞ)
351 2866 433 2900 Οὗτος
446 2869 460 2895 ὁ
479 2868 573 2902 λόγος,
585 2867 613 2894 Β.

1116 2827 1173 2861 (‘25)
1186 2826 1337 2854 Ilentenius
1351 2826 1397 2853 hic
1410 2825 1542 2861 atldidit,‘
1557 2824 1589 2852 ab
1608 2831 1649 2852 eo.
1676 2822 1731 2851 Sed
1766 2825 1861 2850 neuter

1079 2859 1200 2891 meorum
1220 2861 1353 2898 agnoscit,
1383 2860 1448 2896 mp‘
1462 2859 1556 2887 αὑτοῦ.
