1927 3074
225 151 281 184 935

222 261 270 280 se!
281 252 370 284 altert,
388 257 443 279 tres
461 252 532 279 enim
553 251 677 279 binarios
695 251 825 278 adducit?
839 251 898 278 Non
912 251 1010 278 dividit

222 299 381 334 quinarium
395 299 422 324 in
437 299 585 328 senarium.
602 298 648 332 qui
664 305 678 324 a
691 298 817 331 quinario
833 297 938 324 oriatur
953 297 983 332 (ί)
999 305 1006 324 :

221 345 270 372 sed
296 344 441 380 mysticum
468 344 596 378 quiddam
621 344 734 371 denotat
758 344 802 370 ille
827 344 973 377 quinarius
1001 351 1008 370 :

222 391 363 417 senarium
384 396 449 416 vero
474 390 590 416 assumit
614 389 732 423 exempli
759 389 855 423 gratia.
882 388 953 421 Quid
969 393 1011 416 est

221 443 296 470 ergo,
322 435 395 469 quod
419 442 467 469 per
487 434 644 469 quinarium
670 434 861 469 signiﬁcatur?
888 434 1011 461 lrrecon-

221 481 386 512 ciliabilitas,
403 481 570 515 foederisque
593 480 714 507 carentia
735 485 798 515 post
821 480 913 513 ﬁdem,
936 481 1010 507 inter

221 534 268 554 eos
281 527 326 561 qui
353 533 416 553 ante
437 531 592 562 susceptam
617 526 696 552 ﬁdem
717 526 785 553 uniti
807 530 886 553 erant
908 533 1009 561 cogna-

222 574 297 600 tione
322 578 351 600 et
376 573 584 607 conjunctione.

257 618 334 645 Sicut
374 619 402 645 in
432 618 596 653 quibusdam
633 618 766 652 quinque,
801 622 867 652 puta
901 617 1010 645 duobus

222 662 381 689 hominibus
408 667 436 689 et
452 663 541 699 tribus
564 662 657 695 rebus,
682 667 732 688 aut
749 662 856 689 duabus
879 663 961 689 rebus
983 666 1012 688 et

221 709 310 735 tribus
332 708 501 740 hominibus,
522 708 641 735 difﬁcilis
659 708 782 743 quaedam
798 712 842 735 est
863 715 895 735 ac
911 707 1012 742 impos-

222 755 308 781 sibilis
320 755 475 782 conciliatio
489 763 495 781 :
509 762 570 781 cum
580 754 635 781 duo
647 754 773 781 homines
784 754 818 781 de
831 754 919 780 tribus
930 754 1012 781 rebus

221 797 394 826 dissentiunt.
409 802 456 824 aut
478 805 492 824 e
512 798 652 824 contrario
675 802 730 824 tres
752 798 785 824 de
800 798 907 825 duabus
926 807 933 826 :
950 806 1011 825 oms

222 842 287 868 nino
304 843 376 868 enim
397 850 511 870 necesse
527 848 579 874 est,
595 847 625 870 ut
642 850 697 870 una
715 843 797 870 trium
813 843 922 870 duobus
941 843 1012 870 divi-

845 131 1036 180 Ειῖτηγιίιι
1056 151 1239 182 ZIGABENI

256 208 276 243 -ξ-
299 208 452 241 Quomodo,
477 215 538 234 eum
558 206 679 241 quinque
701 205 778 241 prius
801 206 915 239 dixerit,
941 214 1009 234 num

1102 208 1177 244 [Πῶς
1190 208 1246 244 (27)
1262 208 1344 234 πέντε
1370 207 1466 239 εἰπὼν,
1489 206 1518 239 ἒξ
1532 205 1658 242 ἐπιφέρει
1673 214 1680 237 ;

1803 151 1853 183 996

1703 207 1776 241 τρεῖς
1801 210 1853 242 γὰρ

1063 254 1163 287 ἐπάγει
1180 253 1326 287 συζυγίας.
1343 253 1381 278 Οὺ
1406 251 1456 287 τὴν
1473 251 1658 287 προτεθεῖσαν
1680 251 1799 277 πεντάδα
1813 254 1854 283 εἰς

1064 299 1145 332 ἑξάδα
1160 299 1250 326 ἁπλοῖ·
1273 299 1342 325 ἀλλὰ
1352 298 1397 325 διὰ
1412 297 1462 332 μὲν
1491 299 1540 333 τῆς
1563 297 1693 328 πεντάδος
1719 298 1851 332 μυστικόν

1063 353 1090 370 τι
1107 344 1192 379 δηλοῖ·
1204 345 1254 379 τὴν
1268 344 1349 376 ἑξάδα
1363 344 1391 370 δὲ
1422 343 1645 379 παραδείγματος
1659 343 1753 369 ἕνεκεν
1764 351 1855 378 παρα-

1064 390 1210 426 λαμϐάνει.
1227 391 1261 417 ΤΞ
1292 390 1338 417 οὖν
1354 390 1382 417 τδ
1404 390 1449 416 διά
1475 389 1526 424 τῆς
1559 388 1690 420 πεντάδος
1719 388 1851 424 δηλούμε-

1064 445 1108 462 νον
1121 435 1177 470 (28)
1193 445 1199 468 ;
1220 436 1257 462 Τὸ
1288 435 1357 470 μετὰ
1381 434 1430 470 τὴν
1446 434 1538 460 πίστιν
1553 433 1791 460 δυσκατάλλακτον
1807 433 1855 458 καὶ

1063 482 1269 517 άσυμὸίϐαστον
1293 481 1348 508 τῶν
1384 481 1456 508 κατὰ
1487 480 1650 514 συγγένειαν
1678 480 1726 506 καὶ
1761 478 1854 514 σχέσιν

1065 527 1120 563 πρὸ
1141 529 1190 562 τῆς
1207 528 1326 558 πίστεως
1339 526 1500 562 ήνωμένων.

1105 611 1209 644 Ὠσπερ
1237 611 1292 645 γὰρ
1317 610 1364 636 ἐπὶ
1393 609 1474 636 πέντε
1491 608 1585 649 τινῶν,
1612 608 1707 643 ἦγουν,
1736 607 1783 634 δύο
1806 606 1857 640 μὲν

1065 657 1229 691 ἀνθρώπων,
1263 657 1348 692 τριῶν
1377 656 1405 682 δὲ
1437 655 1623 690 πραγμάτων,
1650 654 1666 689 ἢ
1696 653 1781 689 τριῶν
1807 653 1857 687 μὲν

1066 703 1230 738 ἀνθρώπων,
1244 703 1291 729 δύο
1307 702 1335 728 δὲ
1353 702 1539 737 πραγμάτων,
1553 701 1660 735 χαλεπή
1679 709 1720 731 τις
1729 700 1777 726 καὶ
1793 699 1859 725 ἀδί-

1068 759 1148 782 νατος
1180 751 1198 785 ἠ
1221 749 1393 783 καταλλαγὴ,
1424 749 1489 774 ὅταν
1507 749 1531 774 oi
1555 747 1601 773 δύο
1626 747 1766 781 ἄνθρωποι
1791 747 1859 780 περὶ

1065 798 1120 824 τῶν
1137 797 1221 833 τριῶν
1241 796 1414 831 πραγμάτων
1433 794 1615 827 στασιάζωσιν
1629 814 1636 826 ,
1655 793 1672 828 ἧ
1698 793 1858 819 τούναντίον

1065 845 1089 870 oi
1109 845 1183 878 τρεῖς
1199 842 1265 878 περὶ
1279 842 1333 869 τῶν
1345 841 1400 869 δύο·
1418 841 1527 875 ἀνάγκη
1539 841 1594 875 γὰρ
1603 840 1722 870 πάντως,
1737 838 1753 873 ἢ
1772 838 1802 864 τὸ
1826 837 1856 864 ἓν

222 887 302 915 datur
322 887 488 921 hominibus,
520 889 564 916 Vel
589 889 650 916 dua:
676 896 720 916 res
742 889 768 915 in
790 893 847 916 tres
871 893 1009 921 secentur,

1067 890 1118 916 τῶν
1132 890 1218 925 τριῶν
1243 888 1416 924 πραγμάτων
1443 888 1500 918 τοῖς
1520 885 1597 912 δυσὶν
1613 883 1768 918 ἀνθρώποις
1792 883 1857 908 ἐπι-

229 940 292 960 cum
318 933 409 960 nullus
425 941 519 960 eorum
535 934 648 961 divisam
669 934 760 961 sortiri
782 934 856 961 velit.
873 934 911 961 ita
935 939 963 962 et
984 934 1011 961 in

223 978 277 1010 his,
297 978 343 1013 qui
366 980 528 1013 cognatione
549 984 595 1006 aut
615 980 811 1014 conjunctione
830 979 900 1007 uniti
922 986 1010 1011 erant.

223 1025 452 1051 dissentientibus
472 1025 547 1052 circa
568 1025 648 1052 ﬁdem
668 1033 699 1053 ac
714 1026 819 1055 divisis.
835 1030 862 1053 et
881 1026 1011 1060 implaca-

225 1070 319 1096 biliter
343 1078 372 1097 se
400 1071 572 1098 habentibus.
595 1071 691 1104 Erunt,
717 1071 815 1106 inquit,
846 1073 901 1099 duo
929 1079 1012 1106 super

223 1115 322 1148 tribus,
345 1116 371 1143 id
393 1121 445 1148 est,
459 1122 588 1152 tanquam
611 1118 665 1144 duo
682 1117 807 1145 homines
823 1125 906 1153 super
925 1118 1012 1145 tribus

223 1161 309 1188 rebus
327 1162 504 1194 dissidentes,
522 1167 550 1190 et
566 1171 687 1196 rursum,
703 1168 831 1198 tanquam
850 1168 905 1191 tres
921 1164 1012 1191 homi-

223 1214 273 1234 nes
295 1215 378 1242 super
400 1207 507 1235 duabus
530 1207 622 1236 rebus.

258 1356 361 1384 Deinde
386 1357 465 1391 ponit
476 1357 557 1384 etiam
573 1357 698 1393 exempla
711 1358 906 1394 cognationum
921 1366 953 1386 ac
965 1359 1014 1386 ha-

223 1403 380 1430 bitudinuni
402 1411 497 1431 eorum
517 1403 562 1439 qui
583 1405 805 1439 propinquissimi
821 1410 895 1438 sunt,
916 1409 944 1433 et
962 1405 1012 1433 sibi

222 1453 318 1476 mutuo
345 1449 463 1477 maxime
487 1450 645 1483 faniiliares,
670 1450 717 1477 sed
740 1450 820 1478 divisi
852 1451 1013 1478 acutissimo

223 1495 286 1521 ﬁdei
313 1495 414 1530 gladio,
440 1503 500 1530 qua:
524 1503 572 1530 per
597 1495 817 1530 prredicationem
847 1495 1010 1524 inducitur:

222 1548 338 1574 quorum
353 1542 406 1568 duo
429 1541 527 1568 binarii
541 1545 615 1576 .sunt
632 1541 766 1576 sanguine
789 1543 1009 1576 conjtmctotum,
1026 1563 1047 1592 Ο

223 1586 301 1612 tertia
318 1593 384 1613 vero
398 1586 557 1621 conjunctio
573 1591 616 1613 est
634 1586 771 1613 afﬁnium.

386 1631 523 1659 Prwlerea
538 1633 608 1659 circa
619 1632 686 1659 idem
698 1632 750 1660 alio
763 1633 850 1660 modo.

255 1675 320 1704 Duae
335 1672 511 1705 habitudines
526 1677 657 1705 adversus
672 1682 726 1705 tres
742 1686 922 1714 personarum
932 1687 1008 1707 com-

220 1721 374 1750 binationes
393 1732 399 1750 :
418 1728 446 1750 et
463 1731 572 1750 rursum
594 1729 648 1751 tres
670 1732 849 1759 personarum
869 1726 1010 1754 combina-

221 1768 310 1795 tioncs
327 1769 457 1796 adversus
471 1769 538 1796 duas
559 1769 733 1797 habitudines
751 1779 758 1798 :
778 1771 859 1805 dupla
876 1771 1010 1806 siquidem

221 1814 356 1842 habitudo
371 1819 413 1842 est
427 1815 543 1842 duorum
559 1820 742 1844 extremorum
760 1825 906 1851 processus
924 1817 1009 1845 itera-

221 1864 276 1892 tus,
291 1864 386 1894 utpote
407 1868 422 1888 a
446 1866 522 1895 patre
538 1861 571 1889 ad
589 1861 685 1894 ﬁlium,
703 1867 730 1889 et
745 1870 759 1889 a
774 1862 830 1890 ﬁlio
847 1863 880 1890 ad
892 1869 1008 1898 patrem,

219 1909 248 1932 et
260 1905 297 1933 ita
315 1906 342 1933 in
365 1907 481 1934 caeteris.
501 1907 610 1943 Triplex
625 1916 691 1936 vero
707 1917 886 1944 personarum
903 1910 1009 1937 combi-

220 1952 294 1978 natio
313 1957 366 1984 est,
392 1956 471 1987 pater
484 1957 511 1981 et
530 1953 614 1986 ﬁlius,
629 1959 717 1982 mater
736 1960 763 1982 et
780 1955 844 1988 lilia,
861 1963 956 1983 socrus
981 1960 1010 1984 et

195 1998 198 2000 '
220 2004 316 2024 nurus.
328 1997 405 2031 Quod
413 2002 503 2026 autem
514 1998 608 2026 Graece
618 1999 719 2027 dicitur
733 2001 790 2033 ἐπὶ,
800 2000 936 2036 signiﬁcat
946 2009 1010 2028 con-

221 2046 262 2068 tra
276 2043 316 2070 vel
326 2044 461 2077 adversus,
476 2048 610 2072 utcontra
620 2045 660 2072 vel
672 2046 805 2073 adversus
816 2051 870 2074 tres
882 2052 929 2074 aut
941 2047 1009 2074 duos

219 2088 252 2116 ad
278 2089 485 2124 signiﬁcandam
519 2092 719 2126 separationem
739 2093 782 2120 vel
803 2092 1006 2121 alienationem.

255 2133 334 2163 Vers.
353 2136 397 2163 55.
415 2136 556 2164 Dit't'dctur
573 2152 605 2158 -—-
625 2146 726 2164 socrum
751 2146 838 2165 suam.
863 2138 926 2167 Haec
940 2147 1009 2174 prae-

218 2180 301 2208 dictis
323 2189 379 2209 non
402 2187 468 2210 sunt
488 2183 648 2218 coaptanda,
672 2184 720 2211 sed
744 2185 777 2212 ab
800 2185 854 2212 alio
874 2185 1008 2220 principio

1066 935 1241 971 μερισθῆναι,
1256 934 1272 970 ῆ
1288 935 1322 961 τὰ
1336 933 1384 960 δύο
1399 933 1554 968 πράγματα
1573 932 1615 962 είς
1628 930 1691 966 τρία
1702 929 1856 964 τμηθῆναι,

1065 982 1178 1017 μηδενὸς
1195 980 1285 1007 αὐτῶν
1303 979 1501 1014 ἐπιδεχομένου
1522 977 1605 1012 τυχὺν
1622 977 1765 1011 διαίρεσιν·
1778 975 1856 1001 οὕτω

1063 1029 1111 1055 καὶ
1127 1028 1173 1055 ἐπὶ
1190 1028 1244 1054 τῶν
1278 1026 1351 1053 κατὰ
1372 1025 1534 1059 συγγένειαν
1556 1023 1604 1050 καὶ
1632 1023 1725 1057 σχέσιν
1745 1020 1859 1056 ἡνωμέ-

1064 1083 1117 1101 νων
1137 1094 1145 1106 ,
1179 1073 1379 1105 στασιαζόντων
1406 1071 1478 1098 κατὰ
1505 1070 1555 1105 τὴν
1578 1069 1678 1100 πίστιν,
1707 1068 1755 1094 καὶ
1788 1067 1861 1093 διαι-

1065 1121 1206 1156 ρουμένων
1224 1119 1273 1146 καὶ
1287 1118 1533 1154 ὰσυμὸατούντων.
1550 1117 1692 1146 Ἔσονται,
1711 1114 1789 1150 φησὶ,
1809 1114 1859 1140 δύο

1065 1166 1112 1192 ἐπὶ
1132 1167 1218 1200 τρεῖς,
1245 1164 1398 1195 τουτέστιν,
1426 1163 1463 1195 ὡς
1477 1163 1525 1189 δύο
1552 1161 1692 1197 ἄνθρωποι
1709 1161 1756 1186 ἐπὶ
1779 1159 1859 1195 τρισὶ

1064 1211 1210 1246 πράγμασι
1239 1209 1442 1242 στασιάζοντες,
1469 1209 1516 1236 καὶ
1543 1207 1581 1240 ὡς
1615 1208 1690 1242 τρεῖς
1715 1206 1859 1241 ἄνθρωποι

1065 1257 1147 1285 πάλιν
1165 1256 1212 1284 ἐπὶ
1231 1256 1292 1283 δυσὶ
1307 1255 1483 1292 πράγμασιν.
1768 1248 1773 1253 ’

1104 1351 1172 1378 Εἶτα
1196 1349 1289 1385 τίθησι
1314 1348 1363 1375 καὶ
1383 1347 1599 1383 παραδείγματα
1619 1343 1786 1379 συγγενειῶν
1811 1343 1859 1370 καὶ

1066 1397 1205 1433 σχέσεων.
1231 1395 1286 1422 τῶν
1325 1395 1525 1429 γνησιωτάτων
1561 1392 1610 1428 μὲν
1638 1393 1685 1418 καὶ
1718 1390 1859 1416 οίκειοτά-

1064 1452 1118 1470 των
1151 1442 1288 1477 ἀλλήλοις,
1322 1440 1521 1475 διαιρουμένων
1543 1438 1571 1465 δὲ
1598 1439 1632 1473 τῇ
1654 1436 1857 1472 τμητικωτάτῃ

1066 1489 1189 1524 μαχαίρᾳ.
1217 1489 1267 1522 τῆς
1302 1486 1374 1514 κατὰ
1406 1486 1437 1512 τὺ
1473 1486 1607 1520 κήρυγμα
1645 1483 1784 1514 πίστεως,
1821 1480 1858 1508 ἐν

1065 1536 1094 1562 αἱ
1120 1534 1170 1569 μὲν
1196 1534 1243 1560 δύο
1260 1532 1398 1567 συζυγίαι,
1427 1531 1488 1558 καθ’
1509 1527 1590 1566 αἷμα,
1616 1531 1633 1566 ἡ
1655 1530 1683 1556 δὲ
1700 1529 1793 1564 τρίτη,
1822 1528 1853 1554 ‘6?

1064 1579 1237 1616 ἀγχιστείας.

1286 1625 1410 1659 Ἑτέρως
1428 1625 1470 1656 εις
1493 1622 1526 1650 τὸ
1544 1623 1630 1649 αὑτό.

1100 1673 1153 1700 Δύο
1185 1672 1293 1708 σχέσεις
1320 1671 1367 1697 ἐπὶ
1398 1669 1475 1705 τρισὶ¹
1505 1668 1649 1702 συζυγίαις
1689 1666 1857 1702 προσώπων,

1064 1722 1113 1748 καὶ
1136 1722 1212 1756 τρεῖς
1240 1719 1274 1747 αὖ
1308 1718 1437 1753 συζυγίαι
1462 1716 1618 1753 προσώπων
1640 1715 1685 1742 ἐπὶ
1707 1715 1768 1740 δυσὶ
1794 1714 1855 1748 σχέι

1065 1776 1135 1795 σεσι.
1161 1766 1248 1801 Διπλῆ
1283 1766 1332 1801 μὲν
1370 1764 1427 1800 γὰρ
1452 1765 1469 1799 ἡ
1505 1763 1597 1798 σχέσις
1636 1762 1691 1787 τῶν
1719 1759 1788 1795 πρός
1818 1768 1854 1790 τι,

1063 1814 1117 1841 ἀπό
1165 1822 1195 1840 τε
1242 1812 1346 1847 πατρὶς
1383 1811 1452 1846 πρὶς
1496 1810 1575 1841 υίὺν,
1625 1808 1671 1833 καὶ
1706 1807 1752 1839 ἀφ’
1782 1805 1854 1835 υἱοῦ,

1064 1860 1133 1895 πρὸς
1152 1858 1257 1893 πατέρα
1269 1878 1276 1890 ,
1298 1857 1346 1883 καὶ
1359 1855 1405 1882 ἐπὶ
1431 1854 1486 1881 τῶν
1502 1853 1591 1881 ἄλλων
1605 1852 1715 1887 ὁμοίως.
1733 1850 1856 1886 Τριπλαῖ

1063 1907 1092 1934 δὲ
1112 1905 1232 1933 ἐνταῦθα
1253 1905 1282 1932 αἱ
1305 1902 1433 1936 συζυγίαι
1449 1901 1503 1927 τῶν
1526 1899 1717 1935 προκειμένων
1742 1895 1854 1931 προσώο

1063 1963 1133 1988 πων,
1157 1952 1248 1987 πατὴρ
1270 1951 1317 1977 καὶ
1345 1949 1413 1981 υἱὸς,
1440 1947 1532 1982 μήτηρ
1551 1945 1599 1972 καὶ
1621 1943 1754 1978 Θυγάτηρ,
1791 1951 1856 1967 πεν-

1064 1999 1133 2035 θερὰ
1146 1999 1195 2026 καὶ
1206 1997 1311 2032 νύμφη·
1328 1995 1360 2021 τὸ
1374 1995 1414 2026 δὲ,
1431 1993 1481 2020 ἐπὶ
1499 1992 1589 2027 τρισί,
1605 1990 1653 2017 καὶ
1671 1989 1719 2016 ἐπὶ
1747 1988 1853 2020 δυσὶν,

1062 2047 1123 2073 ἀντὶ
1136 2044 1194 2077 τοῦ,
1210 2044 1280 2070 κατὰ
1295 2042 1349 2069 τῶν
1369 2040 1464 2075 τριῶν,
1480 2039 1529 2066 καὶ
1548 2037 1620 2065 κατὰ
1633 2036 1686 2063 τῶν
1701 2035 1761 2067 δύο,
1777 2035 1849 2069 πρὶς

1062 2090 1199 2124 διάζευξιν
1215 2089 1262 2117 καὶ
1277 2086 1508 2121 ἀπαλλοτρίωσιν.
1521 2083 1532 2120 ]

1097 2133 1361 2170 Διαμερισθήσεται
1370 2146 1404 2152 -
1416 2130 1565 2164 πενθερὰν
1575 2128 1680 2160 αὐτῆς.
1695 2126 1790 2153 Ταῦτα
1798 2127 1854 2156 τοῖς

1061 2182 1256 2220 προρρηθεῖσιν
1268 2180 1299 2207 οὐ
1314 2177 1478 2209 συναπτέον,
1504 2175 1562 2203 ἀλλ’
1577 2173 1624 2209 ἀφ’
1647 2173 1745 2220 ἐτέρας
1762 2173 1853 2220 ὰρζῆς

220 2226 347 2261 legenda,
381 2235 413 2255 ac
435 2230 586 2256 secundum
610 2229 753 2256 historiam
781 2218 1006 2265 interpretanda;

1067 2218 1260 2263 ὶναγνωστέον,
1295 2225 1343 2252 καὶ
1369 2224 1431 2251 καθ’
1448 2222 1570 2258 ἱστορίαν
1587 2219 1779 2270 ἐ-ρμηνε-υτέρν,
1790 2218 1854 2270 ’δη-

218 2271 455 2307 signiﬁcantenim
471 2273 633 2302 divisionem
650 2274 768 2301 ﬁdelium
785 2275 819 2301 ab
835 2275 1006 2305 inﬁdelibus:

1060 2262 1161 2301 λοῦντα
1173 2273 1219 2299 τὸν
1237 2269 1424 2306 διαμερισμὸν
1438 2267 1492 2295 τῶν
1522 2266 1631 2293 πιστῶν
1650 2265 1699 2292 καὶ
1715 2263 1769 2290 τῶν
1785 2262 1852 2289 άπίο

218 2321 247 2344 et
265 2317 336 2351 quod
352 2318 594 2353 propinquissimaa
615 2321 724 2355 generis
738 2319 911 2348 habitudines
930 2329 1009 2357 sepa-

1067 2329 1142 2352 ςτων,
1166 2320 1207 2346 ὅτι
1230 2319 1277 2345 καὶ
1308 2317 1334 2342 αἱ
1352 2315 1537 2350 γνησιιιζταται
1560 2312 1666 2347 σχέσεις
1690 2309 1737 2336 τοῦ
1755 2309 1852 2343 γένους

220 2363 363 2390 rabuntur.
383 2364 453 2399 Lege
474 2369 566 2392 autent
592 2366 698 2392 decimo
721 2373 794 2393 nono
820 2366 907 2401 capite
919 2367 1009 2395 Evan-

1058 2365 1290 2401 διαιρεθήσονται.
1310 2361 1433 2396 Ζήτησον
1450 2359 1478 2386 δὲ
1493 2359 1522 2385 ὲν
1545 2358 1585 2392 τῷ
1609 2355 1850 2401 ἐννεακαιδεκάτῳ

219 2409 282 2444 gelii
309 2410 457 2437 secundum
482 2410 638 2437 Matthmum
656 2411 719 2439 dicti
746 2411 817 2439 illius
845 2400 1009 2448 interpreta-

1067 2400 1201 2446 ιεφαλαίῳ
1222 2408 1269 2435 τοῦ
1296 2407 1367 2434 κατὰ
1394 2405 1533 2433 Ματθαῐον
1558 2403 1607 2438 τὴν
1634 2403 1770 2448 ἐξήγησιν
1782 2400 1848 2426 τοῦ·

221 2454 322 2481 tionem
342 2462 350 2481 :
371 2455 435 2482 Veni
455 2457 536 2489 enim,
558 2462 586 2483 ut
602 2457 730 2485 dissidere
749 2459 849 2494 faciam
877 2459 1007 2487 hominem

1058 2456 1171 2484 Ἦλθον
1185 2455 1240 2489 γὰρ
1253 2454 1308 2490 (29)
1322 2451 1445 2487 διχάσαι
1460 2450 1618 2484 ἄνθρωπον
1634 2449 1709 2475 κατὰ
1724 2447 1777 2473 τοῦ
1793 2455 1848 2472 πα-

219 2501 343 2527 advcrsus
358 2506 461 2535 patrem
472 2510 550 2529 suum
560 2503 579 2535 ¹,
593 2508 620 2530 et
635 2509 744 2537 ca-tera,
759 2513 818 2540 qua:
828 2505 1009 2532 praesentibus

1067 2503 1126 2537 Ῥὸς
1136 2501 1240 2534 αὺτοῦ,
1255 2500 1302 2527 καὶ
1318 2500 1352 2526 τὰ
1369 2498 1444 2533 ἑξῆς,
1461 2497 1531 2524 πάνυ
1548 2497 1605 2527 τοῖς
1618 2494 1738 2530 παροῦσι
1754 2494 1848 2528 ῥητοῖς

219 2547 309 2575 verbis
324 2548 474 2583 plurimum
493 2549 643 2577 conformis
661 2556 713 2577 est.

278 2615 375 2643 Matth.
389 2623 418 2649 Χ,
435 2616 479 2643 55.

1058 2549 1244 2585 ἁρμόζουσαν.

799 2651 899 2681 Variae
923 2649 1077 2681 lectiones
1095 2653 1126 2680 et
1153 2652 1247 2679 noue.

255 2723 311 2756 (27)
328 2723 393 2757 Qua:
415 2724 460 2752 hic
487 2724 590 2752 inclusa
622 2729 696 2756 sunt,
723 2724 807 2751 codex
835 2729 949 2759 uterque
979 2724 1007 2752 in

220 2759 342 2794 margine
361 2759 481 2786 exhibet.
499 2759 668 2787 Referuntur
680 2763 773 2786 autem
787 2759 821 2786 ad
837 2767 947 2787 versum
960 2759 1006 2793 55,

222 2795 271 2822 ubi
284 2793 364 2821 etiam
385 2795 537 2822 llentenius
562 2795 684 2822 exhibet.

1110 2724 1156 2758 28)
1172 2722 1424 2759 napanloiiusvov,
1437 2721 1458 2748 B

1110 2725 1156 2758 28)
1172 2725 1372 2759 παραδηλούμει

1097 2725 1152 2795 ἒῖθ)
1163 2760 1219 2794 Γᾰρ
1229 2758 1329 2786 omittit
1339 2758 1372 2786 Α.

257 2871 288 2908 tl)
303 2870 354 2903 Qui
381 2885 416 2891 —-
431 2873 546 2901 oriatur.
562 2874 618 2910 Τὴν
645 2875 823 2911 προτεθεῖσαν
854 2880 906 2910 est,
928 2883 1007 2910 quem

1067 2878 1214 2911 iposuerat,
1224 2872 1258 2901 de
1273 2881 1327 2909 quo
1350 2877 1413 2901 ante
1428 2871 1542 2900 dixerat.
