1927 3074
64 171 123 202 991

552 165 747 198 COMMENT.
766 165 807 195 ΙΝ
826 164 965 195 LUCAM.
982 177 1013 182 -
1034 165 1112 196 CAP.
1135 165 1223 195 XIII.

1643 167 1696 199 995

100 225 180 252 Κατὰ
198 223 227 251 δὲ
251 222 410 258 ἀναγωγὴν,
429 222 522 258 πατὴρ
550 223 600 257 μὲν
618 222 652 249 ἂν
678 222 719 257 είη
737 221 750 247 δ
771 220 832 252 νοῦς
846 229 853 236 ·

943 219 1024 246 Juxta
1048 228 1187 256 anagogcn
1212 228 1276 247 vero
1307 223 1384 255 pater
1405 227 1465 248 esse
1491 226 1578 255 potest
1607 230 1696 256 mens,

63 272 122 304 υίὸς
134 271 162 298 δὲ
179 270 275 303 αὐτοῦ,
292 269 306 296 ὁ
325 270 443 304 πονηρὸς
457 269 600 303 λογισμὸς,
617 268 679 295 καθ’
695 265 725 295 οὗ
739 267 853 294 στασιά-

61 328 116 352 σει,
135 317 306 353 ἀρνούμενος
327 316 420 347 αὑτὸν.
437 315 474 348 ὡς
492 315 636 350 βλαϐερόν.
654 315 755 350 Μήτηρ
767 314 796 341 δὲ
809 313 852 349 είη

60 365 107 397 ἂν,
123 365 140 399 ἡ
158 363 260 398 καρδία
273 371 279 378 ·
306 362 433 397 θυγάτηρ
457 361 485 388 δὲ
498 361 624 396 αὑτῆς,ή
642 362 751 396 πονηρὰ
775 360 854 386 ἐνού-

62 418 158 446 μησις,
178 409 239 436 καθ’
254 406 287 444 ἧς
305 409 353 435 καὶ
371 408 441 443 αὑτὴ
462 408 614 440 στασιάσει,
630 407 679 434 καὶ
690 407 854 443 ἀπορραγῆ-

60 464 138 482 σεται
151 455 265 490 ταύτης.
280 454 404 489 Πενθερὰ
419 455 447 480 δὲ
468 453 501 481 ἃν
516 455 571 488 εἴη,
585 454 601 489 ἡ
617 453 772 488 Συναγωγὴ
796 452 853 479 τῶν

66 502 204 529 Ἰουδαίων
233 509 240 516 '
262 502 355 535 νύμφη
385 501 413 527 δὲ
437 501 535 535 αὐτῆς,
562 501 579 535 ἠ
618 500 768 535 Ἐκκλησία
799 499 854 526 τῶν

59 547 248 582 Χριστιανῶν,
279 546 315 577 ὡς
339 546 527 580 νυμφευθεῐσα
553 545 592 581 τῷ
616 546 738 581 Χριστῷ,
766 545 794 576 ὃς
820 542 854 580 ἦν

62 593 122 624 υἱὸς
138 592 188 627 τῆς
213 591 383 627 δηλωθείσης
409 591 589 625 Συναγωγῆς,
607 591 678 617 κατᾶ
692 591 723 616 τὸ
748 589 854 625 ἀνθρώ·

58 646 150 664 πινον·
171 637 199 669 ἐξ
215 637 301 672 αὐτῆς
318 637 373 672 γὰρ
389 637 570 671 ἐϐλάστησεν.

99 685 254 717 Ἐλετε-
278 681 471 716 δοκιμάζετε;
488 682 641 718 Πρός-ωπον
664 682 715 716 τῆς
741 682 792 717 γῆς
805 680 855 707 καὶ

57 727 108 755 τοῦ
132 727 262 763 οὐρανοῦ,
282 728 299 762 ὴ
320 727 469 761 ἐπιφάνεια
495 726 598 763 ταύτης
613 727 752 754 κάκείνου.
771 726 854 760 Λέγει

57 773 161 805 τοίνυν,
188 773 229 799 ὅτι
263 772 494 807 Ὑποκρινόμενοι
522 773 692 808 πρδγνωσιν,
716 772 766 807 τὴν
787 772 852 798 ἔπι-

59 820 177 855 φάνειαν
190 819 242 854 τῆς
258 819 311 854 γῆς
328 819 377 845 καὶ
392 818 440 845 τοῦ
457 818 575 852 οὐρανοῦ
588 817 676 844 οἴδατε
689 817 851 852 διακρίνειν,

60 868 109 893 καὶ
126 868 157 892 ὲκ
179 866 403 902 παρατηρήσεως
421 867 508 900 αὐτῆς
523 866 671 901 προλέγειν
692 865 722 892 τὸ
738 865 851 900 μέλλον·

58 914 109 940 τὸν
134 913 162 939 δὲ
187 912 284 948 καιρὸν
311 912 418 944 τοῦτον,
439 912 485 938 τὸν
519 912 569 947 τῆς
596 912 665 947 ὲμῆς
700 911 853 946 παρουσίας

59 959 203 994 δηλονότι,
237 958 296 990 πῶς
330 959 362 985 οὺ
384 958 551 994 διακρίνετε,
577 958 609 984 ἐκ
634 958 854 993 παρατγγρήσεως

59 1006 117 1032 τῶν
135 1006 256 1040 νομικῶν
269 1005 372 1040 βίῦλων
389 1006 437 1031 καὶ
469 1003 663 1040 προφητικῶν,
680 1005 710 1030 ὲν
724 1002 767 1035 αἷς
780 1004 854 1031 κεῖν-

59 1061 107 1078 τιιι
124 1053 222 1087 πημεϊλι
248 1051 347 1078 τούτου
364 1051 412 1078 καὶ
442 1050 579 1086 σύμϐολα,
594 1051 641 1086 ἀφ’
666 1048 703 1078 ὦν
732 1050 853 1085 εὐχερῶς

61 1096 139 1129 οὗτος
152 1098 206 1133 (⁸50)
219 1096 432 1131 διαγινώσκεται
447 1099 503 1129 τοῖς
517 1099 693 1132 προσέχουσις
706 1097 777 1132 Πρὸς
791 1096 854 1128 τοὺς

62 1143 242 1178 Γραμματείς
269 1142 297 1168 δὲ
322 1143 336 1168 δ
354 1142 445 1176 λόγος,
470 1142 496 1168 sl.
515 1142 564 1169 καὶ
579 1143 646 1177 πρὸς
671 1142 735 1173 τοὺς
759 1141 854 1176 δχλους

63 1190 157 1220 ἁπλῶς
171 1188 286 1224 ἐρρηθη.

101 1236 131 1263 Τί
153 1235 187 1262 δὲ
202 1250 237 1255 -
257 1234 397 1268 Mirator;
432 1236 489 1270 Ἐφ’
513 1235 608 1271 ἕτερον
634 1235 737 1271 μετέδη
763 1235 853 1270 λόγον,

63 1281 110 1306 καὶ
129 1280 258 1314 παραινεῖ
273 1279 319 1306 διὰ
334 1279 474 1315 γνωρίμου
487 1281 715 1316 παραδείγματος
732 1281 856 1308 ἀπαλλα-

63 1327 147 1360 γῆναι
163 1326 211 1352 τοῦ
223 1326 345 1358 Σατανᾶ,
358 1325 429 1362 ἤτοι,
442 1326 498 1353 τῶν
512 1327 601 1362 ἔργων
616 1326 712 1359 αὑτοῦ,
730 1328 853 1361 φάσκων,

64 1358 141 1401 itu-ti
166 1377 215 1402 καὶ
235 1377 283 1410 ἀφ’
312 1358 426 1403 ἑαυτῶν.
439 1375 469 1402 οὐ
497 1358 584 1402 vasis:
599 1373 630 1401 τδ
643 1358 742 1408 καλὸν,
761 1358 854 1401 εὺδιάἐ

63 1429 187 1455 γνωστον
199 1421 245 1455 δνς

109 1465 154 1500 Ὡς
172 1483 206 1488 --
222 1469 327 1496 αὑτοῦ.
353 1469 404 1501 Δδς
427 1467 570 1505 ἐργασίαν,
598 1467 694 1503 ἦγουν,
723 1466 855 1501 εἰσάγαγε

64 1513 156 1548 ἔργον,
175 1515 304 1551 σπουδὴν,
334 1516 440 1550 ἀγῶνα,
459 1515 663 1549 ἀνταλλαγῆναι
689 1513 737 1540 ἀπ’
758 1514 854 1541 αὐτοῦ.

906 266 978 293 lilius
1003 271 1094 293 autem
1114 267 1173 299 ejus
1195 274 1277 301 prava
1300 266 1439 302 cogitatio,
1465 267 1599 294 adversus
1613 275 1696 303 quam

906 312 1026 339 movebit
1049 312 1223 345 seditionem,
1239 320 1341 347 negans
1364 312 1450 347 ipsam
1468 317 1597 348 tanquam
1617 314 1696 341 noci-

905 365 977 385 vam.
1000 357 1084 384 Mater
1100 365 1166 384 vero
1193 365 1240 385 cor
1262 367 1268 385 :
1292 358 1345 385 ﬁlia
1357 358 1429 393 ejus,
1450 365 1532 392 prava
1548 359 1696 394 cupiditas,

906 404 1038 431 adversus
1058 411 1140 438 quam
1158 403 1241 430 etiam
1261 403 1318 438 ipsa
1344 404 1465 440 insurget
1481 408 1509 431 et
1524 404 1557 431 ab
1573 412 1604 431 ea
1621 405 1695 432 avel-

905 450 986 478 letur.
1016 450 1118 477 Socrus
1145 455 1238 477 autem
1267 449 1307 477 sit
1336 449 1476 486 Synagoga
1513 449 1696 478 Iudaeorum:

905 504 992 523 nurus
1017 496 1087 531 ejus,
1104 495 1224 523 Ecclesia
1239 495 1471 528 Christianorum,
1489 501 1585 531 utpote
1610 501 1697 532 nupta

906 541 1025 574 Christo,
1055 542 1102 576 qui
1124 541 1204 570 dicta:
1224 541 1373 577 Synagogae
1394 542 1472 576 juxta
1492 542 1693 570 humanitatem

906 587 977 614 ﬁlius
993 591 1062 620 erat,
1083 595 1183 622 nempe
1196 587 1230 614 ab
1252 588 1309 622 ipsa
1325 592 1481 622 generatus.

941 681 1016 709 Vers.
1041 682 1086 710 54.
1106 682 1214 709 Dicebat
1233 695 1268 702 -ο-
1288 681 1367 710 Vers.
1381 682 1424 710 56.
1444 683 1584 716 probatis?
1605 683 1697 710 Facies

905 727 966 754 eceli
984 731 1012 755 et
1024 732 1114 760 terraz,
1132 727 1291 763 superficies
1301 732 1343 755 est
1370 729 1453 762 hujus
1474 733 1502 755 et
1518 728 1602 756 illius.
1627 728 1698 755 Dicit

904 781 970 809 ergo
988 782 994 800 :
1011 773 1198 809 Dijudicantes
1217 775 1288 809 apud
1303 782 1352 801 vos
1367 775 1509 810 praesagia,
1524 774 1696 810 superficiem

905 820 966 847 caeli
983 824 1010 847 et
1024 824 1102 847 terra:
1118 820 1204 847 nostis
1219 821 1386 853 discernere,
1405 825 1433 847 et
1445 828 1478 848 ex
1492 821 1551 856 ejus
1566 821 1697 848 observa-

906 865 991 898 tione,
1020 865 1093 900 quod
1119 865 1241 892 futurum
1265 870 1316 898 est,
1342 865 1508 900 pmdicere;
1530 866 1581 893 boc
1604 871 1696 893 autem

907 916 1027 946 tempus,
1039 911 1091 938 mei
1109 911 1238 939 videlicet
1251 912 1403 946 adventus,
1414 912 1552 947 quomodo
1567 919 1622 938 non
1640 911 1697 939 dis-

906 957 1018 984 cernitis
1032 964 1065 984 ex
1080 958 1274 986 observatione
1291 958 1419 994 legalium
1436 959 1568 987 librorum
1584 966 1617 985 ac
1633 967 1697 994 pro.

905 1003 1068 1038 phetalium,
1082 1004 1110 1031 in
1123 1004 1223 1039 quibus
1239 1004 1316 1039 signa
1330 1009 1357 1032 et
1373 1005 1504 1040 praesagia
1518 1005 1605 1040 posita
1621 1010 1697 1034 sunt.

906 1049 1006 1084 quibus
1028 1049 1120 1084 ipsum
1142 1049 1221 1077 facile
1237 1050 1406 1085 dignoscitur
1422 1050 1456 1077 ab
1474 1051 1526 1083 bis,
1542 1050 1588 1085 qui
1601 1050 1699 1078 adver-

906 1096 991 1122 tunt?
1006 1095 1056 1123 Est
1070 1100 1161 1123 autem
1179 1096 1224 1124 hic
1240 1104 1330 1124 sermo
1346 1097 1380 1124 ad
1402 1096 1523 1130 Scribas,
1540 1104 1697 1132 quanquam

906 1143 1067 1178 simpliciter
1082 1142 1116 1170 ad
1135 1142 1228 1169 turbas
1243 1143 1331 1170 dictus
1353 1139 1398 1170 Sit.

943 1245 1021 1274 Vers.
1036 1245 1081 1273 57.
1097 1244 1151 1272 Cur
1161 1250 1251 1272 autem
1264 1246 1409 1281 —justum
1420 1245 1433 1272 ?
1451 1246 1491 1273 Ad
1509 1246 1592 1273 alium
1609 1251 1698 1275 trans.

906 1293 955 1320 ivit
989 1299 1146 1320 sermonem
1175 1297 1204 1320 et
1231 1293 1357 1328 exemplo
1369 1293 1513 1320 notissimo
1538 1293 1696 1320 admoneta

910 1339 1011 1366 Satana
1040 1339 1163 1372 liberari,
1187 1339 1245 1366 sive
1268 1339 1302 1366 ab
1331 1339 1461 1374 operibus
1482 1340 1551 1374 ejus,
1575 1339 1697 1367 dicens:

907 1386 997 1419 Quare
1013 1390 1041 1414 et
1060 1393 1075 1412 a
1091 1385 1168 1413 vobis
1181 1385 1248 1420 ipsis
1269 1392 1324 1412 non
1341 1385 1506 1421 dijudieatis,
1523 1385 1596 1420 quod
1609 1385 1697 1412 bone-

907 1436 978 1458 stum
997 1435 1039 1458 est
1052 1438 1114 1457 cum
1130 1430 1209 1457 facile
1220 1430 1256 1457 sit
1268 1430 1301 1456 ad
1314 1429 1539 1464 dijudieandum?

946 1478 1019 1505 \‘crs.
1045 1478 1089 1505 58.
1108 1477 1173 1505 Cum
1188 1492 1223 1496 —
1238 1476 1294 1504 illo.
1313 1477 1349 1504 Da
1364 1484 1497 1512 operam:
1521 1477 1578 1504 sive
1597 1476 1698 1503 all'cras

907 1524 1039 1556 laborem,
1052 1524 1231 1558 diligentiam,
1245 1528 1394 1556 certamen,
1413 1529 1442 1550 ut
1453 1524 1486 1551 ab
1502 1523 1547 1550 illo
1559 1523 1696 1551 libereris.

70 1559 214 1596 ’Υποδηλοί
225 1560 253 1587 δὲ
269 1561 405 1588 ἀντίδικον
424 1560 484 1596 μὲν,
500 1560 545 1586 τὴν
557 1560 692 1593 Σατανᾶν,
707 1559 753 1586 τὸν
765 1560 854 1586 κοινὸν

914 1571 958 1598 Per
977 1571 1163 1598 adversarium
1179 1575 1271 1597 autem
1293 1570 1422 1599 Satanam
1445 1569 1555 1602 indicat,
1572 1577 1698 1597 commu~

65 1605 163 1640 ἐχθρόν
178 1613 186 1621 ·
203 1606 322 1640 ἄρχοντα
334 1605 374 1638 δὲ,
392 1606 438 1633 τὸν
453 1605 531 1638 Θεὸν,
549 1606 594 1631 τὸν
608 1606 717 1632 πάντων
741 1605 854 1640 Κύριον,

65 1651 135 1686 πρὸς
149 1652 179 1678 ὃν
191 1651 358 1686 ἀπαγόμεθα
375 1652 445 1687 μετά
459 1652 506 1678 τοῦ
522 1651 632 1686 ἐχθροῦ,
645 1651 723 1682 δίκας
738 1651 857 1686 ἀπαιτη-

67 1698 216 1733 ίιησόμενοι
231 1698 288 1725 τῶν
312 1699 442 1734 πονηρῶν
458 1697 547 1734 ἔργων
565 1698 643 1734 ἡμῶν
654 1706 661 1714 ·
678 1697 737 1724 ὁδὸν
755 1696 793 1730 δὲ,
811 1697 857 1724 τὸν

67 1745 189 1781 παρόντα
209 1745 277 1780 βίον,
304 1746 349 1773 τὸν
378 1747 504 1778 ἄστατον,
531 1746 561 1772 ὲν
588 1742 610 1780 ᾦ
626 1744 755 1780 ὁδεύομεν
787 1743 858 1779 μετὰ

66 1790 113 1818 τοῦ
123 1792 245 1819 τοιούτου
260 1792 395 1819 ἀντιδίκου
407 1793 498 1828 ἡμῶν.
509 1792 594 1818 Τοῦτο
607 1791 634 1818 δὲ
645 1791 675 1818 τὸ
687 1792 777 1826 νόημα
790 1791 840 1818 καθ
850 1790 858 1801 '

67 1837 162 1872 ἕτερον
190 1839 402 1873 μετεχειρίσατο
418 1839 474 1874 (51)
498 1839 599 1865 σκοπὸν
623 1839 652 1864 ὲν
674 1837 714 1872 τῷ
738 1838 858 1872 πέμπτῳ

67 1883 209 1919 κεφαλαίῳ
226 1884 274 1911 τοῦ
290 1885 361 1911 κατὰ
372 1885 522 1911 Ματθαῖον.

103 1978 420 2013 ΙιΙή.τοτε-κριτήν.’0
432 1979 556 2010 διάϐολος
570 1978 637 2015 γὰρ,
654 1979 678 2005 εί
699 1979 746 2006 καὶ
761 1978 859 2014 ἐχθρός

68 2024 128 2050 ἐστι
157 2025 201 2050 τοῦ
227 2025 308 2057 Θεοῦ,
334 2023 403 2051 ἀλλὰ
436 2025 483 2051 καὶ
511 2023 718 2059 ὲκδικητὴς,ὡς
743 2024 758 2050 ό
776 2022 858 2050 Δαυτδ

68 2071 172 2104 ἐδίδαξε
191 2073 259 2107 (5i).

107 2165 161 2192 Kal
175 2180 210 2184 —
223 2166 377 2200 πράκτορι.
392 2165 438 2201 Τῷ
462 2165 585 2202 ἀγγέλῳ,
609 2165 648 2201 τῷ
673 2165 789 2193 ἐπὶτῶν
813 2175 858 2192 κο-

67 2211 236 2246 λαστηρίων.

105 2258 161 2284 Καὶ
178 2273 213 2277 -
224 2257 375 2292 φυλακήν.
392 2259 439 2291 Εἰς
454 2258 576 2286 κόλασιν.

105 2304 188 2339 Λέγω
202 2318 232 2324 --
248 2304 379 2338 ἀποδῷς.
392 2305 466 2337 Ἕως
488 2302 518 2332 οὗ
534 2306 598 2338 πᾶν,
614 2305 628 2331 ὃ
644 2304 858 2339 κατεδικάσοης,

71 2351 226 2386 ὑποττήσῃ,
244 2351 397 2384 τουτέστιν,
415 2351 446 2377 οὺ
468 2351 505 2386 μὴ
519 2351 633 2387 ἐξέλθῃς
653 2351 759 2377 ἐκεῖθέν
780 2359 858 2377 ποτε.

907 1625 971 1644 nem
987 1616 1128 1643 inimicum
1143 1623 1151 1649 ;
1164 1622 1211 1650 per
1230 1616 1419 1650 magistratum
1432 1622 1507 1646 vero,
1521 1614 1618 1648 Deum,
1636 1619 1697 1641 tan-

908 1669 989 1697 quam
1008 1661 1130 1688 omnium
1143 1660 1300 1692 Dominum,
1312 1661 1346 1688 ad
1361 1668 1442 1695 quem
1455 1660 1617 1688 abducimur
1632 1668 1696 1688 cum

909 1707 1031 1739 inimico,
1051 1707 1085 1734 de
1102 1706 1180 1734 malis
1199 1707 1329 1742 operibus
1342 1707 1445 1734 nostris
1461 1714 1571 1734 causam
1583 1706 1697 1734 dicturi.

908 1753 984 1780 Viam
999 1758 1102 1784 autem,
1115 1757 1278 1787 presentem
1292 1752 1373 1779 vitam
1387 1752 1543 1779 instabilem
1561 1752 1696 1787 intelligit,

909 1799 935 1826 in
958 1806 1011 1834 qua
1030 1806 1092 1825 cum
1127 1797 1284 1833 huiusmodi
1305 1797 1461 1825 adversario
1482 1802 1579 1825 nostro
1591 1798 1700 1832 prolici-

909 1843 1023 1871 seimur.
1041 1843 1105 1870 Haec
1128 1851 1237 1878 quoque
1257 1843 1392 1870 sententia
1410 1842 1464 1869 alio
1477 1843 1618 1877 proposito
1642 1847 1698 1869 tra-

909 1895 981 1917 ctata
1004 1894 1046 1918 est
1068 1890 1158 1924 capite
1177 1889 1272 1924 quinto
1296 1887 1436 1924 Evangelii
1461 1888 1613 1915 secundum
1632 1888 1700 1916 Mat--

911 1937 1029 1963 thamm,
1491 1965 1499 1973 ,

946 1981 1024 2009 Vers.
1050 1981 1094 2008 58.
1117 1980 1156 2008 Ne
1175 1981 1242 2015 forte
1257 1996 1292 2001 —
1309 1981 1439 2015 judicem.
1462 1980 1592 2008 Diabolus
1612 1980 1697 2012 enim.

910 2029 960 2056 etsi
987 2028 1035 2055 Dei
1062 2027 1191 2054 inimicus
1212 2031 1265 2060 est,
1283 2031 1374 2054 tamen
1388 2027 1448 2062 ejus
1466 2027 1538 2054 ultor
1553 2031 1605 2059 est,
1617 2032 1699 2061 prout

912 2074 996 2102 David
1011 2073 1104 2101 docuit
1127 2073 1241 2101 dicens:
1262 2073 1292 2100 Ut
1310 2073 1431 2100 destruat:
1451 2073 1589 2100 inimicum
1609 2077 1634 2099 et
1656 2072 1697 2098 ul-

911 2126 994 2147 torem
1007 2120 1028 2147 '.

946 2166 1026 2194 Vers.
1043 2165 1087 2193 58.
1105 2164 1139 2192 Et
1158 2179 1192 2186 —-
1207 2164 1335 2192 eructari.
1353 2164 1466 2201 Angelo,
1482 2163 1528 2199 qui
1542 2164 1699 2192 carceribus

911 2213 1075 2249 prmpositus
1088 2216 1141 2239 est.

875 2248 898 2277 ί)
915 2248 920 2249 ⁷
948 2259 1026 2286 Vers.
1043 2258 1087 2286 58.
1104 2257 1138 2284 Et
1153 2266 1339 2284 ——carcerem.
1356 2257 1384 2284 In
1397 2257 1560 2292 supplicium

948 2305 1024 2332 Vers.
1041 2305 1084 2332 59.
1108 2303 1173 2331 Dico
1188 2303 1363 2330 —exsolvas.
1387 2302 1478 2331 Donec
1492 2310 1572 2330 omne
1594 2302 1620 2330 id
1639 2310 1700 2330 sus-

911 2352 1010 2382 tineas,
1031 2351 1063 2378 ad
1094 2350 1166 2385 quod
1179 2350 1377 2377 condemnatus
1396 2357 1467 2382 eras,
1484 2349 1536 2377 hoc
1557 2354 1610 2381 est,
1627 2357 1700 2376 nun-

76 2397 135 2423 Ἀεὶ
143 2398 198 2431 γὰρ
210 2397 439 2429 καταδικάζονται
453 2397 617 2430 κολάζεσοαι
627 2398 650 2423 ot
666 2397 794 2424 τοιοῦτοι.
809 2396 854 2422 Οὐ·

914 2405 991 2432 quam
1024 2396 1087 2423 inde
1109 2395 1217 2428 exibis;
1245 2395 1278 2422 ad
1311 2395 1363 2422 hoc
1383 2395 1457 2422 enim
1482 2395 1698 2423 condemnantur

69 2442 116 2469 δὲν
130 2442 160 2468 δὲ
176 2442 278 2468 κωλύει
296 2444 367 2469 νοεῖν
379 2443 416 2470 τὰ
431 2443 549 2478 ρηθέντα
574 2443 621 2470 καὶ
639 2442 710 2469 κατὰ
729 2442 780 2478 τὴν
796 2442 859 2477 ἐξή-

69 2496 154 2523 γησιν
169 2489 217 2524 τὴν
233 2490 262 2516 ὲν
290 2489 329 2524 τῷ
350 2489 498 2530 δηλωθέντι
517 2489 634 2526 πέμπτῳ
650 2488 792 2524 κεφαλαίῳ
811 2488 859 2515 τοῦ

70 2534 143 2560 κατὰ
157 2535 307 2561 Ματοαῶν.

127 2680 136 2695 ¹
148 2679 221 2708 l’sal.
248 2689 306 2715 \‘lll,
332 2682 359 2709 5.

911 2436 1080 2479 hujusmodi,
1096 2446 1126 2469 ut
1141 2449 1251 2476 semper
1266 2441 1424 2476 puniantur.
1440 2440 1513 2468 Nihil
1531 2446 1621 2468 autem
1637 2449 1699 2475 pru—

910 2490 998 2522 bibet,
1020 2493 1050 2516 ut
1073 2496 1135 2524 quae
1153 2488 1225 2515 dicta
1241 2493 1316 2520 sunt,
1334 2488 1521 2523 intelligantur
1539 2488 1614 2522 juxta
1636 2496 1699 2515 sen-

912 2543 984 2567 sum,
994 2535 1041 2570 qui
1055 2535 1135 2563 datus
1149 2539 1190 2562 est
1203 2534 1333 2569 praedicto
1344 2535 1439 2570 quinto
1451 2535 1528 2570 juxta
1541 2535 1698 2563 Matthaaum

911 2582 1013 2618 capite.

667 2739 765 2771 Varii»
782 2739 933 2771 lectiones
949 2743 981 2771 et
1001 2744 1095 2772 notua.

108 2855 165 2890 (50)
182 2855 196 2881 ὁ
211 2854 316 2889 καιρός.

109 2891 164 2924 (51)
177 2890 300 2919 Lluistus
319 2889 457 2925 nimirum,
476 2890 569 2920 Matth.
591 2899 619 2925 ν,
631 2891 677 2920 25.

959 2859 1003 2890 5‘2)
1018 2858 1066 2885 llis
1074 2857 1147 2886 addit
1162 2852 1311 2887 Ili-ntenius
1324 2868 1357 2888 ex
1369 2859 1475 2890 Psalmo
1488 2870 1494 2889 :
1510 2861 1560 2889 Τοῦ
1580 2862 1699 2891 καταλῦ-

910 2902 955 2920 σαι
967 2895 1063 2930 ἐχθρδν
1081 2895 1129 2921 καὶ
1148 2895 1305 2931 ἐκδικητὴν.
