1927 3074
230 129 295 162 1011

850 137 955 168 EUTH
961 138 1008 167 YM
1015 137 1042 167 Il
1062 137 1147 166 ZlGA
1154 138 1242 168 BEN!

1792 142 1858 176 1012

263 183 349 213 Vers.
369 186 383 210 Ἰ
396 205 402 213 .
431 186 524 214 Dicens
549 188 584 214 ad
617 196 669 217 cos.
686 189 726 217 Ad
748 198 970 227 unumquemque
989 193 1019 218 il-

1107 193 1210 228 Λέγων
1224 195 1299 228 πρὸς
1315 195 1436 228 αὐτούς.
1456 195 1526 230 Πρὸς
1541 194 1657 223 ἕκαστον
1673 197 1775 225 αὐτῶν.

230 231 331 259 lorum.

261 279 339 307 Vers.
357 281 383 308 8.
405 280 472 308 Cum
488 297 520 302 ——
536 283 614 310 Vers.
639 284 666 312 9.
695 289 790 312 tenere.
809 285 961 318 Admonet,
988 294 1023 314 ne

227 332 256 352 se
279 325 502 354 honoratioribus
533 335 713 363 praeponam,
738 338 827 365 neque
857 335 922 359 ante
954 332 1023 359 alios

228 378 290 398 sese
309 371 456 400 collorent.
483 371 536 400 Per
560 375 716 409 parabolam
732 380 824 403 autem
850 376 1016 404 admonitio-

227 426 290 445 nem
319 423 488 452 contexens,
517 420 620 455 absque
650 421 751 449 imidia
783 430 830 449 eos
860 422 1022 458 redarguit;

227 471 290 490 nam
323 463 480 499 hujusmodi
510 471 574 494 sunt
607 468 771 502 parabolicae
809 469 1022 497 admonitiones.

226 509 279 537 Per
298 511 407 545 nuptias
424 519 490 540 vero
506 520 587 541 omne
603 515 748 549 prandium
771 523 936 551 omnemque
967 524 1025 544 cm-

227 564 291 583 nam
320 557 504 592 signiﬁcavit;
532 559 642 588 invitari
671 561 745 588 enim
766 562 800 589 ad
824 563 935 598 nuptias
967 562 1019 589 ho-

227 601 419 631 norificentius
442 603 597 636 videbatur,
623 613 704 640 quam
735 606 768 634 ad
793 607 951 641 prandium,
978 611 1024 634 aut

234 656 343 675 coenam
360 649 462 676 vocari.

262 694 346 723 Vers.
380 696 427 724 10.
461 695 513 724 Sed
534 713 568 717 —
589 703 691 726 tecum:
720 699 817 726 Dilatat
844 707 1020 732 sermonem.

228 742 376 769 ostendens
390 746 417 769 et
435 743 625 772 confusionem
643 745 676 772 ab
706 746 873 780 impudentia
896 747 970 774 nasci
998 751 1026 773 et

229 787 342 823 gloriam
368 795 383 815 a
405 790 590 823 vereCundia;
614 796 642 818 et
659 791 785 826 utrinque
805 792 838 819 ad
865 792 1024 820 modestiam

229 833 402 861 adhortatur.
421 833 524 863 Deinde
541 836 624 864 infert
652 837 734 865 etiam
756 838 937 866 nniversalem
961 846 1025 866 sen-

1111 278 1200 306 Ὅταν
1225 295 1259 300 -
1271 278 1421 314 κατέχειν.
1441 280 1582 316 Παραινεῖ,
1600 280 1638 316 μὴ
1654 281 1789 318 ὲπιπηδᾷν
1802 284 1857 316 ταῖς

1075 325 1271 360 προτιμήσεσι,
1290 325 1358 361 μηδὲ
1378 326 1540 361 προτάττειν
1555 326 1671 358 ἑαυτοὺς
1691 327 1745 354 τῶν
1762 328 1855 357 ἄλλων.

1075 371 1126 397 Διὰ
1149 371 1310 406 παραϐολῆς
1334 372 1363 399 δὲ
1386 372 1434 408 τὴν
1454 372 1619 408 παραίνεσιν
1639 373 1801 408 ἐξυφαίνων,
1817 376 1857 402 ἁν-

1075 418 1279 453 ετταχθὲστερον
1296 419 1388 445 αὐτῶν
1402 419 1583 447 καθάπτεται.
1616 419 1746 447 Τοιαῦται
1766 420 1817 456 γὰρ
1834 423 1857 448 αἱ

1077 464 1263 499 παραδολικα).
1284 466 1474 500 παραινέσεις.
1497 466 1547 493 Διὰ
1576 466 1631 493 τῶν
1647 468 1745 502 γάμων
1766 467 1794 494 δὲ
1809 469 1857 494 πᾶν

1075 511 1188 547 ἄριστον
1210 513 1256 539 καὶ
1270 513 1323 540 πᾶν
1341 513 1450 540 δεῖπνον
1467 514 1594 549 ἐνέφηνε.
1609 514 1645 540 Τὸ
1658 513 1801 540 καλεῖσθαι
1811 514 1858 549 γὰρ

1076 558 1116 589 είς
1128 558 1247 594 γάμους,
1277 559 1442 595 τιμιώτερον
1458 560 1545 587 ἐδόκει
1571 560 1620 595 τῆς
1649 561 1690 592 εἰς
1717 560 1857 596 ᾶριστονῆ

1075 604 1183 632 δεῖπνον
1201 604 1335 641 κλήσεως.

1117 699 1193 726 Ἀλλ’
1212 713 1248 718 -
1263 706 1324 726 σοι.
1340 699 1475 726 Πλατύνει
1493 699 1538 726 τὸν
1562 699 1654 733 λόγον,
1673 699 1804 726 δεικνύων
1817 700 1859 726 καὶ

1074 745 1124 780 τὴν
1138 745 1191 772 ἀπὸ
1205 745 1255 781 τῆς
1269 745 1420 777 αὐθαδείας
1443 745 1591 781 αἰσχύνην,
1619 746 1667 771 καὶ
1679 745 1730 781 τὴν
1751 746 1803 772 ἀπο
1816 746 1857 779 τῆς

1075 791 1220 824 εὐλαϐείας
1231 791 1323 826 δόξαν,
1335 793 1381 819 καὶ
1391 792 1563 828 ἑκατέρωθεν
1576 794 1616 824 εἰς
1631 793 1858 828 μετριοφροσύνην

1076 838 1312 874 προτρεπόμενος.
1345 835 1413 865 Εἶτα
1439 839 1573 874 ἐπιφέρει
1598 840 1644 865 καὶ
1679 839 1858 874 γνωμολογίαν

231 880 377 908 tentiarum
395 881 585 910 collectionem
605 883 638 910 ad
665 884 903 912 conﬁrmationem
927 885 1026 913 adhor-

1087 884 1239 920 ιαθολικὴν,
1256 885 1296 917 εἰς
1314 885 1462 920 βεϐαίωσιν
1475 884 1526 920 τῆς
1538 885 1743 921 παραινέσεως.
1758 885 1838 920 λέγων
1851 894 1857 900 ·

231 926 353 960 talionis,
372 927 467 955 dicens
488 937 495 956 :

268 973 344 1000 V'ers.
363 973 406 1000 Η.
423 973 514 1002 Omnis
537 976 605 1002 enim
619 991 654 995 —
669 976 818 1004 extolletur.
843 977 890 1004 ille
915 977 1025 1012 quidem

229 1018 381 1054 dnjicietur,
401 1020 445 1047 hic
469 1025 560 1048 autem
580 1022 723 1055 exolletur,
750 1031 806 1050 non
830 1028 934 1050 tantum
955 1024 1027 1059 apud

231 1065 357 1093 homines
376 1072 449 1095 recte
463 1068 629 1102 iudicantes,
649 1076 743 1096 verum
759 1071 840 1097 etiam
865 1071 950 1098 multo
973 1078 1026 1098 ma-

231 1112 272 1147 gis
285 1113 356 1148 apud
372 1113 468 1141 Deum.

267 1159 344 1188 Vers.
362 1159 405 1186 i2.
430 1158 678 1189 Dicebat—Vers.
705 1161 747 1188 M.
772 1161 919 1196 justorum.
948 1162 1025 1195 Vide,

232 1205 315 1232 totius
352 1206 476 1234 utilitatis
510 1211 714 1241 argumentum.
749 1207 911 1235 Convivium
941 1209 1025 1242 fecit;

231 1255 377 1285 postquam
398 1251 471 1278 enim
498 1252 652 1285 admonuit,
674 1260 735 1287 qua:
760 1253 794 1280 ad
811 1253 941 1282 invitatos
967 1262 1027 1281 ma-

232 1298 304 1325 xime
334 1299 513 1333 pertinerent,
543 1301 673 1328 admOnet
702 1301 784 1328 etiam
811 1302 883 1336 quod
917 1303 1028 1336 expedit

232 1345 410 1373 convivatori.
428 1345 486 1373 Non
506 1346 573 1374 dixit
592 1351 681 1374 autent
700 1356 706 1374 ε
728 1346 796 1374 Cum
826 1348 936 1383 nuptias
954 1349 1027 1376 fece-

233 1391 283 1423 ris,
305 1390 353 1418 sed
377 1399 384 1418 :
411 1390 478 1418 Cum
504 1393 648 1426 prandium
677 1393 767 1428 feceris
784 1398 830 1420 aut
857 1401 972 1421 cwnam.
997 1395 1027 1421 In

232 1436 337 1471 nuptiis
353 1437 425 1464 enim
453 1439 639 1466 necessarium
658 1445 699 1467 est
721 1440 835 1472 amicos,
866 1445 893 1468 et
918 1440 1025 1472 fratres,

233 1489 261 1510 et
277 1489 416 1520 cognatos,
433 1490 460 1513 et
483 1486 587 1514 vicinos
601 1487 699 1514 di\ites
715 1487 831 1514 invitare
848 1487 880 1514 ad
893 1487 1027 1515 honorem

234 1533 402 1566 nuptiarum,

269 1577 384 1611 Quidam
404 1585 496 1607 tamen
509 1589 558 1615 per
574 1581 718 1616 prandium
734 1588 762 1608 et
779 1588 885 1608 cumam
915 1581 1025 1616 nuptias

235 1623 347 1660 intelligi
365 1625 469 1652 dicunt.
490 1626 537 1654 Est
551 1632 642 1654 autem
666 1627 782 1655 docendi
807 1634 866 1654 mos
889 1635 942 1654 non
968 1632 1027 1654 tau-

236 1674 292 1696 tum
311 1671 379 1698 mala
403 1671 560 1706 prohibere,
582 1674 630 1701 sed
646 1673 723 1701 utilia
736 1681 845 1709 quoque
859 1674 1000 1702 consulere
1019 1683 1025 1701 :

236 1715 290 1749 illa,
309 1724 343 1743 nc
364 1717 438 1751 (iant,
455 1719 513 1746 hmo
529 1727 603 1751 vero,
628 1724 657 1747 ut
670 1720 747 1747 ﬁant.

271 1858 330 1885 Non
348 1863 438 1886 autem
457 1859 483 1886 in
499 1859 692 1888 contumeliam
706 1860 844 1892 am'citim.
870 1861 1027 1888 fraternita-

237 1905 281 1935 tis,
296 1905 476 1940 cognationis,
500 1905 672 1941 aliorumque
698 1906 828 1933 similium
849 1906 906 1933 haec
931 1906 1028 1934 admo-

237 1951 308 1982 nuit,
340 1951 387 1978 sed
421 1957 449 1979 ut
476 1952 548 1987 quod
578 1952 676 1980 melius
697 1957 738 1980 est
763 1958 970 1988 cognoscentes,
1002 1953 1028 1982 id

236 2004 430 2032 praeponamus
447 2007 454 2030 ;
472 2002 500 2026 et
517 2006 552 2025 ne
566 1998 763 2034 benignitatem
778 1999 820 2027 his
830 1999 875 2034 qui
890 2007 943 2027 non
957 1997 1029 2028 indi-

236 2048 309 2079 gent,
328 2045 515 2079 responsionis
537 2045 637 2073 intuitu
657 2046 817 2074 vendamus.

272 2090 356 2118 Deum
385 2092 457 2119 enim
475 2093 585 2127 potius,
611 2101 691 2127 quam
718 2093 856 2120 hominem
878 2102 977 2121 curare
999 2103 1029 2122 o-

237 2142 339 2172 portet,
363 2143 391 2165 et
418 2147 431 2165 a
458 2138 513 2166 Deo
546 2139 637 2174 potius
659 2139 868 2167 retributionem
895 2145 1029 2175 quzerer‘e,

237 2192 318 2219 quam
336 2186 370 2212 ab
391 2186 561 2213 hominibus.
582 2186 739 2222 Congrunm
761 2186 842 2214 etiam
858 2191 901 2213 est
921 2192 950 2213 ut
973 2187 1030 2222 spi-

1114 980 1178 1006 Ὂτι
1194 978 1253 1012 πᾶς
1267 994 1302 1000 σ-
1317 978 1522 1013 ὑψωθήσεται.
1543 979 1572 1005 '0
1595 978 1645 1014 μὲν
1666 979 1859 1014 ταπεινωθήσε-

1078 1035 1133 1059 ται,
1161 1027 1175 1053 ὁ
1203 1025 1231 1052 δὲ
1254 1025 1443 1061 ὑψωθήσεται,
1465 1026 1495 1052 οὐ
1521 1026 1602 1061 μόνον
1628 1027 1705 1062 παρὰ
1732 1028 1786 1058 τοῖς
1799 1026 1859 1061 ὀρθὰ

1079 1072 1225 1108 φρονοῦσιν
1242 1072 1408 1108 ἀνθρώποις,
1437 1071 1506 1099 ἀλλὰ
1525 1073 1572 1099 καὶ
1597 1072 1650 1108 πρὸ
1674 1073 1778 1100 τούτων
1794 1073 1860 1108 παρὰ

1077 1119 1117 1154 τῷ
1132 1119 1201 1154 Θεῷ.

1116 1167 1223 1200 Ἔλεγε
1237 1181 1273 1185 -
1291 1165 1425 1192 δικαίων.
1443 1165 1516 1201 Ὅρα
1550 1164 1638 1200 πόσης
1654 1165 1713 1201 (55)
1739 1164 1858 1199 ὠφελείας

1079 1211 1210 1239 ὑπόθεσιν
1224 1211 1280 1248 (54)
1298 1213 1348 1247 τὴν
1362 1213 1485 1239 ἑστίασιν
1506 1213 1655 1248 ἐποιήσατο
1666 1220 1673 1227 ·
1703 1212 1858 1247 παραινέσας

1080 1259 1133 1294 γὰρ
1150 1259 1184 1286 τὰ
1201 1259 1295 1286 εἰκότα
1312 1260 1368 1290 τοῖς
1396 1259 1590 1294 κεκλημένοις,
1610 1260 1744 1295 παραινεί
1767 1259 1811 1286 καὶ
1826 1259 1857 1293 τῷ

1080 1306 1239 1342 κεκληκότι.
1258 1306 1315 1333 Οὐκ
1331 1301 1393 1332 εἷπε
1409 1305 1437 1332 δὲ
1455 1306 1509 1339 ὅτι,
1533 1306 1619 1332 Ὅταν
1647 1308 1731 1341 ποιῇς
1753 1306 1855 1341 γάμους,

1080 1354 1149 1386 ἀλλ’,
1168 1354 1262 1380 Ὅταν
1277 1353 1367 1387 ποιῇς
1382 1352 1536 1387 ἀριστσνῆ
1548 1352 1685 1381 δεῖπνον.
1704 1353 1747 1380 Ἐν
1756 1354 1806 1383 τοῖς
1821 1352 1858 1386 γά-

1081 1410 1142 1436 μοις
1159 1401 1225 1435 γὰρ,
1250 1400 1409 1434 ἀναγκαίως
1426 1399 1520 1434 φίλους
1538 1399 1587 1426 καὶ
1604 1399 1738 1434 ἀδελφοὺς
1749 1399 1793 1425 καὶ
1804 1406 1858 1431 συγ·

1080 1450 1168 1482 γενεῒς
1185 1449 1231 1474 καὶ
1244 1447 1369 1482 γείτονας
1385 1445 1531 1479 πλουσίους
1549 1446 1731 1478 συνεκάλουν,
1744 1445 1788 1473 ἐπὶ
1800 1446 1856 1480 τιμῇ

1079 1495 1134 1522 τῶν
1146 1494 1254 1529 γάμων.

1116 1579 1196 1611 Τινὲς
1214 1579 1253 1611 δὲ,
1273 1579 1319 1606 διὰ
1335 1578 1383 1605 τοῦ
1398 1578 1512 1614 ἀρίστου
1531 1577 1578 1605 καὶ
1597 1577 1646 1604 τοῦ
1679 1577 1794 1608 δείπνου,
1817 1574 1855 1601 καὶ

1079 1626 1143 1656 τοὺς
1167 1626 1276 1660 γάμους
1295 1624 1416 1651 νοεῖσθαι
1433 1624 1556 1658 λέγουσι.
1581 1623 1672 1658 Δοχὴν
1684 1622 1712 1649 δὲ
1727 1622 1801 1649 καλεῖ
1813 1620 1853 1653 τὴν

1081 1671 1225 1707 ὑποδοχὴν,
1242 1671 1292 1706 τὴν
1311 1670 1441 1706 εὐωχίαν,
1474 1669 1524 1706 τὴν
1545 1670 1681 1697 ἑστίασιν.
1708 1668 1807 1704 Τρόπος
1830 1666 1852 1692 δὲ

1079 1717 1283 1749 διδασκαλικὸς,
1300 1715 1338 1752 μὴ
1355 1717 1436 1752 μόνον
1448 1715 1566 1743 κωλύειν
1577 1716 1612 1742 τὰ
1627 1715 1731 1749 φαῦλα,
1742 1713 1804 1741 ἀλλὰ
1815 1713 1852 1737 καὶ

1081 1764 1260 1792 ὑποτίθεσθαι
1274 1765 1308 1791 τὰ
1324 1764 1432 1800 χρηστά
1443 1771 1449 1778 ·
1468 1761 1537 1797 οἷον,
1554 1764 1600 1798 Μὴ
1625 1763 1698 1790 ποίει
1712 1762 1779 1794 τόδε,
1797 1759 1852 1787 ἁ).λᾶ

1079 1813 1151 1840 τόδε.

1116 1858 1173 1886 Οὐκ
1189 1858 1232 1885 ἐπ’
1243 1857 1342 1893 ἀτιμίᾳ
1358 1856 1386 1883 δὲ
1399 1857 1492 1892 φιλίας
1509 1856 1565 1892 (55)
1580 1856 1628 1883 καὶ
1647 1854 1800 1890 συγγενείας
1814 1850 1851 1878 καὶ

1081 1908 1273 1943 ἀδελφότητος,
1295 1907 1342 1934 καὶ
1359 1906 1412 1933 τῶν
1425 1905 1568 1937 τοιούτων,
1588 1904 1678 1932 ταῦτα
1704 1903 1850 1939 παρῄνεσεν,

1080 1955 1139 1982 ἀλλ’
1155 1954 1198 1981 ἵνα
1209 1955 1239 1980 τὸ
1253 1954 1379 1990 κρεῖττον
1394 1953 1507 1985 εἰδότες,
1519 1952 1599 1979 τοῦτο
1613 1951 1798 1986 προτιμῶμεν.
1813 1946 1851 1973 καὶ

1082 2001 1120 2036 μὴ
1135 2002 1191 2033 τοῖς
1208 2000 1346 2027 ἁνενδεέσι
1376 1999 1425 2031 τὰς
1439 1999 1643 2035 φιλοφροσύνας
1667 1995 1851 2032 ἀπεμπολῶμεν

1080 2048 1124 2075 ἐπ’
1139 2048 1348 2075 ἁνταποδόσεσι.

1117 2094 1177 2130 Χρὴ
1193 2094 1247 2130 γὰρ
1263 2094 1329 2121 Θεὸν
1349 2092 1513 2129 θεραπεύειν
1538 2091 1640 2128 μᾶλλον
1662 2092 1679 2126 ἦ
1697 2090 1850 2125 ἀνθρώηθυςι

1082 2143 1130 2169 καὶ
1159 2142 1236 2176 παρὰ
1254 2140 1322 2166 Θεοῦ
1340 2140 1433 2176 ζητεῖν
1462 2139 1645 2166 ἀνταπόδοσιν
1670 2136 1724 2173 (56)
1752 2136 1766 2171 ἦ
1790 2133 1851 2167 παρά

1082 2187 1245 2223 ἀνθρώπων.
1262 2187 1400 2222 Προσήκει
1413 2185 1441 2212 δὲ
1462 2185 1569 2212 καὶτὸν
1587 2182 1770 2220 πνευματικὸν
1790 2181 1850 2206 ἐστι·

238 2232 344 2259 ritualis
357 2233 516 2260 convivator
533 2240 667 2268 pauperes
680 2238 825 2265 convocet,
842 2232 888 2267 qui
904 2233 1026 2260 videlicel

1087 2235 1170 2270 ἀτορα
1183 2233 1330 2269 συγκαλεῖν
1345 2235 1410 2264 τοὺς
1428 2233 1457 2260 ἐν
1474 2231 1576 2268 ἀπορίᾳ
1589 2231 1718 2265 γνώσεως
1732 2226 1849 2261 πτωχοὺς,

238 2277 353 2305 scientia
380 2278 511 2313 indigent,
536 2278 639 2306 debiles
675 2279 888 2313 praecordiorum
916 2279 1032 2306 dissolu-

239 2323 324 2355 tione,
349 2329 377 2350 et
397 2324 442 2358 qui
470 2325 496 2351 in
514 2326 602 2352 activa
617 2325 672 2352 vita
693 2324 782 2357 claudi
796 2329 870 2356 sunt,
891 2329 918 2352 et
935 2325 980 2359 qui
1003 2324 1031 2351 in

238 2369 452 2404 contemplativa
478 2371 542 2398 ca‘ci
562 2379 572 2398 :
590 2379 652 2398 nam
669 2371 714 2406 qui
731 2371 798 2398 tales
814 2379 868 2398 non
886 2375 962 2403 sunt,
981 2370 1033 2398 hoc

239 2415 367 2442 convivio
390 2423 444 2442 non
463 2415 595 2451 indigent.

275 2460 296 2496 -ξ-
322 2460 462 2496 Siquidem
479 2462 524 2497 qui
541 2462 730 2497 pusillanimes
752 2467 825 2494 sunt,
843 2466 942 2490 vocant
964 2461 1032 2489 ami-

242 2514 290 2534 cos
313 2512 340 2535 et
362 2508 471 2541 fratres,
492 2513 622 2544 cognatos
638 2517 671 2537 ac
685 2509 789 2536 vicinos
804 2508 910 2542 divites,
935 2508 1032 2536 utcito

240 2555 274 2581 ab
295 2554 334 2582 eis
359 2555 409 2582 sibi
447 2556 613 2590 rependatur
637 2565 643 2582 :
666 2555 712 2591 qui
743 2563 807 2583 vero
840 2563 938 2591 magno
967 2559 1032 2582 sunt

241 2601 344 2633 animo,
371 2601 452 2637 longe
485 2602 630 2630 honestius
652 2611 683 2630 ae
711 2602 938 2630 honorificentius
963 2609 1032 2637 ope-

1081 2282 1129 2308 καὶ
1146 2282 1209 2312 τοὺς
1221 2282 1249 2307 ὲν
1263 2280 1420 2315 παραλύσει
1438 2279 1545 2316 φρενῶν
1560 2279 1730 2313 ἀναπήρους,
1745 2275 1787 2302 καί
1799 2273 1849 2301 τοὺς

1081 2329 1111 2354 ὲν
1124 2329 1158 2363 τῇ
1176 2328 1317 2363 πρακτικῇ
1334 2326 1451 2361 χωλοὺς,
1469 2326 1516 2352 καὶ
1533 2325 1596 2357 τοὺς
1614 2325 1644 2351 ἐν
1661 2325 1693 2359 τῇ
1713 2318 1848 2356 θεωρητικῇ

1081 2374 1200 2409 τυφλούς
1211 2381 1217 2388 ·
1233 2373 1257 2400 οἱ
1271 2373 1310 2409 μὴ
1323 2372 1441 2399 τοιοῦτοι
1465 2372 1520 2407 γὰρ
1537 2372 1587 2398 οὐκ
1598 2367 1848 2398 ἐπιδέονταιτούτον.

1116 2460 1137 2496 ἰη
1154 2458 1173 2494 ’ξ-
1194 2459 1270 2486 Ἔπεὶ
1286 2459 1311 2485 οἱ
1327 2457 1383 2494 (57)
1402 2457 1451 2493 μὲν
1467 2456 1632 2493 μικρόψυχοι
1647 2454 1757 2483 καλοῦσι
1771 2450 1849 2496 φίλους

1082 2493 1129 2533 καί
1141 2493 1285 2540 ἀδελφοὺς,
1297 2506 1440 2539 συγγενεῖς
1455 2504 1502 2530 καὶ
1516 2503 1640 2538 γείτονας
1655 2493 1849 2547 πλουσίους,

1081 2553 1131 2590 τὴν
1147 2553 1175 2579 ἐν
1191 2552 1230 2586 τῷ
1244 2551 1367 2587 παρευθὺ
1390 2551 1486 2586 χάριν·
1506 2551 1529 2577 οἱ
1548 2550 1576 2576 δὲ
1603 2547 1849 2593 μεγαλόψυχοι

1081 2600 1191 2627 κάλλιον
1207 2600 1254 2625 καὶ
1269 2597 1440 2634 ἐνδοξότερον
1455 2597 1631 2632 ἐργάζονται,
1646 2595 1660 2622 δ
1670 2592 1789 2626 ἕδειξενὸ
1805 2589 1850 2615 Κύ-

850 2693 948 2725 Variae
962 2691 1115 2724 lectiones
1133 2693 1164 2721 et
1180 2694 1274 2721 notua.

278 2781 334 2816 (55)
362 2782 456 2816 Πάσης
473 2781 580 2808 videtur
593 2780 691 2816 legisse
705 2780 866 2808 llcutenius.
887 2778 958 2814 Ergo
976 2778 1036 2814 ejus

243 2815 590 2849 interpretatioclaudicat.

278 2851 333 2886 (54)
360 2851 513 2883 ’Υπόθεσις.
531 2852 559 2877 Β.
580 2850 658 2877 Male.

279 2887 334 2921 (55)
367 2886 502 2920 Παιδείας,
519 2894 566 2922 pro
584 2886 684 2921 φιλίας.
704 2885 735 2912 Α.

1124 2775 1179 2811 (56)
1194 2775 1304 2804 Μᾶλλον
1764 2803 1769 2808 .

1194 2798 1511 2848 ίῑιῖξῖεξίιοιίυιιιλιουῐεζ
1527 2816 1649 2848 meorum
1667 2803 1791 2848 ειεξιρξείξ-
1805 2798 1848 2826 ιε·

1086 2838 1186 2884 ςυίιιιιί
1202 2846 1301 2874 similia
1317 2846 1389 2882 apud
1401 2845 1637 2882 Theophylactum
1654 2838 1755 2879 p.155.
1773 2838 1801 2865 Α.
