1927 3074
230 155 300 189 1015

845 159 1037 190 EUTHYMII
1073 159 1255 189 ZlGABENI

1788 161 1849 198 1016

230 221 272 243 tcr
304 217 503 244 recusationem
535 216 644 244 illorum
672 217 821 252 ignoraret,
841 218 889 246 sed
909 223 1014 254 proptel

1074 217 1118 245 τοῦ
1137 219 1243 254 Πατρδς
1260 219 1309 253 τὴν
1339 218 1506 253 παραίτησιν
1531 218 1632 252 αὐτῶν,
1654 219 1721 247 ἀλλά
1748 221 1791 249 διὰ
1806 225 1849 258 τὴν

229 262 366 297 parabolae
376 263 600 297 consequentiam
620 271 627 289 τ
645 263 730 291 moris
746 263 819 291 enim
837 264 870 292 iis
896 269 948 297 est,
973 264 1019 300 qui

229 308 262 334 ad
279 309 428 336 vocandum
446 309 552 343 aliquos
575 309 670 337 emissi
692 315 767 342 sunt,
791 311 892 338 reverti
922 319 954 338 ac
977 319 1019 338 re-

229 354 356 381 nuntiare
373 355 407 381 dc
429 354 492 382 illis.

264 400 341 427 Vers.
362 401 407 428 2t.
427 400 500 428 Tum:
517 406 623 428 -—huc.
639 401 690 435 Qui
709 408 916 434 recusaverunt.
937 409 1018 431 erant

228 444 374 479 pontiiiCes
393 450 421 474 et
440 446 544 474 Scriba:
558 455 590 474 ac
610 447 751 481 Phariszei,
767 453 793 476 et
811 449 912 484 quique
936 449 1020 477 hono-

228 491 344 519 ratiores
360 492 451 527 populi
472 501 479 520 :
506 493 532 520 hi
547 501 622 525 vero,
645 494 691 529 qui
720 495 780 522 loco
798 495 907 522 illorum
932 496 1019 523 intro—

225 536 298 564 ducti
313 542 387 568 sunt.
403 545 563 566 communes
576 543 603 566 et
618 539 715 574 abjrcti
733 548 766 568 ac
778 540 877 575 plebeii
891 549 898 574 ;
915 541 960 576 qui
975 541 1019 577 ju-

226 583 353 611 dicantur
370 592 385 611 a
406 584 544 619 prioribus
573 593 709 621 pauperes
736 594 768 614 ac
786 587 900 623 debiles,
929 587 1018 616 claudi

225 634 253 656 et
271 629 346 662 caici,
368 632 463 666 utpote
479 631 651 666 incompositi
667 635 697 660 et
716 632 830 665 indocti,
861 633 907 668 qui
926 633 1018 669 potius

224 675 334 704 Christo
350 676 459 704 docenti
487 677 660 706 obedierunt.
681 678 729 706 Vel
753 679 834 706 etiam
859 679 894 707 de
914 679 946 706 iis
971 681 1017 715 qui

225 721 401 750 sensibilihus
417 723 573 758 hujusmodi
590 725 781 753 all'ectionibus
794 723 874 753 erant
892 726 1017 760 obnoxii,

225 766 345 802 intellige
361 778 368 795 :
389 768 435 804 qui
452 769 485 796 ab
499 770 539 797 eis
555 770 673 803 liberati,
690 779 738 806 per
767 772 847 799 fidem
869 772 1016 800 introducti

224 818 289 842 sunt
302 814 337 841 ad
353 814 453 842 dictam
469 815 639 844 fruitionem.

261 905 299 941 -Η-
325 906 405 933 Patcr
421 906 504 942 igitur
524 907 599 935 misit
615 907 713 936 Filium
728 930 735 941 ,
756 909 841 937 Filius
864 919 928 938 vero
950 918 1015 946 apo—

224 952 321 980 stolos.
350 953 423 980 Dixit
446 953 520 980 enim
541 961 548 980 :
573 953 656 981 Sicuti
688 963 728 982 me
760 956 855 984 misisti
883 958 911 984 in
940 966 1016 985 mun-

224 1000 299 1032 dum,
317 1007 363 1034 ego
378 999 458 1026 etiam
468 1007 510 1026 eos
526 1000 586 1027 misi
596 1001 623 1027 in
636 1001 764 1028 mundum
778 1003 800 1030 ’.

261 1096 339 1123 Vcrs.
371 1096 416 1124 ‘22.
432 1096 464 1123 Et
485 1098 632 1126 ait—est.
649 1097 793 1125 llumanus
819 1105 851 1125 ac
880 1099 1016 1135 benignus

225 1148 316 1168 sermo
330 1145 383 1173 est,
403 1149 555 1177 suggerens
573 1142 655 1170 etiam
671 1143 705 1170 de
720 1143 861 1178 gentibus.

259 1187 337 1215 Vers.
359 1187 405 1214 23.
424 1187 550 1223 Dixitque
577 1203 611 1209 —
628 1190 739 1217 intrare.
769 1189 822 1218 Vim
842 1197 908 1218 sunt
937 1192 1016 1219 habi-

224 1232 342 1260 tationes
367 1233 501 1268 gentium,
535 1238 630 1269 utpote
662 1242 718 1262 non
754 1236 868 1263 munitae
900 1237 960 1272 lege
985 1246 1017 1266 ac

224 1278 316 1307 divina
344 1280 482 1312 custodia,
506 1287 556 1308 seu
590 1281 757 1314 visitatioue,
781 1282 852 1310 sicut
884 1283 1016 1312 habitatio

223 1324 398 1359 Judazorum;
425 1326 467 1354 vel
486 1331 615 1362 tanquam
630 1336 645 1355 a
673 1328 844 1358 damonibns
869 1333 1018 1360 conculca-

224 1377 268 1399 με.
303 1372 435 1400 Similiter
464 1378 494 1400 et
535 1381 630 1408 sepes,
671 1379 800 1409 tanquam
843 1383 1015 1411 peccatorum

223 1418 310 1453 spinis
330 1420 459 1453 stipatae;
486 1420 527 1447 vel
547 1426 677 1456 tanquam
695 1421 840 1449 circuitum
866 1423 926 1459 igne
957 1425 1015 1461 dig-

221 1472 287 1492 num
304 1465 447 1493 habentes.

258 1511 325 1546 Cugi
341 1512 499 1547 verojussit
519 1521 577 1546 eos.
597 1517 643 1550 qui
666 1524 699 1544 ex
716 1518 843 1552 gentibus
856 1524 944 1552 erantl
959 1527 1014 1546 non
1038 1532 1044 1540 -

1072 262 1234 290 ἀκολουθίαν
1249 262 1299 297 τῆς
1318 263 1486 299 παρασολῆς.
1505 263 1561 290 Καὶ
1576 263 1631 299 γὰρ
1647 264 1707 297 ἔθος
1719 267 1774 299 τοῖς
1787 268 1848 296 ἀπο-

1075 309 1262 344 στελλομένοις
1276 310 1317 342 εὶς
1335 310 1366 337 τδ
1382 309 1496 337 καλέσαι
1512 311 1601 343 τινὰς,
1617 311 1796 348 ὑποστρέφειν
1806 316 1848 342 καὶ

1071 355 1257 390 ἀπαγγέλλειν
1274 356 1340 392 περὶ
1356 356 1459 384 αὐτῶν.

1110 401 1179 428 Τότε
1200 398 1319 429 -ὦδε,
1351 402 1465 428 Ἐκεῖνοι
1497 402 1546 437 μὲν
1573 403 1599 429 οἱ
1627 404 1848 440 παραιτησάμενοι

1070 446 1141 484 ἦσαν
1157 449 1182 475 οἱ
1199 449 1340 484 ἀρχιερεῖς
1353 449 1402 475 καὶ
1430 448 1609 484 Γραμματεῖς
1635 450 1683 477 καὶ
1706 451 1846 486 Φαρισαῖοι,

1072 495 1119 522 καὶ
1132 495 1190 522 ὅσοι
1202 495 1363 530 τιμιώτεροι
1385 494 1432 521 τοῦ
1447 494 1572 530 πλήθους
1582 503 1590 510 ·
1605 494 1680 523 οὗτοι
1703 497 1742 530 δὲ,
1758 498 1781 524 οἱ
1797 498 1846 525 ἀντ’

1070 539 1183 565 ἐκείνων
1198 538 1381 573 εἰσαγόμενοι,
1399 538 1468 565 εἰσὶν
1485 540 1509 566 οῖ
1524 540 1607 567 κοινοὶ
1621 540 1668 568 καὶ
1679 541 1795 575 ἀγελαῖοι
1806 542 1847 569 καὶ

1070 584 1213 620 δημώδεις,
1230 585 1336 620 πτωχοὶ
1359 585 1407 611 καὶ
1424 585 1562 621 ἀνάπηροι
1578 587 1625 613 καὶ
1647 587 1728 622 χωλοὶ
1749 588 1792 614 καὶ
1804 597 1847 614 τυ-

1071 632 1132 666 φλοὶ
1147 630 1290 662 δοκοῦντες
1303 630 1429 663 ἐκείνοις,
1448 631 1486 663 ὡς
1514 632 1633 667 ἀμαθεῖς
1655 633 1703 659 καὶ
1722 633 1846 666 ἀσύνετα,

1069 678 1167 709 οἵτινες
1188 676 1289 712 μᾶλλον
1306 676 1445 704 ἐπείθοντο
1459 677 1612 705 διδάσκοντι
1623 678 1661 713 τῷ
1686 678 1802 714 Χριστῷ.
1817 680 1847 706 Ἦ

1070 724 1194 760 καὶπερὶ
1210 724 1264 750 τῶν
1279 723 1472 759 κατεχομένων
1487 724 1620 755 τοιούτοις
1634 724 1749 751 πάθεσιν
1765 725 1847 760 αἰσθη-

1069 773 1125 803 τοῖς
1141 771 1221 798 τοῦτο
1237 772 1334 807 νόησον
1348 779 1354 786 ’
1369 770 1397 805 ἢ,
1413 770 1450 801 οἳ,
1464 769 1568 798 τούτων
1582 770 1795 804 ἀπαλλαγέντες.
1810 771 1847 797 διὰ

1069 819 1187 851 πίστεως
1208 818 1377 853 εἰσήχθησαν
1407 818 1447 849 εἰς
1475 816 1525 852 τὴν
1556 816 1757 852 προρρηθεῖσαν
1790 816 1848 843 ἀπύ-

1069 865 1172 893 λαυσιν.

1103 912 1150 948 [Ὀ
1166 912 1217 948 μὲν
1234 912 1289 948 (64)
1306 911 1352 938 οὖν
1367 910 1462 946 Πατὴρ
1481 909 1625 937 ἀπέστειλε
1645 908 1692 936 τὸν
1709 908 1770 936 Υῖόν
1782 917 1790 925 ·
1801 910 1813 936 ό
1824 908 1848 935 δὲ

1068 959 1132 990 Tib;
1145 960 1208 992 τοὺς
1226 958 1404 989 ἀποστόλους.
1424 957 1528 991 Εῖρηκε
1542 956 1596 991 γάρ
1607 964 1614 970 ·
1628 956 1671 982 ὃτι
1685 955 1784 989 Καθὼς
1802 955 1848 990 ἐμὲ

1067 1004 1251 1037 ἀπέστειλας
1267 1005 1310 1037 εις
1325 1003 1378 1030 τὸν
1393 1003 1520 1037 κόσμον,
1532 1000 1614 1036 κάγὼ
1624 1000 1788 1028 ἀπέστειλα
1801 1001 1847 1028 αὐ-

1067 1050 1139 1084 τοὺς
1153 1052 1198 1083 εὶς
1218 1050 1272 1077 τὸν
1286 1048 1431 1085 uocitata]

1102 1097 1156 1125 Καὶ
1171 1095 1257 1124 εἶπεν
1269 1111 1305 1116 —-
1329 1096 1408 1123 ἐστι.
1429 1094 1626 1130 Φιλάνθρωπος
1644 1095 1658 1121 ὁ
1685 1093 1772 1128 λόγος,
1788 1093 1847 1120 ὕπο·

1069 1144 1233 1180 μιμνήσκων
1247 1144 1294 1170 καὶ
1309 1143 1375 1177 περὶ
1390 1142 1446 1169 τῶν
1458 1141 1556 1169 ἐθνῶν.

1103 1188 1157 1216 Kal
1169 1186 1254 1216 εἶπεν
1271 1203 1303 1209 -—
1316 1187 1478 1216 εἰσελθεῖν.
1498 1187 1568 1214 Ὀδοί
1583 1188 1654 1214 εἰσιν
1675 1187 1702 1214 αι
1723 1185 1846 1214 κατοικίαι

1068 1235 1121 1263 τῶν
1135 1234 1231 1265 ὲθνῶν.
1250 1234 1288 1266 ὡς
1317 1234 1355 1270 μὴ
1376 1234 1581 1269 τετειχισμέναι
1609 1233 1650 1270 τῷ
1674 1234 1748 1270 νόμῳ
1761 1233 1805 1260 καὶ
1819 1233 1846 1268 τῇ

1068 1281 1206 1316 ἐπισκοπῇ
1222 1280 1268 1307 τοῦ
1281 1281 1362 1313 Θεοῦ,
1375 1279 1504 1316 καθάπερ
1519 1281 1536 1316 ή
1557 1280 1612 1307 τῶν
1642 1279 1789 1313 Ἰουδαίων,
1808 1279 1847 1305 καὶ

1067 1328 1105 1358 ὼς
1125 1326 1393 1361 καταπεπατημέναι
1406 1328 1465 1358 τοῖς
1488 1325 1615 1361 δαίμοσιν
1629 1334 1635 1341 ·
1650 1326 1752 1361 ὁμοίως
1765 1326 1791 1352 δὲ
1806 1325 1847 1351 καὶ

1068 1373 1203 1409 φραγμοὶ,
1223 1373 1260 1404 ὡς
1274 1372 1468 1408 πεφραγμέναι
1484 1373 1543 1405 ταῖς
1555 1373 1693 1400 ἀκάνθαις
1705 1373 1754 1408 τῆς
1766 1372 1846 1408 ἁμαρ-

1067 1421 1137 1453 τὶας,
1152 1422 1198 1447 καὶ
1210 1420 1248 1451 ὡς
1266 1419 1352 1454 πυρὸς
1364 1419 1440 1453 ἄξιον
1454 1419 1599 1455 περίϐολον
1612 1420 1742 1455 ἔχουσαι.

1110 1515 1278 1550 ’Δναγκάσαι
1293 1514 1322 1541 δὲ
1345 1514 1410 1545 τοὺς
1437 1514 1466 1548 ἐξ
1491 1513 1577 1542 ἐθνῶν
1608 1514 1762 1548 ἐκέλευσεν,
1780 1513 1808 1540 οὐ
1821 1512 1845 1539 τὸ

222 1558 295 1592 quod
312 1558 473 1586 violentiam
493 1559 589 1587 inferri
625 1564 797 1597 praeceperit,
820 1564 868 1591 sed
884 1565 1011 1592 subindi-

1074 1562 1209 1594 Βιάξεσθαι
1239 1560 1452 1597 παραγγέλλων,
1477 1559 1538 1587 ἀλλ’
1565 1560 1721 1595 ὑποδηλῶν,
1738 1560 1778 1586 ὅτι
1797 1558 1843 1595 χρὴ

222 1611 301 1634 cans.
319 1604 392 1638 quod
409 1605 642 1634 vehementiorem
656 1616 688 1635 ac
702 1611 920 1638 constantiorem
933 1611 1013 1639 adhi-

223 1649 281 1676 beri
296 1649 519 1684 prazdicationem
538 1652 579 1680 eis
594 1659 731 1688 oporteat.
760 1660 855 1690 utpote
876 1656 984 1685 fortiter
999 1665 1013 1685 a

222 1697 532 1732 daemonibus'detentis,
542 1705 568 1728 et
581 1701 609 1728 in
618 1703 761 1737 profundis
775 1705 877 1732 erroris
890 1705 1015 1733 tenebris

222 1743 432 1771 dormientibus.

257 1787 336 1815 Vers.
354 1788 400 1817 23.
418 1789 448 1817 Ut
463 1805 498 1810 —
512 1799 582 1818 mea.
600 1791 663 1820 Vult
673 1794 746 1821 enim
757 1803 853 1824 omnes
866 1796 1012 1830 introduci,

221 1837 334 1868 propter
352 1833 501 1862 immensas
514 1843 570 1863 suae
584 1837 715 1866 bonitatis
725 1839 844 1868 divitias.

260 1880 334 1908 \‘ers.
353 1881 398 1908 24.
421 1881 484 1909 Dico
504 1892 664 1912 —camam.
692 1886 727 1914 Ut
750 1887 796 1921 qui
823 1888 1013 1917 inohedientes

222 1927 343 1958 fuerunt.
357 1934 390 1953 ac
406 1927 574 1956 vocationem
599 1930 657 1957 sive
667 1931 888 1964 praedicationem
901 1941 1014 1969 spreve-

221 1976 295 1999 runt.
319 1971 360 2000 0b
380 1973 454 2001 hunc
477 1981 543 2010 ergo
554 1982 712 2004 sermonem
725 1982 781 2005 tota
797 1980 925 2013 parabola
938 1988 1012 2008 com-

220 2019 308 2052 pOsita
337 2024 389 2052 est,
415 2022 647 2055 quemadmodum
675 2025 701 2051 in
724 2025 861 2061 principio
886 2027 946 2062 ejus
971 2028 1013 2056 di—

220 2071 321 2091 xumus.

256 2109 332 2138 νει-ε.
358 2113 402 2139 25.
424 2113 502 2140 Ibant
527 2129 560 2135 —
589 2115 675 2143 multi.
705 2117 766 2145 Alio
787 2118 914 2146 videlicet
939 2125 1009 2157 tetu—

219 2163 297 2189 pore.
445 2184 447 2186 .

256 2201 332 2230 Vers.
347 2203 392 2230 25.
405 2204 438 2230 Ει
451 2213 588 2233 conversus
608 2221 642 2227 —
659 2208 733 2236 Vers.
754 2209 799 2237 ‘26.
815 2218 870 2238 esse
897 2212 1009 2248 discipu-

220 2249 272 2276 lus.
291 2249 400 2282 Sciens,
423 2251 498 2285 ipsos
519 2253 629 2287 quidem
646 2255 724 2290 sequi
755 2256 833 2289 velle,
845 2265 907 2286 cum
920 2264 1009 2287 tamen

219 2295 338 2322 vinculis
353 2296 481 2324 amicitiae
496 2298 529 2325 ad
542 2299 700 2334 hujusmodi
715 2310 846 2336 personas
859 2305 1012 2333 retineren-

221 2345 275 2370 ttlr,
291 2339 438 2368 manifeste
453 2347 630 2378 protestatur,
646 2346 718 2380 quod
735 2347 859 2383 quisquis
870 2349 904 2376 ad
920 2357 950 2377 se
964 2358 1012 2384 per

220 2385 300 2412 fidem
314 2386 399 2419 venit,
416 2395 468 2414 nec
493 2390 638 2423 prazdictas
661 2391 719 2418 odit
742 2401 883 2428 personas,
901 2402 962 2421 cum
977 2395 1011 2422 ad

219 2430 396 2458 dilectionem
415 2440 478 2468 erga
493 2433 578 2461 Deum
599 2435 651 2463 sibi
671 2437 772 2465 fuerint
803 2439 1010 2474 impedimento,

219 2480 246 2502 et
264 2476 297 2504 ad
322 2477 374 2504 iter
389 2478 422 2506 ad
437 2479 575 2507 Christum
590 2491 596 2509 :
610 2482 652 2509 vel
667 2484 738 2517 quod
750 2483 873 2513 inﬁdeles
889 2485 953 2519 sint,
968 2487 1010 2514 vel

218 2524 290 2556 quod
309 2525 446 2552 mundana
472 2527 591 2560 sapiant,
610 2536 665 2555 non
687 2535 779 2563 potest
792 2530 878 2565 ipsius
893 2539 954 2559 esse
971 2533 1011 2560 di-

219 2570 350 2605 scipulus.
370 2571 513 2607 Siquidem
531 2575 576 2609 qui
590 2575 643 2602 illis
668 2576 772 2610 obedit,
788 2577 897 2605 Christo
914 2578 1009 2606 inohe-

219 2617 298 2645 dicns
311 2623 370 2648 est:
383 2619 419 2646 illi
429 2621 552 2656 namque
568 2623 714 2650 carnaliter
728 2631 790 2651 eum
804 2625 893 2652 virere
905 2626 1007 2657 folunt.

219 2663 277 2698 ipse
289 2673 353 2692 vero
367 2666 547 2700 spiritualiter
561 2676 624 2696 cum
641 2671 795 2699 conversari
812 2672 901 2700 docet.
914 2671 1006 2699 Ποιιο-

270 2733 280 2748 ⁹
301 2731 379 2759 Joan.
409 2742 474 2766 xvn,
499 2735 539 2762 18.

1066 1607 1266 1643 συντονώτερον
1294 1607 1324 1633 ὲν
1349 1605 1455 1637 τούτοις
1479 1605 1511 1632 τὸ
1538 1606 1674 1642 κήρυγμα
1697 1607 1781 1633 ποιεῖν
1805 1605 1845 1632 καὶ

1065 1653 1279 1689 ὲπιμονώτερον,
1295 1652 1332 1684 ὡς
1348 1651 1469 1687 ἰσχυρῶς
1481 1650 1535 1678 ὑπὸ
1549 1651 1603 1678 τῶν
1619 1652 1758 1688 δαιμόνων
1772 1659 1844 1678 κατε·

1066 1696 1201 1734 χομένοις,
1216 1700 1263 1726 καὶ
1276 1698 1330 1725 ὑπὸ
1343 1697 1422 1732 βαθεῖ
1437 1697 1528 1730 σκότῳ
1544 1699 1594 1734 τῆς
1624 1698 1736 1734 ἀπάτης
1759 1697 1843 1725 καθεύ·

1064 1745 1165 1772 δουσιν.

1101 1793 1169 1819 Ἵνα
1186 1807 1221 1812 -
1235 1800 1307 1827 μου.
1327 1790 1458 1818 Βούλεται
1482 1794 1537 1827 γάρ
1567 1790 1675 1823 πάντας
1697 1790 1842 1826 εἰσαχθῆναι

1064 1839 1108 1867 διὰ
1124 1839 1171 1866 τὸν
1184 1838 1300 1874 ἄπειρον
1314 1838 1432 1865 πλοῦτον
1443 1838 1494 1873 τῆς
1510 1837 1594 1865 αὐτοῦ
1609 1838 1787 1873 ἀγαθότητος.

1101 1884 1182 1920 Λέγω
1195 1898 1229 1904 ~
1244 1884 1382 1911 δείπνου.
1404 1882 1448 1916 Ὠς
1465 1883 1678 1918 ἀπειθησάντων
1694 1883 1740 1910 καὶ
1751 1881 1843 1914 ἐξουδε-

1064 1932 1209 1959 νωσάντων
1221 1931 1271 1967 τὴν
1285 1931 1395 1966 κλῆσιν,
1407 1929 1519 1966 ἧτοι,τδ
1529 1930 1678 1966 κήρυγμα.
1693 1930 1741 1956 Διὰ
1756 1929 1839 1956 τοῦτον

1064 1978 1111 2006 οὖν
1129 1978 1174 2005 τὸν
1186 1978 1265 2012 λόγον
1292 1978 1309 2013 ἡ
1327 1977 1374 2012 ὃλη
1396 1976 1542 2012 παραϐολὴ
1554 1977 1698 2011 συνετέθη,
1715 1975 1802 2006 καθὼς
1818 1975 1843 2000 ὲν

1064 2026 1136 2061 ἀρχῇ
1150 2024 1253 2059 ταύτης
1269 2023 1434 2058 εἰρήκαμεν.

1098 2118 1340 2153 Συνεπορεύοντο
1355 2131 1390 2137 ——-
1414 2117 1534 2144 πολλοι.
1556 2116 1600 2143 Ἑν
1630 2117 1717 2152 ἑτέρῳ
1733 2115 1842 2151 δηλονότι

1063 2165 1162 2201 καιρῷ.

1097 2213 1152 2240 Καὶ
1167 2211 1312 2246 στραφεὶς
1326 2210 1384 2247 (65)
1399 2225 1434 2231 -—
1444 2211 1582 2246 μαθητὴς
1602 2210 1692 2239 εἶναι.
1711 2210 1789 2240 Εἰδὼς
1802 2207 1841 2234 αὑ-

1062 2259 1128 2291 τοὺς
1141 2258 1271 2289 θέλοντας
1290 2257 1341 2293 μὲν
1358 2257 1519 2284 ἀκολουθεῖν
1544 2257 1632 2293 αὐτῷ,
1654 2256 1840 2292 κατεχομένους

1062 2305 1091 2331 δὲ
1101 2305 1158 2336 τοῖς
1173 2304 1285 2339 δεσμοῖς
1311 2303 1361 2338 τῆς
1389 2303 1459 2338 πρὸς
1483 2303 1519 2330 τὰ
1539 2303 1699 2338 δηλωθέντα
1719 2302 1840 2337 πρόσωπα

1063 2350 1192 2385 σχέσεως,
1226 2348 1445 2385 διαμαρτύρεται
1476 2349 1615 2385 φανερῶς,
1644 2350 1686 2376 ὅτι
1701 2349 1774 2379 ὅστις
1795 2347 1840 2373 τῶν

1061 2397 1105 2424 διὰ
1120 2397 1237 2428 πίστεως
1251 2396 1408 2432 ἐρχομένων
1425 2395 1494 2431 πρὸς
1522 2396 1604 2423 αὐτὸν
1618 2396 1650 2423 οὐ
1671 2396 1747 2431 μισεῖ
1759 2395 1791 2421 τὰ
1804 2394 1838 2419 εξ·

1064 2443 1170 2478 ρημένα
1184 2442 1330 2478 πρόσωπα,
1357 2443 1423 2469 ὅταν
1443 2441 1613 2476 ἑμποδίζωσι
1640 2442 1712 2477 πρὸς
1740 2441 1787 2476 τὴν
1806 2440 1840 2470 εἷς

1060 2489 1127 2515 Θεὸν
1140 2489 1251 2524 ἀγάπην
1265 2489 1312 2515 καὶ
1326 2488 1394 2524 πρὸς
1420 2488 1467 2523 τὴν
1491 2488 1562 2515 κατὰ
1577 2489 1699 2524 Χριστδν
1725 2486 1838 2521 πορείαν,

1060 2535 1076 2571 ἢ
1090 2535 1200 2563 ἄπιστοι
1218 2535 1304 2568 ὄντες,
1320 2534 1336 2570 ἧ
1354 2534 1476 2569 κοσμικὶ
1492 2533 1667 2568 φρονοῦντες,
1693 2533 1723 2560 οὐ
1738 2532 1838 2559 δύναται

1060 2581 1142 2607 αὐτοῦ
1172 2579 1298 2615 μαθητὴς
1323 2577 1404 2606 εἶναι.
1447 2579 1614 2614 Πειθόμενος
1639 2579 1694 2613 γὰρ
1722 2577 1838 2605 ἐκείνοις,

1059 2626 1204 2662 ἀπειθήτει
1232 2625 1316 2660 αὐτῷ,
1336 2625 1404 2651 διότι
1427 2624 1504 2652 αὐτοὶ
1533 2624 1582 2659 μὲν
1613 2624 1755 2658 σαρκικῶς
1771 2620 1839 2657 βιοῦν

1061 2672 1142 2699 αὑτὸν
1156 2671 1290 2703 θέλουσιν,
1307 2670 1389 2702 αὐτὸς
1404 2669 1432 2696 δὲ
1459 2668 1655 2704 πνευματικῶς
1672 2667 1754 2695 αὒτδν
1771 2664 1838 2692 πολι-

802 2773 899 2803 Variae
921 2773 1081 2805 lectiones
1102 2776 1132 2804 et
1154 2776 1248 2804 notua.

254 2851 386 2912 (64)]ῑ1εεο
402 2858 516 2888 uterque
547 2855 572 2882 in
603 2857 733 2892 margine.
766 2855 915 2884 Ilcnt‘n'us
942 2863 996 2884 non

254 2892 327 2912 nosci
344 2905 351 2912 .

219 2891 351 2919 agnoscit.

1088 2857 1143 2892 (65)
1156 2856 1287 2893 Στραςρεὶς
1310 2865 1362 2885 non
1381 2858 1513 2893 expressit
1527 2838 1696 2885 llcntenius.‘
