  <div class='ocr_page' id='page_1' title='image "/cluster/home/n/w/nwhite01/storage/ocr_20150623/129/njp.32101077773065/538.png"; bbox 0 0 1927 3074; ppageno 0'>
   <div class='ocr_carea' id='block_1_1' title="bbox 79 191 147 225">
    <p class='ocr_par' dir='ltr' id='par_1_1' title="bbox 79 191 147 225">
     <span class='ocr_line' id='line_1_1' title="bbox 79 191 147 225; baseline -0.015 -2"><span class='ocrx_word' id='word_1_1' title='bbox 79 191 147 225; x_wconf 75' lang='grc'><strong>1017</strong></span> 
     </span>
    </p>
   </div>
   <div class='ocr_carea' id='block_1_2' title="bbox 555 195 1232 228">
    <p class='ocr_par' dir='ltr' id='par_1_2' title="bbox 555 195 1232 228">
     <span class='ocr_line' id='line_1_2' title="bbox 555 195 1232 228; baseline -0.001 -1"><span class='ocrx_word' id='word_1_2' title='bbox 555 197 751 228; x_wconf 69' lang='lat' dir='ltr'><strong>COMMENT.</strong></span> <span class='ocrx_word' id='word_1_3' title='bbox 775 198 816 228; x_wconf 84' lang='grc' dir='ltr'>ΙΝ</span> <span class='ocrx_word' id='word_1_4' title='bbox 837 197 979 228; x_wconf 78' lang='lat' dir='ltr'><strong>LUCAM.</strong></span> <span class='ocrx_word' id='word_1_5' title='bbox 1001 210 1034 215; x_wconf 79' lang='lat'><strong><em>—</em></strong></span> <span class='ocrx_word' id='word_1_6' title='bbox 1054 196 1134 228; x_wconf 83' lang='lat' dir='ltr'><strong>CAP.</strong></span> <span class='ocrx_word' id='word_1_7' title='bbox 1152 195 1232 228; x_wconf 77' lang='lat' dir='ltr'><strong>XIV.</strong></span> 
     </span>
    </p>
   </div>
   <div class='ocr_carea' id='block_1_3' title="bbox 1642 193 1711 227">
    <p class='ocr_par' dir='ltr' id='par_1_3' title="bbox 1642 193 1711 227">
     <span class='ocr_line' id='line_1_3' title="bbox 1642 193 1711 227; baseline 0 -1"><span class='ocrx_word' id='word_1_8' title='bbox 1642 193 1711 227; x_wconf 77' lang='grc'><strong>1013</strong></span> 
     </span>
    </p>
   </div>
   <div class='ocr_carea' id='block_1_4' title="bbox 76 249 864 289">
    <p class='ocr_par' dir='ltr' id='par_1_4' title="bbox 76 249 864 289">
     <span class='ocr_line' id='line_1_4' title="bbox 76 249 864 289; baseline 0.005 -15"><span class='ocrx_word' id='word_1_9' title='bbox 76 249 202 276; x_wconf 67' lang='lat' dir='ltr'><strong>rstica-01:</strong></span> <span class='ocrx_word' id='word_1_10' title='bbox 219 249 351 279; x_wconf 69' lang='grc' dir='ltr'>διδάσκει.</span> <span class='ocrx_word' id='word_1_11' title='bbox 372 252 508 288; x_wconf 81' lang='grc' dir='ltr'>Τιμητέον</span> <span class='ocrx_word' id='word_1_12' title='bbox 534 258 584 289; x_wconf 80' lang='grc' dir='ltr'><strong>μεν</strong></span> <span class='ocrx_word' id='word_1_13' title='bbox 610 253 658 280; x_wconf 75' lang='grc' dir='ltr'><strong>καὶ</strong></span> <span class='ocrx_word' id='word_1_14' title='bbox 684 253 792 289; x_wconf 80' lang='grc' dir='ltr'>πατέρα</span> <span class='ocrx_word' id='word_1_15' title='bbox 820 253 864 280; x_wconf 70' lang='grc' dir='ltr'><strong>καί</strong></span> 
     </span>
    </p>
   </div>
   <div class='ocr_carea' id='block_1_5' title="bbox 922 249 1712 289">
    <p class='ocr_par' dir='ltr' id='par_1_5' title="bbox 922 251 1712 287">
     <span class='ocr_line' id='line_1_5' title="bbox 922 251 1712 287; baseline -0.001 -8"><span class='ocrx_word' id='word_1_16' title='bbox 922 253 996 280; x_wconf 82' lang='lat' dir='ltr'><strong>randi</strong></span> <span class='ocrx_word' id='word_1_17' title='bbox 1024 252 1161 287; x_wconf 82' lang='lat' dir='ltr'><strong>siquidem</strong></span> <span class='ocrx_word' id='word_1_18' title='bbox 1186 255 1251 278; x_wconf 84' lang='lat' dir='ltr'><strong>sunt</strong></span> <span class='ocrx_word' id='word_1_19' title='bbox 1274 254 1352 285; x_wconf 82' lang='lat' dir='ltr'><strong>pater</strong></span> <span class='ocrx_word' id='word_1_20' title='bbox 1370 253 1397 278; x_wconf 84' lang='lat' dir='ltr'><strong>et</strong></span> <span class='ocrx_word' id='word_1_21' title='bbox 1409 254 1507 283; x_wconf 83' lang='lat' dir='ltr'><strong>mater,</strong></span> <span class='ocrx_word' id='word_1_22' title='bbox 1518 258 1615 279; x_wconf 87' lang='lat' dir='ltr'><strong>verum</strong></span> <span class='ocrx_word' id='word_1_23' title='bbox 1638 251 1712 279; x_wconf 79' lang='lat' dir='ltr'><strong>Deus</strong></span> 
     </span>
    </p>
   </div>
   <div class='ocr_carea' id='block_1_6' title="bbox 78 295 784 335">
    <p class='ocr_par' dir='ltr' id='par_1_6' title="bbox 78 295 784 335">
     <span class='ocr_line' id='line_1_6' title="bbox 78 295 784 335; baseline 0.007 -13"><span class='ocrx_word' id='word_1_24' title='bbox 78 295 184 331; x_wconf 78' lang='grc' dir='ltr'>μητέρα</span> <span class='ocrx_word' id='word_1_25' title='bbox 207 297 263 331; x_wconf 83' lang='grc'>(66)</span> <span class='ocrx_word' id='word_1_26' title='bbox 278 306 285 314; x_wconf 75' lang='grc'><strong><em>⁸</em></strong></span> <span class='ocrx_word' id='word_1_27' title='bbox 303 300 489 335; x_wconf 79' lang='grc' dir='ltr'><strong>προτιμητέον</strong></span> <span class='ocrx_word' id='word_1_28' title='bbox 500 300 527 326; x_wconf 75' lang='grc' dir='ltr'>δὲ</span> <span class='ocrx_word' id='word_1_29' title='bbox 548 300 638 327; x_wconf 77' lang='grc' dir='ltr'>αὐτῶν</span> <span class='ocrx_word' id='word_1_30' title='bbox 649 301 695 327; x_wconf 68' lang='grc' dir='ltr'><strong>τὸν</strong></span> <span class='ocrx_word' id='word_1_31' title='bbox 706 300 784 327; x_wconf 77' lang='grc' dir='ltr'>Θεὸν.</span> 
     </span>
    </p>
   </div>
   <div class='ocr_carea' id='block_1_7' title="bbox 111 342 868 381">
    <p class='ocr_par' dir='ltr' id='par_1_7' title="bbox 111 342 868 381">
     <span class='ocr_line' id='line_1_7' title="bbox 111 342 868 381; baseline 0.007 -14"><span class='ocrx_word' id='word_1_32' title='bbox 111 342 160 368; x_wconf 78' lang='grc' dir='ltr'><strong>Διὰ</strong></span> <span class='ocrx_word' id='word_1_33' title='bbox 174 342 230 368; x_wconf 85' lang='grc' dir='ltr'><strong>τῶν</strong></span> <span class='ocrx_word' id='word_1_34' title='bbox 254 345 448 379; x_wconf 78' lang='grc' dir='ltr'>γνησιωτέρων</span> <span class='ocrx_word' id='word_1_35' title='bbox 472 345 500 371; x_wconf 84' lang='grc' dir='ltr'>δὲ</span> <span class='ocrx_word' id='word_1_36' title='bbox 516 346 571 372; x_wconf 76' lang='grc' dir='ltr'><strong>πᾶν</strong></span> <span class='ocrx_word' id='word_1_37' title='bbox 590 345 740 381; x_wconf 79' lang='grc' dir='ltr'>πρόσωπον</span> <span class='ocrx_word' id='word_1_38' title='bbox 756 346 868 380; x_wconf 76' lang='grc' dir='ltr'>ἀγαπη-</span> 
     </span>
    </p>
   </div>
   <div class='ocr_carea' id='block_1_8' title="bbox 75 387 867 426">
    <p class='ocr_par' dir='ltr' id='par_1_8' title="bbox 75 387 867 426">
     <span class='ocr_line' id='line_1_8' title="bbox 75 387 867 426; baseline 0.005 -13"><span class='ocrx_word' id='word_1_39' title='bbox 75 387 120 413; x_wconf 80' lang='grc' dir='ltr'><strong>τδν</strong></span> <span class='ocrx_word' id='word_1_40' title='bbox 134 388 270 423; x_wconf 72' lang='grc' dir='ltr'>ἐμφήνας,</span> <span class='ocrx_word' id='word_1_41' title='bbox 294 390 420 424; x_wconf 74' lang='grc' dir='ltr'>ἐπήγαγε</span> <span class='ocrx_word' id='word_1_42' title='bbox 440 390 488 417; x_wconf 76' lang='grc' dir='ltr'>καὶ</span> <span class='ocrx_word' id='word_1_43' title='bbox 510 390 540 417; x_wconf 79' lang='grc' dir='ltr'>τὸ</span> <span class='ocrx_word' id='word_1_44' title='bbox 566 391 670 425; x_wconf 83' lang='grc' dir='ltr'>μεῖζον,</span> <span class='ocrx_word' id='word_1_45' title='bbox 694 391 736 417; x_wconf 84' lang='grc' dir='ltr'>ὅτι</span> <span class='ocrx_word' id='word_1_46' title='bbox 755 391 802 417; x_wconf 72' lang='grc' dir='ltr'>καὶ</span> <span class='ocrx_word' id='word_1_47' title='bbox 817 391 867 426; x_wconf 82' lang='grc' dir='ltr'>τὴν</span> 
     </span>
    </p>
   </div>
   <div class='ocr_carea' id='block_1_9' title="bbox 77 433 867 470">
    <p class='ocr_par' dir='ltr' id='par_1_9' title="bbox 77 433 867 470">
     <span class='ocr_line' id='line_1_9' title="bbox 77 433 867 470; baseline 0.005 -11"><span class='ocrx_word' id='word_1_48' title='bbox 77 433 175 460; x_wconf 78' lang='grc' dir='ltr'>ἑαυτοῦ</span> <span class='ocrx_word' id='word_1_49' title='bbox 207 434 307 470; x_wconf 78' lang='grc' dir='ltr'>ψυχὴν,</span> <span class='ocrx_word' id='word_1_50' title='bbox 337 436 474 468; x_wconf 78' lang='grc' dir='ltr'>τουτέστι,</span> <span class='ocrx_word' id='word_1_51' title='bbox 500 437 547 463; x_wconf 68' lang='grc' dir='ltr'><strong>καὶ</strong></span> <span class='ocrx_word' id='word_1_52' title='bbox 573 438 602 463; x_wconf 74' lang='grc' dir='ltr'><strong>τὸ</strong></span> <span class='ocrx_word' id='word_1_53' title='bbox 628 437 724 463; x_wconf 73' lang='grc' dir='ltr'>ἑαυτοῦ</span> <span class='ocrx_word' id='word_1_54' title='bbox 747 436 867 470; x_wconf 79' lang='grc' dir='ltr'>θέλημα,</span> 
     </span>
    </p>
   </div>
   <div class='ocr_carea' id='block_1_10' title="bbox 76 479 897 517">
    <p class='ocr_par' dir='ltr' id='par_1_10' title="bbox 76 479 897 517">
     <span class='ocr_line' id='line_1_10' title="bbox 76 479 897 517; baseline 0.006 -13"><span class='ocrx_word' id='word_1_55' title='bbox 76 479 141 505; x_wconf 81' lang='grc' dir='ltr'>ὅταν</span> <span class='ocrx_word' id='word_1_56' title='bbox 156 480 276 506; x_wconf 70' lang='grc' dir='ltr'>ἐναντίον</span> <span class='ocrx_word' id='word_1_57' title='bbox 303 482 345 517; x_wconf 74' lang='grc' dir='ltr'><strong>εἴη</strong></span> <span class='ocrx_word' id='word_1_58' title='bbox 365 481 404 515; x_wconf 84' lang='grc' dir='ltr'>τῷ</span> <span class='ocrx_word' id='word_1_59' title='bbox 432 481 565 517; x_wconf 77' lang='grc' dir='ltr'><strong>θελήματι</strong></span> <span class='ocrx_word' id='word_1_60' title='bbox 590 482 637 508; x_wconf 86' lang='grc' dir='ltr'>τοῦ</span> <span class='ocrx_word' id='word_1_61' title='bbox 658 481 737 509; x_wconf 82' lang='grc' dir='ltr'>Θεοῦ.</span> <span class='ocrx_word' id='word_1_62' title='bbox 753 482 799 508; x_wconf 81' lang='grc' dir='ltr'>Δεῖ</span> <span class='ocrx_word' id='word_1_63' title='bbox 813 480 897 517; x_wconf 68' lang='grc' dir='ltr'>γὰρ’</span> 
     </span>
    </p>
   </div>
   <div class='ocr_carea' id='block_1_11' title="bbox 75 525 868 564">
    <p class='ocr_par' dir='ltr' id='par_1_11' title="bbox 75 525 868 564">
     <span class='ocr_line' id='line_1_11' title="bbox 75 525 868 564; baseline 0.005 -14"><span class='ocrx_word' id='word_1_64' title='bbox 75 525 121 551; x_wconf 73' lang='grc' dir='ltr'>τὸν</span> <span class='ocrx_word' id='word_1_65' title='bbox 143 525 230 561; x_wconf 83' lang='grc' dir='ltr'>ἀληοῆ</span> <span class='ocrx_word' id='word_1_66' title='bbox 248 525 372 562; x_wconf 83' lang='grc' dir='ltr'>μαθητὴν</span> <span class='ocrx_word' id='word_1_67' title='bbox 394 527 442 554; x_wconf 81' lang='grc' dir='ltr'><strong>τοῦ</strong></span> <span class='ocrx_word' id='word_1_68' title='bbox 469 528 600 564; x_wconf 82' lang='grc' dir='ltr'>Χριστοῦ,</span> <span class='ocrx_word' id='word_1_69' title='bbox 617 528 804 563; x_wconf 78' lang='grc' dir='ltr'>ἀφιλόσαρκον</span> <span class='ocrx_word' id='word_1_70' title='bbox 820 527 868 554; x_wconf 72' lang='grc' dir='ltr'>καὶ</span> 
     </span>
    </p>
   </div>
   <div class='ocr_carea' id='block_1_12' title="bbox 75 571 863 610">
    <p class='ocr_par' dir='ltr' id='par_1_12' title="bbox 75 571 863 610">
     <span class='ocr_line' id='line_1_12' title="bbox 75 571 863 610; baseline 0.006 -13"><span class='ocrx_word' id='word_1_71' title='bbox 75 571 244 607; x_wconf 73' lang='grc' dir='ltr'>ἁφιλόψυχον</span> <span class='ocrx_word' id='word_1_72' title='bbox 259 574 288 600; x_wconf 80' lang='grc' dir='ltr'>ἐν</span> <span class='ocrx_word' id='word_1_73' title='bbox 305 575 361 605; x_wconf 81' lang='grc' dir='ltr'><strong>τοίς</strong></span> <span class='ocrx_word' id='word_1_74' title='bbox 375 576 575 609; x_wconf 71' lang='grc' dir='ltr'><strong>πνευματικοῖς</strong></span> <span class='ocrx_word' id='word_1_75' title='bbox 591 574 697 609; x_wconf 73' lang='grc' dir='ltr'>ἀγῶσιν</span> <span class='ocrx_word' id='word_1_76' title='bbox 716 575 863 610; x_wconf 83' lang='grc' dir='ltr'>ὑπάρχειν.</span> 
     </span>
    </p>
   </div>
   <div class='ocr_carea' id='block_1_13' title="bbox 112 711 867 750">
    <p class='ocr_par' dir='ltr' id='par_1_13' title="bbox 112 711 867 750">
     <span class='ocr_line' id='line_1_13' title="bbox 112 711 867 750; baseline 0.004 -12"><span class='ocrx_word' id='word_1_77' title='bbox 112 711 164 738; x_wconf 83' lang='grc' dir='ltr'>Καί</span> <span class='ocrx_word' id='word_1_78' title='bbox 178 711 309 744; x_wconf 79' lang='grc' dir='ltr'>ὅστις-</span> <span class='ocrx_word' id='word_1_79' title='bbox 320 721 381 747; x_wconf 79' lang='grc' dir='ltr'><strong>μου</strong></span> <span class='ocrx_word' id='word_1_80' title='bbox 405 713 554 748; x_wconf 78' lang='grc' dir='ltr'>μαθητής.</span> <span class='ocrx_word' id='word_1_81' title='bbox 567 714 663 746; x_wconf 78' lang='grc' dir='ltr'>Ὅστις</span> <span class='ocrx_word' id='word_1_82' title='bbox 691 714 721 741; x_wconf 85' lang='grc' dir='ltr'>οὺ</span> <span class='ocrx_word' id='word_1_83' title='bbox 733 714 867 750; x_wconf 80' lang='grc' dir='ltr'><strong>βαστάζει</strong></span> 
     </span>
    </p>
   </div>
   <div class='ocr_carea' id='block_1_14' title="bbox 74 758 867 796">
    <p class='ocr_par' dir='ltr' id='par_1_14' title="bbox 74 758 867 796">
     <span class='ocr_line' id='line_1_14' title="bbox 74 758 867 796; baseline 0.004 -12"><span class='ocrx_word' id='word_1_84' title='bbox 74 758 123 784; x_wconf 81' lang='grc' dir='ltr'><strong>ἐπὶ</strong></span> <span class='ocrx_word' id='word_1_85' title='bbox 151 758 262 793; x_wconf 79' lang='grc' dir='ltr'><strong>μνήμης</strong></span> <span class='ocrx_word' id='word_1_86' title='bbox 277 759 323 785; x_wconf 83' lang='grc' dir='ltr'><strong>τὸν</strong></span> <span class='ocrx_word' id='word_1_87' title='bbox 344 759 459 786; x_wconf 79' lang='grc' dir='ltr'>θάνατον</span> <span class='ocrx_word' id='word_1_88' title='bbox 483 760 579 787; x_wconf 80' lang='grc' dir='ltr'>αὐτοῦ.</span> <span class='ocrx_word' id='word_1_89' title='bbox 596 761 647 787; x_wconf 76' lang='grc' dir='ltr'>Διὰ</span> <span class='ocrx_word' id='word_1_90' title='bbox 672 761 720 788; x_wconf 77' lang='grc' dir='ltr'><strong>τοῦ</strong></span> <span class='ocrx_word' id='word_1_91' title='bbox 748 761 867 796; x_wconf 81' lang='grc' dir='ltr'>σταυροῦ</span> 
     </span>
    </p>
   </div>
   <div class='ocr_carea' id='block_1_15' title="bbox 74 803 867 842">
    <p class='ocr_par' dir='ltr' id='par_1_15' title="bbox 74 803 867 842">
     <span class='ocr_line' id='line_1_15' title="bbox 74 803 867 842; baseline 0.004 -13"><span class='ocrx_word' id='word_1_92' title='bbox 74 804 129 837; x_wconf 72' lang='grc' dir='ltr'><strong>γὰρ</strong></span> <span class='ocrx_word' id='word_1_93' title='bbox 144 804 189 829; x_wconf 64' lang='grc' dir='ltr'><strong>τὴν</strong></span> <span class='ocrx_word' id='word_1_94' title='bbox 201 803 317 830; x_wconf 75' lang='grc' dir='ltr'>θάνατον</span> <span class='ocrx_word' id='word_1_95' title='bbox 333 804 464 840; x_wconf 80' lang='grc' dir='ltr'>ἐδήλωσε,</span> <span class='ocrx_word' id='word_1_96' title='bbox 478 805 546 832; x_wconf 83' lang='grc' dir='ltr'>διότι</span> <span class='ocrx_word' id='word_1_97' title='bbox 566 806 628 833; x_wconf 77' lang='grc' dir='ltr'>τότε</span> <span class='ocrx_word' id='word_1_98' title='bbox 644 806 764 834; x_wconf 74' lang='grc' dir='ltr'>θανάτου</span> <span class='ocrx_word' id='word_1_99' title='bbox 779 807 867 842; x_wconf 74' lang='grc' dir='ltr'>ὄργα-</span> 
     </span>
    </p>
   </div>
   <div class='ocr_carea' id='block_1_16' title="bbox 75 846 868 888">
    <p class='ocr_par' dir='ltr' id='par_1_16' title="bbox 75 846 868 888">
     <span class='ocr_line' id='line_1_16' title="bbox 75 846 868 888; baseline 0.005 -13"><span class='ocrx_word' id='word_1_100' title='bbox 75 858 120 875; x_wconf 74' lang='grc' dir='ltr'><strong>νον</strong></span> <span class='ocrx_word' id='word_1_101' title='bbox 135 846 169 884; x_wconf 82' lang='grc' dir='ltr'>ἦν</span> <span class='ocrx_word' id='word_1_102' title='bbox 183 850 196 875; x_wconf 85' lang='grc' dir='ltr'><strong>ὀ</strong></span> <span class='ocrx_word' id='word_1_103' title='bbox 221 850 347 885; x_wconf 74' lang='grc' dir='ltr'>σταυρὸς,</span> <span class='ocrx_word' id='word_1_104' title='bbox 372 851 409 883; x_wconf 78' lang='grc' dir='ltr'><strong>ὡς</strong></span> <span class='ocrx_word' id='word_1_105' title='bbox 428 852 475 878; x_wconf 82' lang='grc' dir='ltr'>καὶ</span> <span class='ocrx_word' id='word_1_106' title='bbox 502 853 531 879; x_wconf 80' lang='grc' dir='ltr'>ὲν</span> <span class='ocrx_word' id='word_1_107' title='bbox 556 852 594 887; x_wconf 83' lang='grc' dir='ltr'><strong>τῷ</strong></span> <span class='ocrx_word' id='word_1_108' title='bbox 616 853 769 888; x_wconf 80' lang='grc' dir='ltr'><strong>τριακοστῷ</strong></span> <span class='ocrx_word' id='word_1_109' title='bbox 783 853 868 887; x_wconf 80' lang='grc' dir='ltr'><strong>τρίτῳ</strong></span> 
     </span>
    </p>
   </div>
   <div class='ocr_carea' id='block_1_17' title="bbox 75 895 868 934">
    <p class='ocr_par' dir='ltr' id='par_1_17' title="bbox 75 895 868 934">
     <span class='ocr_line' id='line_1_17' title="bbox 75 895 868 934; baseline 0.004 -13"><span class='ocrx_word' id='word_1_110' title='bbox 75 895 215 930; x_wconf 66' lang='grc' dir='ltr'>κεφαλαίῳ</span> <span class='ocrx_word' id='word_1_111' title='bbox 236 897 282 922; x_wconf 78' lang='grc' dir='ltr'>τοῦ</span> <span class='ocrx_word' id='word_1_112' title='bbox 299 897 371 923; x_wconf 74' lang='grc' dir='ltr'>κατὰ</span> <span class='ocrx_word' id='word_1_113' title='bbox 383 898 525 925; x_wconf 68' lang='grc' dir='ltr'>ἉῘατθαῖον</span> <span class='ocrx_word' id='word_1_114' title='bbox 540 898 596 934; x_wconf 77' lang='grc'>(67)</span> <span class='ocrx_word' id='word_1_115' title='bbox 608 898 746 926; x_wconf 73' lang='grc' dir='ltr'>λέλεκται.</span> <span class='ocrx_word' id='word_1_116' title='bbox 770 899 868 930; x_wconf 70' lang='grc' dir='ltr'>Ὅστις</span> 
     </span>
    </p>
   </div>
   <div class='ocr_carea' id='block_1_18' title="bbox 75 935 905 981">
    <p class='ocr_par' dir='ltr' id='par_1_18' title="bbox 75 935 905 981">
     <span class='ocr_line' id='line_1_18' title="bbox 75 935 905 981; baseline 0.007 -14"><span class='ocrx_word' id='word_1_117' title='bbox 75 941 107 967; x_wconf 87' lang='grc' dir='ltr'>οὐ</span> <span class='ocrx_word' id='word_1_118' title='bbox 125 941 254 976; x_wconf 77' lang='grc' dir='ltr'><strong>βαστάζει</strong></span> <span class='ocrx_word' id='word_1_119' title='bbox 270 943 320 979; x_wconf 83' lang='grc' dir='ltr'>τὴν</span> <span class='ocrx_word' id='word_1_120' title='bbox 343 944 479 979; x_wconf 73' lang='grc' dir='ltr'><strong>νέκρωσιν</strong></span> <span class='ocrx_word' id='word_1_121' title='bbox 492 944 588 978; x_wconf 78' lang='grc' dir='ltr'>αὑτοῦ,</span> <span class='ocrx_word' id='word_1_122' title='bbox 607 945 680 979; x_wconf 82' lang='grc' dir='ltr'>λέγω</span> <span class='ocrx_word' id='word_1_123' title='bbox 697 945 740 981; x_wconf 78' lang='grc' dir='ltr'>δὴ,</span> <span class='ocrx_word' id='word_1_124' title='bbox 757 945 807 980; x_wconf 77' lang='grc' dir='ltr'>τὴν</span> <span class='ocrx_word' id='word_1_125' title='bbox 818 945 868 980; x_wconf 76' lang='grc' dir='ltr'><strong>τῆς</strong></span> <span class='ocrx_word' id='word_1_126' title='bbox 885 935 905 962; x_wconf 67' lang='grc' dir='ltr'><strong>Β</strong></span> 
     </span>
    </p>
   </div>
   <div class='ocr_carea' id='block_1_19' title="bbox 75 989 868 1028">
    <p class='ocr_par' dir='ltr' id='par_1_19' title="bbox 75 989 868 1028">
     <span class='ocr_line' id='line_1_19' title="bbox 75 989 868 1028; baseline 0.004 -14"><span class='ocrx_word' id='word_1_127' title='bbox 75 990 176 1023; x_wconf 62' lang='grc' dir='ltr'>σαρκὸς</span> <span class='ocrx_word' id='word_1_128' title='bbox 193 989 287 1021; x_wconf 79' lang='grc' dir='ltr'>αὑτοῦ,</span> <span class='ocrx_word' id='word_1_129' title='bbox 303 990 351 1026; x_wconf 82' lang='grc' dir='ltr'><strong>τὴν</strong></span> <span class='ocrx_word' id='word_1_130' title='bbox 371 991 430 1018; x_wconf 76' lang='grc' dir='ltr'>καιΓ</span> <span class='ocrx_word' id='word_1_131' title='bbox 442 991 552 1027; x_wconf 75' lang='grc' dir='ltr'>ἡδονήν.</span> <span class='ocrx_word' id='word_1_132' title='bbox 570 993 646 1019; x_wconf 83' lang='grc' dir='ltr'>Ἐπεὶ</span> <span class='ocrx_word' id='word_1_133' title='bbox 658 992 710 1027; x_wconf 73' lang='grc' dir='ltr'>δὲή</span> <span class='ocrx_word' id='word_1_134' title='bbox 724 991 868 1028; x_wconf 79' lang='grc' dir='ltr'>ἀποτροπὴ</span> 
     </span>
    </p>
   </div>
   <div class='ocr_carea' id='block_1_20' title="bbox 74 1033 868 1072">
    <p class='ocr_par' dir='ltr' id='par_1_20' title="bbox 74 1033 868 1072">
     <span class='ocr_line' id='line_1_20' title="bbox 74 1033 868 1072; baseline 0.006 -14"><span class='ocrx_word' id='word_1_135' title='bbox 74 1033 122 1059; x_wconf 81' lang='grc' dir='ltr'>τοῦ</span> <span class='ocrx_word' id='word_1_136' title='bbox 140 1034 201 1060; x_wconf 74' lang='grc' dir='ltr'>καθ’</span> <span class='ocrx_word' id='word_1_137' title='bbox 230 1035 327 1071; x_wconf 81' lang='grc' dir='ltr'>ἡδονὴν</span> <span class='ocrx_word' id='word_1_138' title='bbox 346 1035 415 1071; x_wconf 79' lang='grc' dir='ltr'>βίου,</span> <span class='ocrx_word' id='word_1_139' title='bbox 442 1037 545 1071; x_wconf 80' lang='grc' dir='ltr'>τρόπον</span> <span class='ocrx_word' id='word_1_140' title='bbox 575 1037 637 1063; x_wconf 75' lang='grc' dir='ltr'>τινὰ</span> <span class='ocrx_word' id='word_1_141' title='bbox 667 1038 809 1072; x_wconf 81' lang='grc' dir='ltr'>προτροπή</span> <span class='ocrx_word' id='word_1_142' title='bbox 826 1038 868 1069; x_wconf 83' lang='grc' dir='ltr'>τίς</span> 
     </span>
    </p>
   </div>
   <div class='ocr_carea' id='block_1_21' title="bbox 76 1081 868 1119">
    <p class='ocr_par' dir='ltr' id='par_1_21' title="bbox 76 1081 868 1119">
     <span class='ocr_line' id='line_1_21' title="bbox 76 1081 868 1119; baseline 0.005 -14"><span class='ocrx_word' id='word_1_143' title='bbox 76 1081 153 1106; x_wconf 74' lang='grc' dir='ltr'>ἐστιν</span> <span class='ocrx_word' id='word_1_144' title='bbox 169 1081 209 1112; x_wconf 83' lang='grc' dir='ltr'><strong>είς</strong></span> <span class='ocrx_word' id='word_1_145' title='bbox 225 1082 355 1109; x_wconf 79' lang='grc' dir='ltr'>ἐπίπονον</span> <span class='ocrx_word' id='word_1_146' title='bbox 371 1083 525 1116; x_wconf 72' lang='grc' dir='ltr'>πολιτείαν,</span> <span class='ocrx_word' id='word_1_147' title='bbox 543 1083 751 1119; x_wconf 80' lang='grc' dir='ltr'>παραμυθεῖται</span> <span class='ocrx_word' id='word_1_148' title='bbox 767 1084 814 1109; x_wconf 81' lang='grc' dir='ltr'><strong>καὶ</strong></span> <span class='ocrx_word' id='word_1_149' title='bbox 829 1084 868 1110; x_wconf 86' lang='grc' dir='ltr'>δι-</span> 
     </span>
    </p>
   </div>
   <div class='ocr_carea' id='block_1_22' title="bbox 74 1126 868 1166">
    <p class='ocr_par' dir='ltr' id='par_1_22' title="bbox 74 1126 868 1166">
     <span class='ocr_line' id='line_1_22' title="bbox 74 1126 868 1166; baseline 0.006 -14"><span class='ocrx_word' id='word_1_150' title='bbox 74 1126 169 1153; x_wconf 77' lang='grc' dir='ltr'>δάσκει</span> <span class='ocrx_word' id='word_1_151' title='bbox 186 1127 230 1154; x_wconf 75' lang='grc' dir='ltr'><strong>διὰ</strong></span> <span class='ocrx_word' id='word_1_152' title='bbox 248 1129 486 1165; x_wconf 69' lang='grc' dir='ltr'>παραδείγματος,</span> <span class='ocrx_word' id='word_1_153' title='bbox 498 1131 540 1157; x_wconf 80' lang='grc' dir='ltr'>ὅτι</span> <span class='ocrx_word' id='word_1_154' title='bbox 554 1131 608 1166; x_wconf 82' lang='grc' dir='ltr'><strong>χρὴ</strong></span> <span class='ocrx_word' id='word_1_155' title='bbox 628 1131 674 1158; x_wconf 76' lang='grc' dir='ltr'>τὸν</span> <span class='ocrx_word' id='word_1_156' title='bbox 704 1131 868 1166; x_wconf 81' lang='grc' dir='ltr'>βουλόμενον</span> 
     </span>
    </p>
   </div>
   <div class='ocr_carea' id='block_1_23' title="bbox 74 1169 868 1211">
    <p class='ocr_par' dir='ltr' id='par_1_23' title="bbox 74 1169 868 1211">
     <span class='ocr_line' id='line_1_23' title="bbox 74 1169 868 1211; baseline 0.006 -13"><span class='ocrx_word' id='word_1_157' title='bbox 74 1169 144 1199; x_wconf 79' lang='grc' dir='ltr'>εἶναι</span> <span class='ocrx_word' id='word_1_158' title='bbox 163 1173 288 1209; x_wconf 79' lang='grc' dir='ltr'>μαθητὴν</span> <span class='ocrx_word' id='word_1_159' title='bbox 305 1175 399 1207; x_wconf 83' lang='grc' dir='ltr'>αὑτοῦ,</span> <span class='ocrx_word' id='word_1_160' title='bbox 424 1177 704 1211; x_wconf 83' lang='grc' dir='ltr'>προπαρασκευάζειν</span> <span class='ocrx_word' id='word_1_161' title='bbox 717 1177 813 1203; x_wconf 78' lang='grc' dir='ltr'>ἑαυτὸν</span> <span class='ocrx_word' id='word_1_162' title='bbox 828 1177 868 1207; x_wconf 84' lang='grc' dir='ltr'><strong>είς</strong></span> 
     </span>
    </p>
   </div>
   <div class='ocr_carea' id='block_1_24' title="bbox 74 1218 868 1258">
    <p class='ocr_par' dir='ltr' id='par_1_24' title="bbox 74 1218 868 1258">
     <span class='ocr_line' id='line_1_24' title="bbox 74 1218 868 1258; baseline 0.009 -15"><span class='ocrx_word' id='word_1_163' title='bbox 74 1218 214 1254; x_wconf 79' lang='grc' dir='ltr'>ὑπομονὴν</span> <span class='ocrx_word' id='word_1_164' title='bbox 240 1221 340 1251; x_wconf 63' lang='grc' dir='ltr'>παντδς</span> <span class='ocrx_word' id='word_1_165' title='bbox 361 1222 528 1256; x_wconf 76' lang='grc' dir='ltr'>πειρασμοῦ.</span> <span class='ocrx_word' id='word_1_166' title='bbox 560 1223 720 1258; x_wconf 80' lang='grc' dir='ltr'>Γέγραπται</span> <span class='ocrx_word' id='word_1_167' title='bbox 736 1223 809 1258; x_wconf 79' lang='grc' dir='ltr'>γάρ’</span> <span class='ocrx_word' id='word_1_168' title='bbox 832 1223 868 1249; x_wconf 84' lang='lat' dir='ltr'><strong>El</strong></span> 
     </span>
    </p>
   </div>
   <div class='ocr_carea' id='block_1_25' title="bbox 73 1265 868 1303">
    <p class='ocr_par' dir='ltr' id='par_1_25' title="bbox 73 1265 868 1303">
     <span class='ocr_line' id='line_1_25' title="bbox 73 1265 868 1303; baseline 0.006 -13"><span class='ocrx_word' id='word_1_169' title='bbox 73 1265 228 1300; x_wconf 75' lang='grc' dir='ltr'><strong>προσέρχῃ</strong></span> <span class='ocrx_word' id='word_1_170' title='bbox 237 1265 397 1294; x_wconf 76' lang='grc' dir='ltr'>δουλεύειν</span> <span class='ocrx_word' id='word_1_171' title='bbox 407 1267 516 1301; x_wconf 80' lang='grc' dir='ltr'><strong>Κυρίῳ,</strong></span> <span class='ocrx_word' id='word_1_172' title='bbox 527 1268 690 1303; x_wconf 78' lang='grc' dir='ltr'>ἑτοίμιισον</span> <span class='ocrx_word' id='word_1_173' title='bbox 696 1268 753 1302; x_wconf 77' lang='grc' dir='ltr'>τὴν</span> <span class='ocrx_word' id='word_1_174' title='bbox 761 1270 805 1303; x_wconf 78' lang='grc' dir='ltr'>ψυ</span> <span class='ocrx_word' id='word_1_175' title='bbox 808 1269 868 1303; x_wconf 82' lang='grc' dir='ltr'><strong>χήν</strong></span> 
     </span>
    </p>
   </div>
   <div class='ocr_carea' id='block_1_26' title="bbox 72 1312 388 1351">
    <p class='ocr_par' dir='ltr' id='par_1_26' title="bbox 72 1312 388 1351">
     <span class='ocr_line' id='line_1_26' title="bbox 72 1312 388 1351; baseline 0.009 -13"><span class='ocrx_word' id='word_1_176' title='bbox 72 1319 133 1338; x_wconf 88' lang='grc' dir='ltr'>σου</span> <span class='ocrx_word' id='word_1_177' title='bbox 147 1312 190 1344; x_wconf 79' lang='grc' dir='ltr'><strong>εις</strong></span> <span class='ocrx_word' id='word_1_178' title='bbox 210 1312 388 1351; x_wconf 68' lang='grc' dir='ltr'>πειρασμόν.</span> 
     </span>
    </p>
   </div>
   <div class='ocr_carea' id='block_1_27' title="bbox 110 1368 866 1406">
    <p class='ocr_par' dir='ltr' id='par_1_27' title="bbox 110 1368 866 1406">
     <span class='ocr_line' id='line_1_27' title="bbox 110 1368 866 1406; baseline 0.007 -12"><span class='ocrx_word' id='word_1_179' title='bbox 110 1369 188 1395; x_wconf 77' lang='grc' dir='ltr'><strong>ΚΕΦ.</strong></span> <span class='ocrx_word' id='word_1_180' title='bbox 206 1368 270 1396; x_wconf 78' lang='lat' dir='ltr'><strong>NE&#39;.</strong></span> <span class='ocrx_word' id='word_1_181' title='bbox 288 1369 448 1404; x_wconf 71' lang='grc' dir='ltr'>Παραϐολῖρ</span> <span class='ocrx_word' id='word_1_182' title='bbox 472 1370 537 1405; x_wconf 81' lang='grc' dir='ltr'>περὶ</span> <span class='ocrx_word' id='word_1_183' title='bbox 556 1371 718 1406; x_wconf 71' lang='grc' dir='ltr'>οικοδομῆς</span> <span class='ocrx_word' id='word_1_184' title='bbox 738 1372 866 1406; x_wconf 70' lang='grc' dir='ltr'>πύργου.</span> 
     </span>
    </p>
   </div>
   <div class='ocr_carea' id='block_1_28' title="bbox 113 1415 867 1453">
    <p class='ocr_par' dir='ltr' id='par_1_28' title="bbox 113 1415 867 1453">
     <span class='ocr_line' id='line_1_28' title="bbox 113 1415 867 1453; baseline 0.004 -12"><span class='ocrx_word' id='word_1_185' title='bbox 113 1415 161 1448; x_wconf 81' lang='grc' dir='ltr'><strong>Τίς</strong></span> <span class='ocrx_word' id='word_1_186' title='bbox 182 1415 237 1450; x_wconf 72' lang='grc' dir='ltr'>γὰρ</span> <span class='ocrx_word' id='word_1_187' title='bbox 254 1430 286 1435; x_wconf 89' lang='grc'><strong>-</strong></span> <span class='ocrx_word' id='word_1_188' title='bbox 303 1415 473 1443; x_wconf 76' lang='grc' dir='ltr'>ἐκτελέσαι.</span> <span class='ocrx_word' id='word_1_189' title='bbox 496 1417 601 1452; x_wconf 72' lang='grc' dir='ltr'>Ὥσπερ</span> <span class='ocrx_word' id='word_1_190' title='bbox 616 1418 629 1444; x_wconf 76' lang='grc' dir='ltr'><em>ὁ</em></span> <span class='ocrx_word' id='word_1_191' title='bbox 649 1417 734 1444; x_wconf 80' lang='grc' dir='ltr'>θέλων</span> <span class='ocrx_word' id='word_1_192' title='bbox 761 1418 867 1453; x_wconf 80' lang='grc' dir='ltr'>πύργον</span> 
     </span>
    </p>
   </div>
   <div class='ocr_carea' id='block_1_29' title="bbox 73 1460 868 1500">
    <p class='ocr_par' dir='ltr' id='par_1_29' title="bbox 73 1460 868 1500">
     <span class='ocr_line' id='line_1_29' title="bbox 73 1460 868 1500; baseline 0.006 -14"><span class='ocrx_word' id='word_1_193' title='bbox 73 1460 204 1495; x_wconf 70' lang='grc' dir='ltr'>αἰσθητὸν</span> <span class='ocrx_word' id='word_1_194' title='bbox 235 1461 428 1496; x_wconf 75' lang='grc' dir='ltr'>οἰκοδομῆσαι,</span> <span class='ocrx_word' id='word_1_195' title='bbox 454 1462 560 1495; x_wconf 81' lang='grc' dir='ltr'>ὀφείλει</span> <span class='ocrx_word' id='word_1_196' title='bbox 587 1463 697 1498; x_wconf 82' lang='grc' dir='ltr'>πρῶτον</span> <span class='ocrx_word' id='word_1_197' title='bbox 732 1465 868 1500; x_wconf 79' lang='grc' dir='ltr'>μετρῆσαι</span> 
     </span>
    </p>
   </div>
   <div class='ocr_carea' id='block_1_30' title="bbox 73 1506 867 1546">
    <p class='ocr_par' dir='ltr' id='par_1_30' title="bbox 73 1506 867 1546">
     <span class='ocr_line' id='line_1_30' title="bbox 73 1506 867 1546; baseline 0.008 -14"><span class='ocrx_word' id='word_1_198' title='bbox 73 1506 123 1541; x_wconf 81' lang='grc' dir='ltr'>τὴν</span> <span class='ocrx_word' id='word_1_199' title='bbox 142 1507 170 1532; x_wconf 74' lang='grc' dir='ltr'>ἐν</span> <span class='ocrx_word' id='word_1_200' title='bbox 183 1508 306 1542; x_wconf 78' lang='grc' dir='ltr'>χρήμασι</span> <span class='ocrx_word' id='word_1_201' title='bbox 321 1508 448 1543; x_wconf 79' lang='grc' dir='ltr'>δαπάνην</span> <span class='ocrx_word' id='word_1_202' title='bbox 463 1516 468 1522; x_wconf 90' lang='lat'>&#39;</span> <span class='ocrx_word' id='word_1_203' title='bbox 486 1509 559 1536; x_wconf 73' lang='grc' dir='ltr'>οὕτω</span> <span class='ocrx_word' id='word_1_204' title='bbox 576 1511 621 1537; x_wconf 66' lang='grc' dir='ltr'>καὶ</span> <span class='ocrx_word' id='word_1_205' title='bbox 632 1512 645 1537; x_wconf 78' lang='grc' dir='ltr'>ὁ</span> <span class='ocrx_word' id='word_1_206' title='bbox 658 1511 743 1537; x_wconf 79' lang='grc' dir='ltr'>θέλων</span> <span class='ocrx_word' id='word_1_207' title='bbox 762 1511 867 1546; x_wconf 82' lang='grc' dir='ltr'>πύργον</span> 
     </span>
    </p>
   </div>
   <div class='ocr_carea' id='block_1_31' title="bbox 74 1552 866 1591">
    <p class='ocr_par' dir='ltr' id='par_1_31' title="bbox 74 1552 866 1591">
     <span class='ocr_line' id='line_1_31' title="bbox 74 1552 866 1591; baseline 0.006 -13"><span class='ocrx_word' id='word_1_208' title='bbox 74 1552 171 1587; x_wconf 68' lang='grc' dir='ltr'>νοητὸν</span> <span class='ocrx_word' id='word_1_209' title='bbox 187 1553 377 1588; x_wconf 75' lang='grc' dir='ltr'>οίκοδομῆσαι,</span> <span class='ocrx_word' id='word_1_210' title='bbox 400 1554 473 1588; x_wconf 80' lang='grc' dir='ltr'>λέγω</span> <span class='ocrx_word' id='word_1_211' title='bbox 503 1555 546 1590; x_wconf 82' lang='grc' dir='ltr'>δὴ,</span> <span class='ocrx_word' id='word_1_212' title='bbox 575 1555 715 1591; x_wconf 77' lang='grc' dir='ltr'><strong>σύμπηξιν</strong></span> <span class='ocrx_word' id='word_1_213' title='bbox 748 1556 866 1591; x_wconf 75' lang='grc' dir='ltr'>ἀρετῶν,</span> 
     </span>
    </p>
   </div>
   <div class='ocr_carea' id='block_1_32' title="bbox 920 296 1452 334">
    <p class='ocr_par' dir='ltr' id='par_1_32' title="bbox 920 296 1452 334">
     <span class='ocr_line' id='line_1_32' title="bbox 920 296 1452 334; baseline -0.004 -9"><span class='ocrx_word' id='word_1_214' title='bbox 920 298 995 334; x_wconf 88' lang='lat' dir='ltr'><strong>prior</strong></span> <span class='ocrx_word' id='word_1_215' title='bbox 1011 297 1065 325; x_wconf 88' lang='lat' dir='ltr'><strong>illis</strong></span> <span class='ocrx_word' id='word_1_216' title='bbox 1082 297 1109 324; x_wconf 92' lang='lat' dir='ltr'><strong>in</strong></span> <span class='ocrx_word' id='word_1_217' title='bbox 1128 298 1232 324; x_wconf 84' lang='lat' dir='ltr'><strong>honore</strong></span> <span class='ocrx_word' id='word_1_218' title='bbox 1242 296 1384 324; x_wconf 82' lang='lat' dir='ltr'><strong>habendus</strong></span> <span class='ocrx_word' id='word_1_219' title='bbox 1400 300 1452 324; x_wconf 86' lang='lat' dir='ltr'><strong>est.</strong></span> 
     </span>
    </p>
   </div>
   <div class='ocr_carea' id='block_1_33' title="bbox 953 341 1712 379">
    <p class='ocr_par' dir='ltr' id='par_1_33' title="bbox 953 341 1712 379">
     <span class='ocr_line' id='line_1_33' title="bbox 953 341 1712 379; baseline -0.004 -8"><span class='ocrx_word' id='word_1_220' title='bbox 953 344 1006 371; x_wconf 85' lang='lat' dir='ltr'><strong>Per</strong></span> <span class='ocrx_word' id='word_1_221' title='bbox 1019 343 1232 379; x_wconf 88' lang='lat' dir='ltr'><strong>propinquiores</strong></span> <span class='ocrx_word' id='word_1_222' title='bbox 1248 347 1339 370; x_wconf 80' lang='lat' dir='ltr'><strong>autem</strong></span> <span class='ocrx_word' id='word_1_223' title='bbox 1355 349 1488 378; x_wconf 75' lang='lat' dir='ltr'><strong>personas</strong></span> <span class='ocrx_word' id='word_1_224' title='bbox 1513 349 1622 370; x_wconf 87' lang='lat' dir='ltr'><strong>omnem</strong></span> <span class='ocrx_word' id='word_1_225' title='bbox 1642 341 1712 369; x_wconf 83' lang='lat' dir='ltr'><strong>dile-</strong></span> 
     </span>
    </p>
   </div>
   <div class='ocr_carea' id='block_1_34' title="bbox 918 389 1712 426">
    <p class='ocr_par' dir='ltr' id='par_1_34' title="bbox 918 389 1712 426">
     <span class='ocr_line' id='line_1_34' title="bbox 918 389 1712 426; baseline -0.005 -7"><span class='ocrx_word' id='word_1_226' title='bbox 918 396 989 419; x_wconf 82' lang='lat' dir='ltr'><strong>ctam</strong></span> <span class='ocrx_word' id='word_1_227' title='bbox 1008 399 1152 426; x_wconf 86' lang='lat' dir='ltr'><strong>personam</strong></span> <span class='ocrx_word' id='word_1_228' title='bbox 1167 390 1340 426; x_wconf 79' lang='lat' dir='ltr'><strong>signiﬁcavit.</strong></span> <span class='ocrx_word' id='word_1_229' title='bbox 1353 390 1467 417; x_wconf 89' lang='lat' dir='ltr'><strong>Addidit</strong></span> <span class='ocrx_word' id='word_1_230' title='bbox 1480 395 1506 417; x_wconf 89' lang='lat' dir='ltr'><strong>et</strong></span> <span class='ocrx_word' id='word_1_231' title='bbox 1522 389 1594 424; x_wconf 88' lang='lat' dir='ltr'><strong>quod</strong></span> <span class='ocrx_word' id='word_1_232' title='bbox 1623 389 1712 423; x_wconf 82' lang='lat' dir='ltr'><strong>majus</strong></span> 
     </span>
    </p>
   </div>
   <div class='ocr_carea' id='block_1_35' title="bbox 919 436 1711 468">
    <p class='ocr_par' dir='ltr' id='par_1_35' title="bbox 919 436 1711 468">
     <span class='ocr_line' id='line_1_35' title="bbox 919 436 1711 468; baseline -0.004 -3"><span class='ocrx_word' id='word_1_233' title='bbox 919 443 984 466; x_wconf 87' lang='lat' dir='ltr'><strong>est:</strong></span> <span class='ocrx_word' id='word_1_234' title='bbox 1016 438 1106 465; x_wconf 82' lang='lat' dir='ltr'><strong>adhuc</strong></span> <span class='ocrx_word' id='word_1_235' title='bbox 1135 442 1227 464; x_wconf 87' lang='lat' dir='ltr'><strong>autem</strong></span> <span class='ocrx_word' id='word_1_236' title='bbox 1261 441 1289 463; x_wconf 90' lang='lat' dir='ltr'><strong>et</strong></span> <span class='ocrx_word' id='word_1_237' title='bbox 1310 436 1429 463; x_wconf 80' lang='lat' dir='ltr'><strong>animum</strong></span> <span class='ocrx_word' id='word_1_238' title='bbox 1460 444 1547 468; x_wconf 84' lang='lat' dir='ltr'><strong>suam,</strong></span> <span class='ocrx_word' id='word_1_239' title='bbox 1577 436 1629 463; x_wconf 88' lang='lat' dir='ltr'><strong>hoc</strong></span> <span class='ocrx_word' id='word_1_240' title='bbox 1652 441 1711 467; x_wconf 82' lang='lat' dir='ltr'><strong>est,</strong></span> 
     </span>
    </p>
   </div>
   <div class='ocr_carea' id='block_1_36' title="bbox 919 482 1712 518">
    <p class='ocr_par' dir='ltr' id='par_1_36' title="bbox 919 482 1712 518">
     <span class='ocr_line' id='line_1_36' title="bbox 919 482 1712 518; baseline -0.004 -7"><span class='ocrx_word' id='word_1_241' title='bbox 919 491 997 511; x_wconf 83' lang='lat' dir='ltr'><strong>suam</strong></span> <span class='ocrx_word' id='word_1_242' title='bbox 1033 491 1142 518; x_wconf 88' lang='lat' dir='ltr'><strong>quoque</strong></span> <span class='ocrx_word' id='word_1_243' title='bbox 1175 483 1262 518; x_wconf 83' lang='lat' dir='ltr'><strong>ipsius</strong></span> <span class='ocrx_word' id='word_1_244' title='bbox 1293 482 1472 514; x_wconf 85' lang='lat' dir='ltr'><strong>voluntatem,</strong></span> <span class='ocrx_word' id='word_1_245' title='bbox 1519 484 1564 508; x_wconf 82' lang='lat' dir='ltr'><strong>uin</strong></span> <span class='ocrx_word' id='word_1_246' title='bbox 1612 482 1712 509; x_wconf 68' lang='lat' dir='ltr'><strong>divina:</strong></span> 
     </span>
    </p>
   </div>
   <div class='ocr_carea' id='block_1_37' title="bbox 918 527 1711 562">
    <p class='ocr_par' dir='ltr' id='par_1_37' title="bbox 918 527 1711 562">
     <span class='ocr_line' id='line_1_37' title="bbox 918 527 1711 562; baseline -0.003 -6"><span class='ocrx_word' id='word_1_247' title='bbox 918 529 1151 557; x_wconf 82' lang='lat' dir='ltr'><strong>fueritcontraria</strong></span> <span class='ocrx_word' id='word_1_248' title='bbox 1167 529 1314 556; x_wconf 71' lang='lat' dir='ltr'><strong>voluntati.</strong></span> <span class='ocrx_word' id='word_1_249' title='bbox 1333 528 1449 562; x_wconf 75' lang='lat' dir='ltr'><strong>Oportet</strong></span> <span class='ocrx_word' id='word_1_250' title='bbox 1466 528 1539 555; x_wconf 90' lang='lat' dir='ltr'><strong>enim</strong></span> <span class='ocrx_word' id='word_1_251' title='bbox 1550 535 1615 555; x_wconf 83' lang='lat' dir='ltr'><strong>vere</strong></span> <span class='ocrx_word' id='word_1_252' title='bbox 1631 527 1711 554; x_wconf 80' lang='lat' dir='ltr'><strong>Chri—</strong></span> 
     </span>
    </p>
   </div>
   <div class='ocr_carea' id='block_1_38' title="bbox 919 574 1712 610">
    <p class='ocr_par' dir='ltr' id='par_1_38' title="bbox 919 574 1712 610">
     <span class='ocr_line' id='line_1_38' title="bbox 919 574 1712 610; baseline -0.005 -6"><span class='ocrx_word' id='word_1_253' title='bbox 919 576 954 604; x_wconf 90' lang='lat' dir='ltr'><strong>sti</strong></span> <span class='ocrx_word' id='word_1_254' title='bbox 992 575 1159 610; x_wconf 83' lang='lat' dir='ltr'><strong>discipulum</strong></span> <span class='ocrx_word' id='word_1_255' title='bbox 1193 576 1220 602; x_wconf 94' lang='lat' dir='ltr'><strong>in</strong></span> <span class='ocrx_word' id='word_1_256' title='bbox 1248 575 1438 610; x_wconf 78' lang='lat' dir='ltr'><strong>spiritualibus</strong></span> <span class='ocrx_word' id='word_1_257' title='bbox 1461 574 1670 605; x_wconf 75' lang='lat' dir='ltr'><strong>certaminibus,</strong></span> <span class='ocrx_word' id='word_1_258' title='bbox 1698 582 1712 601; x_wconf 89' lang='lat' dir='ltr'><strong>a</strong></span> 
     </span>
    </p>
   </div>
   <div class='ocr_carea' id='block_1_39' title="bbox 920 621 1713 655">
    <p class='ocr_par' dir='ltr' id='par_1_39' title="bbox 920 621 1713 655">
     <span class='ocr_line' id='line_1_39' title="bbox 920 621 1713 655; baseline -0.004 -5"><span class='ocrx_word' id='word_1_259' title='bbox 920 624 1013 651; x_wconf 80' lang='lat' dir='ltr'><strong>carnis</strong></span> <span class='ocrx_word' id='word_1_260' title='bbox 1042 626 1070 650; x_wconf 86' lang='lat' dir='ltr'><strong>et</strong></span> <span class='ocrx_word' id='word_1_261' title='bbox 1089 622 1187 649; x_wconf 74' lang='lat' dir='ltr'><strong>anian</strong></span> <span class='ocrx_word' id='word_1_262' title='bbox 1215 621 1273 649; x_wconf 84' lang='lat' dir='ltr'><strong>sive</strong></span> <span class='ocrx_word' id='word_1_263' title='bbox 1302 621 1451 648; x_wconf 84' lang='lat' dir='ltr'><strong>voluntatis</strong></span> <span class='ocrx_word' id='word_1_264' title='bbox 1477 628 1570 648; x_wconf 84' lang='lat' dir='ltr'><strong>amore</strong></span> <span class='ocrx_word' id='word_1_265' title='bbox 1602 621 1713 655; x_wconf 80' lang='lat' dir='ltr'><strong>penitus</strong></span> 
     </span>
    </p>
   </div>
   <div class='ocr_carea' id='block_1_40' title="bbox 919 670 1011 698">
    <p class='ocr_par' dir='ltr' id='par_1_40' title="bbox 919 670 1011 698">
     <span class='ocr_line' id='line_1_40' title="bbox 919 670 1011 698; baseline -0.022 0"><span class='ocrx_word' id='word_1_266' title='bbox 919 670 1011 698; x_wconf 83' lang='lat' dir='ltr'><strong>avelli.</strong></span> 
     </span>
    </p>
   </div>
   <div class='ocr_carea' id='block_1_41' title="bbox 955 713 1714 750">
    <p class='ocr_par' dir='ltr' id='par_1_41' title="bbox 955 713 1714 750">
     <span class='ocr_line' id='line_1_41' title="bbox 955 713 1714 750; baseline -0.004 -7"><span class='ocrx_word' id='word_1_267' title='bbox 955 715 1033 744; x_wconf 79' lang='lat' dir='ltr'><strong>Vers.</strong></span> <span class='ocrx_word' id='word_1_268' title='bbox 1051 716 1096 743; x_wconf 76' lang='lat'><strong>27.</strong></span> <span class='ocrx_word' id='word_1_269' title='bbox 1111 715 1145 742; x_wconf 80' lang='lat' dir='ltr'><strong>Et</strong></span> <span class='ocrx_word' id='word_1_270' title='bbox 1156 715 1274 750; x_wconf 79' lang='lat' dir='ltr'><strong>quisquis</strong></span> <span class='ocrx_word' id='word_1_271' title='bbox 1289 730 1322 735; x_wconf 82' lang='lat'><strong><em>—</em></strong></span> <span class='ocrx_word' id='word_1_272' title='bbox 1331 723 1404 741; x_wconf 83' lang='lat' dir='ltr'><strong>meus</strong></span> <span class='ocrx_word' id='word_1_273' title='bbox 1417 714 1573 749; x_wconf 71' lang='lat' dir='ltr'><strong>discipulus.</strong></span> <span class='ocrx_word' id='word_1_274' title='bbox 1583 713 1714 748; x_wconf 82' lang='lat' dir='ltr'><strong>Quisquis</strong></span> 
     </span>
    </p>
   </div>
   <div class='ocr_carea' id='block_1_42' title="bbox 919 761 1712 796">
    <p class='ocr_par' dir='ltr' id='par_1_42' title="bbox 919 761 1712 796">
     <span class='ocr_line' id='line_1_42' title="bbox 919 761 1712 796; baseline -0.004 -7"><span class='ocrx_word' id='word_1_275' title='bbox 919 770 973 790; x_wconf 90' lang='lat' dir='ltr'><strong>non</strong></span> <span class='ocrx_word' id='word_1_276' title='bbox 992 762 1094 796; x_wconf 76' lang='lat' dir='ltr'><strong>baiulat</strong></span> <span class='ocrx_word' id='word_1_277' title='bbox 1111 761 1137 788; x_wconf 91' lang='lat' dir='ltr'><strong>in</strong></span> <span class='ocrx_word' id='word_1_278' title='bbox 1153 761 1286 788; x_wconf 83' lang='lat' dir='ltr'><strong>memoria</strong></span> <span class='ocrx_word' id='word_1_279' title='bbox 1301 764 1417 787; x_wconf 85' lang='lat' dir='ltr'><strong>mortem</strong></span> <span class='ocrx_word' id='word_1_280' title='bbox 1433 768 1527 792; x_wconf 75' lang='lat' dir='ltr'><strong>suam;</strong></span> <span class='ocrx_word' id='word_1_281' title='bbox 1544 768 1593 795; x_wconf 89' lang='lat' dir='ltr'><strong>per</strong></span> <span class='ocrx_word' id='word_1_282' title='bbox 1604 767 1712 787; x_wconf 90' lang='lat' dir='ltr'><strong>crucem</strong></span> 
     </span>
    </p>
   </div>
   <div class='ocr_carea' id='block_1_43' title="bbox 920 806 1714 842">
    <p class='ocr_par' dir='ltr' id='par_1_43' title="bbox 920 806 1714 842">
     <span class='ocr_line' id='line_1_43' title="bbox 920 806 1714 842; baseline -0.003 -7"><span class='ocrx_word' id='word_1_283' title='bbox 920 809 993 835; x_wconf 91' lang='lat' dir='ltr'><strong>cnim</strong></span> <span class='ocrx_word' id='word_1_284' title='bbox 1014 813 1130 835; x_wconf 83' lang='lat' dir='ltr'><strong>mortem</strong></span> <span class='ocrx_word' id='word_1_285' title='bbox 1149 807 1327 842; x_wconf 76' lang='lat' dir='ltr'><strong>signiﬁcavit,</strong></span> <span class='ocrx_word' id='word_1_286' title='bbox 1345 807 1408 842; x_wconf 84' lang='lat' dir='ltr'><strong>quia</strong></span> <span class='ocrx_word' id='word_1_287' title='bbox 1422 811 1487 834; x_wconf 85' lang='lat' dir='ltr'><strong>tunc</strong></span> <span class='ocrx_word' id='word_1_288' title='bbox 1497 807 1595 833; x_wconf 90' lang='lat' dir='ltr'><strong>mortis</strong></span> <span class='ocrx_word' id='word_1_289' title='bbox 1608 806 1714 833; x_wconf 89' lang='lat' dir='ltr'><strong>instru-</strong></span> 
     </span>
    </p>
   </div>
   <div class='ocr_carea' id='block_1_44' title="bbox 920 853 1714 885">
    <p class='ocr_par' dir='ltr' id='par_1_44' title="bbox 920 853 1714 885">
     <span class='ocr_line' id='line_1_44' title="bbox 920 853 1714 885; baseline -0.001 -4"><span class='ocrx_word' id='word_1_290' title='bbox 920 859 1042 882; x_wconf 87' lang='lat' dir='ltr'><strong>mentmn</strong></span> <span class='ocrx_word' id='word_1_291' title='bbox 1070 858 1130 881; x_wconf 79' lang='lat' dir='ltr'><strong>erat</strong></span> <span class='ocrx_word' id='word_1_292' title='bbox 1147 854 1314 885; x_wconf 72' lang='lat' dir='ltr'><strong>crux,sicut</strong></span> <span class='ocrx_word' id='word_1_293' title='bbox 1351 854 1433 882; x_wconf 92' lang='lat' dir='ltr'><strong>etiam</strong></span> <span class='ocrx_word' id='word_1_294' title='bbox 1458 854 1598 881; x_wconf 87' lang='lat' dir='ltr'><strong>tricesimo</strong></span> <span class='ocrx_word' id='word_1_295' title='bbox 1631 853 1714 880; x_wconf 88' lang='lat' dir='ltr'><strong>tertio</strong></span> 
     </span>
    </p>
   </div>
   <div class='ocr_carea' id='block_1_45' title="bbox 918 899 1715 936">
    <p class='ocr_par' dir='ltr' id='par_1_45' title="bbox 918 899 1715 936">
     <span class='ocr_line' id='line_1_45' title="bbox 918 899 1715 936; baseline -0.004 -8"><span class='ocrx_word' id='word_1_296' title='bbox 918 901 994 936; x_wconf 74' lang='lat' dir='ltr'><strong>juxta</strong></span> <span class='ocrx_word' id='word_1_297' title='bbox 1012 901 1161 932; x_wconf 63' lang='lat' dir='ltr'><strong>Mattheum</strong></span> <span class='ocrx_word' id='word_1_298' title='bbox 1178 900 1267 935; x_wconf 87' lang='lat' dir='ltr'><strong>capite</strong></span> <span class='ocrx_word' id='word_1_299' title='bbox 1281 900 1383 928; x_wconf 83' lang='lat' dir='ltr'><strong>dictum</strong></span> <span class='ocrx_word' id='word_1_300' title='bbox 1395 905 1447 928; x_wconf 88' lang='lat' dir='ltr'><strong>est.</strong></span> <span class='ocrx_word' id='word_1_301' title='bbox 1459 899 1588 935; x_wconf 87' lang='lat' dir='ltr'><strong>Quisquis</strong></span> <span class='ocrx_word' id='word_1_302' title='bbox 1602 907 1655 926; x_wconf 91' lang='lat' dir='ltr'><strong>non</strong></span> <span class='ocrx_word' id='word_1_303' title='bbox 1667 899 1715 926; x_wconf 87' lang='lat' dir='ltr'><strong>ba-</strong></span> 
     </span>
    </p>
   </div>
   <div class='ocr_carea' id='block_1_46' title="bbox 918 946 1715 983">
    <p class='ocr_par' dir='ltr' id='par_1_46' title="bbox 918 946 1715 983">
     <span class='ocr_line' id='line_1_46' title="bbox 918 946 1715 983; baseline -0.001 -10"><span class='ocrx_word' id='word_1_304' title='bbox 918 948 987 983; x_wconf 78' lang='lat' dir='ltr'><strong>julat</strong></span> <span class='ocrx_word' id='word_1_305' title='bbox 1013 948 1054 974; x_wconf 86' lang='lat' dir='ltr'><strong>sui</strong></span> <span class='ocrx_word' id='word_1_306' title='bbox 1074 946 1322 978; x_wconf 80' lang='lat' dir='ltr'><strong>mortiﬁcationem,</strong></span> <span class='ocrx_word' id='word_1_307' title='bbox 1352 954 1411 973; x_wconf 80' lang='lat' dir='ltr'><strong>eam</strong></span> <span class='ocrx_word' id='word_1_308' title='bbox 1438 946 1575 975; x_wconf 74' lang='lat' dir='ltr'><strong>videlicet.</strong></span> <span class='ocrx_word' id='word_1_309' title='bbox 1600 953 1659 980; x_wconf 70' lang='lat' dir='ltr'><strong>quae</strong></span> <span class='ocrx_word' id='word_1_310' title='bbox 1673 949 1715 972; x_wconf 84' lang='lat' dir='ltr'><strong>est</strong></span> 
     </span>
    </p>
   </div>
   <div class='ocr_carea' id='block_1_47' title="bbox 921 991 1714 1027">
    <p class='ocr_par' dir='ltr' id='par_1_47' title="bbox 921 991 1714 1027">
     <span class='ocr_line' id='line_1_47' title="bbox 921 991 1714 1027; baseline -0.004 -7"><span class='ocrx_word' id='word_1_311' title='bbox 921 994 1012 1021; x_wconf 84' lang='lat' dir='ltr'><strong>carnis</strong></span> <span class='ocrx_word' id='word_1_312' title='bbox 1036 1001 1092 1020; x_wconf 76' lang='lat' dir='ltr'><strong>suae</strong></span> <span class='ocrx_word' id='word_1_313' title='bbox 1118 993 1251 1020; x_wconf 85' lang='lat' dir='ltr'><strong>adversus</strong></span> <span class='ocrx_word' id='word_1_314' title='bbox 1264 992 1428 1027; x_wconf 78' lang='lat' dir='ltr'><strong>\olnptates.</strong></span> <span class='ocrx_word' id='word_1_315' title='bbox 1442 992 1510 1025; x_wconf 84' lang='lat' dir='ltr'><strong>Quia</strong></span> <span class='ocrx_word' id='word_1_316' title='bbox 1524 999 1590 1019; x_wconf 81' lang='lat' dir='ltr'><strong>vero</strong></span> <span class='ocrx_word' id='word_1_317' title='bbox 1609 991 1714 1018; x_wconf 82' lang='lat' dir='ltr'><strong>aversio</strong></span> 
     </span>
    </p>
   </div>
   <div class='ocr_carea' id='block_1_48' title="bbox 920 1038 1714 1073">
    <p class='ocr_par' dir='ltr' id='par_1_48' title="bbox 920 1038 1714 1073">
     <span class='ocr_line' id='line_1_48' title="bbox 920 1038 1714 1073; baseline -0.006 -6"><span class='ocrx_word' id='word_1_318' title='bbox 920 1041 983 1067; x_wconf 70' lang='lat' dir='ltr'><strong>vitae</strong></span> <span class='ocrx_word' id='word_1_319' title='bbox 1002 1048 1016 1066; x_wconf 90' lang='lat' dir='ltr'><strong>a</strong></span> <span class='ocrx_word' id='word_1_320' title='bbox 1038 1039 1225 1073; x_wconf 80' lang='lat' dir='ltr'><strong>voluptatibus</strong></span> <span class='ocrx_word' id='word_1_321' title='bbox 1246 1039 1449 1073; x_wconf 87' lang='lat' dir='ltr'><strong>quodammodo</strong></span> <span class='ocrx_word' id='word_1_322' title='bbox 1471 1038 1616 1065; x_wconf 81' lang='lat' dir='ltr'><strong>conversio</strong></span> <span class='ocrx_word' id='word_1_323' title='bbox 1639 1045 1714 1071; x_wconf 68' lang='lat' dir='ltr'><strong>qum-</strong></span> 
     </span>
    </p>
   </div>
   <div class='ocr_carea' id='block_1_49' title="bbox 919 1083 1715 1116">
    <p class='ocr_par' dir='ltr' id='par_1_49' title="bbox 919 1083 1715 1116">
     <span class='ocr_line' id='line_1_49' title="bbox 919 1083 1715 1116; baseline -0.006 -3"><span class='ocrx_word' id='word_1_324' title='bbox 919 1086 981 1113; x_wconf 85' lang='lat' dir='ltr'><strong>dam</strong></span> <span class='ocrx_word' id='word_1_325' title='bbox 998 1091 1040 1113; x_wconf 86' lang='lat' dir='ltr'><strong>est</strong></span> <span class='ocrx_word' id='word_1_326' title='bbox 1057 1085 1090 1112; x_wconf 91' lang='lat' dir='ltr'><strong>ad</strong></span> <span class='ocrx_word' id='word_1_327' title='bbox 1103 1085 1266 1112; x_wconf 86' lang='lat' dir='ltr'><strong>laboriosam</strong></span> <span class='ocrx_word' id='word_1_328' title='bbox 1286 1084 1533 1116; x_wconf 86' lang='lat' dir='ltr'><strong>conversationem,</strong></span> <span class='ocrx_word' id='word_1_329' title='bbox 1555 1083 1715 1110; x_wconf 85' lang='lat' dir='ltr'><strong>consolatur</strong></span> 
     </span>
    </p>
   </div>
   <div class='ocr_carea' id='block_1_50' title="bbox 919 1119 1713 1166">
    <p class='ocr_par' dir='ltr' id='par_1_50' title="bbox 919 1119 1713 1166">
     <span class='ocr_line' id='line_1_50' title="bbox 919 1119 1713 1166; baseline -0.005 -7"><span class='ocrx_word' id='word_1_330' title='bbox 919 1137 947 1159; x_wconf 87' lang='lat' dir='ltr'><strong>et</strong></span> <span class='ocrx_word' id='word_1_331' title='bbox 961 1132 1042 1159; x_wconf 79' lang='lat' dir='ltr'><strong>docet</strong></span> <span class='ocrx_word' id='word_1_332' title='bbox 1073 1139 1120 1166; x_wconf 92' lang='lat' dir='ltr'><strong>per</strong></span> <span class='ocrx_word' id='word_1_333' title='bbox 1149 1131 1315 1165; x_wconf 81' lang='lat' dir='ltr'><strong>exemplum,</strong></span> <span class='ocrx_word' id='word_1_334' title='bbox 1343 1119 1416 1165; x_wconf 75' lang='lat' dir='ltr'><strong>quod</strong></span> <span class='ocrx_word' id='word_1_335' title='bbox 1444 1134 1568 1165; x_wconf 83' lang='lat' dir='ltr'><strong>oporteat</strong></span> <span class='ocrx_word' id='word_1_336' title='bbox 1579 1137 1642 1156; x_wconf 83' lang='lat' dir='ltr'><strong>eum</strong></span> <span class='ocrx_word' id='word_1_337' title='bbox 1667 1129 1713 1163; x_wconf 79' lang='lat' dir='ltr'><strong>qui</strong></span> 
     </span>
    </p>
   </div>
   <div class='ocr_carea' id='block_1_51' title="bbox 920 1173 1712 1212">
    <p class='ocr_par' dir='ltr' id='par_1_51' title="bbox 920 1173 1712 1212">
     <span class='ocr_line' id='line_1_51' title="bbox 920 1173 1712 1212; baseline -0.005 -7"><span class='ocrx_word' id='word_1_338' title='bbox 920 1179 977 1205; x_wconf 81' lang='lat' dir='ltr'><strong>vult</strong></span> <span class='ocrx_word' id='word_1_339' title='bbox 1001 1178 1062 1212; x_wconf 78' lang='lat' dir='ltr'><strong>eius</strong></span> <span class='ocrx_word' id='word_1_340' title='bbox 1092 1185 1153 1205; x_wconf 90' lang='lat' dir='ltr'><strong>esse</strong></span> <span class='ocrx_word' id='word_1_341' title='bbox 1185 1177 1350 1212; x_wconf 82' lang='lat' dir='ltr'><strong>discipulus,</strong></span> <span class='ocrx_word' id='word_1_342' title='bbox 1374 1183 1528 1211; x_wconf 61' lang='lat' dir='ltr'><strong>praeparare</strong></span> <span class='ocrx_word' id='word_1_343' title='bbox 1543 1175 1664 1209; x_wconf 90' lang='lat' dir='ltr'><strong>seipsum</strong></span> <span class='ocrx_word' id='word_1_344' title='bbox 1679 1173 1712 1201; x_wconf 87' lang='lat' dir='ltr'><strong>ad</strong></span> 
     </span>
    </p>
   </div>
   <div class='ocr_carea' id='block_1_52' title="bbox 920 1219 1711 1256">
    <p class='ocr_par' dir='ltr' id='par_1_52' title="bbox 920 1219 1711 1256">
     <span class='ocr_line' id='line_1_52' title="bbox 920 1219 1711 1256; baseline -0.006 -6"><span class='ocrx_word' id='word_1_345' title='bbox 920 1223 1094 1250; x_wconf 80' lang='lat' dir='ltr'><strong>tolerantiam</strong></span> <span class='ocrx_word' id='word_1_346' title='bbox 1111 1224 1201 1250; x_wconf 90' lang='lat' dir='ltr'><strong>omnis</strong></span> <span class='ocrx_word' id='word_1_347' title='bbox 1217 1222 1388 1250; x_wconf 78' lang='lat' dir='ltr'><strong>tentationis.</strong></span> <span class='ocrx_word' id='word_1_348' title='bbox 1412 1221 1551 1256; x_wconf 85' lang='lat' dir='ltr'><strong>Scriptum</strong></span> <span class='ocrx_word' id='word_1_349' title='bbox 1574 1224 1616 1246; x_wconf 82' lang='lat' dir='ltr'><strong>est</strong></span> <span class='ocrx_word' id='word_1_350' title='bbox 1638 1219 1711 1246; x_wconf 88' lang='lat' dir='ltr'><strong>enim</strong></span> 
     </span>
    </p>
   </div>
   <div class='ocr_carea' id='block_1_53' title="bbox 920 1267 1712 1302">
    <p class='ocr_par' dir='ltr' id='par_1_53' title="bbox 920 1267 1712 1302">
     <span class='ocr_line' id='line_1_53' title="bbox 920 1267 1712 1302; baseline -0.005 -6"><span class='ocrx_word' id='word_1_351' title='bbox 920 1270 1110 1300; x_wconf 68' lang='lat' dir='ltr'><strong>Siaccesseris,</strong></span> <span class='ocrx_word' id='word_1_352' title='bbox 1125 1274 1153 1295; x_wconf 73' lang='lat' dir='ltr'><strong>ul</strong></span> <span class='ocrx_word' id='word_1_353' title='bbox 1172 1269 1270 1296; x_wconf 77' lang='lat' dir='ltr'><strong>servias</strong></span> <span class='ocrx_word' id='word_1_354' title='bbox 1290 1269 1414 1300; x_wconf 75' lang='lat' dir='ltr'><strong>Domino,</strong></span> <span class='ocrx_word' id='word_1_355' title='bbox 1440 1275 1563 1302; x_wconf 76' lang='lat' dir='ltr'><strong>pra-para</strong></span> <span class='ocrx_word' id='word_1_356' title='bbox 1594 1267 1712 1293; x_wconf 81' lang='lat' dir='ltr'><strong>animam</strong></span> 
     </span>
    </p>
   </div>
   <div class='ocr_carea' id='block_1_54' title="bbox 920 1315 1292 1344">
    <p class='ocr_par' dir='ltr' id='par_1_54' title="bbox 920 1315 1292 1344">
     <span class='ocr_line' id='line_1_54' title="bbox 920 1315 1292 1344; baseline -0.003 -1"><span class='ocrx_word' id='word_1_357' title='bbox 920 1322 993 1344; x_wconf 80' lang='lat' dir='ltr'><strong>luam</strong></span> <span class='ocrx_word' id='word_1_358' title='bbox 1023 1316 1058 1342; x_wconf 85' lang='lat' dir='ltr'><strong>ad</strong></span> <span class='ocrx_word' id='word_1_359' title='bbox 1074 1316 1245 1342; x_wconf 67' lang='lat' dir='ltr'><strong>mulationem</strong></span> <span class='ocrx_word' id='word_1_360' title='bbox 1260 1315 1292 1342; x_wconf 78' lang='lat'><strong>‘°.</strong></span> 
     </span>
    </p>
   </div>
   <div class='ocr_carea' id='block_1_55' title="bbox 989 1369 1640 1405">
    <p class='ocr_par' dir='ltr' id='par_1_55' title="bbox 989 1369 1640 1405">
     <span class='ocr_line' id='line_1_55' title="bbox 989 1369 1640 1405; baseline -0.003 -5"><span class='ocrx_word' id='word_1_361' title='bbox 989 1374 1067 1400; x_wconf 79' lang='lat' dir='ltr'><strong>CAP.</strong></span> <span class='ocrx_word' id='word_1_362' title='bbox 1083 1372 1137 1400; x_wconf 89' lang='lat' dir='ltr'><strong>LV.</strong></span> <span class='ocrx_word' id='word_1_363' title='bbox 1151 1372 1285 1400; x_wconf 82' lang='lat' dir='ltr'><strong>Parubola</strong></span> <span class='ocrx_word' id='word_1_364' title='bbox 1306 1373 1336 1399; x_wconf 88' lang='lat' dir='ltr'><strong>de</strong></span> <span class='ocrx_word' id='word_1_365' title='bbox 1351 1369 1526 1405; x_wconf 64' lang='lat' dir='ltr'><strong>wdt‘licalione</strong></span> <span class='ocrx_word' id='word_1_366' title='bbox 1545 1371 1640 1398; x_wconf 73' lang='lat' dir='ltr'><strong>turris.</strong></span> 
     </span>
    </p>
   </div>
   <div class='ocr_carea' id='block_1_56' title="bbox 955 1417 1712 1452">
    <p class='ocr_par' dir='ltr' id='par_1_56' title="bbox 955 1417 1712 1452">
     <span class='ocr_line' id='line_1_56' title="bbox 955 1417 1712 1452; baseline -0.004 -6"><span class='ocrx_word' id='word_1_367' title='bbox 955 1420 1032 1447; x_wconf 64' lang='grc' dir='ltr'>νοτε.</span> <span class='ocrx_word' id='word_1_368' title='bbox 1047 1420 1092 1446; x_wconf 78' lang='lat'><strong>‘28.</strong></span> <span class='ocrx_word' id='word_1_369' title='bbox 1111 1418 1174 1452; x_wconf 79' lang='lat' dir='ltr'><strong>Quis</strong></span> <span class='ocrx_word' id='word_1_370' title='bbox 1200 1419 1268 1446; x_wconf 84' lang='lat' dir='ltr'><strong>enim</strong></span> <span class='ocrx_word' id='word_1_371' title='bbox 1295 1433 1330 1438; x_wconf 88' lang='lat'><strong>——</strong></span> <span class='ocrx_word' id='word_1_372' title='bbox 1346 1417 1423 1444; x_wconf 85' lang='lat' dir='ltr'><strong>Vers.</strong></span> <span class='ocrx_word' id='word_1_373' title='bbox 1454 1417 1499 1444; x_wconf 72' lang='lat'><strong>50.</strong></span> <span class='ocrx_word' id='word_1_374' title='bbox 1517 1424 1712 1443; x_wconf 78' lang='lat' dir='ltr'><strong>consunmtare.</strong></span> 
     </span>
    </p>
   </div>
   <div class='ocr_carea' id='block_1_57' title="bbox 919 1462 1711 1500">
    <p class='ocr_par' dir='ltr' id='par_1_57' title="bbox 919 1462 1711 1500">
     <span class='ocr_line' id='line_1_57' title="bbox 919 1462 1711 1500; baseline -0.006 -7"><span class='ocrx_word' id='word_1_375' title='bbox 919 1466 995 1493; x_wconf 84' lang='lat' dir='ltr'><strong>Sicut</strong></span> <span class='ocrx_word' id='word_1_376' title='bbox 1025 1467 1047 1492; x_wconf 82' lang='lat' dir='ltr'><strong>is</strong></span> <span class='ocrx_word' id='word_1_377' title='bbox 1061 1466 1108 1500; x_wconf 82' lang='lat' dir='ltr'><strong>qui</strong></span> <span class='ocrx_word' id='word_1_378' title='bbox 1125 1465 1220 1492; x_wconf 85' lang='lat' dir='ltr'><strong>turrim</strong></span> <span class='ocrx_word' id='word_1_379' title='bbox 1238 1464 1396 1492; x_wconf 86' lang='lat' dir='ltr'><strong>sensibilem</strong></span> <span class='ocrx_word' id='word_1_380' title='bbox 1410 1464 1485 1497; x_wconf 92' lang='lat' dir='ltr'><strong>cupit</strong></span> <span class='ocrx_word' id='word_1_381' title='bbox 1499 1462 1644 1493; x_wconf 64' lang='lat' dir='ltr'><strong>aedificare,</strong></span> <span class='ocrx_word' id='word_1_382' title='bbox 1663 1462 1711 1488; x_wconf 88' lang='lat' dir='ltr'><strong>de-</strong></span> 
     </span>
    </p>
   </div>
   <div class='ocr_carea' id='block_1_58' title="bbox 919 1508 1709 1547">
    <p class='ocr_par' dir='ltr' id='par_1_58' title="bbox 919 1508 1709 1547">
     <span class='ocr_line' id='line_1_58' title="bbox 919 1508 1709 1547; baseline -0.008 -7"><span class='ocrx_word' id='word_1_383' title='bbox 919 1513 964 1540; x_wconf 87' lang='lat' dir='ltr'><strong>bet</strong></span> <span class='ocrx_word' id='word_1_384' title='bbox 982 1513 1102 1547; x_wconf 85' lang='lat' dir='ltr'><strong>primunt</strong></span> <span class='ocrx_word' id='word_1_385' title='bbox 1129 1516 1256 1547; x_wconf 86' lang='lat' dir='ltr'><strong>sumptus</strong></span> <span class='ocrx_word' id='word_1_386' title='bbox 1288 1510 1468 1546; x_wconf 82' lang='lat' dir='ltr'><strong>pecuniarum</strong></span> <span class='ocrx_word' id='word_1_387' title='bbox 1487 1516 1632 1536; x_wconf 85' lang='lat' dir='ltr'><strong>numerare</strong></span> <span class='ocrx_word' id='word_1_388' title='bbox 1649 1515 1656 1535; x_wconf 71' lang='grc' dir='ltr'><strong>ι</strong></span> <span class='ocrx_word' id='word_1_389' title='bbox 1672 1508 1709 1534; x_wconf 91' lang='lat' dir='ltr'><strong>ita</strong></span> 
     </span>
    </p>
   </div>
   <div class='ocr_carea' id='block_1_59' title="bbox 918 1555 1710 1594">
    <p class='ocr_par' dir='ltr' id='par_1_59' title="bbox 918 1555 1710 1594">
     <span class='ocr_line' id='line_1_59' title="bbox 918 1555 1710 1594; baseline -0.006 -9"><span class='ocrx_word' id='word_1_390' title='bbox 918 1566 1027 1594; x_wconf 85' lang='lat' dir='ltr'><strong>quoque</strong></span> <span class='ocrx_word' id='word_1_391' title='bbox 1040 1558 1134 1585; x_wconf 87' lang='lat' dir='ltr'><strong>volens</strong></span> <span class='ocrx_word' id='word_1_392' title='bbox 1147 1557 1243 1584; x_wconf 88' lang='lat' dir='ltr'><strong>turrim</strong></span> <span class='ocrx_word' id='word_1_393' title='bbox 1260 1556 1472 1583; x_wconf 86' lang='lat' dir='ltr'><strong>intellectualem</strong></span> <span class='ocrx_word' id='word_1_394' title='bbox 1489 1555 1634 1587; x_wconf 74' lang='lat' dir='ltr'><strong>aedificare,</strong></span> <span class='ocrx_word' id='word_1_395' title='bbox 1644 1559 1710 1589; x_wconf 86' lang='lat' dir='ltr'><strong>puta</strong></span> 
     </span>
    </p>
   </div>
   <div class='ocr_carea' id='block_1_60' title="bbox 73 1598 864 1638">
    <p class='ocr_par' dir='ltr' id='par_1_60' title="bbox 73 1599 864 1638">
     <span class='ocr_line' id='line_1_60' title="bbox 73 1599 864 1638; baseline 0.004 -12"><span class='ocrx_word' id='word_1_396' title='bbox 73 1599 177 1632; x_wconf 77' lang='grc' dir='ltr'>ὀφείλει</span> <span class='ocrx_word' id='word_1_397' title='bbox 193 1599 301 1634; x_wconf 84' lang='grc' dir='ltr'>πρῶτον</span> <span class='ocrx_word' id='word_1_398' title='bbox 330 1601 466 1636; x_wconf 78' lang='grc' dir='ltr'>μετρῆσαι</span> <span class='ocrx_word' id='word_1_399' title='bbox 477 1602 527 1637; x_wconf 86' lang='grc' dir='ltr'><strong>τὴν</strong></span> <span class='ocrx_word' id='word_1_400' title='bbox 552 1603 580 1628; x_wconf 81' lang='grc' dir='ltr'>ὲν</span> <span class='ocrx_word' id='word_1_401' title='bbox 601 1604 766 1637; x_wconf 74' lang='grc' dir='ltr'>πειρασμοῖς</span> <span class='ocrx_word' id='word_1_402' title='bbox 788 1603 864 1638; x_wconf 81' lang='grc' dir='ltr'>διάρ-</span> 
     </span>
    </p>
   </div>
   <div class='ocr_carea' id='block_1_61' title="bbox 922 1598 1714 1638">
    <p class='ocr_par' dir='ltr' id='par_1_61' title="bbox 922 1598 1714 1638">
     <span class='ocr_line' id='line_1_61' title="bbox 922 1598 1714 1638; baseline -0.005 -9"><span class='ocrx_word' id='word_1_403' title='bbox 922 1604 1050 1632; x_wconf 86' lang='lat' dir='ltr'><strong>virtulum</strong></span> <span class='ocrx_word' id='word_1_404' title='bbox 1069 1603 1297 1638; x_wconf 84' lang='lat' dir='ltr'><strong>compactionem,</strong></span> <span class='ocrx_word' id='word_1_405' title='bbox 1320 1602 1400 1629; x_wconf 84' lang='lat' dir='ltr'><strong>debet</strong></span> <span class='ocrx_word' id='word_1_406' title='bbox 1415 1601 1504 1628; x_wconf 87' lang='lat' dir='ltr'><strong>metiri</strong></span> <span class='ocrx_word' id='word_1_407' title='bbox 1519 1602 1638 1635; x_wconf 92' lang='lat' dir='ltr'><strong>primum</strong></span> <span class='ocrx_word' id='word_1_408' title='bbox 1655 1598 1714 1626; x_wconf 89' lang='lat' dir='ltr'><strong>sul-</strong></span> 
     </span>
    </p>
   </div>
   <div class='ocr_carea' id='block_1_62' title="bbox 73 1645 865 1684">
    <p class='ocr_par' dir='ltr' id='par_1_62' title="bbox 73 1645 865 1684">
     <span class='ocr_line' id='line_1_62' title="bbox 73 1645 865 1684; baseline 0.004 -13"><span class='ocrx_word' id='word_1_409' title='bbox 73 1653 162 1677; x_wconf 84' lang='grc' dir='ltr'>κειαν,</span> <span class='ocrx_word' id='word_1_410' title='bbox 181 1645 224 1671; x_wconf 81' lang='grc' dir='ltr'><strong>ἵνα</strong></span> <span class='ocrx_word' id='word_1_411' title='bbox 243 1647 566 1682; x_wconf 75' lang='grc' dir='ltr'>προπαρασκευασμένος</span> <span class='ocrx_word' id='word_1_412' title='bbox 579 1647 635 1683; x_wconf 82' lang='grc'>(68)</span> <span class='ocrx_word' id='word_1_413' title='bbox 648 1647 696 1679; x_wconf 83' lang='grc' dir='ltr'>ὢν,</span> <span class='ocrx_word' id='word_1_414' title='bbox 714 1648 779 1683; x_wconf 75' lang='grc' dir='ltr'>ῥᾷον</span> <span class='ocrx_word' id='word_1_415' title='bbox 794 1648 865 1684; x_wconf 84' lang='grc' dir='ltr'>φέρῃ</span> 
     </span>
    </p>
   </div>
   <div class='ocr_carea' id='block_1_63' title="bbox 72 1691 865 1730">
    <p class='ocr_par' dir='ltr' id='par_1_63' title="bbox 72 1691 865 1730">
     <span class='ocr_line' id='line_1_63' title="bbox 72 1691 865 1730; baseline 0.005 -13"><span class='ocrx_word' id='word_1_416' title='bbox 72 1691 185 1722; x_wconf 82' lang='grc' dir='ltr'>τούτους</span> <span class='ocrx_word' id='word_1_417' title='bbox 197 1692 432 1727; x_wconf 78' lang='grc' dir='ltr'>προσπίπτοντας,</span> <span class='ocrx_word' id='word_1_418' title='bbox 447 1691 514 1719; x_wconf 83' lang='grc' dir='ltr'>Εἶτα</span> <span class='ocrx_word' id='word_1_419' title='bbox 539 1695 585 1720; x_wconf 84' lang='grc' dir='ltr'>καὶ</span> <span class='ocrx_word' id='word_1_420' title='bbox 600 1694 634 1720; x_wconf 80' lang='grc' dir='ltr'>δι’</span> <span class='ocrx_word' id='word_1_421' title='bbox 654 1694 751 1730; x_wconf 79' lang='grc' dir='ltr'>ἑτέρου</span> <span class='ocrx_word' id='word_1_422' title='bbox 774 1703 865 1730; x_wconf 83' lang='grc' dir='ltr'>παρα-</span> 
     </span>
    </p>
   </div>
   <div class='ocr_carea' id='block_1_64' title="bbox 71 1737 625 1781">
    <p class='ocr_par' dir='ltr' id='par_1_64' title="bbox 71 1737 625 1781">
     <span class='ocr_line' id='line_1_64' title="bbox 71 1737 625 1781; baseline 0.007 -18"><span class='ocrx_word' id='word_1_423' title='bbox 71 1737 218 1772; x_wconf 74' lang='grc' dir='ltr'>δείγματος</span> <span class='ocrx_word' id='word_1_424' title='bbox 237 1738 367 1774; x_wconf 79' lang='grc' dir='ltr'>διεγείρει</span> <span class='ocrx_word' id='word_1_425' title='bbox 383 1739 452 1781; x_wconf 74' lang='grc' dir='ltr'>πρὸς</span> <span class='ocrx_word' id='word_1_426' title='bbox 466 1740 625 1776; x_wconf 74' lang='grc' dir='ltr'>καρτερίαν.</span> 
     </span>
    </p>
   </div>
   <div class='ocr_carea' id='block_1_65' title="bbox 109 1785 865 1824">
    <p class='ocr_par' dir='ltr' id='par_1_65' title="bbox 109 1785 865 1824">
     <span class='ocr_line' id='line_1_65' title="bbox 109 1785 865 1824; baseline 0.005 -13"><span class='ocrx_word' id='word_1_427' title='bbox 109 1785 147 1812; x_wconf 82' lang='grc' dir='ltr'><em>’Ἡ</em></span> <span class='ocrx_word' id='word_1_428' title='bbox 161 1785 206 1817; x_wconf 85' lang='grc' dir='ltr'>τίς</span> <span class='ocrx_word' id='word_1_429' title='bbox 223 1800 257 1805; x_wconf 94' lang='grc'><strong>--</strong></span> <span class='ocrx_word' id='word_1_430' title='bbox 273 1785 319 1811; x_wconf 79' lang='grc' dir='ltr'><strong>ἐπ’</strong></span> <span class='ocrx_word' id='word_1_431' title='bbox 332 1786 446 1820; x_wconf 80' lang='grc' dir='ltr'>αὐτόν;</span> <span class='ocrx_word' id='word_1_432' title='bbox 477 1787 596 1822; x_wconf 84' lang='grc' dir='ltr'>Ὁμοίως</span> <span class='ocrx_word' id='word_1_433' title='bbox 621 1788 712 1820; x_wconf 88' lang='grc' dir='ltr'>πάλιν,</span> <span class='ocrx_word' id='word_1_434' title='bbox 744 1787 838 1824; x_wconf 83' lang='grc' dir='ltr'>ὥσπερ</span> <span class='ocrx_word' id='word_1_435' title='bbox 852 1790 865 1815; x_wconf 85' lang='grc' dir='ltr'>ὁ</span> 
     </span>
    </p>
   </div>
   <div class='ocr_carea' id='block_1_66' title="bbox 72 1831 865 1870">
    <p class='ocr_par' dir='ltr' id='par_1_66' title="bbox 72 1831 865 1870">
     <span class='ocr_line' id='line_1_66' title="bbox 72 1831 865 1870; baseline 0.006 -14"><span class='ocrx_word' id='word_1_436' title='bbox 72 1831 212 1865; x_wconf 73' lang='grc' dir='ltr'>βασιλεὺς,</span> <span class='ocrx_word' id='word_1_437' title='bbox 225 1832 239 1858; x_wconf 85' lang='grc' dir='ltr'><em>ὁ</em></span> <span class='ocrx_word' id='word_1_438' title='bbox 253 1833 436 1867; x_wconf 78' lang='grc' dir='ltr'>πορευόμενος</span> <span class='ocrx_word' id='word_1_439' title='bbox 447 1834 487 1865; x_wconf 82' lang='grc' dir='ltr'><strong>είς</strong></span> <span class='ocrx_word' id='word_1_440' title='bbox 503 1833 622 1867; x_wconf 84' lang='grc' dir='ltr'>πόλεμον</span> <span class='ocrx_word' id='word_1_441' title='bbox 637 1855 644 1866; x_wconf 94' lang='grc'><strong>,</strong></span> <span class='ocrx_word' id='word_1_442' title='bbox 666 1835 770 1868; x_wconf 74' lang='grc' dir='ltr'>ὀφείλει</span> <span class='ocrx_word' id='word_1_443' title='bbox 795 1844 865 1870; x_wconf 86' lang='grc' dir='ltr'>προ-</span> 
     </span>
    </p>
   </div>
   <div class='ocr_carea' id='block_1_67' title="bbox 71 1876 866 1916">
    <p class='ocr_par' dir='ltr' id='par_1_67' title="bbox 71 1876 866 1916">
     <span class='ocr_line' id='line_1_67' title="bbox 71 1876 866 1916; baseline 0.006 -14"><span class='ocrx_word' id='word_1_444' title='bbox 71 1876 289 1904; x_wconf 72' lang='grc' dir='ltr'>ἣοιιλεύσασθαι·</span> <span class='ocrx_word' id='word_1_445' title='bbox 309 1878 379 1906; x_wconf 77' lang='grc' dir='ltr'>οὕτω</span> <span class='ocrx_word' id='word_1_446' title='bbox 394 1880 442 1906; x_wconf 77' lang='grc' dir='ltr'><strong>καὶ</strong></span> <span class='ocrx_word' id='word_1_447' title='bbox 457 1876 536 1912; x_wconf 71' lang='grc' dir='ltr'>οὗτος</span> <span class='ocrx_word' id='word_1_448' title='bbox 567 1881 670 1915; x_wconf 81' lang='grc' dir='ltr'>ὀφείλει</span> <span class='ocrx_word' id='word_1_449' title='bbox 696 1881 866 1916; x_wconf 74' lang='grc' dir='ltr'>προδουλεύ-</span> 
     </span>
    </p>
   </div>
   <div class='ocr_carea' id='block_1_68' title="bbox 71 1922 864 1959">
    <p class='ocr_par' dir='ltr' id='par_1_68' title="bbox 71 1922 864 1959">
     <span class='ocr_line' id='line_1_68' title="bbox 71 1922 864 1959; baseline 0.004 -11"><span class='ocrx_word' id='word_1_450' title='bbox 71 1922 181 1954; x_wconf 80' lang='grc' dir='ltr'>σασοαι,</span> <span class='ocrx_word' id='word_1_451' title='bbox 207 1925 230 1949; x_wconf 84' lang='grc' dir='ltr'><strong>εί</strong></span> <span class='ocrx_word' id='word_1_452' title='bbox 245 1923 357 1950; x_wconf 82' lang='grc' dir='ltr'>δύναται</span> <span class='ocrx_word' id='word_1_453' title='bbox 380 1927 450 1958; x_wconf 65' lang='grc' dir='ltr'>μετὰ</span> <span class='ocrx_word' id='word_1_454' title='bbox 466 1925 521 1950; x_wconf 86' lang='grc' dir='ltr'><strong>τῶν</strong></span> <span class='ocrx_word' id='word_1_455' title='bbox 549 1925 648 1959; x_wconf 82' lang='grc' dir='ltr'>ὀλίγων</span> <span class='ocrx_word' id='word_1_456' title='bbox 671 1925 787 1951; x_wconf 75' lang='grc' dir='ltr'>ἐντολῶν</span> <span class='ocrx_word' id='word_1_457' title='bbox 816 1925 864 1951; x_wconf 80' lang='grc' dir='ltr'>τοῦ</span> 
     </span>
    </p>
   </div>
   <div class='ocr_carea' id='block_1_69' title="bbox 71 1968 865 2005">
    <p class='ocr_par' dir='ltr' id='par_1_69' title="bbox 71 1968 865 2005">
     <span class='ocr_line' id='line_1_69' title="bbox 71 1968 865 2005; baseline 0.003 -11"><span class='ocrx_word' id='word_1_458' title='bbox 71 1968 241 2002; x_wconf 85' lang='grc' dir='ltr'>Εὑαγγελίου</span> <span class='ocrx_word' id='word_1_459' title='bbox 255 1969 528 2004; x_wconf 73' lang='grc' dir='ltr'>ἀντιπαρατάξασθαι</span> <span class='ocrx_word' id='word_1_460' title='bbox 539 1969 579 2005; x_wconf 86' lang='grc' dir='ltr'>τῷ</span> <span class='ocrx_word' id='word_1_461' title='bbox 595 1971 714 2005; x_wconf 83' lang='grc' dir='ltr'>Σατανᾷ,</span> <span class='ocrx_word' id='word_1_462' title='bbox 739 1969 778 2005; x_wconf 82' lang='grc' dir='ltr'>τῷ</span> <span class='ocrx_word' id='word_1_463' title='bbox 795 1971 865 2005; x_wconf 63' lang='grc' dir='ltr'>μετὰ.</span> 
     </span>
    </p>
   </div>
   <div class='ocr_carea' id='block_1_70' title="bbox 71 2012 864 2054">
    <p class='ocr_par' dir='ltr' id='par_1_70' title="bbox 71 2012 864 2054">
     <span class='ocr_line' id='line_1_70' title="bbox 71 2012 864 2054; baseline 0.004 -16"><span class='ocrx_word' id='word_1_464' title='bbox 71 2012 180 2039; x_wconf 83' lang='grc' dir='ltr'>πολλῶν</span> <span class='ocrx_word' id='word_1_465' title='bbox 196 2013 334 2048; x_wconf 78' lang='grc' dir='ltr'>δαιμόνων</span> <span class='ocrx_word' id='word_1_466' title='bbox 363 2014 412 2054; x_wconf 64' lang='grc' dir='ltr'><strong>καὶ</strong></span> <span class='ocrx_word' id='word_1_467' title='bbox 436 2015 568 2049; x_wconf 83' lang='grc' dir='ltr'>μηχανῶν</span> <span class='ocrx_word' id='word_1_468' title='bbox 598 2015 644 2041; x_wconf 79' lang='grc' dir='ltr'>καὶ</span> <span class='ocrx_word' id='word_1_469' title='bbox 673 2015 770 2041; x_wconf 75' lang='grc' dir='ltr'>παθῶν</span> <span class='ocrx_word' id='word_1_470' title='bbox 785 2016 864 2051; x_wconf 80' lang='grc' dir='ltr'>ἐρχο-</span> 
     </span>
    </p>
   </div>
   <div class='ocr_carea' id='block_1_71' title="bbox 71 2059 314 2095">
    <p class='ocr_par' dir='ltr' id='par_1_71' title="bbox 71 2059 314 2095">
     <span class='ocr_line' id='line_1_71' title="bbox 71 2059 314 2095; baseline 0.004 -10"><span class='ocrx_word' id='word_1_471' title='bbox 71 2059 147 2095; x_wconf 81' lang='grc' dir='ltr'>μένῳ</span> <span class='ocrx_word' id='word_1_472' title='bbox 161 2060 203 2086; x_wconf 83' lang='grc' dir='ltr'><strong>ἐπ’</strong></span> <span class='ocrx_word' id='word_1_473' title='bbox 222 2060 314 2087; x_wconf 82' lang='grc' dir='ltr'>αὐτόν.</span> 
     </span>
    </p>
   </div>
   <div class='ocr_carea' id='block_1_72' title="bbox 105 2105 864 2144">
    <p class='ocr_par' dir='ltr' id='par_1_72' title="bbox 105 2105 864 2144">
     <span class='ocr_line' id='line_1_72' title="bbox 105 2105 864 2144; baseline 0.004 -13"><span class='ocrx_word' id='word_1_474' title='bbox 105 2106 141 2131; x_wconf 81' lang='lat' dir='ltr'><strong>El</strong></span> <span class='ocrx_word' id='word_1_475' title='bbox 148 2105 182 2131; x_wconf 83' lang='grc' dir='ltr'>δὲ</span> <span class='ocrx_word' id='word_1_476' title='bbox 189 2105 269 2139; x_wconf 78' lang='grc' dir='ltr'>μήγε</span> <span class='ocrx_word' id='word_1_477' title='bbox 278 2120 310 2127; x_wconf 79' lang='lat'><strong>——</strong></span> <span class='ocrx_word' id='word_1_478' title='bbox 320 2105 355 2132; x_wconf 82' lang='grc' dir='ltr'>τὰ</span> <span class='ocrx_word' id='word_1_479' title='bbox 365 2107 620 2141; x_wconf 76' lang='grc' dir='ltr'>πρὸςείρήνην.-</span> <span class='ocrx_word' id='word_1_480' title='bbox 628 2106 748 2143; x_wconf 86' lang='grc' dir='ltr'>Ἐρωτᾷ,</span> <span class='ocrx_word' id='word_1_481' title='bbox 763 2109 847 2144; x_wconf 63' lang='grc' dir='ltr'><strong>⁸Ῐιγοιιιν</strong></span> <span class='ocrx_word' id='word_1_482' title='bbox 857 2129 864 2141; x_wconf 83' lang='grc'><strong>,</strong></span> 
     </span>
    </p>
   </div>
   <div class='ocr_carea' id='block_1_73' title="bbox 67 2150 865 2190">
    <p class='ocr_par' dir='ltr' id='par_1_73' title="bbox 67 2150 865 2190">
     <span class='ocr_line' id='line_1_73' title="bbox 67 2150 865 2190; baseline 0.006 -13"><span class='ocrx_word' id='word_1_483' title='bbox 67 2150 239 2186; x_wconf 80' lang='grc' dir='ltr'>παρακαλεῖ,</span> <span class='ocrx_word' id='word_1_484' title='bbox 258 2152 376 2178; x_wconf 78' lang='grc' dir='ltr'>αἰτεῖται</span> <span class='ocrx_word' id='word_1_485' title='bbox 393 2152 449 2188; x_wconf 80' lang='lat'><strong>(69)</strong></span> <span class='ocrx_word' id='word_1_486' title='bbox 471 2153 506 2180; x_wconf 82' lang='grc' dir='ltr'><strong>τὰ</strong></span> <span class='ocrx_word' id='word_1_487' title='bbox 526 2154 596 2190; x_wconf 82' lang='grc' dir='ltr'>πρὸς</span> <span class='ocrx_word' id='word_1_488' title='bbox 624 2155 749 2190; x_wconf 77' lang='grc' dir='ltr'>εἰρήνην.</span> <span class='ocrx_word' id='word_1_489' title='bbox 771 2155 865 2182; x_wconf 86' lang='grc' dir='ltr'>Ταῦτα</span> 
     </span>
    </p>
   </div>
   <div class='ocr_carea' id='block_1_74' title="bbox 67 2196 865 2238">
    <p class='ocr_par' dir='ltr' id='par_1_74' title="bbox 67 2196 865 2238">
     <span class='ocr_line' id='line_1_74' title="bbox 67 2196 865 2238; baseline 0.006 -14"><span class='ocrx_word' id='word_1_490' title='bbox 67 2197 98 2224; x_wconf 81' lang='grc' dir='ltr'>δὲ</span> <span class='ocrx_word' id='word_1_491' title='bbox 118 2196 300 2233; x_wconf 81' lang='grc' dir='ltr'>προσέθηκεν,</span> <span class='ocrx_word' id='word_1_492' title='bbox 333 2200 363 2225; x_wconf 84' lang='grc' dir='ltr'>οὐ</span> <span class='ocrx_word' id='word_1_493' title='bbox 385 2200 528 2236; x_wconf 83' lang='grc' dir='ltr'>παραινῶν</span> <span class='ocrx_word' id='word_1_494' title='bbox 551 2203 607 2233; x_wconf 81' lang='grc' dir='ltr'>τοῖς</span> <span class='ocrx_word' id='word_1_495' title='bbox 639 2203 677 2238; x_wconf 86' lang='grc' dir='ltr'>μὴ</span> <span class='ocrx_word' id='word_1_496' title='bbox 702 2202 865 2237; x_wconf 79' lang='grc' dir='ltr'>δυναμένοις</span> 
     </span>
    </p>
   </div>
   <div class='ocr_carea' id='block_1_75' title="bbox 70 2243 863 2284">
    <p class='ocr_par' dir='ltr' id='par_1_75' title="bbox 70 2243 863 2284">
     <span class='ocr_line' id='line_1_75' title="bbox 70 2243 863 2284; baseline 0.009 -16"><span class='ocrx_word' id='word_1_497' title='bbox 70 2243 215 2278; x_wconf 80' lang='grc' dir='ltr'>ἂπαντᾷν,</span> <span class='ocrx_word' id='word_1_498' title='bbox 236 2243 390 2280; x_wconf 78' lang='grc' dir='ltr'>εἰρηνεύειν</span> <span class='ocrx_word' id='word_1_499' title='bbox 415 2247 485 2281; x_wconf 81' lang='grc' dir='ltr'>μετὰ</span> <span class='ocrx_word' id='word_1_500' title='bbox 512 2246 560 2273; x_wconf 83' lang='grc' dir='ltr'><strong>τοῦ</strong></span> <span class='ocrx_word' id='word_1_501' title='bbox 586 2248 710 2275; x_wconf 81' lang='grc' dir='ltr'>Σατανᾶ·</span> <span class='ocrx_word' id='word_1_502' title='bbox 734 2248 792 2280; x_wconf 80' lang='grc' dir='ltr'><strong>πῶς</strong></span> <span class='ocrx_word' id='word_1_503' title='bbox 808 2249 863 2284; x_wconf 77' lang='grc' dir='ltr'><strong>γὰρ</strong></span> 
     </span>
    </p>
   </div>
   <div class='ocr_carea' id='block_1_76' title="bbox 68 2289 863 2331">
    <p class='ocr_par' dir='ltr' id='par_1_76' title="bbox 68 2289 863 2331">
     <span class='ocr_line' id='line_1_76' title="bbox 68 2289 863 2331; baseline 0.01 -16"><span class='ocrx_word' id='word_1_504' title='bbox 68 2289 118 2315; x_wconf 76' lang='grc' dir='ltr'>τοῦ</span> <span class='ocrx_word' id='word_1_505' title='bbox 135 2290 359 2325; x_wconf 76' lang='grc' dir='ltr'>ἀνθρωποκτόνου</span> <span class='ocrx_word' id='word_1_506' title='bbox 383 2293 430 2318; x_wconf 79' lang='grc' dir='ltr'><strong>καὶ</strong></span> <span class='ocrx_word' id='word_1_507' title='bbox 446 2292 637 2328; x_wconf 76' lang='grc' dir='ltr'>ψυχολέθρου;</span> <span class='ocrx_word' id='word_1_508' title='bbox 654 2294 723 2321; x_wconf 80' lang='grc' dir='ltr'>ἀλλὰ</span> <span class='ocrx_word' id='word_1_509' title='bbox 744 2296 778 2331; x_wconf 84' lang='grc' dir='ltr'>τῇ</span> <span class='ocrx_word' id='word_1_510' title='bbox 797 2296 863 2322; x_wconf 78' lang='grc' dir='ltr'>ἀκο-</span> 
     </span>
    </p>
   </div>
   <div class='ocr_carea' id='block_1_77' title="bbox 68 2335 862 2375">
    <p class='ocr_par' dir='ltr' id='par_1_77' title="bbox 68 2335 862 2375">
     <span class='ocr_line' id='line_1_77' title="bbox 68 2335 862 2375; baseline 0.01 -15"><span class='ocrx_word' id='word_1_511' title='bbox 68 2335 165 2371; x_wconf 71' lang='grc' dir='ltr'>λουθίᾳ</span> <span class='ocrx_word' id='word_1_512' title='bbox 193 2335 241 2363; x_wconf 81' lang='grc' dir='ltr'><strong>τοῦ</strong></span> <span class='ocrx_word' id='word_1_513' title='bbox 269 2338 496 2373; x_wconf 64' lang='grc' dir='ltr'>παραδείγματος</span> <span class='ocrx_word' id='word_1_514' title='bbox 524 2340 673 2375; x_wconf 76' lang='grc' dir='ltr'>ἐχρήσατο,</span> <span class='ocrx_word' id='word_1_515' title='bbox 706 2341 797 2372; x_wconf 75' lang='grc' dir='ltr'><strong>καθὼς</strong></span> <span class='ocrx_word' id='word_1_516' title='bbox 814 2343 862 2368; x_wconf 82' lang='grc' dir='ltr'>καὶ</span> 
     </span>
    </p>
   </div>
   <div class='ocr_carea' id='block_1_78' title="bbox 68 2380 860 2422">
    <p class='ocr_par' dir='ltr' id='par_1_78' title="bbox 68 2380 860 2422">
     <span class='ocr_line' id='line_1_78' title="bbox 68 2380 860 2422; baseline 0.009 -16"><span class='ocrx_word' id='word_1_517' title='bbox 68 2380 199 2416; x_wconf 79' lang='grc' dir='ltr'>ἀνωτέρω</span> <span class='ocrx_word' id='word_1_518' title='bbox 214 2383 375 2418; x_wconf 78' lang='grc' dir='ltr'>πεποίηκεν.</span> <span class='ocrx_word' id='word_1_519' title='bbox 391 2384 468 2419; x_wconf 78' lang='grc' dir='ltr'>Ἅμα</span> <span class='ocrx_word' id='word_1_520' title='bbox 482 2384 510 2411; x_wconf 81' lang='grc' dir='ltr'>δὲ</span> <span class='ocrx_word' id='word_1_521' title='bbox 526 2386 573 2412; x_wconf 67' lang='grc' dir='ltr'><strong>καὶ</strong></span> <span class='ocrx_word' id='word_1_522' title='bbox 590 2386 629 2417; x_wconf 82' lang='grc' dir='ltr'><strong>εἰς</strong></span> <span class='ocrx_word' id='word_1_523' title='bbox 646 2386 783 2422; x_wconf 83' lang='grc' dir='ltr'>ἐντροπὴν</span> <span class='ocrx_word' id='word_1_524' title='bbox 806 2387 860 2413; x_wconf 82' lang='grc' dir='ltr'><strong>τῶν</strong></span> 
     </span>
    </p>
   </div>
   <div class='ocr_carea' id='block_1_79' title="bbox 70 2427 860 2467">
    <p class='ocr_par' dir='ltr' id='par_1_79' title="bbox 70 2427 860 2467">
     <span class='ocr_line' id='line_1_79' title="bbox 70 2427 860 2467; baseline 0.008 -14"><span class='ocrx_word' id='word_1_525' title='bbox 70 2427 141 2462; x_wconf 78' lang='grc' dir='ltr'>μετᾶ</span> <span class='ocrx_word' id='word_1_526' title='bbox 154 2427 184 2454; x_wconf 77' lang='grc' dir='ltr'>τὸ</span> <span class='ocrx_word' id='word_1_527' title='bbox 200 2429 403 2464; x_wconf 82' lang='grc' dir='ltr'>μαθητευοῆναι</span> <span class='ocrx_word' id='word_1_528' title='bbox 417 2431 622 2466; x_wconf 78' lang='grc' dir='ltr'>χαυνουμένων.</span> <span class='ocrx_word' id='word_1_529' title='bbox 643 2433 698 2459; x_wconf 78' lang='grc' dir='ltr'><strong>Καὶ</strong></span> <span class='ocrx_word' id='word_1_530' title='bbox 715 2432 860 2467; x_wconf 77' lang='grc' dir='ltr'>τοῦτο’γὰρ</span> 
     </span>
    </p>
   </div>
   <div class='ocr_carea' id='block_1_80' title="bbox 68 2474 859 2514">
    <p class='ocr_par' dir='ltr' id='par_1_80' title="bbox 68 2474 859 2514">
     <span class='ocr_line' id='line_1_80' title="bbox 68 2474 859 2514; baseline 0.01 -16"><span class='ocrx_word' id='word_1_531' title='bbox 68 2474 163 2508; x_wconf 85' lang='grc' dir='ltr'>σχῆμα</span> <span class='ocrx_word' id='word_1_532' title='bbox 180 2474 270 2508; x_wconf 79' lang='grc' dir='ltr'>λόγου,</span> <span class='ocrx_word' id='word_1_533' title='bbox 284 2476 416 2512; x_wconf 81' lang='grc' dir='ltr'>διεγεῖρον</span> <span class='ocrx_word' id='word_1_534' title='bbox 436 2479 476 2509; x_wconf 90' lang='grc' dir='ltr'><strong>είς</strong></span> <span class='ocrx_word' id='word_1_535' title='bbox 491 2479 645 2514; x_wconf 80' lang='grc' dir='ltr'>εὐανδρίαν,</span> <span class='ocrx_word' id='word_1_536' title='bbox 660 2479 729 2505; x_wconf 81' lang='grc' dir='ltr'>καθὸ</span> <span class='ocrx_word' id='word_1_537' title='bbox 743 2480 789 2506; x_wconf 71' lang='grc' dir='ltr'>καὶ</span> <span class='ocrx_word' id='word_1_538' title='bbox 804 2479 859 2514; x_wconf 79' lang='grc'>(70)</span> 
     </span>
    </p>
   </div>
   <div class='ocr_carea' id='block_1_81' title="bbox 68 2519 861 2560">
    <p class='ocr_par' dir='ltr' id='par_1_81' title="bbox 68 2519 861 2560">
     <span class='ocr_line' id='line_1_81' title="bbox 68 2519 861 2560; baseline 0.01 -16"><span class='ocrx_word' id='word_1_539' title='bbox 68 2519 160 2553; x_wconf 78' lang='grc' dir='ltr'>λέγειν</span> <span class='ocrx_word' id='word_1_540' title='bbox 177 2520 324 2556; x_wconf 76' lang='grc' dir='ltr'>εἰώθαμεν.</span> <span class='ocrx_word' id='word_1_541' title='bbox 354 2523 395 2549; x_wconf 81' lang='grc' dir='ltr'>ὅτι</span> <span class='ocrx_word' id='word_1_542' title='bbox 423 2525 547 2558; x_wconf 81' lang='grc' dir='ltr'>κρεῖττον</span> <span class='ocrx_word' id='word_1_543' title='bbox 570 2525 607 2560; x_wconf 79' lang='grc' dir='ltr'>μὴ</span> <span class='ocrx_word' id='word_1_544' title='bbox 626 2525 761 2560; x_wconf 76' lang='grc' dir='ltr'>ἄρξασθαι</span> <span class='ocrx_word' id='word_1_545' title='bbox 783 2526 861 2552; x_wconf 78' lang='grc' dir='ltr'>τοῦδε</span> 
     </span>
    </p>
   </div>
   <div class='ocr_carea' id='block_1_82' title="bbox 67 2564 739 2604">
    <p class='ocr_par' dir='ltr' id='par_1_82' title="bbox 67 2564 739 2604">
     <span class='ocr_line' id='line_1_82' title="bbox 67 2564 739 2604; baseline 0.012 -14"><span class='ocrx_word' id='word_1_546' title='bbox 67 2564 116 2591; x_wconf 72' lang='grc' dir='ltr'>τοῦ</span> <span class='ocrx_word' id='word_1_547' title='bbox 136 2566 310 2600; x_wconf 72' lang='grc' dir='ltr'>πράγματος,</span> <span class='ocrx_word' id='word_1_548' title='bbox 326 2567 343 2602; x_wconf 86' lang='grc' dir='ltr'><strong>ἣ</strong></span> <span class='ocrx_word' id='word_1_549' title='bbox 360 2568 516 2604; x_wconf 75' lang='grc' dir='ltr'>ἀρξάμενον</span> <span class='ocrx_word' id='word_1_550' title='bbox 530 2571 568 2604; x_wconf 84' lang='grc' dir='ltr'>μὴ</span> <span class='ocrx_word' id='word_1_551' title='bbox 583 2571 739 2600; x_wconf 68' lang='grc' dir='ltr'>τελειῶπαι.</span> 
     </span>
    </p>
   </div>
   <div class='ocr_carea' id='block_1_83' title="bbox 125 2699 328 2733">
    <p class='ocr_par' dir='ltr' id='par_1_83' title="bbox 125 2699 328 2733">
     <span class='ocr_line' id='line_1_83' title="bbox 125 2699 328 2733; baseline 0.015 -7"><span class='ocrx_word' id='word_1_552' title='bbox 125 2699 230 2727; x_wconf 76' lang='lat' dir='ltr'><strong>“Eccli.</strong></span> <span class='ocrx_word' id='word_1_553' title='bbox 248 2708 277 2733; x_wconf 88' lang='grc' dir='ltr'><strong>ιι,</strong></span> <span class='ocrx_word' id='word_1_554' title='bbox 300 2700 328 2729; x_wconf 75' lang='grc'><strong>1.</strong></span> 
     </span>
    </p>
   </div>
   <div class='ocr_carea' id='block_1_84' title="bbox 919 1648 1707 1684">
    <p class='ocr_par' dir='ltr' id='par_1_84' title="bbox 919 1648 1707 1684">
     <span class='ocr_line' id='line_1_84' title="bbox 919 1648 1707 1684; baseline -0.006 -7"><span class='ocrx_word' id='word_1_555' title='bbox 919 1650 1076 1680; x_wconf 76' lang='lat' dir='ltr'><strong>ﬁcientiam,</strong></span> <span class='ocrx_word' id='word_1_556' title='bbox 1087 1657 1169 1684; x_wconf 83' lang='lat' dir='ltr'><strong>quam</strong></span> <span class='ocrx_word' id='word_1_557' title='bbox 1182 1650 1266 1676; x_wconf 82' lang='lat' dir='ltr'><strong>habet</strong></span> <span class='ocrx_word' id='word_1_558' title='bbox 1282 1649 1314 1676; x_wconf 88' lang='lat' dir='ltr'><strong>ad</strong></span> <span class='ocrx_word' id='word_1_559' title='bbox 1326 1648 1503 1679; x_wconf 85' lang='lat' dir='ltr'><strong>tentationes,</strong></span> <span class='ocrx_word' id='word_1_560' title='bbox 1522 1651 1551 1674; x_wconf 89' lang='lat' dir='ltr'><strong>ut</strong></span> <span class='ocrx_word' id='word_1_561' title='bbox 1567 1654 1707 1681; x_wconf 70' lang='lat' dir='ltr'><strong>praepara-</strong></span> 
     </span>
    </p>
   </div>
   <div class='ocr_carea' id='block_1_85' title="bbox 919 1693 1712 1727">
    <p class='ocr_par' dir='ltr' id='par_1_85' title="bbox 919 1693 1712 1727">
     <span class='ocr_line' id='line_1_85' title="bbox 919 1693 1712 1727; baseline -0.005 -4"><span class='ocrx_word' id='word_1_562' title='bbox 919 1701 962 1724; x_wconf 90' lang='lat' dir='ltr'><strong>tus</strong></span> <span class='ocrx_word' id='word_1_563' title='bbox 976 1696 1044 1723; x_wconf 79' lang='lat' dir='ltr'><strong>ierat</strong></span> <span class='ocrx_word' id='word_1_564' title='bbox 1058 1696 1164 1723; x_wconf 79' lang='lat' dir='ltr'><strong>facilius</strong></span> <span class='ocrx_word' id='word_1_565' title='bbox 1176 1716 1183 1727; x_wconf 90' lang='lat'><strong>,</strong></span> <span class='ocrx_word' id='word_1_566' title='bbox 1198 1703 1260 1722; x_wconf 91' lang='lat' dir='ltr'><strong>cum</strong></span> <span class='ocrx_word' id='word_1_567' title='bbox 1281 1695 1441 1722; x_wconf 82' lang='lat' dir='ltr'><strong>inciderint.</strong></span> <span class='ocrx_word' id='word_1_568' title='bbox 1454 1694 1556 1721; x_wconf 76' lang='lat' dir='ltr'><strong>Deinde</strong></span> <span class='ocrx_word' id='word_1_569' title='bbox 1567 1694 1593 1720; x_wconf 90' lang='lat' dir='ltr'><strong>in</strong></span> <span class='ocrx_word' id='word_1_570' title='bbox 1605 1693 1656 1720; x_wconf 85' lang='lat' dir='ltr'><strong>alio</strong></span> <span class='ocrx_word' id='word_1_571' title='bbox 1664 1700 1712 1719; x_wconf 74' lang='lat' dir='ltr'><strong>ex-</strong></span> 
     </span>
    </p>
   </div>
   <div class='ocr_carea' id='block_1_86' title="bbox 924 1741 1390 1777">
    <p class='ocr_par' dir='ltr' id='par_1_86' title="bbox 924 1741 1390 1777">
     <span class='ocr_line' id='line_1_86' title="bbox 924 1741 1390 1777; baseline -0.004 -8"><span class='ocrx_word' id='word_1_572' title='bbox 924 1743 1018 1777; x_wconf 84' lang='lat' dir='ltr'><strong>emplo</strong></span> <span class='ocrx_word' id='word_1_573' title='bbox 1039 1742 1071 1769; x_wconf 82' lang='lat' dir='ltr'><strong>ad</strong></span> <span class='ocrx_word' id='word_1_574' title='bbox 1091 1742 1265 1769; x_wconf 85' lang='lat' dir='ltr'><strong>tolerantiam</strong></span> <span class='ocrx_word' id='word_1_575' title='bbox 1281 1741 1390 1768; x_wconf 76' lang='lat' dir='ltr'><strong>cxcilat.</strong></span> 
     </span>
    </p>
   </div>
   <div class='ocr_carea' id='block_1_87' title="bbox 954 1785 1710 1824">
    <p class='ocr_par' dir='ltr' id='par_1_87' title="bbox 954 1785 1710 1824">
     <span class='ocr_line' id='line_1_87' title="bbox 954 1785 1710 1824; baseline -0.005 -8"><span class='ocrx_word' id='word_1_576' title='bbox 954 1789 1032 1817; x_wconf 82' lang='lat' dir='ltr'><strong>Vers.</strong></span> <span class='ocrx_word' id='word_1_577' title='bbox 1051 1790 1094 1815; x_wconf 76' lang='lat' dir='ltr'><strong>3L</strong></span> <span class='ocrx_word' id='word_1_578' title='bbox 1105 1789 1157 1815; x_wconf 85' lang='grc' dir='ltr'>Αιιι</span> <span class='ocrx_word' id='word_1_579' title='bbox 1168 1789 1354 1824; x_wconf 78' lang='lat' dir='ltr'><strong>quis—contra</strong></span> <span class='ocrx_word' id='word_1_580' title='bbox 1364 1795 1399 1813; x_wconf 81' lang='lat' dir='ltr'><strong>se.</strong></span> <span class='ocrx_word' id='word_1_581' title='bbox 1416 1786 1476 1813; x_wconf 85' lang='lat' dir='ltr'><strong>Pari</strong></span> <span class='ocrx_word' id='word_1_582' title='bbox 1493 1794 1602 1821; x_wconf 87' lang='lat' dir='ltr'><strong>quoque</strong></span> <span class='ocrx_word' id='word_1_583' title='bbox 1618 1785 1710 1819; x_wconf 83' lang='lat' dir='ltr'><strong>modo,</strong></span> 
     </span>
    </p>
   </div>
   <div class='ocr_carea' id='block_1_88' title="bbox 917 1831 1710 1870">
    <p class='ocr_par' dir='ltr' id='par_1_88' title="bbox 917 1831 1710 1870">
     <span class='ocr_line' id='line_1_88' title="bbox 917 1831 1710 1870; baseline -0.005 -8"><span class='ocrx_word' id='word_1_584' title='bbox 917 1835 1147 1870; x_wconf 75' lang='lat' dir='ltr'><strong>quemadmodum</strong></span> <span class='ocrx_word' id='word_1_585' title='bbox 1163 1842 1210 1861; x_wconf 72' lang='lat' dir='ltr'><strong>rex</strong></span> <span class='ocrx_word' id='word_1_586' title='bbox 1225 1833 1259 1860; x_wconf 90' lang='lat' dir='ltr'><strong>ad</strong></span> <span class='ocrx_word' id='word_1_587' title='bbox 1277 1833 1403 1868; x_wconf 59' lang='lat' dir='ltr'><strong>proelium</strong></span> <span class='ocrx_word' id='word_1_588' title='bbox 1422 1832 1610 1867; x_wconf 83' lang='lat' dir='ltr'><strong>proﬁciscens.</strong></span> <span class='ocrx_word' id='word_1_589' title='bbox 1626 1831 1710 1858; x_wconf 87' lang='lat' dir='ltr'><strong>debet</strong></span> 
     </span>
    </p>
   </div>
   <div class='ocr_carea' id='block_1_89' title="bbox 919 1878 1712 1917">
    <p class='ocr_par' dir='ltr' id='par_1_89' title="bbox 919 1878 1712 1917">
     <span class='ocr_line' id='line_1_89' title="bbox 919 1878 1712 1917; baseline -0.004 -9"><span class='ocrx_word' id='word_1_590' title='bbox 919 1882 1036 1917; x_wconf 89' lang='lat' dir='ltr'><strong>primum</strong></span> <span class='ocrx_word' id='word_1_591' title='bbox 1054 1881 1221 1912; x_wconf 83' lang='lat' dir='ltr'><strong>consultare,</strong></span> <span class='ocrx_word' id='word_1_592' title='bbox 1245 1880 1283 1907; x_wconf 83' lang='lat' dir='ltr'><strong>ita</strong></span> <span class='ocrx_word' id='word_1_593' title='bbox 1300 1883 1327 1906; x_wconf 84' lang='lat' dir='ltr'><strong>et</strong></span> <span class='ocrx_word' id='word_1_594' title='bbox 1342 1880 1385 1906; x_wconf 84' lang='lat' dir='ltr'><strong>hic</strong></span> <span class='ocrx_word' id='word_1_595' title='bbox 1405 1879 1523 1913; x_wconf 89' lang='lat' dir='ltr'><strong>primum</strong></span> <span class='ocrx_word' id='word_1_596' title='bbox 1554 1878 1712 1905; x_wconf 84' lang='lat' dir='ltr'><strong>consultare</strong></span> 
     </span>
    </p>
   </div>
   <div class='ocr_carea' id='block_1_90' title="bbox 918 1922 1712 1961">
    <p class='ocr_par' dir='ltr' id='par_1_90' title="bbox 918 1922 1712 1961">
     <span class='ocr_line' id='line_1_90' title="bbox 918 1922 1712 1961; baseline -0.005 -8"><span class='ocrx_word' id='word_1_597' title='bbox 918 1927 1009 1957; x_wconf 75' lang='lat' dir='ltr'><strong>debet,</strong></span> <span class='ocrx_word' id='word_1_598' title='bbox 1034 1934 1069 1953; x_wconf 88' lang='lat' dir='ltr'><strong>an</strong></span> <span class='ocrx_word' id='word_1_599' title='bbox 1089 1925 1175 1961; x_wconf 81' lang='lat' dir='ltr'><strong>pOssit</strong></span> <span class='ocrx_word' id='word_1_600' title='bbox 1192 1933 1254 1952; x_wconf 91' lang='lat' dir='ltr'><strong>cutn</strong></span> <span class='ocrx_word' id='word_1_601' title='bbox 1280 1925 1375 1959; x_wconf 79' lang='lat' dir='ltr'><strong>paucis</strong></span> <span class='ocrx_word' id='word_1_602' title='bbox 1398 1924 1537 1959; x_wconf 80' lang='lat' dir='ltr'><strong>Evangelii</strong></span> <span class='ocrx_word' id='word_1_603' title='bbox 1566 1922 1712 1958; x_wconf 65' lang='lat' dir='ltr'><strong>prmceptis</strong></span> 
     </span>
    </p>
   </div>
   <div class='ocr_carea' id='block_1_91' title="bbox 919 1970 1713 2005">
    <p class='ocr_par' dir='ltr' id='par_1_91' title="bbox 919 1970 1713 2005">
     <span class='ocr_line' id='line_1_91' title="bbox 919 1970 1713 2005; baseline -0.005 -5"><span class='ocrx_word' id='word_1_604' title='bbox 919 1974 1045 2000; x_wconf 72' lang='lat' dir='ltr'><strong>resistere</strong></span> <span class='ocrx_word' id='word_1_605' title='bbox 1057 1973 1177 2005; x_wconf 75' lang='lat' dir='ltr'><strong>Saturne,</strong></span> <span class='ocrx_word' id='word_1_606' title='bbox 1193 1971 1236 1999; x_wconf 91' lang='lat' dir='ltr'><strong>cui</strong></span> <span class='ocrx_word' id='word_1_607' title='bbox 1255 1980 1317 1999; x_wconf 91' lang='lat' dir='ltr'><strong>cum</strong></span> <span class='ocrx_word' id='word_1_608' title='bbox 1336 1971 1431 1998; x_wconf 88' lang='lat' dir='ltr'><strong>multis</strong></span> <span class='ocrx_word' id='word_1_609' title='bbox 1446 1970 1588 1997; x_wconf 65' lang='lat' dir='ltr'><strong>dtcmoniis</strong></span> <span class='ocrx_word' id='word_1_610' title='bbox 1603 1974 1631 1997; x_wconf 90' lang='lat' dir='ltr'><strong>et</strong></span> <span class='ocrx_word' id='word_1_611' title='bbox 1656 1977 1713 1996; x_wconf 88' lang='lat' dir='ltr'><strong>ma-</strong></span> 
     </span>
    </p>
   </div>
   <div class='ocr_carea' id='block_1_92' title="bbox 918 2017 1520 2047">
    <p class='ocr_par' dir='ltr' id='par_1_92' title="bbox 918 2017 1520 2047">
     <span class='ocr_line' id='line_1_92' title="bbox 918 2017 1520 2047; baseline -0.003 -1"><span class='ocrx_word' id='word_1_612' title='bbox 918 2019 1006 2047; x_wconf 83' lang='lat' dir='ltr'><strong>chinis</strong></span> <span class='ocrx_word' id='word_1_613' title='bbox 1022 2026 1053 2046; x_wconf 75' lang='lat' dir='ltr'><strong>ac</strong></span> <span class='ocrx_word' id='word_1_614' title='bbox 1065 2018 1259 2046; x_wconf 82' lang='lat' dir='ltr'><strong>aﬂ‘ectionibus</strong></span> <span class='ocrx_word' id='word_1_615' title='bbox 1274 2017 1458 2046; x_wconf 84' lang='lat' dir='ltr'><strong>venitcontra</strong></span> <span class='ocrx_word' id='word_1_616' title='bbox 1479 2024 1520 2044; x_wconf 88' lang='lat' dir='ltr'><strong>se.</strong></span> 
     </span>
    </p>
   </div>
   <div class='ocr_carea' id='block_1_93' title="bbox 952 2109 1712 2147">
    <p class='ocr_par' dir='ltr' id='par_1_93' title="bbox 952 2109 1712 2147">
     <span class='ocr_line' id='line_1_93' title="bbox 952 2109 1712 2147; baseline -0.008 -6"><span class='ocrx_word' id='word_1_617' title='bbox 952 2114 1029 2141; x_wconf 87' lang='lat' dir='ltr'><strong>Vers.</strong></span> <span class='ocrx_word' id='word_1_618' title='bbox 1040 2113 1084 2140; x_wconf 75' lang='lat'><strong>32.</strong></span> <span class='ocrx_word' id='word_1_619' title='bbox 1104 2111 1195 2147; x_wconf 75' lang='lat' dir='ltr'><strong>Aliqui</strong></span> <span class='ocrx_word' id='word_1_620' title='bbox 1204 2126 1240 2132; x_wconf 91' lang='lat'>—</span> <span class='ocrx_word' id='word_1_621' title='bbox 1252 2119 1312 2145; x_wconf 69' lang='lat' dir='ltr'><strong>quo:</strong></span> <span class='ocrx_word' id='word_1_622' title='bbox 1323 2111 1397 2146; x_wconf 79' lang='lat' dir='ltr'><strong>pacis</strong></span> <span class='ocrx_word' id='word_1_623' title='bbox 1409 2115 1479 2137; x_wconf 71' lang='lat' dir='ltr'><strong>sunt.</strong></span> <span class='ocrx_word' id='word_1_624' title='bbox 1490 2109 1607 2137; x_wconf 76' lang='lat' dir='ltr'><strong>Rursum</strong></span> <span class='ocrx_word' id='word_1_625' title='bbox 1620 2110 1712 2144; x_wconf 78' lang='grc' dir='ltr'>ἐρωτᾷ</span> 
     </span>
    </p>
   </div>
   <div class='ocr_carea' id='block_1_94' title="bbox 917 2155 1708 2193">
    <p class='ocr_par' dir='ltr' id='par_1_94' title="bbox 917 2155 1708 2193">
     <span class='ocr_line' id='line_1_94' title="bbox 917 2155 1708 2193; baseline -0.004 -8"><span class='ocrx_word' id='word_1_626' title='bbox 917 2157 1053 2193; x_wconf 80' lang='lat' dir='ltr'><strong>signiﬁcat</strong></span> <span class='ocrx_word' id='word_1_627' title='bbox 1087 2161 1211 2191; x_wconf 79' lang='lat' dir='ltr'><strong>precatur</strong></span> <span class='ocrx_word' id='word_1_628' title='bbox 1225 2161 1273 2183; x_wconf 88' lang='lat' dir='ltr'><strong>aut</strong></span> <span class='ocrx_word' id='word_1_629' title='bbox 1296 2157 1372 2191; x_wconf 76' lang='lat' dir='ltr'><strong>petit.</strong></span> <span class='ocrx_word' id='word_1_630' title='bbox 1390 2156 1454 2183; x_wconf 70' lang='lat' dir='ltr'><strong>llaec</strong></span> <span class='ocrx_word' id='word_1_631' title='bbox 1479 2159 1570 2183; x_wconf 82' lang='lat' dir='ltr'><strong>autem</strong></span> <span class='ocrx_word' id='word_1_632' title='bbox 1592 2155 1708 2188; x_wconf 81' lang='lat' dir='ltr'><strong>addidit,</strong></span> 
     </span>
    </p>
   </div>
   <div class='ocr_carea' id='block_1_95' title="bbox 916 2201 1708 2236">
    <p class='ocr_par' dir='ltr' id='par_1_95' title="bbox 916 2201 1708 2236">
     <span class='ocr_line' id='line_1_95' title="bbox 916 2201 1708 2236; baseline -0.004 -7"><span class='ocrx_word' id='word_1_633' title='bbox 916 2210 971 2230; x_wconf 87' lang='lat' dir='ltr'><strong>non</strong></span> <span class='ocrx_word' id='word_1_634' title='bbox 1000 2202 1150 2229; x_wconf 81' lang='lat' dir='ltr'><strong>adhortans</strong></span> <span class='ocrx_word' id='word_1_635' title='bbox 1166 2206 1196 2228; x_wconf 86' lang='lat' dir='ltr'><strong>ut</strong></span> <span class='ocrx_word' id='word_1_636' title='bbox 1212 2201 1259 2236; x_wconf 86' lang='lat' dir='ltr'><strong>qui</strong></span> <span class='ocrx_word' id='word_1_637' title='bbox 1282 2209 1337 2228; x_wconf 92' lang='lat' dir='ltr'><strong>non</strong></span> <span class='ocrx_word' id='word_1_638' title='bbox 1351 2201 1460 2236; x_wconf 85' lang='lat' dir='ltr'><strong>possint</strong></span> <span class='ocrx_word' id='word_1_639' title='bbox 1486 2207 1643 2231; x_wconf 84' lang='lat' dir='ltr'><strong>occurrere,</strong></span> <span class='ocrx_word' id='word_1_640' title='bbox 1661 2208 1708 2235; x_wconf 90' lang='lat' dir='ltr'><strong>pa-</strong></span> 
     </span>
    </p>
   </div>
   <div class='ocr_carea' id='block_1_96' title="bbox 917 2246 1709 2282">
    <p class='ocr_par' dir='ltr' id='par_1_96' title="bbox 917 2246 1709 2282">
     <span class='ocr_line' id='line_1_96' title="bbox 917 2246 1709 2282; baseline -0.005 -6"><span class='ocrx_word' id='word_1_641' title='bbox 917 2257 976 2276; x_wconf 87' lang='lat' dir='ltr'><strong>cem</strong></span> <span class='ocrx_word' id='word_1_642' title='bbox 992 2249 1085 2275; x_wconf 85' lang='lat' dir='ltr'><strong>ineant</strong></span> <span class='ocrx_word' id='word_1_643' title='bbox 1099 2255 1159 2275; x_wconf 90' lang='lat' dir='ltr'><strong>cum</strong></span> <span class='ocrx_word' id='word_1_644' title='bbox 1172 2247 1287 2275; x_wconf 86' lang='lat' dir='ltr'><strong>Satana:</strong></span> <span class='ocrx_word' id='word_1_645' title='bbox 1300 2254 1418 2282; x_wconf 85' lang='lat' dir='ltr'><strong>quonam</strong></span> <span class='ocrx_word' id='word_1_646' title='bbox 1431 2247 1504 2273; x_wconf 90' lang='lat' dir='ltr'><strong>enim</strong></span> <span class='ocrx_word' id='word_1_647' title='bbox 1515 2246 1596 2273; x_wconf 86' lang='lat' dir='ltr'><strong>modo</strong></span> <span class='ocrx_word' id='word_1_648' title='bbox 1611 2246 1636 2273; x_wconf 89' lang='lat' dir='ltr'><strong>id</strong></span> <span class='ocrx_word' id='word_1_649' title='bbox 1651 2246 1709 2272; x_wconf 82' lang='lat' dir='ltr'><strong>ﬁeri</strong></span> 
     </span>
    </p>
   </div>
   <div class='ocr_carea' id='block_1_97' title="bbox 882 2281 1710 2330">
    <p class='ocr_par' dir='ltr' id='par_1_97' title="bbox 882 2281 1710 2330">
     <span class='ocr_line' id='line_1_97' title="bbox 882 2281 1710 2330; baseline -0.005 -8"><span class='ocrx_word' id='word_1_650' title='bbox 882 2281 902 2308; x_wconf 72' lang='grc' dir='ltr'>θ</span> <span class='ocrx_word' id='word_1_651' title='bbox 917 2298 1018 2330; x_wconf 82' lang='lat' dir='ltr'><strong>potest,</strong></span> <span class='ocrx_word' id='word_1_652' title='bbox 1036 2301 1097 2321; x_wconf 91' lang='lat' dir='ltr'><strong>cum</strong></span> <span class='ocrx_word' id='word_1_653' title='bbox 1114 2294 1159 2321; x_wconf 88' lang='lat' dir='ltr'><strong>ille</strong></span> <span class='ocrx_word' id='word_1_654' title='bbox 1174 2293 1300 2320; x_wconf 87' lang='lat' dir='ltr'><strong>homines</strong></span> <span class='ocrx_word' id='word_1_655' title='bbox 1309 2281 1421 2326; x_wconf 81' lang='lat' dir='ltr'><strong>enecet,</strong></span> <span class='ocrx_word' id='word_1_656' title='bbox 1435 2300 1466 2319; x_wconf 91' lang='lat' dir='ltr'><strong>ac</strong></span> <span class='ocrx_word' id='word_1_657' title='bbox 1477 2293 1574 2327; x_wconf 81' lang='lat' dir='ltr'><strong>perdat</strong></span> <span class='ocrx_word' id='word_1_658' title='bbox 1585 2292 1710 2318; x_wconf 53' lang='lat' dir='ltr'><strong>animus?</strong></span> 
     </span>
    </p>
   </div>
   <div class='ocr_carea' id='block_1_98' title="bbox 917 2339 1707 2375">
    <p class='ocr_par' dir='ltr' id='par_1_98' title="bbox 917 2339 1707 2375">
     <span class='ocr_line' id='line_1_98' title="bbox 917 2339 1707 2375; baseline -0.005 -7"><span class='ocrx_word' id='word_1_659' title='bbox 917 2340 969 2368; x_wconf 90' lang='lat' dir='ltr'><strong>Sed</strong></span> <span class='ocrx_word' id='word_1_660' title='bbox 994 2340 1109 2375; x_wconf 80' lang='lat' dir='ltr'><strong>exempli</strong></span> <span class='ocrx_word' id='word_1_661' title='bbox 1136 2341 1333 2375; x_wconf 71' lang='lat' dir='ltr'><strong>consequentia</strong></span> <span class='ocrx_word' id='word_1_662' title='bbox 1359 2347 1423 2366; x_wconf 88' lang='lat' dir='ltr'><strong>usus</strong></span> <span class='ocrx_word' id='word_1_663' title='bbox 1439 2344 1492 2369; x_wconf 72' lang='lat' dir='ltr'><strong>est,</strong></span> <span class='ocrx_word' id='word_1_664' title='bbox 1518 2339 1592 2366; x_wconf 84' lang='lat' dir='ltr'><strong>sicut</strong></span> <span class='ocrx_word' id='word_1_665' title='bbox 1624 2339 1707 2365; x_wconf 83' lang='lat' dir='ltr'><strong>etiam</strong></span> 
     </span>
    </p>
   </div>
   <div class='ocr_carea' id='block_1_99' title="bbox 916 2384 1708 2421">
    <p class='ocr_par' dir='ltr' id='par_1_99' title="bbox 916 2384 1708 2421">
     <span class='ocr_line' id='line_1_99' title="bbox 916 2384 1708 2421; baseline -0.005 -7"><span class='ocrx_word' id='word_1_666' title='bbox 916 2385 982 2414; x_wconf 84' lang='lat' dir='ltr'><strong>fecit</strong></span> <span class='ocrx_word' id='word_1_667' title='bbox 1006 2386 1135 2421; x_wconf 86' lang='lat' dir='ltr'><strong>superius</strong></span> <span class='ocrx_word' id='word_1_668' title='bbox 1152 2395 1158 2412; x_wconf 91' lang='lat'><em>:</em></span> <span class='ocrx_word' id='word_1_669' title='bbox 1177 2385 1259 2413; x_wconf 85' lang='lat' dir='ltr'><strong>simul</strong></span> <span class='ocrx_word' id='word_1_670' title='bbox 1273 2385 1355 2412; x_wconf 89' lang='lat' dir='ltr'><strong>etiam</strong></span> <span class='ocrx_word' id='word_1_671' title='bbox 1372 2385 1405 2412; x_wconf 86' lang='lat' dir='ltr'><strong>ad</strong></span> <span class='ocrx_word' id='word_1_672' title='bbox 1414 2384 1602 2411; x_wconf 84' lang='lat' dir='ltr'><strong>confusiOnem</strong></span> <span class='ocrx_word' id='word_1_673' title='bbox 1613 2391 1708 2410; x_wconf 85' lang='lat' dir='ltr'><strong>eorum</strong></span> 
     </span>
    </p>
   </div>
   <div class='ocr_carea' id='block_1_100' title="bbox 915 2432 1706 2469">
    <p class='ocr_par' dir='ltr' id='par_1_100' title="bbox 915 2432 1706 2469">
     <span class='ocr_line' id='line_1_100' title="bbox 915 2432 1706 2469; baseline -0.003 -9"><span class='ocrx_word' id='word_1_674' title='bbox 915 2433 960 2468; x_wconf 91' lang='lat' dir='ltr'><strong>qui</strong></span> <span class='ocrx_word' id='word_1_675' title='bbox 973 2437 1119 2469; x_wconf 89' lang='lat' dir='ltr'><strong>postquam</strong></span> <span class='ocrx_word' id='word_1_676' title='bbox 1133 2433 1196 2460; x_wconf 77' lang='lat' dir='ltr'><strong>facti</strong></span> <span class='ocrx_word' id='word_1_677' title='bbox 1217 2432 1428 2467; x_wconf 80' lang='lat' dir='ltr'><strong>suutdiscipuli,</strong></span> <span class='ocrx_word' id='word_1_678' title='bbox 1441 2432 1625 2459; x_wconf 83' lang='lat' dir='ltr'><strong>emolliuntur.</strong></span> <span class='ocrx_word' id='word_1_679' title='bbox 1640 2432 1706 2458; x_wconf 71' lang='lat' dir='ltr'><strong>Nam</strong></span> 
     </span>
    </p>
   </div>
   <div class='ocr_carea' id='block_1_101' title="bbox 916 2478 1707 2514">
    <p class='ocr_par' dir='ltr' id='par_1_101' title="bbox 916 2478 1707 2514">
     <span class='ocr_line' id='line_1_101' title="bbox 916 2478 1707 2514; baseline -0.004 -7"><span class='ocrx_word' id='word_1_680' title='bbox 916 2484 943 2507; x_wconf 91' lang='lat' dir='ltr'><strong>et</strong></span> <span class='ocrx_word' id='word_1_681' title='bbox 957 2479 1001 2506; x_wconf 89' lang='lat' dir='ltr'><strong>hic</strong></span> <span class='ocrx_word' id='word_1_682' title='bbox 1017 2483 1058 2506; x_wconf 82' lang='lat' dir='ltr'><strong>est</strong></span> <span class='ocrx_word' id='word_1_683' title='bbox 1071 2479 1169 2507; x_wconf 87' lang='lat' dir='ltr'><strong>modus</strong></span> <span class='ocrx_word' id='word_1_684' title='bbox 1183 2479 1310 2513; x_wconf 85' lang='lat' dir='ltr'><strong>loquendi</strong></span> <span class='ocrx_word' id='word_1_685' title='bbox 1344 2479 1377 2506; x_wconf 83' lang='lat' dir='ltr'><strong>ad</strong></span> <span class='ocrx_word' id='word_1_686' title='bbox 1389 2479 1604 2514; x_wconf 76' lang='lat' dir='ltr'><strong>generositatem</strong></span> <span class='ocrx_word' id='word_1_687' title='bbox 1631 2478 1707 2504; x_wconf 82' lang='lat' dir='ltr'><strong>exci-</strong></span> 
     </span>
    </p>
   </div>
   <div class='ocr_carea' id='block_1_102' title="bbox 916 2523 1706 2560">
    <p class='ocr_par' dir='ltr' id='par_1_102' title="bbox 916 2523 1706 2560">
     <span class='ocr_line' id='line_1_102' title="bbox 916 2523 1706 2560; baseline -0.004 -7"><span class='ocrx_word' id='word_1_688' title='bbox 916 2531 988 2556; x_wconf 85' lang='lat' dir='ltr'><strong>tans.</strong></span> <span class='ocrx_word' id='word_1_689' title='bbox 1000 2533 1054 2560; x_wconf 87' lang='lat' dir='ltr'><strong>quo</strong></span> <span class='ocrx_word' id='word_1_690' title='bbox 1069 2526 1160 2553; x_wconf 86' lang='lat' dir='ltr'><strong>dicere</strong></span> <span class='ocrx_word' id='word_1_691' title='bbox 1176 2526 1297 2552; x_wconf 82' lang='lat' dir='ltr'><strong>solemus</strong></span> <span class='ocrx_word' id='word_1_692' title='bbox 1314 2534 1320 2552; x_wconf 92' lang='lat'>:</span> <span class='ocrx_word' id='word_1_693' title='bbox 1346 2524 1443 2551; x_wconf 86' lang='lat' dir='ltr'><strong>Melius</strong></span> <span class='ocrx_word' id='word_1_694' title='bbox 1455 2529 1496 2551; x_wconf 89' lang='lat' dir='ltr'><strong>est</strong></span> <span class='ocrx_word' id='word_1_695' title='bbox 1507 2525 1559 2551; x_wconf 90' lang='lat' dir='ltr'><strong>hoc</strong></span> <span class='ocrx_word' id='word_1_696' title='bbox 1583 2524 1624 2550; x_wconf 82' lang='lat' dir='ltr'><strong>vel</strong></span> <span class='ocrx_word' id='word_1_697' title='bbox 1642 2523 1706 2550; x_wconf 89' lang='lat' dir='ltr'><strong>illud</strong></span> 
     </span>
    </p>
   </div>
   <div class='ocr_carea' id='block_1_103' title="bbox 916 2570 1708 2606">
    <p class='ocr_par' dir='ltr' id='par_1_103' title="bbox 916 2570 1708 2606">
     <span class='ocr_line' id='line_1_103' title="bbox 916 2570 1708 2606; baseline -0.005 -6"><span class='ocrx_word' id='word_1_698' title='bbox 916 2572 1087 2600; x_wconf 68' lang='lat' dir='ltr'><strong>facinusnon</strong></span> <span class='ocrx_word' id='word_1_699' title='bbox 1109 2573 1249 2604; x_wconf 86' lang='lat' dir='ltr'><strong>inchoare,</strong></span> <span class='ocrx_word' id='word_1_700' title='bbox 1260 2579 1341 2606; x_wconf 81' lang='lat' dir='ltr'><strong>quam</strong></span> <span class='ocrx_word' id='word_1_701' title='bbox 1358 2578 1412 2597; x_wconf 89' lang='lat' dir='ltr'><strong>non</strong></span> <span class='ocrx_word' id='word_1_702' title='bbox 1435 2570 1580 2606; x_wconf 82' lang='lat' dir='ltr'><strong>perﬁcere,</strong></span> <span class='ocrx_word' id='word_1_703' title='bbox 1598 2574 1708 2603; x_wconf 48' lang='lat' dir='ltr'><strong>postea-</strong></span> 
     </span>
    </p>
   </div>
   <div class='ocr_carea' id='block_1_104' title="bbox 917 2608 1199 2652">
    <p class='ocr_par' dir='ltr' id='par_1_104' title="bbox 917 2608 1199 2652">
     <span class='ocr_line' id='line_1_104' title="bbox 917 2608 1199 2652; baseline -0.004 -8"><span class='ocrx_word' id='word_1_704' title='bbox 917 2624 998 2652; x_wconf 85' lang='lat' dir='ltr'><strong>quant</strong></span> <span class='ocrx_word' id='word_1_705' title='bbox 1015 2608 1199 2644; x_wconf 72' lang='lat' dir='ltr'><strong>inchoaveris.</strong></span> 
     </span>
    </p>
   </div>
   <div class='ocr_carea' id='block_1_105' title="bbox 669 2738 1111 2773">
    <p class='ocr_par' dir='ltr' id='par_1_105' title="bbox 669 2738 1111 2773">
     <span class='ocr_line' id='line_1_105' title="bbox 669 2738 1111 2773; baseline 0.007 -4"><span class='ocrx_word' id='word_1_706' title='bbox 669 2738 770 2770; x_wconf 61' lang='lat' dir='ltr'><strong>Varius</strong></span> <span class='ocrx_word' id='word_1_707' title='bbox 786 2739 940 2771; x_wconf 86' lang='lat' dir='ltr'><strong>lectiones</strong></span> <span class='ocrx_word' id='word_1_708' title='bbox 962 2744 993 2772; x_wconf 89' lang='lat' dir='ltr'><strong>et</strong></span> <span class='ocrx_word' id='word_1_709' title='bbox 1015 2745 1111 2773; x_wconf 73' lang='lat' dir='ltr'><strong>notae.</strong></span> 
     </span>
    </p>
   </div>
   <div class='ocr_carea' id='block_1_106' title="bbox 107 2821 727 2861">
    <p class='ocr_par' dir='ltr' id='par_1_106' title="bbox 107 2821 727 2861">
     <span class='ocr_line' id='line_1_106' title="bbox 107 2821 727 2861; baseline 0 0"><span class='ocrx_word' id='word_1_710' title='bbox 107 2821 163 2861; x_wconf 65' lang='lat' dir='ltr'><strong>(9E5)</strong></span> <span class='ocrx_word' id='word_1_711' title='bbox 186 2821 424 2861; x_wconf 58' lang='grc' dir='ltr'>δεῖτδνπαξῖέρξι</span> <span class='ocrx_word' id='word_1_712' title='bbox 440 2822 545 2861; x_wconf 58' lang='lat' dir='ltr'><strong>{mmo</strong></span> <span class='ocrx_word' id='word_1_713' title='bbox 563 2825 678 2861; x_wconf 52' lang='grc' dir='ltr'>μητέρα-</span> <span class='ocrx_word' id='word_1_714' title='bbox 694 2827 727 2853; x_wconf 75' lang='grc' dir='ltr'><strong>Α-</strong></span> 
     </span>
    </p>
   </div>
   <div class='ocr_carea' id='block_1_107' title="bbox 105 2855 854 2894">
    <p class='ocr_par' dir='ltr' id='par_1_107' title="bbox 105 2855 854 2894">
     <span class='ocr_line' id='line_1_107' title="bbox 105 2855 854 2894; baseline 0.008 -11"><span class='ocrx_word' id='word_1_715' title='bbox 105 2855 161 2894; x_wconf 77' lang='grc'>(67)</span> <span class='ocrx_word' id='word_1_716' title='bbox 186 2856 238 2883; x_wconf 78' lang='grc' dir='ltr'><strong>Τοῦ</strong></span> <span class='ocrx_word' id='word_1_717' title='bbox 256 2855 483 2894; x_wconf 30' lang='grc' dir='ltr'>καῙᾴΔΜαλεθαῖον</span> <span class='ocrx_word' id='word_1_718' title='bbox 506 2855 568 2886; x_wconf 79' lang='lat' dir='ltr'><strong>curri</strong></span> <span class='ocrx_word' id='word_1_719' title='bbox 594 2855 742 2894; x_wconf 78' lang='lat' dir='ltr'><strong>Hehtenio,</strong></span> <span class='ocrx_word' id='word_1_720' title='bbox 762 2869 790 2888; x_wconf 88' lang='lat' dir='ltr'><strong>re</strong></span> <span class='ocrx_word' id='word_1_721' title='bbox 818 2862 854 2889; x_wconf 87' lang='lat' dir='ltr'><strong>ila</strong></span> 
     </span>
    </p>
   </div>
   <div class='ocr_carea' id='block_1_108' title="bbox 68 2892 854 2954">
    <p class='ocr_par' dir='ltr' id='par_1_108' title="bbox 68 2892 854 2954">
     <span class='ocr_line' id='line_1_108' title="bbox 68 2892 854 2954; baseline 0.008 -36"><span class='ocrx_word' id='word_1_722' title='bbox 68 2893 233 2954; x_wconf 53' lang='lat' dir='ltr'><strong>ggstulante,</strong></span> <span class='ocrx_word' id='word_1_723' title='bbox 249 2892 349 2920; x_wconf 89' lang='lat' dir='ltr'><strong>addidi.</strong></span> <span class='ocrx_word' id='word_1_724' title='bbox 369 2892 406 2919; x_wconf 81' lang='lat' dir='ltr'><strong>Ita</strong></span> <span class='ocrx_word' id='word_1_725' title='bbox 420 2896 493 2921; x_wconf 76' lang='lat' dir='ltr'><strong>enim</strong></span> <span class='ocrx_word' id='word_1_726' title='bbox 503 2895 629 2930; x_wconf 83' lang='lat' dir='ltr'><strong>exposuit</strong></span> <span class='ocrx_word' id='word_1_727' title='bbox 644 2897 676 2925; x_wconf 87' lang='lat' dir='ltr'><strong>ad</strong></span> <span class='ocrx_word' id='word_1_728' title='bbox 687 2892 781 2925; x_wconf 68' lang='lat' dir='ltr'><strong>Matth.</strong></span> <span class='ocrx_word' id='word_1_729' title='bbox 799 2905 854 2931; x_wconf 78' lang='lat' dir='ltr'><strong>xw,</strong></span> 
     </span>
    </p>
   </div>
   <div class='ocr_carea' id='block_1_109' title="bbox 948 2827 1626 2863">
    <p class='ocr_par' dir='ltr' id='par_1_109' title="bbox 948 2827 1626 2863">
     <span class='ocr_line' id='line_1_109' title="bbox 948 2827 1626 2863; baseline -0.001 -9"><span class='ocrx_word' id='word_1_730' title='bbox 948 2827 1005 2861; x_wconf 76' lang='lat'><strong>(68)</strong></span> <span class='ocrx_word' id='word_1_731' title='bbox 1018 2827 1056 2855; x_wconf 85' lang='lat' dir='ltr'><strong>ita</strong></span> <span class='ocrx_word' id='word_1_732' title='bbox 1077 2832 1203 2863; x_wconf 77' lang='lat' dir='ltr'><strong>uterque,</strong></span> <span class='ocrx_word' id='word_1_733' title='bbox 1221 2834 1272 2862; x_wconf 88' lang='lat' dir='ltr'><strong>pro</strong></span> <span class='ocrx_word' id='word_1_734' title='bbox 1296 2827 1626 2862; x_wconf 62' lang='grc' dir='ltr'>προπαρεσκευασμένος,</span> 
     </span>
    </p>
   </div>
   <div class='ocr_carea' id='block_1_110' title="bbox 946 2863 1141 2897">
    <p class='ocr_par' dir='ltr' id='par_1_110' title="bbox 946 2863 1141 2897">
     <span class='ocr_line' id='line_1_110' title="bbox 946 2863 1141 2897; baseline 0.021 -12"><span class='ocrx_word' id='word_1_735' title='bbox 946 2863 1001 2897; x_wconf 66' lang='grc' dir='ltr'>(σεο)</span> <span class='ocrx_word' id='word_1_736' title='bbox 1011 2865 1094 2889; x_wconf 74' lang='grc' dir='ltr'><strong>Δίτεί.</strong></span> <span class='ocrx_word' id='word_1_737' title='bbox 1109 2863 1141 2889; x_wconf 82' lang='grc' dir='ltr'><strong>Α.</strong></span> 
     </span>
    </p>
   </div>
   <div class='ocr_carea' id='block_1_111' title="bbox 946 2897 1244 2933">
    <p class='ocr_par' dir='ltr' id='par_1_111' title="bbox 946 2897 1244 2933">
     <span class='ocr_line' id='line_1_111' title="bbox 946 2897 1244 2933; baseline 0 -8"><span class='ocrx_word' id='word_1_738' title='bbox 946 2898 1000 2933; x_wconf 77' lang='grc'>(70)</span> <span class='ocrx_word' id='word_1_739' title='bbox 1026 2899 1079 2925; x_wconf 78' lang='grc' dir='ltr'>Καί</span> <span class='ocrx_word' id='word_1_740' title='bbox 1094 2898 1196 2926; x_wconf 83' lang='lat' dir='ltr'><strong>omittit</strong></span> <span class='ocrx_word' id='word_1_741' title='bbox 1211 2897 1244 2925; x_wconf 79' lang='grc' dir='ltr'><strong>Δ.</strong></span> 
     </span>
    </p>
   </div>
  </div>
