1927 3074
230 167 300 201 1019

263 225 415 252 Praesertim
443 231 506 252 cum
533 223 578 251 hic
601 223 636 250 sit
665 229 756 250 sermo
769 222 802 250 de
824 230 868 255 co,
888 223 935 257 qui
958 231 1021 250 vere

228 270 380 304 discipulus
395 273 446 300 est.
458 273 505 296 aut
521 276 581 295 esse
593 268 679 303 cupit.
697 268 749 301 Qui
763 269 836 296 enim
852 276 905 296 non
918 275 1022 296 renun.

228 316 287 347 tiat,
305 315 387 343 veluti
402 315 495 342 docuit
505 314 643 348 Christus,
658 323 712 342 non
724 320 766 343 est
779 323 843 343 vere
855 315 1021 350 discipulus:

228 362 275 395 qui
291 367 382 387 autem
400 369 453 388 non
473 365 515 388 est
529 369 593 388 vere
610 362 770 396 discipulus,
790 362 837 389 sed
858 369 957 388 nomen
982 361 1022 388 l'e-

233 415 297 434 rens
309 407 446 441 discipuli,
459 416 542 442 opera
558 416 624 435 vero
641 408 756 441 habens,
769 415 829 442 qua:
842 416 897 435 non
909 415 1024 442 respon-

227 455 311 482 deant
329 455 402 482 illius
417 455 558 490 operibus.
576 463 670 490 pacem
681 455 745 483 iacit
764 463 826 482 cum
842 455 1024 490 Satana,per-

228 501 364 536 patrando
379 509 439 536 quae
457 502 494 528 illi
511 506 585 536 grata
598 506 672 529 sunt.

265 547 341 574 \iers.
358 548 403 575 55.
418 548 462 574 Ita
481 563 516 569 -—
530 549 689 583 discipulus.
709 563 744 568 —
763 548 818 581 Ita,
840 548 912 576 sicut
940 556 1023 584 supe-

227 593 286 621 rius
305 598 480 628 protestatus
491 598 543 624 cst.
561 595 656 622 dicens
671 603 677 622 :
694 595 722 621 Si
742 595 803 629 quis
814 603 868 622 non
882 595 946 622 facil.
966 595 1024 622 haec

227 642 254 665 et
269 639 325 670 illa,
339 647 392 665 non
415 644 505 673 potest
518 648 596 667 meus
607 647 668 667 esse
683 640 844 675 discipulus.

262 682 340 711 Vers.
358 684 402 711 54.
418 683 492 711 Bona
522 693 564 711 res
580 690 618 712 est
643 684 695 711 sal.
722 685 812 712 Salcm
844 692 918 712 nunc
947 689 1024 713 vocat

227 732 321 763 aptum
338 730 371 755 ab
385 729 539 756 docendum
555 737 722 757 sermonem.
753 730 853 757 Scribit
879 733 972 757 autem
998 733 1025 756 et

229 776 335 803 Marcus
366 776 438 804 circa
471 777 552 803 ﬁnem
580 777 703 803 vicesimi
726 777 835 811 septimi
867 777 962 811 capitis
983 775 1024 803 sui

229 822 368 856 Evangelii
389 832 395 848 :
415 821 489 848 Bona
510 831 550 849 res
563 827 602 849 est
622 822 663 849 sal
680 823 700 838 ‘1
716 831 722 855 ;
737 828 765 849 et
777 822 812 849 ibi
827 830 918 857 qua‘rc
943 822 1025 856 hujus

231 870 447 896 enarrationem.

267 915 344 941 Vers.
369 915 413 942 54.
430 914 505 947 Quod
520 916 542 942 si
560 929 596 934 —
623 915 784 941 (audietur?
816 914 916 942 Eodem
937 915 1023 949 capite

230 961 314 988 etiam
331 961 365 988 de
378 962 429 988 hoc
449 963 552 988 dictum
569 965 621 988 est.

264 1006 343 1034 Vers.
356 1007 400 1034 55.
423 1006 516 1041 Neque
533 1021 566 1025 —
581 1011 630 1033 est.
646 1006 758 1033 Terram
772 1014 846 1033 nunc
858 1007 925 1035 dicit
942 1008 1024 1035 disci—

228 1053 317 1088 pulos.
337 1058 431 1088 utpote
446 1054 630 1089 impinguatos
647 1061 679 1081 ac
695 1053 840 1080 commodo
848 1054 975 1088 allectos;
992 1056 1024 1082 li-

227 1105 301 1125 mum
319 1103 407 1126 autem
421 1099 556 1128 doctores,
570 1103 600 1126 ut
618 1100 826 1133 impinguantes
841 1103 868 1126 et
879 1095 1025 1126 coinmodo

229 1144 391 1172 allicientes.
422 1145 493 1172 Dicit
509 1153 574 1180 ergo
593 1154 600 1172 :
617 1145 646 1172 Si
673 1153 763 1172 sermo
781 1150 862 1180 aptus
876 1145 909 1172 ad
925 1145 1027 1172 docen-

228 1191 294 1218 dum
329 1193 422 1227 pravis
448 1192 625 1227 dogmatibus
655 1197 864 1227 corrumpatur;
882 1200 972 1226 neque
992 1192 1026 1219 iis

227 1238 273 1272 qui
302 1237 422 1270 discunt,
454 1238 624 1276 conveniens
639 1243 687 1266 aut
715 1238 788 1266 utilis
808 1243 870 1266 est:
887 1246 977 1274 neque
993 1239 1026 1266 iis

228 1284 279 1318 qui
297 1283 407 1310 docent.

266 1329 343 1357 Vers.
360 1330 407 1358 '55.
425 1329 512 1357 Foras
525 1331 668 1365 projiciunt
681 1331 767 1358 illum.
779 1331 920 1366 Tanquam
944 1331 1027 1358 inuti-

234 1376 298 1402 lein.

268 1421 347 1448 Vers.
379 1422 423 1449 '55.
441 1416 498 1456 Qui
517 1424 595 1450 habet
610 1440 644 1444 —
660 1424 766 1450 audiat.
785 1423 842 1451 Hoc
867 1423 1027 1458 frequenter

229 1467 396 1496 declaratum
407 1474 459 1496 est.

263 1514 339 1542 CAP.
353 1515 409 1542 XV.
423 1514 500 1543 Vcrs.
517 1515 541 1543 l.
555 1516 937 1551 Appropinquabantautem—
949 1515 1025 1545 Vers.

229 1561 256 1586 2.
276 1561 340 1588 illis.
357 1561 444 1588 Etiam
462 1562 571 1589 decimo
588 1567 686 1596 quarto
701 1562 776 1596 juxta
796 1561 953 1592 Matthzeum
982 1570 1027 1589 ra-

229 1607 285 1641 pite
298 1608 427 1634 dixerunt
442 1607 585 1642 discipulis
597 1607 658 1642 ejus
672 1617 678 1634 :
699 1606 789 1639 Quare
802 1615 861 1634 cum
878 1607 1025 1641 publicanis

229 1657 252 1678 ιι
268 1653 449 1687 peccatoribus
460 1654 546 1680 cibum
564 1655 633 1687 capit
647 1654 772 1688 magister
791 1657 875 1680 vester
889 1653 910 1668 “
925 1653 937 1679 .’

311 1710 388 1737 CAP.
413 1710 479 1738 LVI.
505 1711 640 1738 Parabola
657 1711 688 1738 de
712 1714 816 1737 centum
841 1711 941 1738 ovibus.
1002 1744 1004 1746 _

266 1756 344 1784 Vers.
375 1757 402 1784 3.
424 1757 497 1784 Dixit
518 1758 642 1785 ——Vers.
670 1758 696 1785 ιι.
722 1766 792 1785 eam.
819 1757 976 1784 Parabolice
996 1765 1026 1784 os

232 1804 287 1831 illis
300 1805 431 1834 occludit.
444 1806 557 1839 docms,
579 1806 650 1840 quod
671 1814 725 1833 non
740 1810 849 1840 propter
871 1806 959 1840 justos
976 1805 1026 1832 bu-

232 1850 389 1878 mauitatcm
403 1852 562 1886 assumpsit,
579 1852 626 1879 sed
644 1855 755 1886 propter
768 1856 936 1886 peccatores.
949 1851 1026 1878 lianc

233 1900 326 1922 autem
349 1897 505 1932 parabolam
539 1898 649 1933 scripsit
672 1902 699 1924 et
724 1897 868 1923 Mallhaeus
887 1896 1025 1923 tricesimo

234 1947 332 1970 octavo
350 1943 393 1970 sui
407 1943 546 1978 Evangelii
560 1944 659 1978 capite,
678 1947 705 1970 ct
721 1943 758 1970 ibi
783 1942 842 1978 lege
865 1943 926 1978 ejus
946 1950 1026 1969 enar-

235 1989 381 2020 rationem,
402 1998 461 2024 qua:
482 1991 596 2025 pulchre
610 1990 699 2025 posita
715 1993 767 2017 est.

273 2033 348 2061 Vers.
364 2035 390 2061 5.
413 2034 530 2070 Cumque
558 2037 685 2063 inuenerit
705 2050 738 2056 ν-
755 2035 885 2070 gaudens.
906 2034 1026 2062 Evidens

234 2078 343 2113 signum
359 2080 516 2108 dilectionis
531 2085 572 2108 est
593 2089 625 2108 ac
643 2081 833 2116 providentia,
846 2088 927 2115 quam
942 2080 1027 2107 liabe-

234 2123 281 2151 bal.
294 2133 355 2160 erga
368 2133 454 2160 genus
467 2131 603 2153 nostrum.

270 2169 348 2198 Vers.
366 2171 391 2197 6.
409 2172 444 2198 Et
460 2173 562 2199 veniens
576 2181 692 2207 —quam
705 2172 882 2207 perdideram.
910 2172 1026 2199 Domum

232 2214 292 2248 ejus
309 2215 428 2251 intellige
444 2217 543 2244 ccelum
559 2217 630 2249 :Qui
646 2218 762 2248 habitas.
783 2218 882 2253 inquit,
900 2218 928 2244 in
953 2218 1025 2245 cwlis

235 2261 267 2289 ".
294 2262 403 2289 Amicos
423 2268 514 2290 autem
542 2271 574 2290 ac
589 2264 694 2290 vicinos
712 2264 778 2291 dicit
801 2264 912 2300 angelos
933 2266 1025 2292 :ami-

233 2315 292 2338 eos,
331 2312 460 2342 tanquam
477 2316 508 2335 ea
519 2308 674 2344 diligentes,
695 2317 755 2344 qua:
769 2309 814 2337 ille
826 2310 914 2345 diligit
929 2318 935 2324 ·
960 2309 1026 2338 vici-

232 2359 284 2379 nos
302 2357 431 2387 tanquam
448 2353 486 2380 illi
502 2354 681 2389 propinquos.
698 2355 760 2383 llaec
775 2361 866 2383 autem
880 2363 931 2391 per
947 2364 1027 2391 para-

233 2397 322 2424 bolam
349 2405 423 2425 nunc
435 2400 578 2434 signitical,
605 2400 764 2432 ostendens.
778 2402 852 2436 quod
873 2401 902 2429 in
920 2402 965 2429 tali
985 2402 1027 2429 in-

234 2443 364 2471 ventione
376 2444 457 2471 etiam
470 2446 558 2480 angeli
574 2445 620 2473 Dei
633 2447 817 2482 congaudent,
830 2451 925 2483 utpote
936 2452 965 2476 et
975 2448 1027 2483 ipsi

234 2487 346 2522 benigni
363 2496 425 2524 erga
440 2489 577 2519 homines.

274 2533 380 2562 Vers.7.
396 2535 461 2563 Dico
484 2551 520 2556 —
541 2538 707 2572 pauitantia.
723 2555 758 2561 —
772 2540 836 2572 Ita;
866 2540 1026 2574 quomodo?

235 2579 313 2608 Sicut
331 2582 424 2609 docuit
450 2584 588 2618 parabola.
615 2583 743 2612 Perditur
767 2586 858 2621 itaque
877 2585 1027 2614 'rationalis

233 2627 303 2660 ovis,
316 2635 377 2655 cum
394 2636 409 2655 a
422 2629 522 2657 divinis
538 2630 683 2665 preceptis
701 2631 782 2666 longe
805 2637 968 2667 separatur:
986 2633 1028 2660 in-

234 2674 346 2702 venitur
364 2679 469 2708 autem,
483 2684 546 2704 cum
562 2685 611 2712 per
626 2677 817 2713 paenitentiam
839 2679 984 2714 resipiscit,
999 2685 1030 2707 et

290 2755 312 2771 “
333 2754 417 2783 Marc.
432 2763 470 2790 ix,
482 2756 527 2784 50.
584 2757 605 2772 “
622 2757 718 2786 Matth.
740 2765 778 2792 Ix,
795 2759 838 2786 il.
878 2759 911 2775 η·
925 2759 996 2786 Psal.
1012 2767 1031 2786 ιι

851 148 1046 198 EUTHrMii
1065 169 1258 200 ZIGABENI-

1110 226 1215 257 Ἄλλως
1232 234 1260 253 τε
1276 225 1400 262 καὶπερὶ
1413 226 1460 253 τοῦ
1483 226 1602 262 ἀληθοῦς
1632 226 1754 262 μαθητοῦ
1777 229 1820 256 νῦν
1838 232 1851 258 6

1074 271 1162 306 λὸγος.
1184 273 1212 299 '0
1227 272 1282 307 γὰρ
1292 273 1329 308 μὴ
1345 273 1578 308 ἀποτασσόμενος,
1596 273 1634 305 ὡς
1647 274 1660 299 ό
1676 274 1789 308 Χριστὸς
1803 275 1851 302 ἐδί-

1074 319 1164 351 δαξεν,
1181 319 1232 346 οὐκ
1251 320 1326 346 ἔστιν
1343 319 1453 355 ἀληθῶς
1472 319 1598 355 μαθητής
1612 328 1619 335 ·
1643 319 1694 356 [μὴ
1714 319 1749 347 ὢν
1761 321 1813 357 (71)
1826 322 1851 348 δὲ

1075 365 1183 399 ἀληθῶς
1198 365 1349 401 μαθητὴς,]
1363 366 1422 393 ἀλλ’
1443 366 1530 400 ὄνομα
1553 366 1603 401 μὲν
1617 366 1737 401 μαθητοῦ
1760 367 1851 402 φέρων,

1075 410 1144 445 ἔργα
1172 411 1200 437 δὲ
1224 412 1348 438 ἀνοικεια
1372 412 1556 446 κεκτημένος,
1579 411 1717 446 εῑρηνεύει
1743 412 1784 440 διὰ
1804 413 1851 440 τῶν

1043 468 1055 474 -
1076 455 1165 492 ἔργων
1178 457 1247 492 μετὰ
1261 457 1308 484 τοῦ
1325 458 1444 491 Σατανᾶ,
1461 457 1495 484 τὰ
1514 457 1577 492 φίλα
1597 457 1687 493 τούτῳ
1700 457 1852 494 διαπραττό-

1077 513 1168 540 μενος.

1109 553 1406 587 Οὕτως-μαθητής.
1421 567 1456 573 -—
1474 553 1585 586 Οὕτως,
1609 553 1648 584 ὡς
1668 555 1794 590 ἀνωτέρω
1807 556 1854 582 διε-

1077 598 1246 634 μαρτύρατο,
1262 599 1304 633 λὲγ
1312 608 1349 625 ων
1361 608 1368 614 ·
1382 599 1418 625 El
1431 607 1476 631 τις
1487 601 1524 626 οὺ
1535 599 1617 626 ποιεῖ
1630 599 1701 626 τάδε
1720 601 1766 627 καὶ
1781 601 1851 634 τάδε,

1075 645 1112 671 οὺ
1127 645 1253 672 δύναται
1268 654 1328 679 μου
1349 645 1486 679 μαθητὴς
1501 643 1588 673 εἶναι.

1110 691 1213 718 Καλὸν
1227 691 1259 718 τὸ
1271 691 1358 724 ἅλας.
1385 691 1472 723 "Ai-ot;
1495 692 1575 718 καλεῖ
1599 692 1660 726 νῦν,
1676 692 1722 719 τὸν
1739 693 1854 720 διδασκα-

1075 736 1150 763 λικὸν
1163 737 1252 770 λόγον.
1268 737 1392 772 Ἔγραψε
1409 737 1437 764 δὲ
1452 737 1498 764 καὶ
1515 738 1529 764 ὁ
1549 739 1664 774 Μάρκος
1679 739 1748 774 πρὸς
1766 739 1802 774 τῷ
1815 739 1853 766 τέ-

1076 783 1118 810 λει
1133 784 1179 810 τοῦ
1194 783 1318 810 εἰκοστοῦ
1332 784 1448 818 ἑϐδόμου
1474 785 1625 818 κεφαλαὶου
1646 785 1741 818 αὐτοῦ,
1759 786 1797 812 ὄτι
1810 794 1854 812 κα-

1076 831 1134 858 λὸν
1147 830 1179 857 τὸ
1191 830 1281 864 ἅλας,
1306 831 1354 858 καὶ
1374 831 1496 866 ζήτησον
1521 831 1580 858 ἐκεῖ
1604 831 1654 866 τὴν
1684 832 1778 858 τούτου
1799 832 1854 866 ἐξή-

1039 896 1063 927 B
1077 886 1168 912 γησιν.

1118 924 1186 950 Ἐὰν
1195 938 1230 944 -—-
1245 924 1465 958 dpzvdijostat;
1487 924 1531 950 Ἐν
1544 923 1643 959 ἐκείνῳ
1658 925 1709 951 καὶ⁸
1729 924 1790 960 περὶ
1800 923 1856 951 σιού-

1075 979 1121 998 του
1136 971 1272 1000 λέλεκται.

1113 1018 1188 1044 οὔτε
1201 1033 1232 1038 -—
1248 1019 1343 1046 ἐστιν.
1357 1019 1412 1053 Γῆν
1436 1019 1486 1054 μὲν
1505 1019 1581 1053 λέγει
1602 1019 1665 1051 τοὺς
1680 1017 1812 1054 μαθητὰς,
1825 1017 1856 1048 ὡς

1076 1065 1268 1100 πιαινομένους
1281 1066 1328 1092 καὶ
1343 1066 1554 1101 ὠφελουμένους
1568 1075 1574 1082 ·
1604 1065 1724 1100 κοπρίαν
1749 1065 1786 1095 δὲ,
1802 1065 1856 1095 τοὺς

1037 225 1060 254 Δ

1075 1110 1267 1144 διδασκάλους,
1282 1113 1321 1144 ὡς
1334 1113 1493 1144 πιαίνοντας
1514 1114 1563 1140 καλ⁹
1584 1112 1773 1147 ὠφελοῦντας.
1784 1111 1856 1145 Φησὶν

1075 1156 1134 1191 οὖν,
1152 1159 1193 1185 ὅτι
1215 1159 1279 1185 Ἐὰν
1291 1160 1304 1186 ὁ
1319 1159 1511 1191 διδασκαλικὸς
1525 1159 1605 1193 λόγος
1619 1157 1786 1194 παραφθαρῇ
1802 1156 1856 1189 δόγ-

1079 1213 1146 1240 μασι
1160 1205 1300 1240 πονηροῖς,
1322 1205 1386 1231 οὗτε
1403 1206 1444 1237 εἰς
1458 1207 1524 1238 τοὺς
1550 1204 1741 1240 μανθάνοντας
1756 1202 1856 1233 εὕθετός

1077 1252 1163 1284 ἐστιν,
1180 1251 1264 1287 ἤγουν
1278 1251 1432 1287 εὔχρηστος
1442 1271 1450 1284 ,
1467 1251 1530 1279 οὔτε
1552 1252 1591 1282 εἰς
1605 1251 1667 1282 τοὺς
1679 1250 1856 1279 διδάσκοντας.

1115 1333 1195 1366 Ἕξω
1205 1334 1383 1367 βάλλουσιν
1398 1335 1483 1362 αὐτό.
1508 1335 1551 1367 Ὡς
1576 1335 1730 1370 ἀνωφελές.

1119 1416 1153 1444 ’0
1165 1417 1244 1452 ἔχων
1267 1433 1304 1442 —-
1333 1417 1477 1446 ἀκουέτω.
1502 1418 1590 1446 Τοῦτο
1615 1418 1750 1450 πολλάκις
1778 1418 1857 1452 ἡρμη-

1078 1463 1171 1499 νεύθη,

1114 1508 1212 1538 Ἦσαν
1227 1511 1261 1538 δὲ
1273 1511 1439 1546 ἐγγίζοντες
1457 1527 1491 1532 -
1506 1512 1620 1544 αὐτοῖς.
1638 1512 1695 1538 Καὶ
1715 1513 1744 1539 ἐν
1759 1510 1796 1547 τῷ
1807 1519 1858 1537 τεσ-

1040 1577 1061 1607 c
1080 1559 1322 1594 σαρεσκαιδεκάτῳ
1337 1559 1481 1594 κεφαλαίῳ
1494 1559 1542 1586 τοῦ
1556 1560 1628 1586 κατὰ
1640 1560 1780 1586 Ματθιιῖον
1792 1557 1856 1585 εἶπον

1077 1604 1133 1634 τοῖς
1151 1604 1290 1638 μαθηταῖς
1300 1604 1383 1631 αὑτοῦ
1393 1613 1400 1620 ·
1415 1605 1496 1631 Atat!
1505 1604 1581 1639 μετὰ
1594 1604 1652 1631 τῶν
1664 1604 1798 1632 τελωνῶν
1815 1602 1856 1630 xal

1077 1650 1260 1684 ἁμαρτωλῶν
1269 1651 1362 1678 ἐσθίει
1372 1652 1387 1678 ό
1396 1650 1581 1683 διδάσκαλος
1591 1650 1696 1685 ὐμών;

1077 1709 1156 1737 ΚΕΦ.
1169 1709 1240 1742 NT.
1255 1710 1322 1743 Περὶ
1339 1709 1398 1735 τῶν
1410 1709 1519 1736 ἑκατὸν
1529 1709 1687 1743 προϐάτων
1705 1706 1856 1742 παραϐολή.

1112 1753 1187 1782 Eius
1197 1770 1230 1775 —
1242 1756 1338 1788 αὺτό;
1354 1755 1551 1790 Παραϐολικῶς
1568 1756 1668 1787 αὐτοὺς
1687 1752 1854 1788 ἐπιστομίζει,

1077 1802 1222 1834 διδάσκων,
1238 1802 1279 1828 ὅτι
1301 1800 1526 1837 ὲνηνθρώπησεν,
1542 1803 1572 1829 οὐ
1589 1801 1633 1828 διὰ
1652 1802 1718 1832 τοὺς
1739 1801 1854 1829 δικαίους,

1077 1849 1144 1876 ἀλλά
1163 1849 1206 1875 διὰ
1216 1848 1279 1879 τοὺς
1291 1848 1484 1883 ἁμαρτωλούς.
1495 1849 1602 1882 Ταύτην
1610 1848 1638 1875 δὲ
1646 1849 1697 1884 τὴν
1714 1846 1856 1883 παραϐολὴν

1077 1895 1217 1930 ἀνέγραψε
1237 1896 1284 1922 καὶ
1303 1889 1317 1922 δ
1336 1895 1476 1927 Ματθαῖος
1493 1895 1521 1921 ὲν
1544 1895 1582 1930 τῷ
1607 1896 1763 1930 τριακοστῷ
1785 1893 1856 1926 ὀγδόῳ

1077 1942 1221 1976 κεφαλαίῳ
1239 1941 1333 1974 αὑτοῦ,
1355 1942 1401 1968 καὶ
1413 1942 1552 1976 ἀνάγνωθι
1569 1941 1618 1978 τὴν
1633 1942 1765 1977 ἐξήγησιν
1785 1938 1856 1972 αὐτῆς

1078 1989 1107 2014 ὲν
1119 1988 1217 2024 ἐκείνῳ
1234 1986 1262 2015 εὖ
1274 1988 1400 2023 ἔχουσαν.

1113 2034 1168 2061 Kal
1181 2033 1277 2068 εὑρὼν
1285 2050 1318 2054 -
1328 2035 1450 2068 χαίρων.
1459 2034 1645 2069 Ἐμφαντικὸν
1658 2033 1738 2061 τοῦτο
1749 2033 1794 2067 τῆς
1805 2030 1858 2064 ἀγά-

1079 2090 1134 2116 πης
1149 2081 1196 2108 καὶ
1210 2081 1385 2116 κηδεμονίας,
1401 2081 1435 2116 ἣν
1454 2081 1510 2117 ἔχει
1523 2082 1588 2116 περὶ
1603 2082 1633 2108 τὸ
1650 2082 1731 2115 γένος
1744 2079 1827 2114 ἡμῶν.

1114 2171 1168 2198 Kal
1188 2170 1286 2197 ἐλθὼν
1300 2186 1335 2191 ——
1349 2172 1520 2203 ἀπολωλός.
1540 2170 1622 2198 Οἶκον
1639 2172 1690 2207 μὲν
1715 2171 1795 2199 αὐτοῦ
1811 2171 1855 2197 νόει

1078 2218 1124 2244 τὸν
1137 2218 1250 2254 οὐρανόν
1260 2226 1267 2234 ·
1292 2218 1323 2244 '0
1331 2217 1546 2252 κατοικῶνγὲιρ,
1564 2219 1658 2252 φησιν,
1673 2219 1762 2252 circi-3t
1769 2217 1855 2248 Μοῖς’

1079 2263 1172 2298 φίλους
1184 2264 1211 2289 δὲ
1225 2264 1270 2289 καὶ
1282 2264 1417 2297 γείτονας,
1429 2264 1492 2294 τοὺς
1505 2263 1649 2297 ἀγγέλους.
1662 2265 1757 2295 Φίλους
1767 2262 1857 2298 μὲν,ὡ;

1076 2309 1234 2343 φιλοῦντας,
1249 2308 1266 2335 ἃ
1282 2309 1369 2343 φιλεῖ·
1382 2309 1506 2342 γείτονας
1526 2309 1553 2335 δὲ
1577 2310 1616 2340 ὡς
1630 2311 1715 2344 ἐγγὺς
1728 2310 1802 2340 ὂντας
1815 2308 1855 2334 αὐ-

1079 2355 1137 2382 τοῦ.
1150 2355 1243 2382 Ταῦτα
1258 2355 1286 2382 δὲ
1302 2355 1349 2382 νῦν
1368 2355 1553 2390 ἐσχημάτισεν
1568 2357 1584 2391 ή
1599 2357 1755 2392 παραϐολὴ,
1770 2353 1856 2390 tuqui-

1077 2410 1170 2434 νουσα,
1188 2402 1229 2428 ὅτι
1251 2402 1298 2429 ἐπὶ
1321 2403 1354 2438 τῇ
1376 2401 1490 2438 τοιαύτῃ
1517 2402 1625 2437 εὑρέσει
1654 2403 1703 2429 καὶ
1713 2403 1737 2429 οἱ
1761 2400 1856 2434 ἄγγελοι

1080 2448 1262 2484 συγχαίρουσι
1274 2449 1313 2484 τῷ
1332 2447 1402 2484 Θεῷ,
1418 2448 1455 2480 ὡς
1472 2449 1519 2475 καὶ
1538 2448 1617 2474 αὐτοὶ
1638 2448 1827 2484 φιλάνθρωποι.

1115 2538 1198 2574 Λέγω
1210 2539 1560 2574 -μετανοίας.-οὕτω,
1573 2537 1646 2572 πῶς
1671 2538 1715 2570 Ὠς
1732 2535 1857 2568 ὑπέδειξεν

1080 2586 1096 2620 ἡ
1113 2585 1267 2620 παραϐολή.
1293 2585 1455 2611 ’Λπόλλυται
1472 2585 1522 2620 μὲν
1533 2583 1580 2611 οὖν
1596 2584 1625 2615 τὸ
1640 2584 1750 2618 λογικὸν
1765 2582 1856 2617 31.46a-

1082 2641 1139 2665 τον,
1158 2632 1255 2668 πόρῤω
1271 2631 1325 2659 τῶν
1341 2631 1456 2659 ἐντολῶν
1468 2631 1514 2658 τοῦ
1530 2631 1598 2658 Θεοῦ
1612 2631 1757 2665 γινόμενον
1767 2637 1773 2643 ·
1789 2626 1854 2662 εὑρε-

1081 2688 1175 2707 σκεται
1194 2679 1233 2712 δὲ,
1253 2679 1401 2714 μετανοοῦν
1419 2678 1466 2706 καὶ
1486 2678 1561 2710 ὲντδς
1577 2678 1668 2705 αὐτῶν
1685 2674 1855 2705 ἀποκαθιστά-

1036 2760 1083 2792 ,4.

857 2832 960 2864 Varia:
975 2833 1130 2864 lectiones
1153 2838 1184 2865 et
1200 2837 1293 2865 noun.

273 2911 329 2946 (7i)
347 2911 451 2943 Inclusa
471 2915 578 2951 absunt,
595 2917 632 2951 A;
649 2917 851 2946 cxcidcruntob
863 2917 962 2951 duplex
972 2917 1104 2950 μαθητής.
