1927 3074
229 174 299 207 1023

850 172 1041 203 EUTliYMlI
1062 172 1242 204 ZlGABENl

1778 168 1838 202 1021

222 229 361 256 humanus
383 233 435 259 est,
457 227 526 254 duos
542 230 634 254 autem
658 226 730 254 ﬁlios
754 225 826 260 eius,
840 233 949 252 omnem
964 226 1010 261 ju-

1079 226 1108 253 ἁο
1122 226 1150 253 δὲ
1165 226 1245 257 υἱοὺς
1259 225 1352 258 αὐτοῦ,
1367 224 1455 252 πάντα
1467 225 1573 252 δίκαιον
1588 225 1635 252 καὶ
1652 225 1736 253 πάντα
1757 227 1838 262 ἁμαρ-

221 277 308 305 stum,
321 279 485 306 omnemque
500 275 682 305 peccatorcm;
697 274 738 297 est
750 269 821 296 enim
836 273 864 296 et
876 269 1012 304 iustorum

221 319 301 347 Pater
317 323 344 346 et
359 323 545 353 peccatorum,
562 322 657 353 utpote
673 325 722 353 per
739 317 839 345 lavacri
865 325 1013 352 regenera-

222 365 322 392 tionem
335 365 369 391 ah
378 365 437 397 ipso
448 364 649 398 adoptatorum.
660 364 693 391 de
705 364 830 401 fidelibus
839 363 910 390 enim
923 371 1014 390 sermo

220 413 273 434 (‘51..
291 408 430 435 Juniorem
453 415 517 434 vero
539 407 691 434 nominavit
706 412 891 442 peccatorem,
915 411 945 434 ut
965 408 1013 442 qui

222 451 362 485 pu-riliter
378 451 449 485 sapit
475 451 608 486 facileque
625 451 750 478 fallitur:
778 452 823 486 qui
841 451 924 478 etiam
942 451 1011 478 sub-

222 498 331 522 stantias
351 501 456 531 partem
469 505 530 532 quae
548 497 600 523 sibi
618 497 794 528 obveniebat,
820 497 918 532 petivit
936 506 942 524 :
961 497 1013 524 hoc

222 547 262 569 est
277 543 392 569 libi-rum
403 543 557 575 arbitrium,
573 543 645 578 quod
660 542 685 569 ei
696 550 729 569 ex
740 548 838 569 natura
850 542 1013 570 debebatur.

221 587 350 623 Quisquis
367 589 439 616 enim
457 588 601 623 pueriliter
617 588 698 622 sapit,
725 588 840 615 liberum
866 587 954 623 poscit
972 593 1015 613 ar-

223 634 285 661 bitri
291 643 345 660 um.

259 680 311 706 Aut
320 680 506 714 obtingentem
523 679 686 707 substantia:
696 684 802 714 partem
813 678 879 706 dicit
894 678 1013 705 debitam

224 732 256 752 ex
271 724 406 760 baptismo
421 725 546 760 gratiam.
563 724 656 752 Cuivis
671 725 747 751 enim
768 724 906 758 baptizato
920 723 1014 751 divina

225 769 305 796 datur
329 771 425 805 gratia.
456 770 616 798 Substamia
636 774 727 797 autem
753 769 812 796 sive
830 769 932 796 divitia
955 769 1014 802 Dei,

225 821 287 842 sunt
307 816 480 850 charismata,
508 817 534 843 id
562 819 616 848 est,
648 816 719 843 dona
739 822 800 850 qua
830 815 927 843 dividit
951 814 1017 842 iide—

225 860 307 890 libus.

1067 271 1162 299 τωλόν.
1180 272 1258 299 Ἔστι
1278 271 1331 307 γὰρ
1347 271 1443 306 Πατὴρ
1463 271 1509 298 καὶ
1524 271 1578 298 τῶν
1599 272 1711 299 δικαίων
1728 273 1772 299 καὶ
1792 273 1839 299 τῶν

1067 317 1249 352 ἁμαρτωλῶν,
1264 317 1301 347 ὡς
1315 315 1535 351 υῐοοετηθέντων.
1545 316 1619 350 αὐτῷ
1630 316 1673 343 διὰ
1684 317 1727 344 τοῦ
1738 317 1838 352 λουτροῦ

1067 362 1116 397 τῆς
1133 362 1354 397 ἁναγεννήσεως·
1368 361 1497 396 περὶτῶν
1521 362 1625 388 πιστῶν
1644 362 1697 398 γὰρ
1721 363 1735 389 ὸ
1758 362 1838 396 λόγος.

1068 408 1209 443 Νεὼτερον
1228 408 1256 435 δὲ
1281 407 1411 443 ὀνομάζει
1426 407 1471 435 τὸν
1496 408 1674 444 ἁμαρτωλὸν,
1697 409 1734 441 ὡς
1756 409 1839 444 νηπιό-

1068 462 1153 489 φρονα
1170 455 1216 481 καὶ
1232 453 1445 489 εὐεξαπάτητον,
1474 454 1503 486 ὃς
1531 455 1578 481 καὶ
1603 455 1718 490 ἐζήτησε
1738 455 1766 481 τὸ
1788 455 1838 481 ἔπι-

1069 500 1167 526 6άλ).ον
1183 501 1266 535 μέρος
1281 500 1332 534 τῆς
1348 499 1453 532 οὐσίας,
1466 500 1538 535 ἦτοι,
1561 500 1592 526 τὸ
1606 501 1637 526 ὲκ
1651 501 1755 534 φύσεως
1777 501 1841 534 ὀφει-

1066 546 1178 581 λόμενον
1195 546 1378 578 αὐτεξούσιον.
1396 546 1453 577 Πᾶς
1473 546 1528 582 γὰρ
1545 546 1700 582 νηπιόφρων
1726 546 1794 582 ζητεῖ
1816 547 1841 573 ἰδ

1069 591 1256 625 αὐτεξούσιον.

1107 676 1301 704 Ἣὲπιῦάλλον
1318 677 1402 712 μέρος
1421 677 1518 708 οὐσίας
1539 676 1625 710 λέγει,
1641 676 1672 703 τδ
1695 677 1726 702 ὲκ
1744 675 1786 702 τοῦ
1801 675 1842 711 βα-

1069 721 1220 756 πτίσματος
1236 722 1458 757 χρεωστούμενον
1478 722 1614 758 χάρισμα.
1633 721 1718 748 Παντὶ
1735 721 1787 755 γὰρ
1803 720 1843 755 βα-

1071 767 1213 794 πτισθέντι
1233 767 1356 803 χάρισμα
1373 767 1450 794 Θεϊον
1473 767 1585 794 δίδοται.
1609 767 1696 794 Οὐσία
1711 767 1748 797 δὲ,
1775 767 1844 802 ἦτοι,

1071 814 1187 845 πλοῦτος
1220 813 1309 846 Θεοῦ,
1326 813 1362 840 τὰ
1395 813 1554 849 χαρίσματα
1570 834 1578 847 ,
1603 812 1623 840 ἃ.
1652 812 1771 847 διανέμει
1799 812 1844 842 τοις

1070 861 1176 891 πιστοῖς
1186 859 1255 894 (75).

259 906 278 942 -ι-
295 907 355 934 Non
372 908 434 942 quia
450 913 572 942 tempore
584 907 687 941 junior,
703 907 751 935 sed
762 907 826 943 quia
839 915 923 935 sensu
938 906 1075 942 indigens,
1092 911 1238 941 menteque
1256 907 1428 934 inconstans.

260 952 280 987 ἰ-
296 954 333 980 Ac
347 954 362 979 ii
379 954 503 981 diceret:
528 954 605 986 Nolo,
628 958 722 989 urgeat
735 962 779 981 me
800 953 939 982 serviendi
962 954 1135 986 necessitas;
1168 954 1285 980 liberum
1319 957 1360 980 est
1388 952 1462 980 enim
1475 952 1541 979 mihi
1553 951 1709 979 arbitrium.
1737 950 1764 978 Si
1778 949 1840 989 volo,

226 999 366 1026 modestus
384 1008 443 1027 sum
461 1008 468 1033 ;
491 1001 513 1028 si
533 1001 606 1033 nolo,
630 1001 687 1036 cogi
706 1008 823 1036 nequeo.
843 1000 926 1028 Pater
948 1008 1013 1036 ergo
1032 1000 1148 1028 candide
1167 1000 1300 1035 impertiit
1317 1007 1324 1033 ;

1363 999 1421 1029 vult
1436 999 1510 1026 enim
1539 998 1671 1026 Dominus
1692 1002 1721 1024 ut
1735 996 1783 1024 sibi
1802 1003 1845 1022 vo-

225 1046 342 1073 luntarie
361 1049 507 1074 servatur.
538 1048 640 1075 Deinde
664 1055 776 1082 peregre
795 1048 934 1083 profectus
960 1052 1011 1074 est.
1032 1047 1092 1080 Quo
1107 1047 1121 1082 2
1138 1045 1197 1074 Non
1229 1054 1244 1073 a
1280 1047 1340 1074 loco
1355 1046 1389 1073 ad
1405 1045 1505 1077 locum,
1523 1045 1570 1072 sed
1590 1049 1683 1072 mente
1706 1043 1821 1071 discessit
1834 1050 1845 1069 ιι

226 1092 282 1118 Deo
302 1096 330 1119 et
355 1092 426 1119 Deus
443 1093 477 1119 ab
497 1093 562 1120 illo:
590 1100 701 1128 propter
721 1093 794 1128 quod
820 1093 902 1120 etiam
927 1093 996 1120 facta
1019 1099 1059 1120 est
1073 1093 1109 1120 illi
1126 1092 1211 1120 fames
1235 1091 1333 1123 valida,
1359 1099 1414 1118 non
1434 1091 1520 1118 fames
1545 1089 1623 1125 panis
1652 1093 1680 1116 et
1698 1096 1780 1123 aquae,
1808 1087 1847 1115 sed

226 1138 313 1166 fames
333 1139 461 1166 audiendi
488 1139 562 1167 verbi
587 1140 655 1173 Dei;
679 1140 741 1174 quia
761 1139 846 1167 fames
871 1139 1005 1167 bonorum
1022 1140 1170 1167 vehemens
1183 1143 1236 1166 est.

261 1184 339 1211 Vers.
359 1185 403 1212 12.
420 1184 455 1211 Et
471 1199 507 1206 -
521 1187 710 1213 substantiam.
737 1185 867 1213 Liberum
889 1186 1016 1213 videlicet

1103 1184 1204 1213 Kul—
1219 1184 1302 1217 βίον.
1327 1185 1432 1218 Ἤγονν
1458 1181 1654 1216 αὐτεξουσίους
1674 1181 1769 1212 αὐτοὺς
1790 1179 1847 1207 ἀπέ·

225 1230 369 1257 arbitrium
397 1230 450 1257 illis
482 1231 795 1263 divisit;substantiam
823 1239 943 1266 namque
973 1236 1020 1258 aut

226 1274 370 1303 facultates
387 1276 447 1302 filiis
460 1276 582 1304 dividere
596 1277 663 1304 nihil
674 1277 748 1304 aliud
761 1282 814 1309 est.
838 1285 920 1311 quam
930 1278 1018 1304 libero

226 1322 337 1349 arbitrio
364 1322 425 1349 illos
453 1322 610 1356 relinquere
634 1332 640 1348 :
675 1322 815 1350 neminem
845 1323 919 1350 enim
947 1323 1020 1358 cogit

226 1368 308 1399 Deus,
322 1367 367 1402 qui
389 1367 439 1401 ipsi
454 1368 522 1394 nolit
536 1368 658 1395 obedire.

262 1412 315 1439 Aut
334 1412 416 1438 etiam
448 1412 542 1439 divisit
559 1413 600 1439 eis
623 1413 804 1448 congruentia
831 1413 914 1446 dona,
937 1417 1020 1448 prout

227 1458 328 1485 dictum
344 1462 395 1485 est.

265 1506 339 1533 Vers.
354 1507 395 1533 15.
416 1507 450 1532 Ει
462 1519 492 1525 -·
506 1506 686 1542 longinquum.
705 1506 803 1534 Senior
820 1506 929 1541 quidem
948 1506 1020 1541 apud

227 1556 331 1585 patrem
345 1552 485 1583 remansit.
505 1557 633 1586 tanquam
659 1553 778 1587 prudens
797 1561 803 1579 :
826 1553 921 1586 junior
942 1560 1019 1585 vero,

229 1597 401 1631 congregatis
414 1598 554 1631 clunibus,
581 1603 657 1633 puta,
678 1598 766 1625 libero
786 1598 911 1629 arbitrio.
930 1606 960 1626 ac
973 1599 1019 1627 Dei

229 1640 313 1672 dono,
333 1641 376 1667 vel
394 1642 524 1669 omnibus
539 1642 596 1669 suis
615 1642 812 1674 voluntatibus,
830 1643 855 1670 id
865 1647 917 1676 est,
933 1643 1022 1670 domi-

229 1693 279 1713 nus
301 1686 407 1713 illorum
431 1688 609 1718 constitutus.
629 1695 743 1723 peregre
764 1688 903 1722 profectus
922 1694 963 1716 est
985 1689 1020 1716 nd

230 1736 382 1766 peccatum,
397 1733 470 1766 quod
487 1740 501 1760 a
518 1733 572 1760 Deo
589 1733 667 1768 longe
681 1739 841 1768 separatur:
856 1734 936 1770 longe
946 1736 1021 1762 enim

229 1776 297 1804 fiunt
315 1784 330 1802 ι
348 1777 413 1809 Deo,
433 1778 481 1812 qui
497 1781 631 1812 peccant:
658 1785 713 1804 non
740 1778 791 1805 loci
818 1777 1018 1813 segregatione,

228 1822 276 1850 sed
292 1823 410 1851 virtutis.

1073 1232 1147 1257 λυσε.
1163 1231 1200 1257 Τὸ
1213 1231 1267 1265 γὰρ
1283 1229 1381 1256 διελεῖν
1409 1229 1454 1256 τδν
1480 1229 1548 1264 βίον,
1568 1228 1668 1258 sit-00v.
1683 1227 1735 1262 τὴν
1757 1226 1847 1258 οὐσίαν,

1073 1279 1128 1309 τοῖς
1145 1277 1225 1309 υἱοῖς,
1238 1276 1316 1303 οὐδὲν
1331 1275 1424 1311 ἕτερόν
1435 1276 1521 1307 ἐστιν,
1533 1275 1549 1310 ἢ
1565 1274 1595 1301 τδ
1609 1273 1796 1306 αὐτεξουσίως
1807 1272 1847 1298 αὐ-

1072 1324 1136 1354 τοὺς
1155 1322 1301 1350 ἀπολύσω..
1317 1321 1420 1348 Οὐδένα
1448 1321 1503 1356 γὰρ
1523 1322 1537 1348 6
1559 1319 1626 1352 Θεδς
1653 1319 1794 1355 ἀναγκάζει
1818 1318 1848 1354 μὴ

1074 1369 1237 1404 βουλόμενον
1253 1369 1413 1404 πειθαρχεῖν
1425 1367 1510 1403 αὐτῷ.

1111 1415 1146 1441 Ἦ
1165 1417 1210 1441 καὶ
1224 1414 1321 1441 διεῖλεν
1341 1413 1432 1445 αὐτοῖς
1449 1414 1482 1440 τὰ
1502 1413 1678 1448 προσήκοντα
1696 1412 1837 1448 χαρίσματα

1074 1460 1165 1493 καθὼς
1179 1462 1302 1497 εἴρηται.

1108 1507 1162 1534 Kal
1179 1522 1215 1527 —
1229 1507 1358 1541 μακράν.
1382 1507 1412 1534 '0
1432 1507 1482 1542 μὲν
1505 1506 1692 1542 πρεσϐύτερος
1715 1504 1846 1540 παρέμεινε

1075 1552 1130 1588 (76)
1151 1553 1189 1587 τῷ
1213 1553 1308 1586 πατρὶ,
1330 1552 1366 1584 ὡς
1385 1552 1516 1588 φρόνιμος
1528 1560 1534 1567 ⁸
1551 1552 1565 1578 6
1579 1551 1608 1578 δὲ
1631 1551 1759 1587 νεώτερος
1775 1559 1844 1577 συνα-

1074 1597 1167 1632 γαγὼν
1183 1597 1304 1630 ἅπαντα,
1319 1598 1351 1624 τό
1369 1606 1398 1624 τε
1413 1597 1587 1629 αὐτεξούσιον
1613 1598 1662 1624 καὶ
1681 1597 1710 1624 τὺ
1727 1597 1792 1624 θεῖον
1808 1594 1846 1629 χά-

1077 1651 1172 1678 ρισμα,
1197 1643 1213 1678 ἢ
1241 1643 1349 1670 ἅπαντα
1375 1643 1410 1670 τὰ
1435 1643 1533 1670 ἑαυτοῦ
1559 1636 1710 1678 θελήματα,
1730 1642 1844 1670 τουτέστι.

1075 1690 1170 1725 κύριος
1186 1690 1277 1716 αὐτῶν
1295 1690 1446 1723 καταστὰς,
1462 1690 1642 1724 ἀπεδήμησεν
1657 1691 1696 1721 εις
1708 1690 1754 1724 τὴν
1769 1690 1846 1723 ἁμαρ-

1074 1736 1145 1768 τίαν,
1166 1737 1216 1772 τὴν
1232 1737 1343 1772 μακρὰν
1369 1735 1417 1763 τοῦ
1444 1736 1512 1763 Θεοῦ
1524 1736 1667 1772 κειμένην.
1685 1736 1778 1771 Πόρρω
1801 1735 1845 1768 γὰρ

1074 1782 1121 1809 τοῦ
1133 1781 1201 1808 Θεοῦ
1217 1782 1339 1817 γίνονται
1351 1782 1377 1808 οἱ
1392 1782 1607 1818 ἁμαρτάνοντες,
1624 1783 1676 1809 οὐκ
1691 1782 1844 1817 ἀναχωρήσει

1073 1829 1167 1860 τόπου,
1184 1829 1241 1855 ἀλλ’
1253 1829 1427 1864 ἀναχωρήσει
1453 1829 1503 1863 τῆς
1514 1828 1628 1863 ἀρετῆς.

263 1880 339 1908 Vers.
356 1881 398 1908 15.
412 1881 447 1908 Ac
460 1881 496 1908 ibi
508 1890 643 1909 —suam.
668 1881 797 1917 Corrupit
814 1882 928 1914 donum,
945 1881 1016 1916 quod

1108 1874 1163 1902 Καὶ
1175 1875 1241 1902 ἐκεῖ
1254 1890 1288 1896 -
1303 1875 1407 1902 αὐτοῦ.
1424 1874 1565 1910 Διέφθειρε
1587 1876 1618 1901 τὸ
1634 1875 1666 1902 ἐκ
1689 1874 1734 1902 τοῦ
1760 1872 1844 1909 βαπτί-

228 1933 243 1952 s
262 1925 397 1961 baptismo
412 1935 580 1962 susceperat,
592 1932 656 1962 puta
672 1928 769 1955 anima:
786 1927 967 1960 nobilitatem,
986 1927 1020 1954 ad

228 1972 345 2000 virtutes
378 1973 569 2008 aptitudinem.
596 1973 659 2002 Haec
674 1973 746 2000 enim
763 1978 791 2000 et
816 1973 916 2000 similia
945 1978 1022 2001 erant

228 2017 288 2050 ejus
304 2018 457 2045 substantia
478 2026 509 2046 ac
529 2018 642 2046 divitiae.

265 2063 342 2091 Vers.
370 2064 414 2092 15.
451 2064 562 2091 Vivcndo
586 2079 621 2086 -—
655 2065 799 2092 luxuriose.
827 2064 1020 2100 Prodigaliter,

229 2109 455 2144 intemperanter,
472 2111 628 2142 libidinose.
645 2110 761 2138 lascive.

265 2154 342 2181 Vers.
369 2154 414 2182 14.
445 2154 560 2190 Cumque
591 2155 680 2181 omnia
709 2155 922 2188 consumpsisset.
951 2155 1020 2182 Cum

229 2200 384 2234 abjecisset,
403 2205 450 2228 aut
472 2202 632 2236 respuisset,
664 2209 833 2237 quaecunque
863 2201 981 2228 habebat
1005 2208 1021 2228 a

231 2245 284 2272 Deo
305 2245 386 2273 bona.

266 2290 342 2317 Vers.
372 2291 413 2317 14.
441 2290 528 2318 Facta
556 2297 593 2319 est
618 2307 654 2313 —
678 2292 738 2320 illa.
760 2291 810 2319 Ubi
832 2292 904 2319 enim
935 2291 1020 2319 divini

230 2335 336 2362 timoris
351 2336 517 2363 frumentum
537 2345 591 2364 non
613 2338 724 2370 seritur,
744 2337 780 2364 ibi
809 2337 896 2364 fames
919 2337 1019 2369 valida,

228 2388 282 2407 non
296 2382 383 2415 panis,
399 2382 446 2409 sed
462 2382 570 2410 virtutis
585 2392 592 2416 ;
623 2384 667 2410 ubi
684 2383 816 2410 fertilitas
834 2383 924 2409 omnis
942 2382 1018 2415 mali,

229 2427 265 2454 ibi
282 2428 410 2455 sterilitas
425 2429 515 2455 omnis
531 2429 604 2456 boni.

264 2473 342 2501 Vers.
362 2474 404 2500 14.
422 2474 455 2500 Et
472 2489 502 2495 —
518 2483 603 2509 egere.
621 2475 702 2502 Fame
727 2475 826 2509 premi,
851 2474 958 2509 dilapso
983 2473 1018 2502 ab

227 2527 260 2547 eo
272 2520 345 2547 omni
364 2520 447 2553 bono,
466 2521 578 2555 solaque
596 2521 796 2549 incontinentia
808 2521 947 2548 derelicta.

268 2608 346 2637 Vers.
362 2609 405 2638 15.
422 2610 456 2637 Et
469 2626 501 2631 —
512 2611 595 2638 illius.
611 2611 690 2639 Cives
712 2612 834 2647 regionis
850 2611 932 2643 illius.
952 2619 1016 2647 puta

228 2655 342 2688 peccati,
364 2661 427 2684 sunt
442 2657 591 2684 daemones.
607 2657 757 2685 Distractus
776 2666 840 2694 ergo
855 2665 869 2684 a
887 2663 976 2692 patre,
998 2666 1014 2685 ο

227 2707 350 2735 magnam
366 2703 531 2730 dementiam
546 2705 552 2730 i
568 2703 681 2731 adh.esit
695 2704 804 2731 inimico
821 2713 827 2731 :
842 2710 870 2731 ct
894 2705 939 2739 qui
962 2712 1017 2731 non

1072 1928 1174 1955 σματος
1187 1921 1322 1956 χάρισμα,
1335 1921 1386 1955 τὴν
1402 1920 1451 1955 τῆς
1466 1921 1556 1955 ψυχῆς
1571 1921 1724 1954 εὐγένειαν,
1734 1919 1778 1954 τὴν
1790 1917 1844 1952 πρὸς

1071 1966 1172 2002 ἀρετὰς
1196 1966 1416 2002 ἐπιτηδειότητα.
1434 1966 1527 1993 Ταῦτα
1548 1966 1603 2002 γὰρ
1626 1967 1674 1994 καὶ
1696 1966 1730 1993 τὰ
1750 1964 1846 1992 τοιαῦτα

1071 2010 1142 2048 ἦσαν
1158 2012 1239 2040 οὐσία
1254 2014 1300 2040 καὶ
1316 2013 1431 2042 πλοῦτος
1447 2012 1542 2041 αὐτοῦ.

1106 2058 1172 2085 Ζῶν
1186 2073 1219 2078 -
1229 2059 1364 2093 ἀσώτως.
1383 2059 1526 2094 leuam,
1535 2060 1666 2095 ἀκρατῶς
1675 2080 1682 2092 ,
1693 2059 1835 2087 haustu;

1106 2152 1345 2186 Δαπανήσαντος
1361 2152 1396 2180 δὲ
1411 2153 1505 2181 αὐτοῦ
1531 2154 1642 2180 πάντα.
1667 2151 1846 2180 Ἀποῧαλόντος

1071 2197 1170 2230 πάντα,
1184 2199 1234 2225 ὅσα
1247 2197 1319 2234 εἶχεν
1331 2201 1363 2226 ἐκ
1373 2200 1453 2232 Θεοῦ,
1468 2200 1568 2232 ἀγαθά.

1113 2289 1250 2324 Ἐγένετο
1260 2306 1294 2311 —-
1309 2290 1442 2324 ἐκείνην.
1458 2291 1544 2317 Ὅπου
1564 2290 1618 2325 γὰρ
1635 2291 1649 2318 6
1661 2289 1709 2317 τοῦ
1722 2289 1789 2316 θείου
1804 2287 1844 2320 φὸε

1071 2335 1120 2362 σου
1136 2337 1208 2366 σῖτος
1228 2337 1258 2362 οὐ
1284 2338 1460 2371 γεωργεῖται,
1483 2338 1542 2363 ἐκεῖ
1582 2337 1663 2372 λιμὸς
1678 2335 1792 2371 ἰσχυρὸς.
1804 2333 1844 2359 οὐκ

1070 2381 1164 2417 ἄρτου,
1192 2381 1249 2408 ἀλλ’
1265 2383 1365 2418 ἀρετῆς
1379 2390 1386 2397 ·
1407 2384 1474 2410 ὅπου
1497 2382 1610 2418 εὐφορία
1637 2383 1735 2414 παντὸς
1762 2379 1843 2408 χακοῦ,

1071 2427 1130 2453 ἐκεῖ
1146 2427 1248 2462 ἀφορία
1262 2428 1363 2460 παντὸς
1376 2428 1472 2456 καλοῦ.

1108 2472 1160 2500 Καὶ
1178 2488 1211 2494 --
1225 2475 1427 2508 ὑστερεῖσθαι.
1440 2475 1571 2502 Πένεσοαι
1581 2495 1590 2508 ,
1601 2474 1772 2511 διαρῤυέντος
1784 2469 1845 2503 αὐτῷ

1071 2520 1171 2550 παντὸς
1186 2520 1301 2554 ἀγαθοῦ,
1314 2522 1360 2547 καὶ
1376 2522 1462 2557 μόνης
1477 2521 1688 2556 ὑπολειφθείσης
1712 2520 1759 2554 τῆς
1772 2519 1845 2552 ἀκρι-

1073 2566 1133 2597 σίας
1151 2567 1218 2602 (77).

1109 2614 1162 2640 Kal
1179 2628 1211 2632 —
1224 2613 1355 2648 ἐκείνης.
1375 2614 1485 2641 Πολῖται
1505 2615 1553 2650 τῆς
1566 2614 1658 2649 χώρας
1672 2610 1844 2646 ὲκείνη;,ῆτοι

1071 2661 1121 2694 τῆς
1145 2659 1300 2694 ἁμαρτίας,
1330 2660 1356 2686 οι
1381 2660 1523 2693 δαίμονες·
1553 2659 1720 2695 ἀποῤῥαγεὶς
1743 2655 1786 2683 οὖν
1805 2652 1844 2679 τηῧ

1073 2706 1190 2741 πατρὸς,
1214 2704 1236 2731 ὣ
1248 2705 1347 2740 πολλῆς
1362 2706 1470 2738 ἀνοίαςῐ
1488 2705 1620 2740 ἐκολλήθη
1639 2705 1677 2740 τῷ
1693 2703 1788 2739 ἐχθρῷ,
1804 2698 1844 2726 κιὶ

824 2795 929 2826 Variae
946 2795 1099 2826 lectiones
1118 2799 1149 2826 et
1166 2799 1260 2827 noue.

337 2875 402 2914 110st
416 2877 474 2914 lucc
489 2878 543 2904 duo
555 2879 661 2905 scbniia
673 2887 687 2906 e
706 2879 828 2914 margine
842 2878 883 2905 sui
911 2879 1014 2907 codicis

232 2909 333 2937 addidit
349 2910 508 2945 llentcnius,
524 2921 641 2948 quorum
658 2915 732 2942 nulla
748 2909 855 2950 κᾶνω-ιο
867 2915 997 2951 vestigia...

1104 2880 1160 2913 (7G)
1175 2880 1329 2913 Πιρέμενε.
1349 2881 1382 2906 Α.

1104 2916 1159 2951 (77)
1174 2915 1230 2950 Τῆς
1242 2915 1422 2952 ἀκαθαρσίας.
1437 2916 1468 2944 Α.
