1927 3074
102 125 173 156 1025

589 124 784 156 COMMENT.
806 125 849 157 IN
868 127 1005 158 LUl‘AM.
1023 140 1056 146 -
1077 126 1159 159 CAP.
1179 128 1243 160 XV.

1667 126 1732 159 10ὲῦ

101 183 138 218 μὴ
153 181 336 217 ἀνασχόμενος
357 181 515 217 πειθαρχεῖν
537 181 577 217 τῷ
605 181 790 218 φιλανθρώπῳ
814 182 889 218 Θεῷ,

952 183 1111 212 ιυειῑηιιοιιοι
1126 192 1222 220 parere
1234 185 1289 212 Deo
1299 184 1510 219 humanissimo.
1521 187 1634 215 servivit
1647 188 1726 216 inhu-

99 230 222 256 ἐδούλευε
235 229 272 264 τῷ
289 228 476 264 μισανθρὼπτρ
491 228 610 263 δαίμονι.

137 276 192 302 Kal
207 289 244 295 —
258 276 391 309 χοίρους.
414 274 506 306 Οὕτως
530 275 554 301 oi
581 275 707 310 δαίμονες
728 275 887 311 ἀμείϐονται

98 322 162 352 τοὺς
177 321 364 356 κολλωμένους
382 321 485 352 αὐτοῖς.
503 321 584 355 Δηλοῖ
603 321 630 347 δὲ
651 321 665 346 ὁ
681 321 772 355 λόγος,
794 322 843 357 τὴν
863 323 888 348 ὲ-

100 369 202 404 σχάτην
216 367 262 394 τοῦ
271 367 363 394 ἀθλίου
375 367 507 398 δουλείαν.
523 368 736 402 ὲπιταττομὲνου
749 368 781 394 τὰ
793 368 889 403 ἀτιμό-

99 423 180 441 τατα.
194 413 243 439 Διὰ
257 413 336 439 τοῦτο
351 413 405 447 γὰρ
421 412 467 438 καὶ
489 412 619 438 πλατύνει
634 412 683 448 τὴν
699 413 857 448 παραϐολὴν
874 414 888 440 ὁ

100 459 226 495 Χριστὸς,
245 461 291 486 καὶ
303 458 480 493 λεπτομερῶς
496 459 666 493 ἐπιτραγῳδεῖ
681 459 716 485 τὰ
740 459 791 493 τῆς
815 467 888 494 συμ-

100 508 197 541 φορᾶς,
214 506 259 532 ἵνα
278 505 410 540 μάθωμεν
434 501 479 531 οἷα
494 504 646 539 πάσχουσιν
664 505 689 531 οί
721 505 889 540 ἁποφοιτῶν-

99 561 146 584 τες
157 552 211 578 τῶν
226 551 341 578 ἐντολῶν
356 550 403 577 τοῦ
419 549 498 582 Θεοῦ,
512 550 560 576 καὶ
578 550 758 586 πορευόμενοι
773 551 843 578 κατὰ
857 550 888 577 τὸ

101 597 169 623 ἴδιον
181 596 299 631 θέλημα.

138 639 200 666 Εῐεν
215 640 236 666 δ⁴
247 640 280 667 ἂν
292 640 371 676 ἀγροὶ
393 640 443 675 μὲν
457 639 505 667 τοῦ
520 640 649 675 δαίμονος
664 640 693 667 al
707 640 821 675 ᾶσεμνοι
832 641 889 667 δια-

99 686 203 720 τριὸαί’
226 687 315 721 χοῖροι
338 686 377 719 δὲ,
392 687 416 712 ol
432 687 567 722 φιλήδονοι
582 687 631 713 καὶ
651 686 830 722 βορϐορώδεις
845 687 889 713 λο-

100 733 207 766 γισμοὶ.
226 732 271 762 οὓς
295 732 309 758 ὁ
334 732 509 767 ταλαίπωρος
537 733 649 768 τρέφειν
673 734 720 759 καὶ
748 733 889 769 περιέπειν

101 778 314 813 προσετέτακτο.

137 825 192 851 Kal
204 838 239 844 —-
254 824 359 859 χοῖροι.
383 825 506 860 Κεράτια
521 825 592 852 κατά
609 824 763 860 ἀναγωγήν,
782 825 809 851 al
829 824 889 859 ἡδο-

940 228 1102 256 manissimo
1112 229 1240 256 daemoni.

977 275 1054 302 Vers.
1079 276 1121 302 l5.
1141 275 1225 310 Atque
1242 290 1276 296 —
1290 284 1394 310 porcos.
1416 276 1456 304 Ita
1480 277 1620 306 daemones
1635 286 1725 306 remu-

930 325 1038 356 .nerant
1059 329 1116 353 eos.
1140 322 1185 356 qui
1203 322 1255 349 sibi
1281 323 1433 351 adhaerent.
1466 323 1610 359 Signiﬁcat
1639 330 1731 354 autem

939 372 1031 392 sermo
1048 370 1198 393 extremam
1215 366 1306 393 miseri
1334 367 1508 400 servitutem,
1530 369 1574 396 cui
1596 370 1732 406 indignis-

940 412 1007 438 sima
1021 412 1224 447 principiuntur.
1245 413 1392 448 Propterea
1405 415 1478 441 enim
1491 415 1588 443 dilatat
1601 414 1730 444 Christus

939 457 1107 492 parabolam,
1116 462 1144 484 et
1154 458 1306 486 minutatim
1316 460 1474 494 ampliﬁcat,
1499 469 1560 496 qua:
1572 462 1735 491 calamitatis

938 507 1018 529 erant
1033 511 1039 529 :
1057 507 1086 530 ut
1104 503 1244 531 discamus
1268 504 1361 539 qualia
1385 506 1525 540 patiantur
1540 506 1559 533 ii
1575 507 1621 542 qui
1649 516 1664 534 a
1685 508 1734 535 Dei

940 549 1083 584 praeceptis
1111 549 1254 583 recedunt,
1275 555 1303 578 et
1317 550 1376 578 suis
1400 551 1586 580 voluntatibus
1605 553 1734 588 gradiun-

940 599 995 622 tur.

971 640 1065 669 Potest
1079 649 1188 677 quoque
1204 641 1267 669 villa
1290 642 1425 670 daemonis
1446 643 1499 671 dici
1527 644 1640 680 indigna
1663 652 1734 672 con-

940 688 1085 722 versatio;
1114 689 1190 723 porci
1217 696 1302 722 vero,
1338 690 1492 725 voluptates
1525 698 1557 718 ac
1590 691 1735 719 lutulentze

940 734 1129 769 cogitationes,
1151 741 1220 769 quas
1242 734 1326 762 miser
1343 742 1456 770 pascere
1474 743 1506 763 ac
1528 735 1625 764 fovere
1641 737 1735 772 jussus

939 783 991 806 est.

980 825 1059 852 Vers.
1075 825 1118 854 16.
1140 826 1175 853 Et
1192 840 1226 847 —
1240 827 1323 861 porci.
1336 826 1457 862 Siliquae.
1483 826 1560 861 juxta
1580 835 1734 863 anagogen,

101 871 156 902 ναὶ,
171 868 215 901 αἷς
228 871 252 897 οἱ
264 871 427 906 δηλωθέντες
446 872 572 907 λογισμοὶ
595 872 753 907 τρέφονται.
782 871 889 905 Ὥσπερ

952 871 1101 906 voluptates
1140 876 1215 904 sunt,
1234 873 1353 907 -quibus
1389 872 1525 907 praedictae
1557 873 1737 908 cogitationes

102 917 157 952 γὰρ
170 917 261 943 ἐκεῖνα
273 916 463 951 γλυκαίνουσιν
477 917 523 943 ὲπὶ
535 917 622 952 βραχὺ
638 918 686 952 τὴν
700 916 806 952 γεῦσιν,
829 913 890 943 εἶτα

102 964 248 998 στύφουσιν
263 963 310 990 ἐπὶ
327 963 429 990 πλεῖον·
446 963 517 990 οὕτω
529 963 576 990 καὶ
591 959 671 990 αὗται
685 963 716 989 τὸ
733 962 783 998 μὲν
795 962 891 998 ὴδύνον

101 1011 209 1045 πρῶτον
234 1010 280 1037 καὶ
309 1009 476 1045 πρότκιιρπν
502 1009 604 1045 ἔχουσι·
634 1009 704 1036 τὸδὲ
734 1011 890 1044 πικραῖνον,

103 1056 165 1083 ὓστε
172 1065 215 1091 ρον
229 1057 276 1083 καὶ
294 1056 414 1084 αἰώνιον.

139 1152 194 1179 Kal
217 1151 320 1184 οὐδεὶς
345 1149 443 1177 ἐδίδου
468 1148 559 1182 αὐτῷ.
587 1149 680 1181 Οὐδεὶς
708 1149 793 1176 ἐδίδου
819 1149 891 1185 αὐτῷ

102 1197 275 1233 κορεσθῆναι.
292 1197 412 1223 Τοιοῦτοι
427 1196 480 1231 γὰρ
495 1197 518 1222 οι
531 1197 667 1231 δαίμονες,
684 1196 734 1222 οὐκ
751 1196 815 1222 ἐῶσί
831 1205 892 1222 τινα

104 1245 265 1279 κορεσθῆναι
285 1243 452 1278 φιληδονίας,
467 1243 511 1270 ἶνα
533 1242 570 1278 μὴ
593 1242 662 1277 ταχὺ
679 1243 817 1278 παύσηται
842 1243 892 1278 τῆς

104 1291 252 1326 ἁμαρτίας,
274 1290 317 1316 ἀεὶ
333 1290 425 1325 δὲτὴν
451 1289 541 1325 ὄρεξιν
567 1288 718 1324 ἐρεθίζουσι
743 1289 791 1315 καὶ
817 1289 891 1316 ἀπο-

104 1338 261 1372 κάμνουσαν
275 1337 473 1372 ἀνεγείρουσιν.

138 1385 190 1417 Εις
197 1384 305 1410 ἑαυτὸν
313 1383 346 1409 δὲ
360 1382 465 1410 ἐλθών.
483 1381 595 1409 Ἑαυτοῦ
611 1382 767 1416 γενόμενος,
779 1381 792 1408 ὃ
805 1382 891 1414 ἐστιν,

105 1430 255 1465 ἀνανήψας,
273 1430 311 1461 ὡς
327 1429 383 1465 (78)
400 1429 431 1455 ὲκ
457 1429 544 1464 μέθης
556 1429 603 1455 καὶ
628 1428 730 1464 κάρου·
757 1428 892 1462 ἀφυπνισε

103 1476 157 1510 γὰρ
169 1476 248 1502 αὑτὸν
264 1476 280 1511 ἡ
301 1475 483 1502 κακοπάθεια.

138 1521 213 1550 Εἵπε
226 1537 260 1543 --
272 1518 604 1556 ἀπόλλυμαι.’Μισθίονς
627 1521 676 1556 μὲν
689 1521 742 1547 νόει
759 1521 813 1556 (79)
835 1529 891 1562 μοι¹

103 1569 164 1600 τοὺς
185 1568 224 1595 ἔτι
241 1568 478 1603 κατηχουμένους,
505 1568 552 1594 καὶ
569 1568 652 1602 μήπω
671 1567 715 1594 διὰ
730 1567 777 1594 τοῦ
795 1567 892 1602 βαπτί-

105 1623 207 1650 σματος
219 1613 436 1648 υίοθετηθὲντας,
449 1611 489 1645 οἷς
503 1613 597 1649 μισθὸς
606 1613 654 1648 τῆς
666 1614 783 1645 πίστεως
794 1614 893 1642 δίδοται

105 1663 122 1696 ἠ
141 1660 281 1687 υἱοθεσία·
309 1659 409 1695 ἄρτους
433 1659 471 1691 δὲ,
487 1659 535 1691 τὰς
557 1658 709 1694 θρεπτικάς
727 1659 782 1685 τῶν
800 1659 894 1695 ψυχῶν

103 1705 292 1737 διδασκαλίας.
310 1705 394 1740 Φησὶν
410 1704 457 1732 03v
471 1706 502 1731 ὲκ
514 1704 612 1740 βάθους
627 1705 752 1740 καρδίας·
769 1705 802 1732 Ὠ
814 1706 891 1732 πόσοι

107 1751 207 1787 μίσθιοι
231 1751 278 1778 τοῦ
309 1751 413 1787 πατρός
442 1760 492 1786 μου
515 1750 546 1778 οὐ
570 1751 651 1786 μόνον
674 1750 765 1786 ἔχουσι
789 1751 892 1788 τροφὴν

104 1798 234 1833 ψυχικὴν,
243 1797 310 1824 ἀλλὰ
325 1798 371 1824 καὶ
385 1798 491 1833 τρυφήν
501 1806 508 1813 ·
521 1797 601 1824 τοῦτο
616 1797 669 1833 γὰρ
678 1796 708 1823 τδ
719 1806 752 1824 πε
758 1797 893 1833 ρισσεΰειν

106 1844 252 1879 σημαίνει¹
270 1843 325 1877 ἐγὼ
338 1843 366 1870 δὲ
382 1845 396 1869 ὁ
417 1844 485 1874 υίὸς,
503 1843 576 1878 λιμῷ
602 1843 767 1879 ἀπόλλυμαι.
799 1842 892 1869 Ταῦτα

105 1890 152 1916 καὶ
180 1889 214 1916 τὰ
242 1889 305 1923 ἑξῆς
331 1889 524 1923 παραϐολικῶς
547 1888 724 1923 διηγούμενος
746 1889 759 1914 ὁ
784 1888 891 1923 Σωτὴρ,

107 1932 194 1959 τύπον
210 1934 276 1967 ἡμῖν
294 1932 436 1967 μετανοίας
451 1932 569 1967 ἀληθοῦς
589 1932 783 1968 παραδίδωσιν.

146 1979 295 2011 Ἀναστὰς
310 1992 344 1998 -
352 1987 423 2012 μου.
444 1978 578 2010 Ἀναστὰς
608 1979 662 2006 ἀπὸ
678 1979 724 2006 τοῦ
743 1979 890 2014 πτώματος

105 2025 155 2060 τῆς
170 2025 307 2060 ἁμαρτίας
321 2023 387 2059 (80).

144 2114 198 2141 Ital
214 2112 270 2147 ἐρῶ
283 2127 319 2133 —
332 2113 476 2147 οὐρανόν.
499 2113 543 2145 Ὠς
557 2114 730 2149 προτιμήσας
749 2114 832 2141 αὑτοῦ
845 2115 894 2152 τὴν

106 2159 170 2193 γῆν,
186 2158 246 2192 ήτοι
262 2157 316 2183 τῶν
333 2158 467 2192 οὐρανίων
482 2158 594 2192 ἀγαθῶν
609 2161 643 2185 τὰ
661 2159 754 2194 γήϊνα.

941 918 1112 945 nutriuntur.
1130 917 1366 951 Quemadmodum
1382 918 1456 946 enim
1475 919 1584 954 siliqua:
1599 919 1633 946 ad
1653 920 1736 947 breve

940 964 1060 998 spatium
1088 965 1179 1000 gustui
1208 965 1379 994 dulcescunt.
1407 965 1507 992 deinde
1535 969 1564 992 ut
1587 966 1735 1000 plurimum

941 1010 1132 1045 constringunt
1146 1011 1199 1037 :ita
1216 1014 1244 1037 et
1264 1011 1291 1037 in
1305 1011 1356 1042 his.
1370 1011 1443 1045 quod
1454 1018 1538 1038 suave
1548 1015 1600 1042 est,
1615 1011 1735 1045 primum

941 1061 969 1084 et
984 1057 1018 1084 ad
1035 1061 1141 1092 tempus
1157 1056 1270 1090 habent,
1281 1057 1354 1092 quod
1367 1062 1460 1084 autem
1477 1064 1602 1084 amarum
1613 1061 1642 1084 et
1656 1065 1736 1085 acer-

941 1101 1018 1133 bum.
1036 1102 1173 1137 posterius
1188 1107 1230 1129 est
1246 1110 1277 1129 ac
1296 1108 1441 1130 aeternum.

981 1148 1054 1176 Vers.
1070 1148 1112 1175 l6.
1124 1147 1179 1175 Nec
1187 1149 1326 1183 quisquam
1336 1149 1376 1175 illi
1389 1148 1480 1176 dabat.
1492 1148 1588 1175 Nullus
1601 1149 1638 1175 illi
1650 1149 1732 1176 dabat

943 1193 978 1221 ad
1003 1194 1158 1221 satietatem
1177 1202 1185 1227 ;
1210 1193 1367 1228 hujusmodi
1393 1193 1468 1220 enim
1488 1194 1627 1221 daemones
1649 1194 1735 1221 nemi-

941 1248 1005 1268 nem
1018 1241 1113 1268 sinunt
1128 1241 1222 1268 satiari
1234 1240 1430 1275 voluptatibus,
1443 1247 1478 1266 ne
1491 1240 1574 1267 citius
1590 1248 1606 1267 a
1621 1245 1736 1275 peccato

942 1288 1065 1322 quiescat
1081 1296 1088 1314 :
1106 1295 1215 1322 semper
1227 1287 1299 1314 enim
1307 1286 1429 1314 excitant
1441 1287 1596 1322 appetitum
1612 1294 1644 1315 ac
1659 1287 1737 1315 defa-

944 1333 1101 1369 tigationem
1121 1333 1266 1361 suscitant.

978 1379 1055 1407 Vers.
1080 1379 1125 1406 l7.
1152 1378 1187 1405 In
1217 1386 1244 1405 se
1267 1382 1355 1405 autem
1382 1386 1513 1406 reuersus.
1543 1378 1591 1405 Sui
1621 1385 1734 1414 compos

943 1425 1088 1453 eﬁeclus:
1128 1426 1181 1453 hoc
1210 1430 1263 1459 est,
1303 1430 1431 1460 tanquam
1467 1425 1662 1461 expergiscens
1702 1424 1737 1452 ab

942 1472 1082 1503 ebrietate,
1095 1471 1226 1507 gravique
1239 1479 1351 1503 somno.
1365 1475 1393 1498 et
1403 1470 1577 1506 resipiscens.

979 1518 1058 1547 Vers.
1074 1517 1119 1545 Π.
1143 1518 1219 1545 Dixit
1236 1531 1272 1538 —
1288 1525 1375 1553 pereo.
1394 1516 1578 1544 Mercenarios
1602 1515 1737 1550 intelligi-

945 1574 1005 1594 mus
1016 1573 1064 1594 eos
1077 1565 1123 1601 qui
1139 1565 1230 1593 adhuc
1247 1569 1312 1592 sunt
1335 1563 1540 1594 catechumeni.
1562 1567 1590 1590 et
1614 1562 1737 1589 nondum

944 1620 993 1648 per
1005 1612 1171 1648 baptismum
1186 1611 1318 1647 adoptati,
1335 1611 1435 1646 quibus
1446 1617 1553 1638 merces
1566 1608 1629 1636 ﬁdei
1647 1609 1737 1641 datur,

945 1662 1009 1693 puta
1037 1658 1171 1693 adoptio;
1197 1665 1282 1692 panes
1309 1665 1385 1689 vero,
1413 1656 1553 1683 doctrinas
1581 1655 1738 1682 animarum

945 1704 1099 1732 nutritivas.
1132 1704 1201 1731 Dicit
1224 1711 1288 1738 ergo
1312 1704 1347 1730 ab
1371 1702 1470 1730 intimo
1502 1701 1616 1729 cordis:
1639 1700 1739 1736 Oquot

944 1749 1106 1777 mercenarii
1139 1750 1226 1784 patris
1251 1749 1303 1776 mei
1329 1756 1385 1775 non
1411 1747 1492 1775 modo
1516 1747 1608 1774 cibum
1634 1747 1739 1774 habent

945 1795 1112 1826 animarum.
1134 1795 1182 1822 sed
1206 1799 1235 1821 et
1261 1793 1398 1821 delicias!
1441 1792 1471 1819 ιιι
1499 1791 1573 1819 enim
1603 1792 1739 1826 signiﬁcat

944 1841 1089 1868 abundare.
1107 1841 1162 1876 Ego
1176 1845 1268 1867 autem
1286 1839 1332 1874 qui
1360 1838 1431 1865 ﬁlius
1452 1845 1524 1869 sum,
1547 1836 1618 1864 fame
1641 1844 1736 1871 pereo.

945 1886 1007 1914 Haec
1022 1890 1050 1913 et
1063 1893 1093 1912 ea
1108 1893 1169 1920 quae
1181 1889 1347 1918 sequuntur,
1372 1882 1527 1918 parabolice
1544 1889 1661 1909 narrans
1679 1882 1739 1909 Sal-

943 1937 1031 1964 vator,
1051 1939 1123 1960 veras
1137 1931 1308 1966 pmnitcntia:
1328 1930 1441 1966 ﬁgurant
1458 1929 1537 1956 nobis
1561 1927 1652 1955 tradit.

979 1977 1057 2004 Vers.
1081 1977 1124 2004 18.
1146 1976 1262 2011 Surgam
1287 1989 1323 1995 ——-
1347 1983 1445 2002 meum.
1480 1973 1601 2008 Surgens
1635 1980 1650 1999 a
1672 1980 1738 2000 casu

947 2023 1065 2059 peccati.
1111 2034 1119 2049 I

985 2069 1004 2104 -ι-
1021 2069 1141 2097 Honeste
1160 2076 1193 2096 eo
1205 2073 1327 2096 revertar
1347 2067 1419 2095 unde
1439 2067 1510 2094 male
1529 2066 1612 2093 exivi.

980 2115 1060 2142 Vers.
1072 2114 1115 2141 18.
1131 2113 1277 2148 οἱεαπημιε
1299 2127 1335 2133 --—
1345 2112 1449 2139 caelum.
1463 2111 1630 2145 Praeponens
1644 2110 1738 2137 videli-

944 2164 987 2188 cet
1002 2160 1041 2187 illi
1058 2164 1169 2191 terram,
1186 2159 1244 2186 sive
1259 2159 1338 2186 bonis
1350 2157 1509 2185 coelestibus
1525 2161 1646 2184 terrena.

133 2203 258 2239 fTiineo
279 2204 352 2231 enim
380 2204 543 2232 ﬁrmamenti
570 2211 722 2240 aspectum,
750 2211 881 2242 tanquam
896 2207 1065 2236 accusatoris
1075 2215 1181 2235 vocem.

143 2252 198 2280 Kal
214 2252 343 2280 ἐνώπιον
355 2260 424 2280 σου.
439 2253 580 2286 Τυυτέστι,
596 2256 644 2281 καὶ
657 2255 698 2287 είς
713 2255 753 2289 σὲ,
766 2256 803 2288 ὡς
829 2265 895 2292 προ-

106 2300 228 2334 τιμήσας
240 2299 287 2326 τοῦ
303 2300 350 2327 σοῦ
367 2301 521 2335 θελήματος
533 2300 562 2326 τὸ
579 2302 656 2336 ὲμόν.

987 2257 1065 2284 Vers.
1081 2257 1124 2283 18.
1140 2255 1174 2283 Et
1185 2264 1275 2282 coram
1290 2261 1325 2282 le.
1339 2254 1395 2282 Hoc
1403 2257 1445 2282 est
1461 2253 1488 2280 in
1506 2257 1543 2286 te,
1555 2257 1584 2279 ut
1595 2251 1642 2287 qui
1662 2255 1735 2281 tuam

949 2303 1121 2331 voluntatem
1135 2302 1280 2338 posthabui
1293 2309 1371 2328 mem.

145 2345 165 2380 -ι-
179 2346 347 2379 Vereortuae
368 2347 519 2375 divinitatis
536 2347 623 2375 lucem
643 2348 743 2376 iutueri
761 2357 768 2376 :
795 2350 920 2378 sordidos
931 2351 1004 2377 enim
1021 2349 1109 2377 habeo
1124 2351 1247 2385 corporis
1260 2354 1287 2377 et
1302 2349 1400 2376 animae
1413 2348 1516 2376 oculos.

146 2391 200 2419 Kal
215 2406 248 2412 -—-
262 2401 330 2420 σου.
357 2394 401 2426 Ὡς
419 2393 535 2426 ἀναξίως
557 2394 680 2421 τοιούτου
699 2395 800 2430 πατρὸς
817 2395 891 2422 πολι-

992 2395 1070 2423 Vers.
1092 2395 1136 2425 l9.
1154 2395 1257 2424 Nec—
1270 2402 1340 2423 tuus.
1361 2395 1431 2429 Quia
1454 2395 1499 2422 tali
1522 2399 1600 2430 patre
1618 2394 1737 2430 indigne

108 2438 287 2473 τευσαμενος.

146 2485 282 2518 Ποίησον
305 2499 340 2504 -—
362 2493 431 2513 σου.
460 2486 536 2512 Ἐπεὶ
552 2486 600 2521 τῆς
625 2486 737 2522 πρώτης
763 2486 894 2520 ἐξέπεσον

109 2530 223 2561 τάξεως,
239 2529 354 2561 ἀξίωσόν
372 2539 405 2565 με
422 2531 470 2565 τῆς
487 2531 627 2566 δευτέρας,
644 2533 724 2566 μόνον
741 2532 778 2568 μὴ
798 2541 897 2559 παντε-

109 2575 163 2606 λῶς
171 2575 326 2610 ἀπορρἱψῃς
341 2583 385 2610 με.
397 2577 590 2612 Δυσωπητικὸς
599 2578 614 2603 ό
623 2578 711 2612 λόγος,
721 2579 768 2605 καὶ
782 2579 896 2614 καρδίας

110 2622 247 2657 πατρικῆς
262 2621 425 2657 ἁπτόμενος.

949 2446 1127 2469 οοηνειιεαιυε
1143 2449 1215 2469 sum.

982 2487 1061 2515 Vers.
1092 2487 1137 2514 £9.
1163 2487 1217 2514 Fac
1237 2501 1270 2508 ——
1289 2487 1350 2513 tuis.
1377 2486 1415 2513 Ex
1440 2493 1495 2521 quo
1524 2485 1611 2521 primo
1641 2484 1737 2511 ordine

949 2533 1048 2565 excidi,
1059 2533 1172 2568 dignare
1182 2541 1224 2561 me
1235 2534 1278 2561 vel
1290 2534 1410 2562 secundo
1423 2541 1430 2559 :
1453 2537 1570 2564 tantum,
1582 2539 1616 2558 ne
1628 2530 1738 2566 penitus

949 2579 1064 2614 abjicias
1080 2587 1134 2607 me.
1148 2580 1293 2607 Plaeabilis
1305 2584 1349 2607 est
1364 2587 1466 2611 sermo,
1484 2583 1513 2605 et
1530 2585 1579 2605 cor
1600 2576 1738 2612 attingens

950 2630 1106 2660 paternum.

683 2701 784 2733 Variae
805 2702 956 2734 lectiones
978 2707 1009 2734 et
1031 2707 1127 2734 nolle.

147 2781 203 2817 (78)
220 2779 265 2813 Ὠς
284 2782 372 2809 abest.
389 2781 422 2809 A.

147 2817 202 2853 (79)
219 2817 342 2853 ῌοοῦμεν
359 2819 467 2845 videtur
489 2817 626 2845 invenisse
641 2818 803 2845 Hentcnius.

148 2851 204 2888 (80)
221 2851 269 2880 llic
283 2851 448 2889 ctdeinceps
465 2853 619 2882 llentenius
639 2861 674 2881 ex
702 2855 823 2890 margine
848 2855 891 2882 sui

946 2784 1050 2812 codicis
1075 2784 1199 2811 breviora
1211 2784 1301 2811 crucis
1326 2784 1403 2818 signo
1427 2783 1587 2818 inculcavit,
1614 2791 1676 2819 quae
1704 2783 1733 2811 in

946 2824 1044 2847 neutro
1053 2827 1175 2847 meorum
1189 2820 1327 2854 leguntur.
