  <div class='ocr_page' id='page_1' title='image "/cluster/home/n/w/nwhite01/storage/ocr_20150623/129/njp.32101077773065/543.png"; bbox 0 0 1927 3074; ppageno 0'>
   <div class='ocr_carea' id='block_1_1' title="bbox 185 103 254 136">
    <p class='ocr_par' dir='ltr' id='par_1_1' title="bbox 185 103 254 136">
     <span class='ocr_line' id='line_1_1' title="bbox 185 103 254 136; baseline 0 0"><span class='ocrx_word' id='word_1_1' title='bbox 185 103 254 136; x_wconf 81' lang='grc'><strong>1027</strong></span> 
     </span>
    </p>
   </div>
   <div class='ocr_carea' id='block_1_2' title="bbox 807 100 1204 134">
    <p class='ocr_par' dir='ltr' id='par_1_2' title="bbox 807 100 1204 134">
     <span class='ocr_line' id='line_1_2' title="bbox 807 100 1204 134; baseline -0.003 -2"><span class='ocrx_word' id='word_1_2' title='bbox 807 101 997 133; x_wconf 81' lang='lat' dir='ltr'><strong>EUTHYMII</strong></span> <span class='ocrx_word' id='word_1_3' title='bbox 1020 100 1204 134; x_wconf 67' lang='lat' dir='ltr'><strong>ZIGABENI</strong></span> 
     </span>
    </p>
   </div>
   <div class='ocr_carea' id='block_1_3' title="bbox 1754 98 1828 131">
    <p class='ocr_par' dir='ltr' id='par_1_3' title="bbox 1754 98 1828 131">
     <span class='ocr_line' id='line_1_3' title="bbox 1754 98 1828 131; baseline 0 -1"><span class='ocrx_word' id='word_1_4' title='bbox 1754 98 1828 131; x_wconf 79' lang='lat'><strong>1023</strong></span> 
     </span>
    </p>
   </div>
   <div class='ocr_carea' id='block_1_4' title="bbox 216 157 1828 197">
    <p class='ocr_par' dir='ltr' id='par_1_4' title="bbox 216 157 1828 197">
     <span class='ocr_line' id='line_1_4' title="bbox 216 157 1828 197; baseline -0.002 -9"><span class='ocrx_word' id='word_1_5' title='bbox 216 160 236 197; x_wconf 68' lang='grc' dir='ltr'><strong>-ι-</strong></span> <span class='ocrx_word' id='word_1_6' title='bbox 250 159 307 188; x_wconf 82' lang='lat' dir='ltr'><strong>[loc</strong></span> <span class='ocrx_word' id='word_1_7' title='bbox 321 163 375 192; x_wconf 89' lang='lat' dir='ltr'><strong>est,</strong></span> <span class='ocrx_word' id='word_1_8' title='bbox 394 166 428 187; x_wconf 90' lang='lat' dir='ltr'><strong>ne</strong></span> <span class='ocrx_word' id='word_1_9' title='bbox 441 167 485 187; x_wconf 92' lang='lat' dir='ltr'><strong>me</strong></span> <span class='ocrx_word' id='word_1_10' title='bbox 499 159 533 187; x_wconf 80' lang='lat' dir='ltr'><strong>ab</strong></span> <span class='ocrx_word' id='word_1_11' title='bbox 548 159 619 186; x_wconf 87' lang='lat' dir='ltr'><strong>atrio</strong></span> <span class='ocrx_word' id='word_1_12' title='bbox 642 162 689 186; x_wconf 83' lang='lat' dir='ltr'><strong>tuo</strong></span> <span class='ocrx_word' id='word_1_13' title='bbox 702 157 833 193; x_wconf 58' lang='lat' dir='ltr'><strong>expellas,</strong></span> <span class='ocrx_word' id='word_1_14' title='bbox 851 158 975 191; x_wconf 82' lang='lat' dir='ltr'><strong>Domine,</strong></span> <span class='ocrx_word' id='word_1_15' title='bbox 996 166 1031 188; x_wconf 84' lang='lat' dir='ltr'><strong>ne</strong></span> <span class='ocrx_word' id='word_1_16' title='bbox 1049 159 1192 187; x_wconf 79' lang='lat' dir='ltr'><strong>inventum</strong></span> <span class='ocrx_word' id='word_1_17' title='bbox 1214 166 1259 187; x_wconf 87' lang='lat' dir='ltr'><strong>me</strong></span> <span class='ocrx_word' id='word_1_18' title='bbox 1282 165 1392 186; x_wconf 87' lang='lat' dir='ltr'><strong>rursum</strong></span> <span class='ocrx_word' id='word_1_19' title='bbox 1415 163 1567 191; x_wconf 72' lang='lat' dir='ltr'><strong>errantem,</strong></span> <span class='ocrx_word' id='word_1_20' title='bbox 1601 157 1728 186; x_wconf 88' lang='lat' dir='ltr'><strong>inimicus</strong></span> <span class='ocrx_word' id='word_1_21' title='bbox 1765 163 1828 185; x_wconf 90' lang='lat' dir='ltr'><strong>tan-</strong></span> 
     </span>
    </p>
   </div>
   <div class='ocr_carea' id='block_1_5' title="bbox 178 207 559 243">
    <p class='ocr_par' dir='ltr' id='par_1_5' title="bbox 178 207 559 243">
     <span class='ocr_line' id='line_1_5' title="bbox 178 207 559 243; baseline 0 -8"><span class='ocrx_word' id='word_1_22' title='bbox 178 217 260 243; x_wconf 82' lang='lat' dir='ltr'><strong>quam</strong></span> <span class='ocrx_word' id='word_1_23' title='bbox 276 208 414 243; x_wconf 88' lang='lat' dir='ltr'><strong>captivum</strong></span> <span class='ocrx_word' id='word_1_24' title='bbox 431 207 559 235; x_wconf 84' lang='lat' dir='ltr'><strong>abducat.</strong></span> 
     </span>
    </p>
   </div>
   <div class='ocr_carea' id='block_1_6' title="bbox 211 246 970 286">
    <p class='ocr_par' dir='ltr' id='par_1_6' title="bbox 211 252 970 285">
     <span class='ocr_line' id='line_1_6' title="bbox 211 252 970 285; baseline -0.005 -3"><span class='ocrx_word' id='word_1_25' title='bbox 211 255 288 283; x_wconf 82' lang='lat' dir='ltr'><strong>Vers.</strong></span> <span class='ocrx_word' id='word_1_26' title='bbox 304 255 349 281; x_wconf 74' lang='lat'><strong>9.0.</strong></span> <span class='ocrx_word' id='word_1_27' title='bbox 364 253 398 280; x_wconf 75' lang='lat' dir='ltr'><strong>Et</strong></span> <span class='ocrx_word' id='word_1_28' title='bbox 416 267 452 272; x_wconf 94' lang='lat'>—</span> <span class='ocrx_word' id='word_1_29' title='bbox 470 261 557 279; x_wconf 71' lang='lat' dir='ltr'><strong>suum.</strong></span> <span class='ocrx_word' id='word_1_30' title='bbox 571 267 606 272; x_wconf 88' lang='lat'><strong>—</strong></span> <span class='ocrx_word' id='word_1_31' title='bbox 617 252 700 285; x_wconf 65' lang='lat' dir='ltr'><strong>Venit,</strong></span> <span class='ocrx_word' id='word_1_32' title='bbox 713 253 764 280; x_wconf 91' lang='lat' dir='ltr'><strong>hoc</strong></span> <span class='ocrx_word' id='word_1_33' title='bbox 781 256 833 285; x_wconf 87' lang='lat' dir='ltr'><strong>est,</strong></span> <span class='ocrx_word' id='word_1_34' title='bbox 849 252 970 280; x_wconf 84' lang='lat' dir='ltr'><strong>veniebal</strong></span> 
     </span>
    </p>
   </div>
   <div class='ocr_carea' id='block_1_7' title="bbox 1036 246 1829 286">
    <p class='ocr_par' dir='ltr' id='par_1_7' title="bbox 1064 246 1829 286">
     <span class='ocr_line' id='line_1_7' title="bbox 1064 246 1829 286; baseline -0.003 -9"><span class='ocrx_word' id='word_1_35' title='bbox 1064 250 1161 278; x_wconf 67' lang='grc' dir='ltr'><strong>Καὶ-</strong></span> <span class='ocrx_word' id='word_1_36' title='bbox 1175 249 1281 277; x_wconf 80' lang='grc' dir='ltr'>αὐτοῦ.</span> <span class='ocrx_word' id='word_1_37' title='bbox 1294 246 1420 282; x_wconf 79' lang='grc' dir='ltr'>ἿΙλθεν,</span> <span class='ocrx_word' id='word_1_38' title='bbox 1433 249 1494 276; x_wconf 74' lang='grc' dir='ltr'>ἀντὶ</span> <span class='ocrx_word' id='word_1_39' title='bbox 1507 248 1566 282; x_wconf 75' lang='grc' dir='ltr'>τοῦ,</span> <span class='ocrx_word' id='word_1_40' title='bbox 1582 249 1712 284; x_wconf 79' lang='grc' dir='ltr'>Ἤρχετο,</span> <span class='ocrx_word' id='word_1_41' title='bbox 1722 249 1829 286; x_wconf 75' lang='grc' dir='ltr'><strong>θαρρῄ-</strong></span> 
     </span>
    </p>
   </div>
   <div class='ocr_carea' id='block_1_8' title="bbox 179 297 979 335">
    <p class='ocr_par' dir='ltr' id='par_1_8' title="bbox 179 297 979 335">
     <span class='ocr_line' id='line_1_8' title="bbox 179 297 979 335; baseline -0.005 -7"><span class='ocrx_word' id='word_1_42' title='bbox 179 306 287 335; x_wconf 83' lang='lat' dir='ltr'><strong>sumpta</strong></span> <span class='ocrx_word' id='word_1_43' title='bbox 314 300 413 326; x_wconf 73' lang='lat' dir='ltr'><strong>ﬁducia</strong></span> <span class='ocrx_word' id='word_1_44' title='bbox 437 298 471 325; x_wconf 87' lang='lat' dir='ltr'><strong>de</strong></span> <span class='ocrx_word' id='word_1_45' title='bbox 494 298 568 325; x_wconf 89' lang='lat' dir='ltr'><strong>illius</strong></span> <span class='ocrx_word' id='word_1_46' title='bbox 596 298 811 331; x_wconf 82' lang='lat' dir='ltr'><strong>misericordia;</strong></span> <span class='ocrx_word' id='word_1_47' title='bbox 832 297 979 332; x_wconf 82' lang='lat' dir='ltr'><strong>oportebat</strong></span> 
     </span>
    </p>
   </div>
   <div class='ocr_carea' id='block_1_9' title="bbox 177 344 980 380">
    <p class='ocr_par' dir='ltr' id='par_1_9' title="bbox 177 344 980 380">
     <span class='ocr_line' id='line_1_9' title="bbox 177 344 980 380; baseline -0.004 -6"><span class='ocrx_word' id='word_1_48' title='bbox 177 349 250 374; x_wconf 89' lang='lat' dir='ltr'><strong>enim</strong></span> <span class='ocrx_word' id='word_1_49' title='bbox 266 354 319 372; x_wconf 92' lang='lat' dir='ltr'><strong>non</strong></span> <span class='ocrx_word' id='word_1_50' title='bbox 332 345 421 372; x_wconf 83' lang='lat' dir='ltr'><strong>solum</strong></span> <span class='ocrx_word' id='word_1_51' title='bbox 437 345 508 372; x_wconf 84' lang='lat' dir='ltr'><strong>bene</strong></span> <span class='ocrx_word' id='word_1_52' title='bbox 522 344 602 378; x_wconf 85' lang='lat' dir='ltr'><strong>velle,</strong></span> <span class='ocrx_word' id='word_1_53' title='bbox 618 345 667 373; x_wconf 89' lang='lat' dir='ltr'><strong>sed</strong></span> <span class='ocrx_word' id='word_1_54' title='bbox 686 349 714 372; x_wconf 87' lang='lat' dir='ltr'><strong>et</strong></span> <span class='ocrx_word' id='word_1_55' title='bbox 728 352 789 380; x_wconf 65' lang='lat' dir='ltr'><strong>qua:</strong></span> <span class='ocrx_word' id='word_1_56' title='bbox 805 345 900 372; x_wconf 89' lang='lat' dir='ltr'><strong>animo</strong></span> <span class='ocrx_word' id='word_1_57' title='bbox 913 352 980 371; x_wconf 90' lang='lat' dir='ltr'><strong>con-</strong></span> 
     </span>
    </p>
   </div>
   <div class='ocr_carea' id='block_1_10' title="bbox 179 391 475 426">
    <p class='ocr_par' dir='ltr' id='par_1_10' title="bbox 179 391 475 426">
     <span class='ocr_line' id='line_1_10' title="bbox 179 391 475 426; baseline -0.01 -6"><span class='ocrx_word' id='word_1_58' title='bbox 179 398 257 426; x_wconf 77' lang='lat' dir='ltr'><strong>cepta</strong></span> <span class='ocrx_word' id='word_1_59' title='bbox 274 397 338 418; x_wconf 89' lang='lat' dir='ltr'><strong>sunt</strong></span> <span class='ocrx_word' id='word_1_60' title='bbox 353 391 475 425; x_wconf 85' lang='lat' dir='ltr'><strong>operari.</strong></span> 
     </span>
    </p>
   </div>
   <div class='ocr_carea' id='block_1_11' title="bbox 200 430 980 471">
    <p class='ocr_par' dir='ltr' id='par_1_11' title="bbox 200 430 980 471">
     <span class='ocr_line' id='line_1_11' title="bbox 200 430 980 471; baseline -0.003 -7"><span class='ocrx_word' id='word_1_61' title='bbox 200 430 294 464; x_wconf 54' lang='grc' dir='ltr'>’νοτε</span> <span class='ocrx_word' id='word_1_62' title='bbox 317 436 362 463; x_wconf 70' lang='lat' dir='ltr'><strong>2t).</strong></span> <span class='ocrx_word' id='word_1_63' title='bbox 392 435 460 462; x_wconf 86' lang='lat' dir='ltr'><strong>Cum</strong></span> <span class='ocrx_word' id='word_1_64' title='bbox 477 452 509 456; x_wconf 94' lang='lat'><strong><em>—</em></strong></span> <span class='ocrx_word' id='word_1_65' title='bbox 525 436 593 471; x_wconf 82' lang='lat' dir='ltr'><strong>ejus.</strong></span> <span class='ocrx_word' id='word_1_66' title='bbox 620 435 643 463; x_wconf 88' lang='grc' dir='ltr'>Ο</span> <span class='ocrx_word' id='word_1_67' title='bbox 666 437 756 464; x_wconf 84' lang='lat' dir='ltr'><strong>visum</strong></span> <span class='ocrx_word' id='word_1_68' title='bbox 784 435 980 471; x_wconf 85' lang='lat' dir='ltr'><strong>eompatientis</strong></span> 
     </span>
    </p>
   </div>
   <div class='ocr_carea' id='block_1_12' title="bbox 177 482 979 517">
    <p class='ocr_par' dir='ltr' id='par_1_12' title="bbox 177 482 979 517">
     <span class='ocr_line' id='line_1_12' title="bbox 177 482 979 517; baseline -0.002 -8"><span class='ocrx_word' id='word_1_69' title='bbox 177 483 384 510; x_wconf 72' lang='lat' dir='ltr'><strong>acutissimum!</strong></span> <span class='ocrx_word' id='word_1_70' title='bbox 404 482 491 510; x_wconf 84' lang='lat' dir='ltr'><strong>Simul</strong></span> <span class='ocrx_word' id='word_1_71' title='bbox 513 487 543 509; x_wconf 91' lang='lat' dir='ltr'><strong>ut</strong></span> <span class='ocrx_word' id='word_1_72' title='bbox 559 483 622 517; x_wconf 86' lang='lat' dir='ltr'><strong>quis</strong></span> <span class='ocrx_word' id='word_1_73' title='bbox 641 483 804 517; x_wconf 84' lang='lat' dir='ltr'><strong>resipiscere</strong></span> <span class='ocrx_word' id='word_1_74' title='bbox 830 482 859 509; x_wconf 90' lang='lat' dir='ltr'><strong>in</strong></span> <span class='ocrx_word' id='word_1_75' title='bbox 886 482 979 508; x_wconf 84' lang='lat' dir='ltr'><strong>animo</strong></span> 
     </span>
    </p>
   </div>
   <div class='ocr_carea' id='block_1_13' title="bbox 177 528 978 564">
    <p class='ocr_par' dir='ltr' id='par_1_13' title="bbox 177 528 978 564">
     <span class='ocr_line' id='line_1_13' title="bbox 177 528 978 564; baseline -0.002 -8"><span class='ocrx_word' id='word_1_76' title='bbox 177 529 318 564; x_wconf 48' lang='lat' dir='ltr'><strong>cogit-Hii,</strong></span> <span class='ocrx_word' id='word_1_77' title='bbox 350 529 424 556; x_wconf 85' lang='lat' dir='ltr'><strong>hunc</strong></span> <span class='ocrx_word' id='word_1_78' title='bbox 453 529 538 556; x_wconf 85' lang='lat' dir='ltr'><strong>etiam</strong></span> <span class='ocrx_word' id='word_1_79' title='bbox 566 529 649 556; x_wconf 86' lang='lat' dir='ltr'><strong>simul</strong></span> <span class='ocrx_word' id='word_1_80' title='bbox 670 529 730 563; x_wconf 90' lang='lat' dir='ltr'><strong>ipse</strong></span> <span class='ocrx_word' id='word_1_81' title='bbox 755 528 836 561; x_wconf 81' lang='lat' dir='ltr'><strong>vidit,</strong></span> <span class='ocrx_word' id='word_1_82' title='bbox 864 532 978 563; x_wconf 85' lang='lat' dir='ltr'><strong>paratus</strong></span> 
     </span>
    </p>
   </div>
   <div class='ocr_carea' id='block_1_14' title="bbox 177 575 978 610">
    <p class='ocr_par' dir='ltr' id='par_1_14' title="bbox 177 575 978 610">
     <span class='ocr_line' id='line_1_14' title="bbox 177 575 978 610; baseline -0.001 -8"><span class='ocrx_word' id='word_1_83' title='bbox 177 583 287 610; x_wconf 75' lang='lat' dir='ltr'><strong>semper</strong></span> <span class='ocrx_word' id='word_1_84' title='bbox 303 575 336 601; x_wconf 86' lang='lat' dir='ltr'><strong>ad</strong></span> <span class='ocrx_word' id='word_1_85' title='bbox 363 582 459 601; x_wconf 91' lang='lat' dir='ltr'><strong>eorum</strong></span> <span class='ocrx_word' id='word_1_86' title='bbox 479 575 525 608; x_wconf 87' lang='lat' dir='ltr'><strong>qui</strong></span> <span class='ocrx_word' id='word_1_87' title='bbox 542 579 744 602; x_wconf 85' lang='lat' dir='ltr'><strong>comertuntur</strong></span> <span class='ocrx_word' id='word_1_88' title='bbox 762 575 978 610; x_wconf 85' lang='lat' dir='ltr'><strong>susceptionem.</strong></span> 
     </span>
    </p>
   </div>
   <div class='ocr_carea' id='block_1_15' title="bbox 176 621 974 657">
    <p class='ocr_par' dir='ltr' id='par_1_15' title="bbox 176 621 974 657">
     <span class='ocr_line' id='line_1_15' title="bbox 176 621 974 657; baseline -0.003 -9"><span class='ocrx_word' id='word_1_89' title='bbox 176 623 249 649; x_wconf 62' lang='lat' dir='ltr'><strong>etab</strong></span> <span class='ocrx_word' id='word_1_90' title='bbox 274 622 388 648; x_wconf 74' lang='lat' dir='ltr'><strong>exordio</strong></span> <span class='ocrx_word' id='word_1_91' title='bbox 417 622 510 649; x_wconf 82' lang='lat' dir='ltr'><strong>statim</strong></span> <span class='ocrx_word' id='word_1_92' title='bbox 539 621 712 655; x_wconf 67' lang='lat' dir='ltr'><strong>paenitentiae</strong></span> <span class='ocrx_word' id='word_1_93' title='bbox 741 621 803 649; x_wconf 86' lang='lat' dir='ltr'><strong>illos</strong></span> <span class='ocrx_word' id='word_1_94' title='bbox 824 622 974 657; x_wconf 83' lang='lat' dir='ltr'><strong>recipiens.</strong></span> 
     </span>
    </p>
   </div>
   <div class='ocr_carea' id='block_1_16' title="bbox 178 667 979 703">
    <p class='ocr_par' dir='ltr' id='par_1_16' title="bbox 178 667 979 703">
     <span class='ocr_line' id='line_1_16' title="bbox 178 667 979 703; baseline 0.001 -9"><span class='ocrx_word' id='word_1_95' title='bbox 178 669 247 694; x_wconf 85' lang='lat' dir='ltr'><strong>llinc</strong></span> <span class='ocrx_word' id='word_1_96' title='bbox 263 675 327 703; x_wconf 78' lang='lat' dir='ltr'><strong>ergo</strong></span> <span class='ocrx_word' id='word_1_97' title='bbox 345 667 475 702; x_wconf 71' lang='lat' dir='ltr'><strong>parabole</strong></span> <span class='ocrx_word' id='word_1_98' title='bbox 488 667 678 695; x_wconf 81' lang='lat' dir='ltr'><strong>incredibilem</strong></span> <span class='ocrx_word' id='word_1_99' title='bbox 694 668 854 698; x_wconf 79' lang='lat' dir='ltr'><strong>manifestat</strong></span> <span class='ocrx_word' id='word_1_100' title='bbox 871 668 979 696; x_wconf 87' lang='lat' dir='ltr'><strong>miseri-</strong></span> 
     </span>
    </p>
   </div>
   <div class='ocr_carea' id='block_1_17' title="bbox 176 714 972 749">
    <p class='ocr_par' dir='ltr' id='par_1_17' title="bbox 176 714 972 749">
     <span class='ocr_line' id='line_1_17' title="bbox 176 714 972 749; baseline 0 -8"><span class='ocrx_word' id='word_1_101' title='bbox 176 715 296 741; x_wconf 79' lang='lat' dir='ltr'><strong>cordiam</strong></span> <span class='ocrx_word' id='word_1_102' title='bbox 309 734 317 747; x_wconf 81' lang='grc'><strong>,</strong></span> <span class='ocrx_word' id='word_1_103' title='bbox 332 722 363 741; x_wconf 82' lang='lat' dir='ltr'><strong>ac</strong></span> <span class='ocrx_word' id='word_1_104' title='bbox 382 714 630 749; x_wconf 82' lang='lat' dir='ltr'><strong>incomparabilem</strong></span> <span class='ocrx_word' id='word_1_105' title='bbox 644 714 766 742; x_wconf 60' lang='lat' dir='ltr'><strong>caelestis</strong></span> <span class='ocrx_word' id='word_1_106' title='bbox 782 714 873 743; x_wconf 82' lang='lat' dir='ltr'><strong>Patris</strong></span> <span class='ocrx_word' id='word_1_107' title='bbox 892 721 972 741; x_wconf 84' lang='lat' dir='ltr'><strong>amo-</strong></span> 
     </span>
    </p>
   </div>
   <div class='ocr_carea' id='block_1_18' title="bbox 177 761 976 796">
    <p class='ocr_par' dir='ltr' id='par_1_18' title="bbox 177 761 976 796">
     <span class='ocr_line' id='line_1_18' title="bbox 177 761 976 796; baseline 0 -9"><span class='ocrx_word' id='word_1_108' title='bbox 177 768 247 791; x_wconf 89' lang='lat' dir='ltr'><strong>rem,</strong></span> <span class='ocrx_word' id='word_1_109' title='bbox 266 767 292 787; x_wconf 83' lang='lat' dir='ltr'><strong>et</strong></span> <span class='ocrx_word' id='word_1_110' title='bbox 307 764 437 794; x_wconf 78' lang='lat' dir='ltr'><strong>quantam</strong></span> <span class='ocrx_word' id='word_1_111' title='bbox 456 761 620 795; x_wconf 80' lang='lat' dir='ltr'><strong>qualemque</strong></span> <span class='ocrx_word' id='word_1_112' title='bbox 640 761 812 788; x_wconf 83' lang='lat' dir='ltr'><strong>demonstret</strong></span> <span class='ocrx_word' id='word_1_113' title='bbox 827 768 891 796; x_wconf 73' lang='lat' dir='ltr'><strong>ergo</strong></span> <span class='ocrx_word' id='word_1_114' title='bbox 914 767 976 793; x_wconf 84' lang='lat' dir='ltr'><strong>eos,</strong></span> 
     </span>
    </p>
   </div>
   <div class='ocr_carea' id='block_1_19' title="bbox 176 805 701 842">
    <p class='ocr_par' dir='ltr' id='par_1_19' title="bbox 176 805 701 842">
     <span class='ocr_line' id='line_1_19' title="bbox 176 805 701 842; baseline 0 -10"><span class='ocrx_word' id='word_1_115' title='bbox 176 806 222 841; x_wconf 86' lang='lat' dir='ltr'><strong>qui</strong></span> <span class='ocrx_word' id='word_1_116' title='bbox 240 811 452 842; x_wconf 65' lang='lat' dir='ltr'><strong>convertuntur,</strong></span> <span class='ocrx_word' id='word_1_117' title='bbox 465 805 701 839; x_wconf 85' lang='lat' dir='ltr'><strong>compassionem.</strong></span> 
     </span>
    </p>
   </div>
   <div class='ocr_carea' id='block_1_20' title="bbox 213 851 977 879">
    <p class='ocr_par' dir='ltr' id='par_1_20' title="bbox 213 851 977 879">
     <span class='ocr_line' id='line_1_20' title="bbox 213 851 977 879; baseline 0 -1"><span class='ocrx_word' id='word_1_118' title='bbox 213 852 289 879; x_wconf 82' lang='lat' dir='ltr'><strong>Vers.</strong></span> <span class='ocrx_word' id='word_1_119' title='bbox 305 852 348 878; x_wconf 64' lang='grc' dir='ltr'><strong>ΞΟ.</strong></span> <span class='ocrx_word' id='word_1_120' title='bbox 366 852 402 878; x_wconf 75' lang='lat' dir='ltr'><strong>Ac</strong></span> <span class='ocrx_word' id='word_1_121' title='bbox 422 851 606 878; x_wconf 78' lang='lat' dir='ltr'><strong>misericordia</strong></span> <span class='ocrx_word' id='word_1_122' title='bbox 625 856 710 878; x_wconf 83' lang='lat' dir='ltr'><strong>motus</strong></span> <span class='ocrx_word' id='word_1_123' title='bbox 723 857 772 879; x_wconf 70' lang='lat' dir='ltr'><strong>est.</strong></span> <span class='ocrx_word' id='word_1_124' title='bbox 798 851 879 879; x_wconf 83' lang='lat' dir='ltr'><strong>Pater</strong></span> <span class='ocrx_word' id='word_1_125' title='bbox 902 852 977 879; x_wconf 87' lang='lat' dir='ltr'><strong>enim</strong></span> 
     </span>
    </p>
   </div>
   <div class='ocr_carea' id='block_1_21' title="bbox 176 894 978 930">
    <p class='ocr_par' dir='ltr' id='par_1_21' title="bbox 176 894 978 930">
     <span class='ocr_line' id='line_1_21' title="bbox 176 894 978 930; baseline -0.001 -5"><span class='ocrx_word' id='word_1_126' title='bbox 176 902 236 925; x_wconf 76' lang='lat' dir='ltr'><strong>erat</strong></span> <span class='ocrx_word' id='word_1_127' title='bbox 253 906 260 930; x_wconf 84' lang='grc'><strong>;</strong></span> <span class='ocrx_word' id='word_1_128' title='bbox 282 905 332 924; x_wconf 85' lang='lat' dir='ltr'><strong>nec</strong></span> <span class='ocrx_word' id='word_1_129' title='bbox 348 897 374 924; x_wconf 88' lang='lat' dir='ltr'><strong>id</strong></span> <span class='ocrx_word' id='word_1_130' title='bbox 387 902 506 930; x_wconf 81' lang='lat' dir='ltr'><strong>tantum,</strong></span> <span class='ocrx_word' id='word_1_131' title='bbox 520 898 568 925; x_wconf 89' lang='lat' dir='ltr'><strong>sed</strong></span> <span class='ocrx_word' id='word_1_132' title='bbox 584 902 613 924; x_wconf 85' lang='lat' dir='ltr'><strong>et</strong></span> <span class='ocrx_word' id='word_1_133' title='bbox 629 897 701 925; x_wconf 85' lang='lat' dir='ltr'><strong>Deus</strong></span> <span class='ocrx_word' id='word_1_134' title='bbox 717 897 924 925; x_wconf 50' lang='lat' dir='ltr'><strong>misericordiae.</strong></span> <span class='ocrx_word' id='word_1_135' title='bbox 970 894 978 898; x_wconf 74' lang='grc'><em>“</em></span> 
     </span>
    </p>
   </div>
   <div class='ocr_carea' id='block_1_22' title="bbox 1033 294 1827 331">
    <p class='ocr_par' dir='ltr' id='par_1_22' title="bbox 1033 294 1827 331">
     <span class='ocr_line' id='line_1_22' title="bbox 1033 294 1827 331; baseline -0.001 -8"><span class='ocrx_word' id='word_1_136' title='bbox 1033 305 1082 328; x_wconf 85' lang='grc' dir='ltr'><strong>σας</strong></span> <span class='ocrx_word' id='word_1_137' title='bbox 1097 297 1152 329; x_wconf 78' lang='grc' dir='ltr'>τοῖς</span> <span class='ocrx_word' id='word_1_138' title='bbox 1169 295 1250 323; x_wconf 69' lang='grc' dir='ltr'>αὑτοῦ</span> <span class='ocrx_word' id='word_1_139' title='bbox 1266 295 1443 330; x_wconf 83' lang='grc' dir='ltr'><strong>σπλάγχνοις.</strong></span> <span class='ocrx_word' id='word_1_140' title='bbox 1466 294 1527 330; x_wconf 87' lang='grc' dir='ltr'><strong>Χρὴ</strong></span> <span class='ocrx_word' id='word_1_141' title='bbox 1541 296 1596 330; x_wconf 67' lang='grc' dir='ltr'><strong>γὰρ</strong></span> <span class='ocrx_word' id='word_1_142' title='bbox 1614 296 1650 330; x_wconf 89' lang='grc' dir='ltr'>μὴ</span> <span class='ocrx_word' id='word_1_143' title='bbox 1668 295 1748 330; x_wconf 82' lang='grc' dir='ltr'>μόνον</span> <span class='ocrx_word' id='word_1_144' title='bbox 1763 296 1827 331; x_wconf 74' lang='grc' dir='ltr'><strong>βου-</strong></span> 
     </span>
    </p>
   </div>
   <div class='ocr_carea' id='block_1_23' title="bbox 1031 340 1827 377">
    <p class='ocr_par' dir='ltr' id='par_1_23' title="bbox 1031 340 1827 377">
     <span class='ocr_line' id='line_1_23' title="bbox 1031 340 1827 377; baseline 0 -8"><span class='ocrx_word' id='word_1_145' title='bbox 1031 342 1158 369; x_wconf 81' lang='grc' dir='ltr'>λεύεσθαι</span> <span class='ocrx_word' id='word_1_146' title='bbox 1184 342 1285 374; x_wconf 84' lang='grc' dir='ltr'>καλῶς,</span> <span class='ocrx_word' id='word_1_147' title='bbox 1308 341 1377 368; x_wconf 81' lang='grc' dir='ltr'>ἀλλὰ</span> <span class='ocrx_word' id='word_1_148' title='bbox 1403 341 1450 368; x_wconf 82' lang='grc' dir='ltr'>καὶ</span> <span class='ocrx_word' id='word_1_149' title='bbox 1476 342 1607 377; x_wconf 80' lang='grc' dir='ltr'>πράττειν</span> <span class='ocrx_word' id='word_1_150' title='bbox 1624 341 1658 367; x_wconf 85' lang='grc' dir='ltr'><strong>τὰ</strong></span> <span class='ocrx_word' id='word_1_151' title='bbox 1682 340 1827 376; x_wconf 75' lang='grc' dir='ltr'>βεϐουλευ-</span> 
     </span>
    </p>
   </div>
   <div class='ocr_carea' id='block_1_24' title="bbox 1032 389 1111 424">
    <p class='ocr_par' dir='ltr' id='par_1_24' title="bbox 1032 389 1111 424">
     <span class='ocr_line' id='line_1_24' title="bbox 1032 389 1111 424; baseline 0 -9"><span class='ocrx_word' id='word_1_152' title='bbox 1032 389 1111 424; x_wconf 79' lang='grc' dir='ltr'>μένα.</span> 
     </span>
    </p>
   </div>
   <div class='ocr_carea' id='block_1_25' title="bbox 1069 433 1824 469">
    <p class='ocr_par' dir='ltr' id='par_1_25' title="bbox 1069 433 1824 469">
     <span class='ocr_line' id='line_1_25' title="bbox 1069 433 1824 469; baseline 0 -7"><span class='ocrx_word' id='word_1_153' title='bbox 1069 435 1135 463; x_wconf 85' lang='grc' dir='ltr'><strong>Ἔτι</strong></span> <span class='ocrx_word' id='word_1_154' title='bbox 1153 449 1188 454; x_wconf 89' lang='lat'><strong>—</strong></span> <span class='ocrx_word' id='word_1_155' title='bbox 1209 433 1315 462; x_wconf 79' lang='grc' dir='ltr'>αὐτοῦ.</span> <span class='ocrx_word' id='word_1_156' title='bbox 1345 434 1379 461; x_wconf 89' lang='grc' dir='ltr'><strong>Ὢ</strong></span> <span class='ocrx_word' id='word_1_157' title='bbox 1404 434 1638 469; x_wconf 70' lang='grc' dir='ltr'>συμπαθεστὸπης</span> <span class='ocrx_word' id='word_1_158' title='bbox 1669 434 1824 467; x_wconf 52' lang='lat' dir='ltr'><strong>dicunt“!</strong></span> 
     </span>
    </p>
   </div>
   <div class='ocr_carea' id='block_1_26' title="bbox 1031 480 1826 516">
    <p class='ocr_par' dir='ltr' id='par_1_26' title="bbox 1031 480 1826 516">
     <span class='ocr_line' id='line_1_26' title="bbox 1031 480 1826 516; baseline 0.003 -9"><span class='ocrx_word' id='word_1_159' title='bbox 1031 480 1109 515; x_wconf 85' lang='grc' dir='ltr'>’Ἀμα</span> <span class='ocrx_word' id='word_1_160' title='bbox 1131 489 1174 512; x_wconf 85' lang='grc' dir='ltr'><strong>τις</strong></span> <span class='ocrx_word' id='word_1_161' title='bbox 1187 480 1345 516; x_wconf 76' lang='grc' dir='ltr'><strong>ἐνεθυμήθη</strong></span> <span class='ocrx_word' id='word_1_162' title='bbox 1371 482 1551 515; x_wconf 77' lang='grc' dir='ltr'><strong>μετανοῆσαι,</strong></span> <span class='ocrx_word' id='word_1_163' title='bbox 1574 483 1621 508; x_wconf 83' lang='grc' dir='ltr'>καὶ</span> <span class='ocrx_word' id='word_1_164' title='bbox 1647 482 1707 516; x_wconf 77' lang='grc' dir='ltr'>ἅμα</span> <span class='ocrx_word' id='word_1_165' title='bbox 1732 482 1826 509; x_wconf 75' lang='grc' dir='ltr'>τοῦτον</span> 
     </span>
    </p>
   </div>
   <div class='ocr_carea' id='block_1_27' title="bbox 1029 524 1826 564">
    <p class='ocr_par' dir='ltr' id='par_1_27' title="bbox 1029 524 1826 564">
     <span class='ocr_line' id='line_1_27' title="bbox 1029 524 1826 564; baseline 0.003 -11"><span class='ocrx_word' id='word_1_166' title='bbox 1029 524 1099 553; x_wconf 72' lang='grc' dir='ltr'>εἶδεν</span> <span class='ocrx_word' id='word_1_167' title='bbox 1129 527 1223 558; x_wconf 74' lang='grc' dir='ltr'>αὐτὸς,</span> <span class='ocrx_word' id='word_1_168' title='bbox 1251 527 1360 562; x_wconf 74' lang='grc' dir='ltr'>ἕτοιμος</span> <span class='ocrx_word' id='word_1_169' title='bbox 1383 526 1420 554; x_wconf 84' lang='grc' dir='ltr'><strong>ὢν</strong></span> <span class='ocrx_word' id='word_1_170' title='bbox 1448 527 1492 553; x_wconf 82' lang='grc' dir='ltr'><strong>ἀεὶ</strong></span> <span class='ocrx_word' id='word_1_171' title='bbox 1520 527 1587 562; x_wconf 78' lang='grc' dir='ltr'>πρὸς</span> <span class='ocrx_word' id='word_1_172' title='bbox 1613 528 1745 564; x_wconf 75' lang='grc' dir='ltr'>ὑποδοχὴν</span> <span class='ocrx_word' id='word_1_173' title='bbox 1770 529 1826 555; x_wconf 82' lang='grc' dir='ltr'><strong>τῶν</strong></span> 
     </span>
    </p>
   </div>
   <div class='ocr_carea' id='block_1_28' title="bbox 1029 573 1825 610">
    <p class='ocr_par' dir='ltr' id='par_1_28' title="bbox 1029 573 1825 610">
     <span class='ocr_line' id='line_1_28' title="bbox 1029 573 1825 610; baseline 0.005 -12"><span class='ocrx_word' id='word_1_174' title='bbox 1029 573 1260 608; x_wconf 71' lang='grc' dir='ltr'>ἐπιστρεφόντων,</span> <span class='ocrx_word' id='word_1_175' title='bbox 1278 574 1325 600; x_wconf 77' lang='grc' dir='ltr'>καὶ</span> <span class='ocrx_word' id='word_1_176' title='bbox 1343 573 1423 604; x_wconf 77' lang='grc' dir='ltr'>εὐθὺς</span> <span class='ocrx_word' id='word_1_177' title='bbox 1441 575 1472 600; x_wconf 74' lang='grc' dir='ltr'>ἐκ</span> <span class='ocrx_word' id='word_1_178' title='bbox 1491 575 1642 610; x_wconf 77' lang='grc' dir='ltr'><strong>προοιμίων</strong></span> <span class='ocrx_word' id='word_1_179' title='bbox 1665 576 1714 610; x_wconf 83' lang='grc' dir='ltr'>τῆς</span> <span class='ocrx_word' id='word_1_180' title='bbox 1741 584 1825 610; x_wconf 79' lang='grc' dir='ltr'>μετα-</span> 
     </span>
    </p>
   </div>
   <div class='ocr_carea' id='block_1_29' title="bbox 1031 619 1825 656">
    <p class='ocr_par' dir='ltr' id='par_1_29' title="bbox 1031 619 1825 656">
     <span class='ocr_line' id='line_1_29' title="bbox 1031 619 1825 656; baseline 0.004 -11"><span class='ocrx_word' id='word_1_181' title='bbox 1031 619 1105 650; x_wconf 80' lang='grc' dir='ltr'>νοίας</span> <span class='ocrx_word' id='word_1_182' title='bbox 1121 619 1389 654; x_wconf 75' lang='grc' dir='ltr'>ἀντιλαμϐανόμενος</span> <span class='ocrx_word' id='word_1_183' title='bbox 1405 619 1505 647; x_wconf 79' lang='grc' dir='ltr'>αὐτῶν.</span> <span class='ocrx_word' id='word_1_184' title='bbox 1521 620 1662 648; x_wconf 78' lang='grc' dir='ltr'><strong>Ἐντεῦθεν</strong></span> <span class='ocrx_word' id='word_1_185' title='bbox 1677 620 1723 648; x_wconf 77' lang='grc' dir='ltr'>οὖν</span> <span class='ocrx_word' id='word_1_186' title='bbox 1737 623 1753 656; x_wconf 82' lang='grc' dir='ltr'><strong>ἡ</strong></span> <span class='ocrx_word' id='word_1_187' title='bbox 1770 629 1825 648; x_wconf 83' lang='grc' dir='ltr'>πα·</span> 
     </span>
    </p>
   </div>
   <div class='ocr_carea' id='block_1_30' title="bbox 1031 664 1825 702">
    <p class='ocr_par' dir='ltr' id='par_1_30' title="bbox 1031 664 1825 702">
     <span class='ocr_line' id='line_1_30' title="bbox 1031 664 1825 702; baseline 0.004 -11"><span class='ocrx_word' id='word_1_188' title='bbox 1031 665 1132 699; x_wconf 74' lang='grc' dir='ltr'>ραὸολὴ</span> <span class='ocrx_word' id='word_1_189' title='bbox 1156 665 1312 700; x_wconf 78' lang='grc' dir='ltr'>δημοσιεύει</span> <span class='ocrx_word' id='word_1_190' title='bbox 1325 664 1374 700; x_wconf 86' lang='grc' dir='ltr'><strong>τὴν</strong></span> <span class='ocrx_word' id='word_1_191' title='bbox 1397 666 1602 701; x_wconf 72' lang='grc' dir='ltr'>ἀνυπέρϐλητον</span> <span class='ocrx_word' id='word_1_192' title='bbox 1618 667 1825 702; x_wconf 80' lang='grc' dir='ltr'>εὐσπλαγχνίαν</span> 
     </span>
    </p>
   </div>
   <div class='ocr_carea' id='block_1_31' title="bbox 1029 712 1824 747">
    <p class='ocr_par' dir='ltr' id='par_1_31' title="bbox 1029 712 1824 747">
     <span class='ocr_line' id='line_1_31' title="bbox 1029 712 1824 747; baseline 0.001 -10"><span class='ocrx_word' id='word_1_193' title='bbox 1029 712 1077 738; x_wconf 66' lang='grc' dir='ltr'><strong>καὶ</strong></span> <span class='ocrx_word' id='word_1_194' title='bbox 1093 712 1252 738; x_wconf 76' lang='grc' dir='ltr'><strong>ἀνείκαστον</strong></span> <span class='ocrx_word' id='word_1_195' title='bbox 1269 712 1463 747; x_wconf 75' lang='grc' dir='ltr'><strong>φιλοστοργίαν</strong></span> <span class='ocrx_word' id='word_1_196' title='bbox 1478 712 1525 739; x_wconf 77' lang='grc' dir='ltr'>τοῦ</span> <span class='ocrx_word' id='word_1_197' title='bbox 1552 713 1680 747; x_wconf 76' lang='grc' dir='ltr'>οὐρανίου</span> <span class='ocrx_word' id='word_1_198' title='bbox 1707 713 1824 747; x_wconf 78' lang='grc' dir='ltr'>Πατρὺς,</span> 
     </span>
    </p>
   </div>
   <div class='ocr_carea' id='block_1_32' title="bbox 1029 759 1826 796">
    <p class='ocr_par' dir='ltr' id='par_1_32' title="bbox 1029 759 1826 796">
     <span class='ocr_line' id='line_1_32' title="bbox 1029 759 1826 796; baseline 0.004 -12"><span class='ocrx_word' id='word_1_199' title='bbox 1029 759 1077 785; x_wconf 80' lang='grc' dir='ltr'>καὶ</span> <span class='ocrx_word' id='word_1_200' title='bbox 1091 759 1157 793; x_wconf 81' lang='grc' dir='ltr'>ὅσην</span> <span class='ocrx_word' id='word_1_201' title='bbox 1175 759 1220 785; x_wconf 75' lang='grc' dir='ltr'>καὶ</span> <span class='ocrx_word' id='word_1_202' title='bbox 1242 759 1302 786; x_wconf 79' lang='grc' dir='ltr'>οἵαν</span> <span class='ocrx_word' id='word_1_203' title='bbox 1318 760 1357 791; x_wconf 84' lang='grc' dir='ltr'><strong>είς</strong></span> <span class='ocrx_word' id='word_1_204' title='bbox 1385 759 1448 791; x_wconf 79' lang='grc' dir='ltr'>τοὺς</span> <span class='ocrx_word' id='word_1_205' title='bbox 1475 761 1689 796; x_wconf 70' lang='grc' dir='ltr'><strong>ἐπιστρέφοντας</strong></span> <span class='ocrx_word' id='word_1_206' title='bbox 1714 760 1826 795; x_wconf 80' lang='grc' dir='ltr'>συμπά-</span> 
     </span>
    </p>
   </div>
   <div class='ocr_carea' id='block_1_33' title="bbox 1029 804 1320 831">
    <p class='ocr_par' dir='ltr' id='par_1_33' title="bbox 1029 804 1320 831">
     <span class='ocr_line' id='line_1_33' title="bbox 1029 804 1320 831; baseline -0.003 0"><span class='ocrx_word' id='word_1_207' title='bbox 1029 804 1105 831; x_wconf 76' lang='grc' dir='ltr'>Θειαν</span> <span class='ocrx_word' id='word_1_208' title='bbox 1123 804 1320 831; x_wconf 71' lang='grc' dir='ltr'>ἐπιδείκνυται.</span> 
     </span>
    </p>
   </div>
   <div class='ocr_carea' id='block_1_34' title="bbox 1063 849 1825 886">
    <p class='ocr_par' dir='ltr' id='par_1_34' title="bbox 1063 849 1825 886">
     <span class='ocr_line' id='line_1_34' title="bbox 1063 849 1825 886; baseline -0.001 -8"><span class='ocrx_word' id='word_1_209' title='bbox 1063 850 1118 878; x_wconf 77' lang='lat' dir='ltr'><strong>Kal</strong></span> <span class='ocrx_word' id='word_1_210' title='bbox 1138 850 1380 885; x_wconf 72' lang='grc' dir='ltr'>ἐσπλαγχνίσθη.</span> <span class='ocrx_word' id='word_1_211' title='bbox 1396 851 1491 886; x_wconf 77' lang='grc' dir='ltr'>Πατὴρ</span> <span class='ocrx_word' id='word_1_212' title='bbox 1509 851 1561 886; x_wconf 84' lang='grc' dir='ltr'>γὰρ</span> <span class='ocrx_word' id='word_1_213' title='bbox 1576 849 1678 886; x_wconf 76' lang='grc' dir='ltr'>ἦν,κα“ί</span> <span class='ocrx_word' id='word_1_214' title='bbox 1696 850 1726 878; x_wconf 82' lang='grc' dir='ltr'>οὐ</span> <span class='ocrx_word' id='word_1_215' title='bbox 1741 850 1825 877; x_wconf 73' lang='grc' dir='ltr'>τοῦτο</span> 
     </span>
    </p>
   </div>
   <div class='ocr_carea' id='block_1_35' title="bbox 1031 898 1464 933">
    <p class='ocr_par' dir='ltr' id='par_1_35' title="bbox 1031 898 1464 933">
     <span class='ocr_line' id='line_1_35' title="bbox 1031 898 1464 933; baseline 0.002 -9"><span class='ocrx_word' id='word_1_216' title='bbox 1031 898 1121 933; x_wconf 83' lang='grc' dir='ltr'>μόνον,</span> <span class='ocrx_word' id='word_1_217' title='bbox 1132 898 1200 924; x_wconf 72' lang='grc' dir='ltr'><strong>ἀλλὰ</strong></span> <span class='ocrx_word' id='word_1_218' title='bbox 1215 898 1262 924; x_wconf 75' lang='grc' dir='ltr'>καὶ</span> <span class='ocrx_word' id='word_1_219' title='bbox 1280 899 1347 929; x_wconf 79' lang='grc' dir='ltr'>Θεὸς</span> <span class='ocrx_word' id='word_1_220' title='bbox 1360 899 1464 931; x_wconf 73' lang='grc' dir='ltr'>ἐλέους.</span> 
     </span>
    </p>
   </div>
   <div class='ocr_carea' id='block_1_36' title="bbox 214 943 970 982">
    <p class='ocr_par' dir='ltr' id='par_1_36' title="bbox 214 943 970 980">
     <span class='ocr_line' id='line_1_36' title="bbox 214 943 970 980; baseline 0.003 -11"><span class='ocrx_word' id='word_1_221' title='bbox 214 943 291 970; x_wconf 84' lang='lat' dir='ltr'><strong>Vers.</strong></span> <span class='ocrx_word' id='word_1_222' title='bbox 313 943 358 970; x_wconf 63' lang='grc' dir='ltr'><strong>ΞΟ.</strong></span> <span class='ocrx_word' id='word_1_223' title='bbox 380 943 412 970; x_wconf 84' lang='lat' dir='ltr'><strong>Et</strong></span> <span class='ocrx_word' id='word_1_224' title='bbox 439 959 473 964; x_wconf 90' lang='lat'><strong>——</strong></span> <span class='ocrx_word' id='word_1_225' title='bbox 499 951 569 970; x_wconf 81' lang='lat' dir='ltr'><strong>eum.</strong></span> <span class='ocrx_word' id='word_1_226' title='bbox 594 943 654 971; x_wconf 72' lang='lat' dir='ltr'><strong>Prae</strong></span> <span class='ocrx_word' id='word_1_227' title='bbox 677 944 764 971; x_wconf 90' lang='lat' dir='ltr'><strong>nimio</strong></span> <span class='ocrx_word' id='word_1_228' title='bbox 793 945 893 980; x_wconf 82' lang='lat' dir='ltr'><strong>gaudio</strong></span> <span class='ocrx_word' id='word_1_229' title='bbox 922 952 970 972; x_wconf 80' lang='lat' dir='ltr'><strong>nor</strong></span> 
     </span>
    </p>
   </div>
   <div class='ocr_carea' id='block_1_37' title="bbox 1036 943 1824 982">
    <p class='ocr_par' dir='ltr' id='par_1_37' title="bbox 1066 945 1824 982">
     <span class='ocr_line' id='line_1_37' title="bbox 1066 945 1824 982; baseline 0.004 -12"><span class='ocrx_word' id='word_1_230' title='bbox 1066 945 1123 971; x_wconf 81' lang='grc' dir='ltr'><strong>Καὶ</strong></span> <span class='ocrx_word' id='word_1_231' title='bbox 1140 957 1175 966; x_wconf 81' lang='grc'><strong>--</strong></span> <span class='ocrx_word' id='word_1_232' title='bbox 1190 945 1294 971; x_wconf 79' lang='grc' dir='ltr'>αὐτόν.</span> <span class='ocrx_word' id='word_1_233' title='bbox 1313 945 1382 971; x_wconf 79' lang='grc' dir='ltr'><strong>Ὑπὸ</strong></span> <span class='ocrx_word' id='word_1_234' title='bbox 1396 945 1446 980; x_wconf 86' lang='grc' dir='ltr'>τῆς</span> <span class='ocrx_word' id='word_1_235' title='bbox 1473 945 1544 980; x_wconf 80' lang='grc' dir='ltr'>ἄγαν</span> <span class='ocrx_word' id='word_1_236' title='bbox 1569 947 1759 982; x_wconf 71' lang='grc' dir='ltr'><strong>περιχαρείας,</strong></span> <span class='ocrx_word' id='word_1_237' title='bbox 1770 946 1824 973; x_wconf 76' lang='grc' dir='ltr'>οὒκ</span> 
     </span>
    </p>
   </div>
   <div class='ocr_carea' id='block_1_38' title="bbox 179 989 976 1026">
    <p class='ocr_par' dir='ltr' id='par_1_38' title="bbox 179 989 976 1026">
     <span class='ocr_line' id='line_1_38' title="bbox 179 989 976 1026; baseline 0.001 -10"><span class='ocrx_word' id='word_1_238' title='bbox 179 989 356 1023; x_wconf 77' lang='lat' dir='ltr'><strong>exspectavit</strong></span> <span class='ocrx_word' id='word_1_239' title='bbox 383 993 412 1016; x_wconf 91' lang='lat' dir='ltr'><strong>ut</strong></span> <span class='ocrx_word' id='word_1_240' title='bbox 439 989 485 1017; x_wconf 90' lang='lat' dir='ltr'><strong>ille</strong></span> <span class='ocrx_word' id='word_1_241' title='bbox 511 990 631 1021; x_wconf 85' lang='lat' dir='ltr'><strong>veniret.</strong></span> <span class='ocrx_word' id='word_1_242' title='bbox 662 991 709 1017; x_wconf 89' lang='lat' dir='ltr'><strong>sed</strong></span> <span class='ocrx_word' id='word_1_243' title='bbox 741 991 816 1026; x_wconf 88' lang='lat' dir='ltr'><strong>prius</strong></span> <span class='ocrx_word' id='word_1_244' title='bbox 845 991 976 1023; x_wconf 87' lang='lat' dir='ltr'><strong>occurrit,</strong></span> 
     </span>
    </p>
   </div>
   <div class='ocr_carea' id='block_1_39' title="bbox 177 1035 979 1071">
    <p class='ocr_par' dir='ltr' id='par_1_39' title="bbox 177 1035 979 1071">
     <span class='ocr_line' id='line_1_39' title="bbox 177 1035 979 1071; baseline 0.001 -9"><span class='ocrx_word' id='word_1_245' title='bbox 177 1043 265 1070; x_wconf 80' lang='lat' dir='ltr'><strong>neque</strong></span> <span class='ocrx_word' id='word_1_246' title='bbox 281 1035 306 1062; x_wconf 86' lang='lat' dir='ltr'><strong>id</strong></span> <span class='ocrx_word' id='word_1_247' title='bbox 322 1040 474 1069; x_wconf 83' lang='lat' dir='ltr'><strong>utcunque,</strong></span> <span class='ocrx_word' id='word_1_248' title='bbox 503 1036 552 1063; x_wconf 86' lang='lat' dir='ltr'><strong>sed</strong></span> <span class='ocrx_word' id='word_1_249' title='bbox 579 1040 607 1063; x_wconf 84' lang='lat' dir='ltr'><strong>et</strong></span> <span class='ocrx_word' id='word_1_250' title='bbox 634 1036 765 1068; x_wconf 86' lang='lat' dir='ltr'><strong>accurrit,</strong></span> <span class='ocrx_word' id='word_1_251' title='bbox 793 1041 823 1063; x_wconf 90' lang='lat' dir='ltr'><strong>ut</strong></span> <span class='ocrx_word' id='word_1_252' title='bbox 846 1041 979 1071; x_wconf 83' lang='lat' dir='ltr'><strong>appareat</strong></span> 
     </span>
    </p>
   </div>
   <div class='ocr_carea' id='block_1_40' title="bbox 176 1081 979 1116">
    <p class='ocr_par' dir='ltr' id='par_1_40' title="bbox 176 1081 979 1116">
     <span class='ocr_line' id='line_1_40' title="bbox 176 1081 979 1116; baseline 0.002 -9"><span class='ocrx_word' id='word_1_253' title='bbox 176 1082 277 1108; x_wconf 70' lang='lat' dir='ltr'><strong>umoris</strong></span> <span class='ocrx_word' id='word_1_254' title='bbox 293 1081 483 1114; x_wconf 68' lang='lat' dir='ltr'><strong>vehementia;</strong></span> <span class='ocrx_word' id='word_1_255' title='bbox 503 1087 530 1108; x_wconf 84' lang='lat' dir='ltr'><strong>et</strong></span> <span class='ocrx_word' id='word_1_256' title='bbox 545 1082 601 1108; x_wconf 85' lang='lat' dir='ltr'><strong>ruit</strong></span> <span class='ocrx_word' id='word_1_257' title='bbox 619 1082 646 1109; x_wconf 91' lang='lat' dir='ltr'><strong>in</strong></span> <span class='ocrx_word' id='word_1_258' title='bbox 662 1082 763 1109; x_wconf 90' lang='lat' dir='ltr'><strong>collum</strong></span> <span class='ocrx_word' id='word_1_259' title='bbox 778 1083 850 1116; x_wconf 81' lang='lat' dir='ltr'><strong>ejus,</strong></span> <span class='ocrx_word' id='word_1_260' title='bbox 875 1081 979 1109; x_wconf 85' lang='lat' dir='ltr'><strong>certio-</strong></span> 
     </span>
    </p>
   </div>
   <div class='ocr_carea' id='block_1_41' title="bbox 177 1127 979 1162">
    <p class='ocr_par' dir='ltr' id='par_1_41' title="bbox 177 1127 979 1162">
     <span class='ocr_line' id='line_1_41' title="bbox 177 1127 979 1162; baseline 0.001 -9"><span class='ocrx_word' id='word_1_261' title='bbox 177 1135 234 1153; x_wconf 87' lang='lat' dir='ltr'><strong>rem</strong></span> <span class='ocrx_word' id='word_1_262' title='bbox 258 1134 321 1155; x_wconf 88' lang='lat' dir='ltr'><strong>eum</strong></span> <span class='ocrx_word' id='word_1_263' title='bbox 348 1127 467 1154; x_wconf 84' lang='lat' dir='ltr'><strong>reddens</strong></span> <span class='ocrx_word' id='word_1_264' title='bbox 486 1127 559 1161; x_wconf 91' lang='lat' dir='ltr'><strong>quod</strong></span> <span class='ocrx_word' id='word_1_265' title='bbox 575 1135 658 1154; x_wconf 88' lang='lat' dir='ltr'><strong>omne</strong></span> <span class='ocrx_word' id='word_1_266' title='bbox 675 1132 820 1162; x_wconf 84' lang='lat' dir='ltr'><strong>peccatum</strong></span> <span class='ocrx_word' id='word_1_267' title='bbox 838 1127 877 1154; x_wconf 88' lang='lat' dir='ltr'><strong>illi</strong></span> <span class='ocrx_word' id='word_1_268' title='bbox 894 1128 979 1154; x_wconf 87' lang='lat' dir='ltr'><strong>remi-</strong></span> 
     </span>
    </p>
   </div>
   <div class='ocr_carea' id='block_1_42' title="bbox 175 1171 977 1207">
    <p class='ocr_par' dir='ltr' id='par_1_42' title="bbox 175 1171 977 1207">
     <span class='ocr_line' id='line_1_42' title="bbox 175 1171 977 1207; baseline 0.004 -10"><span class='ocrx_word' id='word_1_269' title='bbox 175 1171 275 1201; x_wconf 82' lang='lat' dir='ltr'><strong>sisset;</strong></span> <span class='ocrx_word' id='word_1_270' title='bbox 296 1176 322 1198; x_wconf 86' lang='lat' dir='ltr'><strong>et</strong></span> <span class='ocrx_word' id='word_1_271' title='bbox 340 1171 481 1198; x_wconf 87' lang='lat' dir='ltr'><strong>osculatus</strong></span> <span class='ocrx_word' id='word_1_272' title='bbox 492 1176 535 1199; x_wconf 85' lang='lat' dir='ltr'><strong>est</strong></span> <span class='ocrx_word' id='word_1_273' title='bbox 552 1179 616 1199; x_wconf 90' lang='lat' dir='ltr'><strong>eum</strong></span> <span class='ocrx_word' id='word_1_274' title='bbox 647 1177 777 1207; x_wconf 75' lang='lat' dir='ltr'><strong>tanquam</strong></span> <span class='ocrx_word' id='word_1_275' title='bbox 789 1173 977 1201; x_wconf 86' lang='lat' dir='ltr'><strong>desideratum</strong></span> 
     </span>
    </p>
   </div>
   <div class='ocr_carea' id='block_1_43' title="bbox 176 1216 979 1252">
    <p class='ocr_par' dir='ltr' id='par_1_43' title="bbox 176 1216 979 1252">
     <span class='ocr_line' id='line_1_43' title="bbox 176 1216 979 1252; baseline 0.005 -9"><span class='ocrx_word' id='word_1_276' title='bbox 176 1216 271 1248; x_wconf 86' lang='lat' dir='ltr'><strong>tilium,</strong></span> <span class='ocrx_word' id='word_1_277' title='bbox 287 1217 332 1251; x_wconf 86' lang='lat' dir='ltr'><strong>qui</strong></span> <span class='ocrx_word' id='word_1_278' title='bbox 354 1218 487 1252; x_wconf 77' lang='lat' dir='ltr'><strong>usquead</strong></span> <span class='ocrx_word' id='word_1_279' title='bbox 504 1218 694 1252; x_wconf 69' lang='lat' dir='ltr'><strong>pmnitentiam</strong></span> <span class='ocrx_word' id='word_1_280' title='bbox 720 1220 874 1248; x_wconf 78' lang='lat' dir='ltr'><strong>sceleratus</strong></span> <span class='ocrx_word' id='word_1_281' title='bbox 888 1220 979 1247; x_wconf 80' lang='lat' dir='ltr'><strong>fuerat</strong></span> 
     </span>
    </p>
   </div>
   <div class='ocr_carea' id='block_1_44' title="bbox 176 1264 425 1291">
    <p class='ocr_par' dir='ltr' id='par_1_44' title="bbox 176 1264 425 1291">
     <span class='ocr_line' id='line_1_44' title="bbox 176 1264 425 1291; baseline 0.008 -2"><span class='ocrx_word' id='word_1_282' title='bbox 176 1267 204 1290; x_wconf 83' lang='lat' dir='ltr'><strong>ct</strong></span> <span class='ocrx_word' id='word_1_283' title='bbox 217 1264 425 1291; x_wconf 82' lang='lat' dir='ltr'><strong>abominabilis.</strong></span> 
     </span>
    </p>
   </div>
   <div class='ocr_carea' id='block_1_45' title="bbox 216 1309 978 1345">
    <p class='ocr_par' dir='ltr' id='par_1_45' title="bbox 216 1309 978 1345">
     <span class='ocr_line' id='line_1_45' title="bbox 216 1309 978 1345; baseline 0.007 -10"><span class='ocrx_word' id='word_1_284' title='bbox 216 1309 239 1336; x_wconf 91' lang='lat'><strong>0</strong></span> <span class='ocrx_word' id='word_1_285' title='bbox 266 1310 455 1337; x_wconf 78' lang='lat' dir='ltr'><strong>admirandam</strong></span> <span class='ocrx_word' id='word_1_286' title='bbox 488 1311 760 1340; x_wconf 80' lang='lat' dir='ltr'><strong>reconciliationem!</strong></span> <span class='ocrx_word' id='word_1_287' title='bbox 786 1312 856 1345; x_wconf 86' lang='lat' dir='ltr'><strong>Quid</strong></span> <span class='ocrx_word' id='word_1_288' title='bbox 878 1312 978 1344; x_wconf 85' lang='lat' dir='ltr'><strong>dicam.</strong></span> 
     </span>
    </p>
   </div>
   <div class='ocr_carea' id='block_1_46' title="bbox 176 1355 978 1392">
    <p class='ocr_par' dir='ltr' id='par_1_46' title="bbox 176 1355 978 1392">
     <span class='ocr_line' id='line_1_46' title="bbox 176 1355 978 1392; baseline 0.006 -12"><span class='ocrx_word' id='word_1_289' title='bbox 176 1359 224 1380; x_wconf 86' lang='lat' dir='ltr'><strong>aut</strong></span> <span class='ocrx_word' id='word_1_290' title='bbox 250 1355 314 1389; x_wconf 90' lang='lat' dir='ltr'><strong>quid</strong></span> <span class='ocrx_word' id='word_1_291' title='bbox 343 1355 441 1390; x_wconf 82' lang='lat' dir='ltr'><strong>loquar</strong></span> <span class='ocrx_word' id='word_1_292' title='bbox 465 1356 500 1383; x_wconf 88' lang='lat' dir='ltr'><strong>de</strong></span> <span class='ocrx_word' id='word_1_293' title='bbox 531 1356 673 1385; x_wconf 65' lang='lat' dir='ltr'><strong>ineﬁabilli</strong></span> <span class='ocrx_word' id='word_1_294' title='bbox 704 1357 751 1385; x_wconf 91' lang='lat' dir='ltr'><strong>Dei</strong></span> <span class='ocrx_word' id='word_1_295' title='bbox 780 1358 978 1392; x_wconf 79' lang='lat' dir='ltr'><strong>benignitate?</strong></span> 
     </span>
    </p>
   </div>
   <div class='ocr_carea' id='block_1_47' title="bbox 177 1398 978 1438">
    <p class='ocr_par' dir='ltr' id='par_1_47' title="bbox 177 1398 978 1438">
     <span class='ocr_line' id='line_1_47' title="bbox 177 1398 978 1438; baseline 0.005 -12"><span class='ocrx_word' id='word_1_296' title='bbox 177 1398 244 1426; x_wconf 79' lang='lat' dir='ltr'><strong>Nam</strong></span> <span class='ocrx_word' id='word_1_297' title='bbox 255 1400 298 1427; x_wconf 84' lang='lat' dir='ltr'><strong>ubi</strong></span> <span class='ocrx_word' id='word_1_298' title='bbox 313 1400 346 1427; x_wconf 91' lang='lat' dir='ltr'><strong>ad</strong></span> <span class='ocrx_word' id='word_1_299' title='bbox 360 1401 524 1429; x_wconf 86' lang='lat' dir='ltr'><strong>immensum</strong></span> <span class='ocrx_word' id='word_1_300' title='bbox 539 1402 611 1431; x_wconf 88' lang='lat' dir='ltr'><strong>illius</strong></span> <span class='ocrx_word' id='word_1_301' title='bbox 624 1403 737 1438; x_wconf 73' lang='lat' dir='ltr'><strong>pelagus</strong></span> <span class='ocrx_word' id='word_1_302' title='bbox 746 1403 876 1438; x_wconf 80' lang='lat' dir='ltr'><strong>respicio,</strong></span> <span class='ocrx_word' id='word_1_303' title='bbox 886 1410 978 1430; x_wconf 83' lang='lat' dir='ltr'><strong>sermo</strong></span> 
     </span>
    </p>
   </div>
   <div class='ocr_carea' id='block_1_48' title="bbox 181 1446 977 1485">
    <p class='ocr_par' dir='ltr' id='par_1_48' title="bbox 181 1446 977 1485">
     <span class='ocr_line' id='line_1_48' title="bbox 181 1446 977 1485; baseline 0.008 -14"><span class='ocrx_word' id='word_1_304' title='bbox 181 1446 249 1472; x_wconf 86' lang='lat' dir='ltr'><strong>mihi</strong></span> <span class='ocrx_word' id='word_1_305' title='bbox 264 1448 437 1481; x_wconf 55' lang='lat' dir='ltr'><strong>prteciditur.</strong></span> <span class='ocrx_word' id='word_1_306' title='bbox 453 1455 542 1484; x_wconf 85' lang='lat' dir='ltr'><strong>neque</strong></span> <span class='ocrx_word' id='word_1_307' title='bbox 560 1449 625 1484; x_wconf 90' lang='lat' dir='ltr'><strong>quid</strong></span> <span class='ocrx_word' id='word_1_308' title='bbox 643 1450 742 1485; x_wconf 86' lang='lat' dir='ltr'><strong>loquar</strong></span> <span class='ocrx_word' id='word_1_309' title='bbox 756 1450 824 1478; x_wconf 80' lang='lat' dir='ltr'><strong>mihi</strong></span> <span class='ocrx_word' id='word_1_310' title='bbox 839 1450 977 1485; x_wconf 85' lang='lat' dir='ltr'><strong>reliquum</strong></span> 
     </span>
    </p>
   </div>
   <div class='ocr_carea' id='block_1_49' title="bbox 179 1493 977 1529">
    <p class='ocr_par' dir='ltr' id='par_1_49' title="bbox 179 1493 977 1529">
     <span class='ocr_line' id='line_1_49' title="bbox 179 1493 977 1529; baseline 0.004 -10"><span class='ocrx_word' id='word_1_311' title='bbox 179 1498 222 1520; x_wconf 83' lang='lat' dir='ltr'><strong>est.</strong></span> <span class='ocrx_word' id='word_1_312' title='bbox 241 1501 248 1525; x_wconf 89' lang='lat'><strong>;</strong></span> <span class='ocrx_word' id='word_1_313' title='bbox 267 1493 357 1521; x_wconf 88' lang='lat' dir='ltr'><strong>solum</strong></span> <span class='ocrx_word' id='word_1_314' title='bbox 373 1499 464 1522; x_wconf 78' lang='lat' dir='ltr'><strong>autem</strong></span> <span class='ocrx_word' id='word_1_315' title='bbox 482 1495 534 1522; x_wconf 87' lang='lat' dir='ltr'><strong>hoc</strong></span> <span class='ocrx_word' id='word_1_316' title='bbox 552 1495 624 1523; x_wconf 85' lang='lat' dir='ltr'><strong>clara</strong></span> <span class='ocrx_word' id='word_1_317' title='bbox 641 1504 673 1523; x_wconf 88' lang='lat' dir='ltr'><strong>ac</strong></span> <span class='ocrx_word' id='word_1_318' title='bbox 696 1496 780 1525; x_wconf 82' lang='lat' dir='ltr'><strong>libera</strong></span> <span class='ocrx_word' id='word_1_319' title='bbox 796 1503 862 1524; x_wconf 87' lang='lat' dir='ltr'><strong>voce</strong></span> <span class='ocrx_word' id='word_1_320' title='bbox 877 1496 977 1529; x_wconf 82' lang='lat' dir='ltr'><strong>clamo,</strong></span> 
     </span>
    </p>
   </div>
   <div class='ocr_carea' id='block_1_50' title="bbox 177 1540 977 1576">
    <p class='ocr_par' dir='ltr' id='par_1_50' title="bbox 177 1540 977 1576">
     <span class='ocr_line' id='line_1_50' title="bbox 177 1540 977 1576; baseline 0.006 -10"><span class='ocrx_word' id='word_1_321' title='bbox 177 1540 250 1573; x_wconf 87' lang='lat' dir='ltr'><strong>quod</strong></span> <span class='ocrx_word' id='word_1_322' title='bbox 263 1548 306 1567; x_wconf 86' lang='lat' dir='ltr'><strong>res</strong></span> <span class='ocrx_word' id='word_1_323' title='bbox 319 1549 432 1576; x_wconf 78' lang='lat' dir='ltr'><strong>magnas</strong></span> <span class='ocrx_word' id='word_1_324' title='bbox 444 1541 528 1570; x_wconf 78' lang='lat' dir='ltr'><strong>etilcit</strong></span> <span class='ocrx_word' id='word_1_325' title='bbox 548 1543 722 1576; x_wconf 74' lang='lat' dir='ltr'><strong>pcenitentia,</strong></span> <span class='ocrx_word' id='word_1_326' title='bbox 736 1542 817 1570; x_wconf 78' lang='lat' dir='ltr'><strong>facile</strong></span> <span class='ocrx_word' id='word_1_327' title='bbox 832 1550 896 1570; x_wconf 87' lang='lat' dir='ltr'><strong>eum</strong></span> <span class='ocrx_word' id='word_1_328' title='bbox 911 1543 977 1571; x_wconf 84' lang='lat' dir='ltr'><strong>ﬂec-</strong></span> 
     </span>
    </p>
   </div>
   <div class='ocr_carea' id='block_1_51' title="bbox 177 1586 977 1624">
    <p class='ocr_par' dir='ltr' id='par_1_51' title="bbox 177 1586 977 1624">
     <span class='ocr_line' id='line_1_51' title="bbox 177 1586 977 1624; baseline 0.008 -14"><span class='ocrx_word' id='word_1_329' title='bbox 177 1589 247 1616; x_wconf 84' lang='lat' dir='ltr'><strong>lens,</strong></span> <span class='ocrx_word' id='word_1_330' title='bbox 261 1586 307 1620; x_wconf 86' lang='lat' dir='ltr'><strong>qui</strong></span> <span class='ocrx_word' id='word_1_331' title='bbox 321 1586 411 1614; x_wconf 79' lang='lat' dir='ltr'><strong>facilis</strong></span> <span class='ocrx_word' id='word_1_332' title='bbox 426 1591 469 1614; x_wconf 83' lang='lat' dir='ltr'><strong>est</strong></span> <span class='ocrx_word' id='word_1_333' title='bbox 487 1592 516 1614; x_wconf 87' lang='lat' dir='ltr'><strong>ut</strong></span> <span class='ocrx_word' id='word_1_334' title='bbox 528 1587 668 1619; x_wconf 77' lang='lat' dir='ltr'><strong>ﬂectatur,</strong></span> <span class='ocrx_word' id='word_1_335' title='bbox 686 1588 836 1624; x_wconf 71' lang='lat' dir='ltr'><strong>benignum</strong></span> <span class='ocrx_word' id='word_1_336' title='bbox 850 1589 977 1617; x_wconf 84' lang='lat' dir='ltr'><strong>videlicet</strong></span> 
     </span>
    </p>
   </div>
   <div class='ocr_carea' id='block_1_52' title="bbox 1028 990 1823 1028">
    <p class='ocr_par' dir='ltr' id='par_1_52' title="bbox 1028 990 1823 1028">
     <span class='ocr_line' id='line_1_52' title="bbox 1028 990 1823 1028; baseline 0.003 -11"><span class='ocrx_word' id='word_1_337' title='bbox 1028 991 1170 1026; x_wconf 83' lang='grc' dir='ltr'>ἀνέμεινεν</span> <span class='ocrx_word' id='word_1_338' title='bbox 1184 991 1265 1017; x_wconf 83' lang='grc' dir='ltr'>αὐτὸν</span> <span class='ocrx_word' id='word_1_339' title='bbox 1279 990 1378 1022; x_wconf 74' lang='grc' dir='ltr'>ἐλθεῖν,</span> <span class='ocrx_word' id='word_1_340' title='bbox 1391 991 1460 1018; x_wconf 74' lang='grc' dir='ltr'>ἀλλὰ</span> <span class='ocrx_word' id='word_1_341' title='bbox 1477 993 1681 1028; x_wconf 78' lang='grc' dir='ltr'>προῡπήντησε,</span> <span class='ocrx_word' id='word_1_342' title='bbox 1700 993 1748 1018; x_wconf 83' lang='grc' dir='ltr'><strong>καί</strong></span> <span class='ocrx_word' id='word_1_343' title='bbox 1771 993 1823 1028; x_wconf 85' lang='grc' dir='ltr'>οὐχ</span> 
     </span>
    </p>
   </div>
   <div class='ocr_carea' id='block_1_53' title="bbox 1030 1036 1824 1074">
    <p class='ocr_par' dir='ltr' id='par_1_53' title="bbox 1030 1036 1824 1074">
     <span class='ocr_line' id='line_1_53' title="bbox 1030 1036 1824 1074; baseline 0.004 -12"><span class='ocrx_word' id='word_1_344' title='bbox 1030 1037 1135 1069; x_wconf 85' lang='grc' dir='ltr'>ἁπλῶς,</span> <span class='ocrx_word' id='word_1_345' title='bbox 1153 1036 1221 1063; x_wconf 85' lang='grc' dir='ltr'><strong>ἀλλά</strong></span> <span class='ocrx_word' id='word_1_346' title='bbox 1235 1037 1358 1072; x_wconf 81' lang='grc' dir='ltr'>δραμὼν,</span> <span class='ocrx_word' id='word_1_347' title='bbox 1376 1037 1419 1064; x_wconf 84' lang='grc' dir='ltr'><strong>ἶνα</strong></span> <span class='ocrx_word' id='word_1_348' title='bbox 1432 1040 1502 1073; x_wconf 83' lang='grc' dir='ltr'>φανῇ</span> <span class='ocrx_word' id='word_1_349' title='bbox 1518 1038 1548 1065; x_wconf 80' lang='grc' dir='ltr'>τὸ</span> <span class='ocrx_word' id='word_1_350' title='bbox 1569 1038 1684 1074; x_wconf 76' lang='grc' dir='ltr'>σφοδρὸν</span> <span class='ocrx_word' id='word_1_351' title='bbox 1696 1039 1742 1065; x_wconf 77' lang='grc' dir='ltr'>τοῦ</span> <span class='ocrx_word' id='word_1_352' title='bbox 1762 1038 1824 1073; x_wconf 79' lang='grc' dir='ltr'>φίλ-</span> 
     </span>
    </p>
   </div>
   <div class='ocr_carea' id='block_1_54' title="bbox 1029 1082 1823 1119">
    <p class='ocr_par' dir='ltr' id='par_1_54' title="bbox 1029 1082 1823 1119">
     <span class='ocr_line' id='line_1_54' title="bbox 1029 1082 1823 1119; baseline 0.003 -11"><span class='ocrx_word' id='word_1_353' title='bbox 1029 1089 1109 1117; x_wconf 73' lang='grc' dir='ltr'>τρου*</span> <span class='ocrx_word' id='word_1_354' title='bbox 1120 1083 1167 1108; x_wconf 74' lang='grc' dir='ltr'>καὶ</span> <span class='ocrx_word' id='word_1_355' title='bbox 1182 1083 1317 1109; x_wconf 78' lang='grc' dir='ltr'><strong>ἐπέπεσεν</strong></span> <span class='ocrx_word' id='word_1_356' title='bbox 1334 1083 1380 1109; x_wconf 78' lang='grc' dir='ltr'><strong>ἐπὶ</strong></span> <span class='ocrx_word' id='word_1_357' title='bbox 1395 1082 1441 1110; x_wconf 83' lang='grc' dir='ltr'>τὸν</span> <span class='ocrx_word' id='word_1_358' title='bbox 1456 1083 1593 1118; x_wconf 75' lang='grc' dir='ltr'><strong>τράχηλον</strong></span> <span class='ocrx_word' id='word_1_359' title='bbox 1611 1084 1706 1116; x_wconf 76' lang='grc' dir='ltr'>αὐτοῦ,</span> <span class='ocrx_word' id='word_1_360' title='bbox 1718 1083 1823 1119; x_wconf 84' lang='grc' dir='ltr'>πληρο-</span> 
     </span>
    </p>
   </div>
   <div class='ocr_carea' id='block_1_55' title="bbox 1030 1128 1822 1166">
    <p class='ocr_par' dir='ltr' id='par_1_55' title="bbox 1030 1128 1822 1166">
     <span class='ocr_line' id='line_1_55' title="bbox 1030 1128 1822 1166; baseline 0.004 -12"><span class='ocrx_word' id='word_1_361' title='bbox 1030 1128 1132 1163; x_wconf 77' lang='grc' dir='ltr'>φορών,</span> <span class='ocrx_word' id='word_1_362' title='bbox 1147 1129 1188 1155; x_wconf 81' lang='grc' dir='ltr'><strong>ὄτί</strong></span> <span class='ocrx_word' id='word_1_363' title='bbox 1210 1128 1318 1164; x_wconf 77' lang='grc' dir='ltr'>ἀφῆκεν</span> <span class='ocrx_word' id='word_1_364' title='bbox 1333 1129 1407 1164; x_wconf 83' lang='grc' dir='ltr'><strong>αὑτῷ</strong></span> <span class='ocrx_word' id='word_1_365' title='bbox 1423 1130 1513 1157; x_wconf 74' lang='grc' dir='ltr'>πᾶσαν</span> <span class='ocrx_word' id='word_1_366' title='bbox 1527 1131 1677 1166; x_wconf 79' lang='grc' dir='ltr'><strong>ἁμαρτίαν,</strong></span> <span class='ocrx_word' id='word_1_367' title='bbox 1691 1131 1739 1157; x_wconf 70' lang='grc' dir='ltr'>καὶ</span> <span class='ocrx_word' id='word_1_368' title='bbox 1753 1139 1822 1157; x_wconf 78' lang='grc' dir='ltr'>κατ-</span> 
     </span>
    </p>
   </div>
   <div class='ocr_carea' id='block_1_56' title="bbox 1034 1174 1823 1212">
    <p class='ocr_par' dir='ltr' id='par_1_56' title="bbox 1034 1174 1823 1212">
     <span class='ocr_line' id='line_1_56' title="bbox 1034 1174 1823 1212; baseline 0.004 -12"><span class='ocrx_word' id='word_1_369' title='bbox 1034 1175 1163 1209; x_wconf 70' lang='grc' dir='ltr'>εςρίλησεν</span> <span class='ocrx_word' id='word_1_370' title='bbox 1195 1174 1288 1208; x_wconf 86' lang='grc' dir='ltr'>αὑτὸν,</span> <span class='ocrx_word' id='word_1_371' title='bbox 1311 1175 1349 1207; x_wconf 80' lang='grc' dir='ltr'><strong>ὡς</strong></span> <span class='ocrx_word' id='word_1_372' title='bbox 1370 1175 1428 1202; x_wconf 75' lang='grc' dir='ltr'><strong>υἱὸν</strong></span> <span class='ocrx_word' id='word_1_373' title='bbox 1458 1176 1594 1208; x_wconf 78' lang='grc' dir='ltr'>ποθεινὸν,</span> <span class='ocrx_word' id='word_1_374' title='bbox 1612 1176 1658 1202; x_wconf 65' lang='grc' dir='ltr'>τὸν</span> <span class='ocrx_word' id='word_1_375' title='bbox 1681 1177 1745 1212; x_wconf 82' lang='grc' dir='ltr'>ἄχρι</span> <span class='ocrx_word' id='word_1_376' title='bbox 1770 1176 1823 1212; x_wconf 82' lang='grc' dir='ltr'>τῆς</span> 
     </span>
    </p>
   </div>
   <div class='ocr_carea' id='block_1_57' title="bbox 1032 1221 1556 1258">
    <p class='ocr_par' dir='ltr' id='par_1_57' title="bbox 1032 1221 1556 1258">
     <span class='ocr_line' id='line_1_57' title="bbox 1032 1221 1556 1258; baseline 0.006 -11"><span class='ocrx_word' id='word_1_377' title='bbox 1032 1221 1173 1256; x_wconf 77' lang='grc' dir='ltr'><strong>μετανοίας</strong></span> <span class='ocrx_word' id='word_1_378' title='bbox 1188 1222 1288 1257; x_wconf 81' lang='grc' dir='ltr'>μιαρόν</span> <span class='ocrx_word' id='word_1_379' title='bbox 1303 1230 1333 1248; x_wconf 87' lang='grc' dir='ltr'>τε</span> <span class='ocrx_word' id='word_1_380' title='bbox 1353 1222 1400 1249; x_wconf 73' lang='grc' dir='ltr'>καὶ</span> <span class='ocrx_word' id='word_1_381' title='bbox 1414 1222 1556 1258; x_wconf 85' lang='grc' dir='ltr'>βδελυρόν.</span> 
     </span>
    </p>
   </div>
   <div class='ocr_carea' id='block_1_58' title="bbox 1068 1305 1824 1343">
    <p class='ocr_par' dir='ltr' id='par_1_58' title="bbox 1068 1305 1824 1343">
     <span class='ocr_line' id='line_1_58' title="bbox 1068 1305 1824 1343; baseline 0.005 -12"><span class='ocrx_word' id='word_1_382' title='bbox 1068 1305 1099 1331; x_wconf 88' lang='grc' dir='ltr'><strong>Ὢ</strong></span> <span class='ocrx_word' id='word_1_383' title='bbox 1116 1305 1268 1339; x_wconf 77' lang='grc' dir='ltr'>παραδόξου</span> <span class='ocrx_word' id='word_1_384' title='bbox 1282 1307 1475 1342; x_wconf 77' lang='grc' dir='ltr'>καταλλαγῆςι</span> <span class='ocrx_word' id='word_1_385' title='bbox 1493 1306 1525 1334; x_wconf 84' lang='grc' dir='ltr'>Τί</span> <span class='ocrx_word' id='word_1_386' title='bbox 1540 1308 1620 1341; x_wconf 81' lang='grc' dir='ltr'>εἴπω,</span> <span class='ocrx_word' id='word_1_387' title='bbox 1636 1307 1652 1342; x_wconf 87' lang='grc' dir='ltr'>ἢ</span> <span class='ocrx_word' id='word_1_388' title='bbox 1667 1307 1693 1334; x_wconf 81' lang='grc' dir='ltr'><strong>τι</strong></span> <span class='ocrx_word' id='word_1_389' title='bbox 1712 1307 1824 1343; x_wconf 80' lang='grc' dir='ltr'><strong>λαλήσω</strong></span> 
     </span>
    </p>
   </div>
   <div class='ocr_carea' id='block_1_59' title="bbox 1030 1350 1825 1389">
    <p class='ocr_par' dir='ltr' id='par_1_59' title="bbox 1030 1350 1825 1389">
     <span class='ocr_line' id='line_1_59' title="bbox 1030 1350 1825 1389; baseline 0.005 -13"><span class='ocrx_word' id='word_1_390' title='bbox 1030 1350 1098 1386; x_wconf 76' lang='grc' dir='ltr'>πρὸς</span> <span class='ocrx_word' id='word_1_391' title='bbox 1115 1351 1164 1385; x_wconf 84' lang='grc' dir='ltr'><strong>τὴν</strong></span> <span class='ocrx_word' id='word_1_392' title='bbox 1188 1350 1308 1387; x_wconf 66' lang='grc' dir='ltr'>ἄρρητον</span> <span class='ocrx_word' id='word_1_393' title='bbox 1323 1351 1371 1378; x_wconf 80' lang='grc' dir='ltr'>τοῦ</span> <span class='ocrx_word' id='word_1_394' title='bbox 1396 1352 1465 1378; x_wconf 84' lang='grc' dir='ltr'>Θεοῦ</span> <span class='ocrx_word' id='word_1_395' title='bbox 1494 1353 1718 1389; x_wconf 76' lang='grc' dir='ltr'>φιλανθρωπίαν;</span> <span class='ocrx_word' id='word_1_396' title='bbox 1742 1353 1825 1380; x_wconf 80' lang='grc' dir='ltr'>Ἀπο-</span> 
     </span>
    </p>
   </div>
   <div class='ocr_carea' id='block_1_60' title="bbox 1030 1396 1823 1435">
    <p class='ocr_par' dir='ltr' id='par_1_60' title="bbox 1030 1396 1823 1435">
     <span class='ocr_line' id='line_1_60' title="bbox 1030 1396 1823 1435; baseline 0.005 -13"><span class='ocrx_word' id='word_1_397' title='bbox 1030 1396 1122 1423; x_wconf 77' lang='grc' dir='ltr'><strong>6λέπω</strong></span> <span class='ocrx_word' id='word_1_398' title='bbox 1139 1398 1194 1432; x_wconf 87' lang='grc'><strong>(81)</strong></span> <span class='ocrx_word' id='word_1_399' title='bbox 1212 1398 1267 1432; x_wconf 78' lang='grc' dir='ltr'>γὰρ</span> <span class='ocrx_word' id='word_1_400' title='bbox 1280 1398 1348 1433; x_wconf 78' lang='grc' dir='ltr'>πρὸς</span> <span class='ocrx_word' id='word_1_401' title='bbox 1363 1399 1393 1425; x_wconf 81' lang='grc' dir='ltr'><strong>τὺ</strong></span> <span class='ocrx_word' id='word_1_402' title='bbox 1404 1399 1503 1434; x_wconf 77' lang='grc' dir='ltr'>ἀχανὲς</span> <span class='ocrx_word' id='word_1_403' title='bbox 1518 1399 1636 1434; x_wconf 76' lang='grc' dir='ltr'>πέλαγος</span> <span class='ocrx_word' id='word_1_404' title='bbox 1651 1400 1748 1435; x_wconf 82' lang='grc' dir='ltr'>αὐτῆς,</span> <span class='ocrx_word' id='word_1_405' title='bbox 1760 1401 1823 1427; x_wconf 76' lang='grc' dir='ltr'>ἑπι-</span> 
     </span>
    </p>
   </div>
   <div class='ocr_carea' id='block_1_61' title="bbox 1030 1442 1821 1481">
    <p class='ocr_par' dir='ltr' id='par_1_61' title="bbox 1030 1442 1821 1481">
     <span class='ocr_line' id='line_1_61' title="bbox 1030 1442 1821 1481; baseline 0.008 -14"><span class='ocrx_word' id='word_1_406' title='bbox 1030 1442 1166 1477; x_wconf 67' lang='grc' dir='ltr'>κόπτομαι</span> <span class='ocrx_word' id='word_1_407' title='bbox 1197 1443 1242 1469; x_wconf 79' lang='grc' dir='ltr'><strong>τὸν</strong></span> <span class='ocrx_word' id='word_1_408' title='bbox 1276 1444 1366 1478; x_wconf 84' lang='grc' dir='ltr'>λόγον,</span> <span class='ocrx_word' id='word_1_409' title='bbox 1381 1445 1429 1471; x_wconf 75' lang='grc' dir='ltr'>καὶ</span> <span class='ocrx_word' id='word_1_410' title='bbox 1458 1445 1508 1472; x_wconf 77' lang='grc' dir='ltr'><strong>οὐκ</strong></span> <span class='ocrx_word' id='word_1_411' title='bbox 1533 1445 1588 1481; x_wconf 76' lang='grc' dir='ltr'>ἔχω</span> <span class='ocrx_word' id='word_1_412' title='bbox 1613 1446 1640 1472; x_wconf 85' lang='grc' dir='ltr'><strong>τί</strong></span> <span class='ocrx_word' id='word_1_413' title='bbox 1657 1446 1821 1481; x_wconf 73' lang='grc' dir='ltr'>φθέγξομαι.</span> 
     </span>
    </p>
   </div>
   <div class='ocr_carea' id='block_1_62' title="bbox 1030 1487 1823 1527">
    <p class='ocr_par' dir='ltr' id='par_1_62' title="bbox 1030 1487 1823 1527">
     <span class='ocr_line' id='line_1_62' title="bbox 1030 1487 1823 1527; baseline 0.008 -14"><span class='ocrx_word' id='word_1_414' title='bbox 1030 1487 1116 1514; x_wconf 79' lang='grc' dir='ltr'>Τοῦτο</span> <span class='ocrx_word' id='word_1_415' title='bbox 1129 1488 1157 1514; x_wconf 80' lang='grc' dir='ltr'>δὲ</span> <span class='ocrx_word' id='word_1_416' title='bbox 1177 1489 1256 1523; x_wconf 74' lang='grc' dir='ltr'>μόνον</span> <span class='ocrx_word' id='word_1_417' title='bbox 1282 1489 1397 1526; x_wconf 81' lang='grc' dir='ltr'>λαμπρᾷ</span> <span class='ocrx_word' id='word_1_418' title='bbox 1427 1491 1483 1526; x_wconf 86' lang='grc' dir='ltr'><strong>βοῶ</strong></span> <span class='ocrx_word' id='word_1_419' title='bbox 1499 1493 1532 1527; x_wconf 81' lang='grc' dir='ltr'>τῇ</span> <span class='ocrx_word' id='word_1_420' title='bbox 1548 1493 1636 1527; x_wconf 74' lang='grc' dir='ltr'>φωνῇ,</span> <span class='ocrx_word' id='word_1_421' title='bbox 1647 1492 1689 1520; x_wconf 79' lang='grc' dir='ltr'>ὅτι</span> <span class='ocrx_word' id='word_1_422' title='bbox 1714 1493 1823 1527; x_wconf 81' lang='grc' dir='ltr'>μεγάλα</span> 
     </span>
    </p>
   </div>
   <div class='ocr_carea' id='block_1_63' title="bbox 1029 1533 1824 1574">
    <p class='ocr_par' dir='ltr' id='par_1_63' title="bbox 1029 1533 1824 1574">
     <span class='ocr_line' id='line_1_63' title="bbox 1029 1533 1824 1574; baseline 0.009 -15"><span class='ocrx_word' id='word_1_423' title='bbox 1029 1533 1141 1560; x_wconf 76' lang='grc' dir='ltr'>δύναται</span> <span class='ocrx_word' id='word_1_424' title='bbox 1166 1535 1182 1569; x_wconf 77' lang='grc' dir='ltr'>ἡ</span> <span class='ocrx_word' id='word_1_425' title='bbox 1200 1538 1343 1570; x_wconf 71' lang='grc' dir='ltr'>μετάνοια,</span> <span class='ocrx_word' id='word_1_426' title='bbox 1364 1537 1469 1572; x_wconf 79' lang='grc' dir='ltr'>ταχέως</span> <span class='ocrx_word' id='word_1_427' title='bbox 1487 1538 1699 1574; x_wconf 70' lang='grc' dir='ltr'>ἐπικάμπτοντι-α</span> <span class='ocrx_word' id='word_1_428' title='bbox 1715 1538 1761 1566; x_wconf 79' lang='grc' dir='ltr'>τὸν</span> <span class='ocrx_word' id='word_1_429' title='bbox 1775 1548 1824 1566; x_wconf 80' lang='grc' dir='ltr'>τα-</span> 
     </span>
    </p>
   </div>
   <div class='ocr_carea' id='block_1_64' title="bbox 1029 1580 1822 1619">
    <p class='ocr_par' dir='ltr' id='par_1_64' title="bbox 1029 1580 1822 1619">
     <span class='ocr_line' id='line_1_64' title="bbox 1029 1580 1822 1619; baseline 0.006 -13"><span class='ocrx_word' id='word_1_430' title='bbox 1029 1580 1143 1615; x_wconf 79' lang='grc' dir='ltr'>χύτερον</span> <span class='ocrx_word' id='word_1_431' title='bbox 1161 1582 1201 1612; x_wconf 77' lang='grc' dir='ltr'><strong>είς</strong></span> <span class='ocrx_word' id='word_1_432' title='bbox 1228 1581 1258 1608; x_wconf 77' lang='grc' dir='ltr'>τὸ</span> <span class='ocrx_word' id='word_1_433' title='bbox 1285 1582 1511 1617; x_wconf 78' lang='grc' dir='ltr'>ἐπικάμπτεσθαι</span> <span class='ocrx_word' id='word_1_434' title='bbox 1541 1584 1737 1619; x_wconf 77' lang='grc' dir='ltr'>φιλάνθρωπον</span> <span class='ocrx_word' id='word_1_435' title='bbox 1754 1585 1822 1612; x_wconf 79' lang='grc' dir='ltr'>Θεὸν</span> 
     </span>
    </p>
   </div>
   <div class='ocr_carea' id='block_1_65' title="bbox 176 1622 970 1670">
    <p class='ocr_par' dir='ltr' id='par_1_65' title="bbox 176 1630 970 1670">
     <span class='ocr_line' id='line_1_65' title="bbox 176 1630 970 1670; baseline 0.006 -13"><span class='ocrx_word' id='word_1_436' title='bbox 176 1630 262 1657; x_wconf 88' lang='lat' dir='ltr'><strong>Deum</strong></span> <span class='ocrx_word' id='word_1_437' title='bbox 276 1635 414 1659; x_wconf 83' lang='lat' dir='ltr'><strong>nostrum.</strong></span> <span class='ocrx_word' id='word_1_438' title='bbox 429 1632 537 1661; x_wconf 82' lang='lat' dir='ltr'><strong>Homini</strong></span> <span class='ocrx_word' id='word_1_439' title='bbox 551 1641 615 1661; x_wconf 86' lang='lat' dir='ltr'><strong>vero</strong></span> <span class='ocrx_word' id='word_1_440' title='bbox 639 1635 758 1662; x_wconf 80' lang='lat' dir='ltr'><strong>maxime</strong></span> <span class='ocrx_word' id='word_1_441' title='bbox 773 1642 895 1670; x_wconf 76' lang='lat' dir='ltr'><strong>congrua</strong></span> <span class='ocrx_word' id='word_1_442' title='bbox 909 1639 970 1663; x_wconf 85' lang='lat' dir='ltr'><strong>sunt</strong></span> 
     </span>
    </p>
   </div>
   <div class='ocr_carea' id='block_1_66' title="bbox 1036 1622 1822 1670">
    <p class='ocr_par' dir='ltr' id='par_1_66' title="bbox 1036 1626 1822 1665">
     <span class='ocr_line' id='line_1_66' title="bbox 1036 1626 1822 1665; baseline 0.006 -14"><span class='ocrx_word' id='word_1_443' title='bbox 1036 1626 1117 1661; x_wconf 59' lang='grc' dir='ltr'><strong>ῇμῶν.</strong></span> <span class='ocrx_word' id='word_1_444' title='bbox 1149 1627 1482 1664; x_wconf 75' lang='grc' dir='ltr'>Ἀνθρωποπρεπέστερον</span> <span class='ocrx_word' id='word_1_445' title='bbox 1496 1629 1525 1656; x_wconf 81' lang='grc' dir='ltr'><strong>δὲ</strong></span> <span class='ocrx_word' id='word_1_446' title='bbox 1539 1630 1573 1656; x_wconf 70' lang='grc' dir='ltr'>τὰ</span> <span class='ocrx_word' id='word_1_447' title='bbox 1597 1630 1715 1665; x_wconf 76' lang='grc' dir='ltr'>ρηθέντα</span> <span class='ocrx_word' id='word_1_448' title='bbox 1733 1631 1822 1657; x_wconf 84' lang='grc' dir='ltr'>ποιεῖν</span> 
     </span>
    </p>
   </div>
   <div class='ocr_carea' id='block_1_67' title="bbox 176 1677 970 1712">
    <p class='ocr_par' dir='ltr' id='par_1_67' title="bbox 176 1677 970 1712">
     <span class='ocr_line' id='line_1_67' title="bbox 176 1677 970 1712; baseline 0.006 -9"><span class='ocrx_word' id='word_1_449' title='bbox 176 1677 315 1711; x_wconf 71' lang='lat' dir='ltr'><strong>praedicta,</strong></span> <span class='ocrx_word' id='word_1_450' title='bbox 330 1685 391 1712; x_wconf 65' lang='lat' dir='ltr'><strong>quae</strong></span> <span class='ocrx_word' id='word_1_451' title='bbox 403 1686 467 1705; x_wconf 90' lang='lat' dir='ltr'><strong>eum</strong></span> <span class='ocrx_word' id='word_1_452' title='bbox 484 1678 583 1708; x_wconf 77' lang='lat' dir='ltr'><strong>fecisse</strong></span> <span class='ocrx_word' id='word_1_453' title='bbox 607 1680 675 1707; x_wconf 88' lang='lat' dir='ltr'><strong>dicit</strong></span> <span class='ocrx_word' id='word_1_454' title='bbox 692 1681 728 1708; x_wconf 88' lang='lat' dir='ltr'><strong>ad</strong></span> <span class='ocrx_word' id='word_1_455' title='bbox 751 1681 970 1709; x_wconf 77' lang='lat' dir='ltr'><strong>manifestiorem</strong></span> 
     </span>
    </p>
   </div>
   <div class='ocr_carea' id='block_1_68' title="bbox 177 1723 972 1761">
    <p class='ocr_par' dir='ltr' id='par_1_68' title="bbox 177 1723 972 1761">
     <span class='ocr_line' id='line_1_68' title="bbox 177 1723 972 1761; baseline 0.009 -13"><span class='ocrx_word' id='word_1_456' title='bbox 177 1723 378 1757; x_wconf 76' lang='lat' dir='ltr'><strong>cmupassionis</strong></span> <span class='ocrx_word' id='word_1_457' title='bbox 402 1732 434 1752; x_wconf 84' lang='lat' dir='ltr'><strong>ac</strong></span> <span class='ocrx_word' id='word_1_458' title='bbox 447 1726 685 1753; x_wconf 85' lang='lat' dir='ltr'><strong>reconciliationis</strong></span> <span class='ocrx_word' id='word_1_459' title='bbox 702 1727 790 1761; x_wconf 84' lang='lat' dir='ltr'><strong>ipsius</strong></span> <span class='ocrx_word' id='word_1_460' title='bbox 807 1727 972 1759; x_wconf 81' lang='lat' dir='ltr'><strong>doctrinam.</strong></span> 
     </span>
    </p>
   </div>
   <div class='ocr_carea' id='block_1_69' title="bbox 176 1768 973 1806">
    <p class='ocr_par' dir='ltr' id='par_1_69' title="bbox 176 1768 973 1806">
     <span class='ocr_line' id='line_1_69' title="bbox 176 1768 973 1806; baseline 0.008 -11"><span class='ocrx_word' id='word_1_461' title='bbox 176 1775 238 1796; x_wconf 84' lang='lat' dir='ltr'><strong>cum</strong></span> <span class='ocrx_word' id='word_1_462' title='bbox 260 1768 344 1796; x_wconf 81' lang='lat' dir='ltr'><strong>etiam</strong></span> <span class='ocrx_word' id='word_1_463' title='bbox 367 1769 394 1796; x_wconf 92' lang='lat' dir='ltr'><strong>in</strong></span> <span class='ocrx_word' id='word_1_464' title='bbox 418 1771 556 1806; x_wconf 87' lang='lat' dir='ltr'><strong>principio</strong></span> <span class='ocrx_word' id='word_1_465' title='bbox 579 1771 718 1806; x_wconf 65' lang='lat' dir='ltr'><strong>parabolae</strong></span> <span class='ocrx_word' id='word_1_466' title='bbox 743 1772 885 1800; x_wconf 88' lang='lat' dir='ltr'><strong>hominem</strong></span> <span class='ocrx_word' id='word_1_467' title='bbox 909 1781 973 1801; x_wconf 84' lang='lat' dir='ltr'><strong>eum</strong></span> 
     </span>
    </p>
   </div>
   <div class='ocr_carea' id='block_1_70' title="bbox 177 1815 366 1848">
    <p class='ocr_par' dir='ltr' id='par_1_70' title="bbox 177 1815 366 1848">
     <span class='ocr_line' id='line_1_70' title="bbox 177 1815 366 1848; baseline 0.016 -9"><span class='ocrx_word' id='word_1_468' title='bbox 177 1815 366 1848; x_wconf 77' lang='lat' dir='ltr'><strong>supposuerit.</strong></span> 
     </span>
    </p>
   </div>
   <div class='ocr_carea' id='block_1_71' title="bbox 216 1857 970 1900">
    <p class='ocr_par' dir='ltr' id='par_1_71' title="bbox 216 1857 970 1900">
     <span class='ocr_line' id='line_1_71' title="bbox 216 1857 970 1900; baseline 0.009 -14"><span class='ocrx_word' id='word_1_469' title='bbox 216 1857 293 1887; x_wconf 84' lang='lat' dir='ltr'><strong>Vers.</strong></span> <span class='ocrx_word' id='word_1_470' title='bbox 310 1860 357 1887; x_wconf 76' lang='grc'><strong>21.</strong></span> <span class='ocrx_word' id='word_1_471' title='bbox 371 1861 413 1889; x_wconf 75' lang='lat' dir='ltr'><strong>Ait</strong></span> <span class='ocrx_word' id='word_1_472' title='bbox 431 1876 466 1882; x_wconf 91' lang='lat'><strong>--</strong></span> <span class='ocrx_word' id='word_1_473' title='bbox 477 1862 550 1897; x_wconf 75' lang='lat' dir='ltr'><strong>ﬁlius</strong></span> <span class='ocrx_word' id='word_1_474' title='bbox 566 1869 638 1891; x_wconf 76' lang='lat' dir='ltr'><strong>tuus.</strong></span> <span class='ocrx_word' id='word_1_475' title='bbox 649 1863 716 1896; x_wconf 81' lang='lat' dir='ltr'><strong>Quae</strong></span> <span class='ocrx_word' id='word_1_476' title='bbox 727 1864 821 1892; x_wconf 82' lang='lat' dir='ltr'><strong>dicere</strong></span> <span class='ocrx_word' id='word_1_477' title='bbox 830 1864 970 1900; x_wconf 71' lang='lat' dir='ltr'><strong>cogitave—</strong></span> 
     </span>
    </p>
   </div>
   <div class='ocr_carea' id='block_1_72' title="bbox 177 1906 973 1939">
    <p class='ocr_par' dir='ltr' id='par_1_72' title="bbox 177 1906 973 1939">
     <span class='ocr_line' id='line_1_72' title="bbox 177 1906 973 1939; baseline 0.009 -10"><span class='ocrx_word' id='word_1_478' title='bbox 177 1907 229 1935; x_wconf 82' lang='lat' dir='ltr'><strong>rat,</strong></span> <span class='ocrx_word' id='word_1_479' title='bbox 248 1911 280 1931; x_wconf 88' lang='lat' dir='ltr'><strong>ea</strong></span> <span class='ocrx_word' id='word_1_480' title='bbox 302 1912 376 1933; x_wconf 86' lang='lat' dir='ltr'><strong>nunc</strong></span> <span class='ocrx_word' id='word_1_481' title='bbox 394 1911 450 1933; x_wconf 91' lang='lat' dir='ltr'><strong>toto</strong></span> <span class='ocrx_word' id='word_1_482' title='bbox 473 1908 557 1934; x_wconf 85' lang='lat' dir='ltr'><strong>corde</strong></span> <span class='ocrx_word' id='word_1_483' title='bbox 577 1906 657 1939; x_wconf 84' lang='lat' dir='ltr'><strong>dicit,</strong></span> <span class='ocrx_word' id='word_1_484' title='bbox 689 1911 719 1934; x_wconf 87' lang='lat' dir='ltr'><strong>ut</strong></span> <span class='ocrx_word' id='word_1_485' title='bbox 749 1907 814 1934; x_wconf 87' lang='lat' dir='ltr'><strong>hinc</strong></span> <span class='ocrx_word' id='word_1_486' title='bbox 835 1908 973 1936; x_wconf 77' lang='lat' dir='ltr'><strong>discamus</strong></span> 
     </span>
    </p>
   </div>
   <div class='ocr_carea' id='block_1_73' title="bbox 174 1947 972 1986">
    <p class='ocr_par' dir='ltr' id='par_1_73' title="bbox 174 1947 972 1986">
     <span class='ocr_line' id='line_1_73' title="bbox 174 1947 972 1986; baseline 0.006 -12"><span class='ocrx_word' id='word_1_487' title='bbox 174 1947 246 1981; x_wconf 88' lang='lat' dir='ltr'><strong>quod</strong></span> <span class='ocrx_word' id='word_1_488' title='bbox 271 1955 397 1983; x_wconf 82' lang='lat' dir='ltr'><strong>oporteat</strong></span> <span class='ocrx_word' id='word_1_489' title='bbox 420 1951 504 1981; x_wconf 81' lang='lat' dir='ltr'><strong>etiam</strong></span> <span class='ocrx_word' id='word_1_490' title='bbox 536 1955 598 1986; x_wconf 87' lang='lat' dir='ltr'><strong>post</strong></span> <span class='ocrx_word' id='word_1_491' title='bbox 625 1951 882 1979; x_wconf 85' lang='lat' dir='ltr'><strong>reconciliationem</strong></span> <span class='ocrx_word' id='word_1_492' title='bbox 914 1956 972 1979; x_wconf 91' lang='lat' dir='ltr'><strong>toto</strong></span> 
     </span>
    </p>
   </div>
   <div class='ocr_carea' id='block_1_74' title="bbox 175 1992 972 2031">
    <p class='ocr_par' dir='ltr' id='par_1_74' title="bbox 175 1992 972 2031">
     <span class='ocr_line' id='line_1_74' title="bbox 175 1992 972 2031; baseline 0.006 -13"><span class='ocrx_word' id='word_1_493' title='bbox 175 1992 257 2018; x_wconf 85' lang='lat' dir='ltr'><strong>corde</strong></span> <span class='ocrx_word' id='word_1_494' title='bbox 284 1993 374 2027; x_wconf 83' lang='lat' dir='ltr'><strong>fateri,</strong></span> <span class='ocrx_word' id='word_1_495' title='bbox 404 1995 477 2029; x_wconf 89' lang='lat' dir='ltr'><strong>quod</strong></span> <span class='ocrx_word' id='word_1_496' title='bbox 510 1995 729 2030; x_wconf 87' lang='lat' dir='ltr'><strong>peccaverimus,</strong></span> <span class='ocrx_word' id='word_1_497' title='bbox 763 2003 871 2031; x_wconf 87' lang='lat' dir='ltr'><strong>nosque</strong></span> <span class='ocrx_word' id='word_1_498' title='bbox 896 1996 972 2031; x_wconf 77' lang='lat' dir='ltr'><strong>ipsos</strong></span> 
     </span>
    </p>
   </div>
   <div class='ocr_carea' id='block_1_75' title="bbox 174 2037 373 2066">
    <p class='ocr_par' dir='ltr' id='par_1_75' title="bbox 174 2037 373 2066">
     <span class='ocr_line' id='line_1_75' title="bbox 174 2037 373 2066; baseline 0.01 -2"><span class='ocrx_word' id='word_1_499' title='bbox 174 2037 373 2066; x_wconf 83' lang='lat' dir='ltr'><strong>condemnare.</strong></span> 
     </span>
    </p>
   </div>
   <div class='ocr_carea' id='block_1_76' title="bbox 211 2083 969 2117">
    <p class='ocr_par' dir='ltr' id='par_1_76' title="bbox 211 2083 969 2117">
     <span class='ocr_line' id='line_1_76' title="bbox 211 2083 969 2117; baseline 0.007 -7"><span class='ocrx_word' id='word_1_500' title='bbox 211 2083 288 2111; x_wconf 87' lang='lat' dir='ltr'><strong>Vers.</strong></span> <span class='ocrx_word' id='word_1_501' title='bbox 301 2085 345 2112; x_wconf 67' lang='lat'><strong>2‘2.</strong></span> <span class='ocrx_word' id='word_1_502' title='bbox 360 2085 433 2113; x_wconf 72' lang='lat' dir='ltr'><strong>Dixit</strong></span> <span class='ocrx_word' id='word_1_503' title='bbox 444 2102 478 2107; x_wconf 91' lang='lat'><strong>—</strong></span> <span class='ocrx_word' id='word_1_504' title='bbox 488 2095 559 2115; x_wconf 73' lang='lat' dir='ltr'><strong>suos.</strong></span> <span class='ocrx_word' id='word_1_505' title='bbox 574 2087 615 2115; x_wconf 82' lang='lat' dir='ltr'><strong>Ad</strong></span> <span class='ocrx_word' id='word_1_506' title='bbox 632 2087 762 2117; x_wconf 58' lang='lat' dir='ltr'><strong>Ecclesia</strong></span> <span class='ocrx_word' id='word_1_507' title='bbox 786 2088 945 2116; x_wconf 86' lang='lat' dir='ltr'><strong>sacerdotes</strong></span> <span class='ocrx_word' id='word_1_508' title='bbox 962 2097 969 2115; x_wconf 85' lang='lat'><strong><em>:</em></strong></span> 
     </span>
    </p>
   </div>
   <div class='ocr_carea' id='block_1_77' title="bbox 175 2131 971 2170">
    <p class='ocr_par' dir='ltr' id='par_1_77' title="bbox 175 2131 971 2170">
     <span class='ocr_line' id='line_1_77' title="bbox 175 2131 971 2170; baseline 0.01 -15"><span class='ocrx_word' id='word_1_509' title='bbox 175 2137 238 2156; x_wconf 88' lang='lat' dir='ltr'><strong>nam</strong></span> <span class='ocrx_word' id='word_1_510' title='bbox 249 2131 276 2157; x_wconf 85' lang='lat' dir='ltr'><strong>bi</strong></span> <span class='ocrx_word' id='word_1_511' title='bbox 294 2131 349 2159; x_wconf 86' lang='lat' dir='ltr'><strong>Deo</strong></span> <span class='ocrx_word' id='word_1_512' title='bbox 365 2132 523 2161; x_wconf 83' lang='lat' dir='ltr'><strong>ministrant</strong></span> <span class='ocrx_word' id='word_1_513' title='bbox 535 2134 569 2162; x_wconf 81' lang='lat' dir='ltr'><strong>ad</strong></span> <span class='ocrx_word' id='word_1_514' title='bbox 580 2142 689 2167; x_wconf 86' lang='lat' dir='ltr'><strong>eorum,</strong></span> <span class='ocrx_word' id='word_1_515' title='bbox 702 2135 751 2170; x_wconf 87' lang='lat' dir='ltr'><strong>qui</strong></span> <span class='ocrx_word' id='word_1_516' title='bbox 760 2139 971 2168; x_wconf 84' lang='lat' dir='ltr'><strong>convertuntur,</strong></span> 
     </span>
    </p>
   </div>
   <div class='ocr_carea' id='block_1_78' title="bbox 178 2175 308 2203">
    <p class='ocr_par' dir='ltr' id='par_1_78' title="bbox 178 2175 308 2203">
     <span class='ocr_line' id='line_1_78' title="bbox 178 2175 308 2203; baseline 0.015 -2"><span class='ocrx_word' id='word_1_517' title='bbox 178 2175 308 2203; x_wconf 76' lang='lat' dir='ltr'><strong>salutent.</strong></span> 
     </span>
    </p>
   </div>
   <div class='ocr_carea' id='block_1_79' title="bbox 211 2221 971 2262">
    <p class='ocr_par' dir='ltr' id='par_1_79' title="bbox 211 2221 971 2262">
     <span class='ocr_line' id='line_1_79' title="bbox 211 2221 971 2262; baseline 0.009 -14"><span class='ocrx_word' id='word_1_518' title='bbox 211 2221 287 2249; x_wconf 88' lang='lat' dir='ltr'><strong>Vers.</strong></span> <span class='ocrx_word' id='word_1_519' title='bbox 305 2223 350 2251; x_wconf 69' lang='lat'><strong>2&#39;2.</strong></span> <span class='ocrx_word' id='word_1_520' title='bbox 370 2223 489 2259; x_wconf 81' lang='lat' dir='ltr'><strong>I’rofertc</strong></span> <span class='ocrx_word' id='word_1_521' title='bbox 510 2225 648 2253; x_wconf 81' lang='lat' dir='ltr'><strong>——illum.</strong></span> <span class='ocrx_word' id='word_1_522' title='bbox 684 2225 816 2260; x_wconf 83' lang='lat' dir='ltr'><strong>Primam,</strong></span> <span class='ocrx_word' id='word_1_523' title='bbox 845 2228 971 2262; x_wconf 89' lang='lat' dir='ltr'><strong>pretiosi-</strong></span> 
     </span>
    </p>
   </div>
   <div class='ocr_carea' id='block_1_80' title="bbox 174 2267 972 2309">
    <p class='ocr_par' dir='ltr' id='par_1_80' title="bbox 174 2267 972 2309">
     <span class='ocr_line' id='line_1_80' title="bbox 174 2267 972 2309; baseline 0.01 -15"><span class='ocrx_word' id='word_1_524' title='bbox 174 2267 326 2301; x_wconf 79' lang='lat' dir='ltr'><strong>sissimam,</strong></span> <span class='ocrx_word' id='word_1_525' title='bbox 343 2278 404 2304; x_wconf 70' lang='lat' dir='ltr'><strong>qua:</strong></span> <span class='ocrx_word' id='word_1_526' title='bbox 417 2276 459 2298; x_wconf 87' lang='lat' dir='ltr'><strong>est</strong></span> <span class='ocrx_word' id='word_1_527' title='bbox 475 2271 633 2306; x_wconf 85' lang='lat' dir='ltr'><strong>puriﬁcatio</strong></span> <span class='ocrx_word' id='word_1_528' title='bbox 646 2277 694 2300; x_wconf 87' lang='lat' dir='ltr'><strong>aut</strong></span> <span class='ocrx_word' id='word_1_529' title='bbox 706 2273 803 2309; x_wconf 75' lang='lat' dir='ltr'><strong>gratia,</strong></span> <span class='ocrx_word' id='word_1_530' title='bbox 822 2282 876 2309; x_wconf 90' lang='lat' dir='ltr'><strong>qua</strong></span> <span class='ocrx_word' id='word_1_531' title='bbox 908 2283 972 2302; x_wconf 89' lang='lat' dir='ltr'><strong>cus—</strong></span> 
     </span>
    </p>
   </div>
   <div class='ocr_carea' id='block_1_81' title="bbox 1027 1672 1822 1711">
    <p class='ocr_par' dir='ltr' id='par_1_81' title="bbox 1027 1672 1822 1711">
     <span class='ocr_line' id='line_1_81' title="bbox 1027 1672 1822 1711; baseline 0.006 -13"><span class='ocrx_word' id='word_1_532' title='bbox 1027 1672 1107 1699; x_wconf 75' lang='grc' dir='ltr'>αὑτὺν</span> <span class='ocrx_word' id='word_1_533' title='bbox 1126 1673 1212 1707; x_wconf 85' lang='grc' dir='ltr'>λέγει,</span> <span class='ocrx_word' id='word_1_534' title='bbox 1240 1674 1308 1709; x_wconf 75' lang='grc' dir='ltr'>πρὸς</span> <span class='ocrx_word' id='word_1_535' title='bbox 1333 1675 1538 1711; x_wconf 76' lang='grc' dir='ltr'><strong>ἐναργεστέραν</strong></span> <span class='ocrx_word' id='word_1_536' title='bbox 1567 1676 1745 1704; x_wconf 77' lang='grc' dir='ltr'><strong>διδασκαλίαν</strong></span> <span class='ocrx_word' id='word_1_537' title='bbox 1769 1676 1822 1711; x_wconf 82' lang='grc' dir='ltr'>τῆς</span> 
     </span>
    </p>
   </div>
   <div class='ocr_carea' id='block_1_82' title="bbox 1028 1718 1821 1758">
    <p class='ocr_par' dir='ltr' id='par_1_82' title="bbox 1028 1718 1821 1758">
     <span class='ocr_line' id='line_1_82' title="bbox 1028 1718 1821 1758; baseline 0.006 -13"><span class='ocrx_word' id='word_1_538' title='bbox 1028 1718 1201 1754; x_wconf 78' lang='grc' dir='ltr'>συμπαθείας</span> <span class='ocrx_word' id='word_1_539' title='bbox 1219 1720 1266 1746; x_wconf 76' lang='grc' dir='ltr'>καὶ</span> <span class='ocrx_word' id='word_1_540' title='bbox 1285 1721 1461 1756; x_wconf 77' lang='grc' dir='ltr'>καταλλαγῆς</span> <span class='ocrx_word' id='word_1_541' title='bbox 1471 1721 1569 1754; x_wconf 82' lang='grc' dir='ltr'>αὑτοῦ,</span> <span class='ocrx_word' id='word_1_542' title='bbox 1580 1723 1643 1749; x_wconf 72' lang='grc' dir='ltr'>ἐπεὶ</span> <span class='ocrx_word' id='word_1_543' title='bbox 1653 1723 1701 1749; x_wconf 83' lang='grc' dir='ltr'>καὶ</span> <span class='ocrx_word' id='word_1_544' title='bbox 1712 1722 1821 1758; x_wconf 76' lang='grc' dir='ltr'><strong>ἄνθρω-</strong></span> 
     </span>
    </p>
   </div>
   <div class='ocr_carea' id='block_1_83' title="bbox 1028 1764 1696 1802">
    <p class='ocr_par' dir='ltr' id='par_1_83' title="bbox 1028 1764 1696 1802">
     <span class='ocr_line' id='line_1_83' title="bbox 1028 1764 1696 1802; baseline 0.007 -12"><span class='ocrx_word' id='word_1_545' title='bbox 1028 1771 1079 1791; x_wconf 84' lang='grc' dir='ltr'><strong>πον</strong></span> <span class='ocrx_word' id='word_1_546' title='bbox 1093 1764 1175 1791; x_wconf 68' lang='grc' dir='ltr'>αὑτὸν</span> <span class='ocrx_word' id='word_1_547' title='bbox 1189 1766 1219 1791; x_wconf 78' lang='grc' dir='ltr'>ἐν</span> <span class='ocrx_word' id='word_1_548' title='bbox 1236 1765 1306 1801; x_wconf 81' lang='grc' dir='ltr'>ἀρχῇ</span> <span class='ocrx_word' id='word_1_549' title='bbox 1324 1767 1373 1802; x_wconf 78' lang='grc' dir='ltr'>τῆς</span> <span class='ocrx_word' id='word_1_550' title='bbox 1391 1767 1552 1802; x_wconf 76' lang='grc' dir='ltr'>παραῦολῆς</span> <span class='ocrx_word' id='word_1_551' title='bbox 1569 1767 1696 1796; x_wconf 76' lang='grc' dir='ltr'>ὑπέθετο.</span> 
     </span>
    </p>
   </div>
   <div class='ocr_carea' id='block_1_84' title="bbox 1061 1855 1820 1897">
    <p class='ocr_par' dir='ltr' id='par_1_84' title="bbox 1061 1855 1820 1897">
     <span class='ocr_line' id='line_1_84' title="bbox 1061 1855 1820 1897; baseline 0.008 -13"><span class='ocrx_word' id='word_1_552' title='bbox 1061 1855 1136 1885; x_wconf 79' lang='grc' dir='ltr'><strong>Εἷπε</strong></span> <span class='ocrx_word' id='word_1_553' title='bbox 1149 1873 1184 1878; x_wconf 90' lang='grc'><strong>-</strong></span> <span class='ocrx_word' id='word_1_554' title='bbox 1196 1858 1261 1892; x_wconf 81' lang='grc' dir='ltr'><strong>υἱός</strong></span> <span class='ocrx_word' id='word_1_555' title='bbox 1268 1868 1339 1887; x_wconf 89' lang='grc' dir='ltr'>σου.</span> <span class='ocrx_word' id='word_1_556' title='bbox 1351 1859 1441 1895; x_wconf 68' lang='lat' dir='ltr'><strong>&quot;Am-:9</strong></span> <span class='ocrx_word' id='word_1_557' title='bbox 1455 1861 1544 1888; x_wconf 72' lang='grc' dir='ltr'>εἰπεῖν</span> <span class='ocrx_word' id='word_1_558' title='bbox 1559 1861 1719 1897; x_wconf 78' lang='grc' dir='ltr'>ἐμελέτησε,</span> <span class='ocrx_word' id='word_1_559' title='bbox 1733 1863 1820 1891; x_wconf 78' lang='grc' dir='ltr'>ταῦτα</span> 
     </span>
    </p>
   </div>
   <div class='ocr_carea' id='block_1_85' title="bbox 1026 1904 1821 1945">
    <p class='ocr_par' dir='ltr' id='par_1_85' title="bbox 1026 1904 1821 1945">
     <span class='ocr_line' id='line_1_85' title="bbox 1026 1904 1821 1945; baseline 0.009 -15"><span class='ocrx_word' id='word_1_560' title='bbox 1026 1904 1100 1938; x_wconf 79' lang='grc' dir='ltr'>λέγει</span> <span class='ocrx_word' id='word_1_561' title='bbox 1114 1904 1162 1932; x_wconf 82' lang='grc' dir='ltr'><strong>νῦν</strong></span> <span class='ocrx_word' id='word_1_562' title='bbox 1180 1905 1209 1938; x_wconf 74' lang='grc' dir='ltr'><strong>ἐξ</strong></span> <span class='ocrx_word' id='word_1_563' title='bbox 1229 1906 1294 1942; x_wconf 82' lang='grc' dir='ltr'>ὅλης</span> <span class='ocrx_word' id='word_1_564' title='bbox 1319 1907 1443 1941; x_wconf 78' lang='grc' dir='ltr'>καρδίας,</span> <span class='ocrx_word' id='word_1_565' title='bbox 1455 1908 1493 1941; x_wconf 78' lang='grc' dir='ltr'><strong>ὡς</strong></span> <span class='ocrx_word' id='word_1_566' title='bbox 1519 1909 1644 1936; x_wconf 74' lang='grc' dir='ltr'>ἐντεῦθεν</span> <span class='ocrx_word' id='word_1_567' title='bbox 1671 1910 1821 1945; x_wconf 79' lang='grc' dir='ltr'>μανθάνειν</span> 
     </span>
    </p>
   </div>
   <div class='ocr_carea' id='block_1_86' title="bbox 1026 1952 1821 1992">
    <p class='ocr_par' dir='ltr' id='par_1_86' title="bbox 1026 1952 1821 1992">
     <span class='ocr_line' id='line_1_86' title="bbox 1026 1952 1821 1992; baseline 0.006 -14"><span class='ocrx_word' id='word_1_568' title='bbox 1026 1952 1110 1986; x_wconf 75' lang='grc' dir='ltr'>ἡμᾶς,</span> <span class='ocrx_word' id='word_1_569' title='bbox 1123 1952 1165 1979; x_wconf 81' lang='grc' dir='ltr'>ὅτι</span> <span class='ocrx_word' id='word_1_570' title='bbox 1180 1953 1233 1988; x_wconf 84' lang='grc' dir='ltr'>χρὴ</span> <span class='ocrx_word' id='word_1_571' title='bbox 1249 1953 1297 1981; x_wconf 83' lang='grc' dir='ltr'>καὶ</span> <span class='ocrx_word' id='word_1_572' title='bbox 1322 1954 1379 1991; x_wconf 70' lang='grc'><strong>(82)</strong></span> <span class='ocrx_word' id='word_1_573' title='bbox 1403 1955 1474 1989; x_wconf 84' lang='grc' dir='ltr'>μετὰ</span> <span class='ocrx_word' id='word_1_574' title='bbox 1501 1955 1551 1991; x_wconf 84' lang='grc' dir='ltr'><strong>τὴν</strong></span> <span class='ocrx_word' id='word_1_575' title='bbox 1569 1956 1744 1992; x_wconf 81' lang='grc' dir='ltr'>καταλλαγὴν</span> <span class='ocrx_word' id='word_1_576' title='bbox 1760 1958 1821 1983; x_wconf 71' lang='lat' dir='ltr'><strong>um-</strong></span> 
     </span>
    </p>
   </div>
   <div class='ocr_carea' id='block_1_87' title="bbox 1026 1997 1822 2037">
    <p class='ocr_par' dir='ltr' id='par_1_87' title="bbox 1026 1997 1822 2037">
     <span class='ocr_line' id='line_1_87' title="bbox 1026 1997 1822 2037; baseline 0.01 -15"><span class='ocrx_word' id='word_1_577' title='bbox 1026 1997 1143 2032; x_wconf 78' lang='grc' dir='ltr'>καρδίως</span> <span class='ocrx_word' id='word_1_578' title='bbox 1164 1999 1316 2033; x_wconf 79' lang='grc' dir='ltr'>ὁμολογεῖν,</span> <span class='ocrx_word' id='word_1_579' title='bbox 1325 2000 1367 2026; x_wconf 78' lang='grc' dir='ltr'>ὅτι</span> <span class='ocrx_word' id='word_1_580' title='bbox 1382 2001 1554 2037; x_wconf 77' lang='grc' dir='ltr'>ἡμάρτομεν,</span> <span class='ocrx_word' id='word_1_581' title='bbox 1564 2002 1613 2029; x_wconf 84' lang='grc' dir='ltr'>καὶ</span> <span class='ocrx_word' id='word_1_582' title='bbox 1626 2003 1822 2035; x_wconf 75' lang='grc' dir='ltr'>καταδικάζειν</span> 
     </span>
    </p>
   </div>
   <div class='ocr_carea' id='block_1_88' title="bbox 1026 2043 1151 2075">
    <p class='ocr_par' dir='ltr' id='par_1_88' title="bbox 1026 2043 1151 2075">
     <span class='ocr_line' id='line_1_88' title="bbox 1026 2043 1151 2075; baseline 0.016 -6"><span class='ocrx_word' id='word_1_583' title='bbox 1026 2043 1151 2075; x_wconf 83' lang='grc' dir='ltr'>ἑαυτούς.</span> 
     </span>
    </p>
   </div>
   <div class='ocr_carea' id='block_1_89' title="bbox 1061 2088 1821 2131">
    <p class='ocr_par' dir='ltr' id='par_1_89' title="bbox 1061 2088 1821 2131">
     <span class='ocr_line' id='line_1_89' title="bbox 1061 2088 1821 2131; baseline 0.007 -14"><span class='ocrx_word' id='word_1_584' title='bbox 1061 2088 1136 2118; x_wconf 67' lang='lat' dir='ltr'><strong>Eine</strong></span> <span class='ocrx_word' id='word_1_585' title='bbox 1154 2107 1188 2112; x_wconf 92' lang='lat'><strong>-—</strong></span> <span class='ocrx_word' id='word_1_586' title='bbox 1206 2093 1310 2121; x_wconf 84' lang='grc' dir='ltr'>αὐτοῦ.</span> <span class='ocrx_word' id='word_1_587' title='bbox 1335 2094 1407 2129; x_wconf 82' lang='grc' dir='ltr'>Πρὸς</span> <span class='ocrx_word' id='word_1_588' title='bbox 1430 2095 1494 2126; x_wconf 80' lang='grc' dir='ltr'>τοὺς</span> <span class='ocrx_word' id='word_1_589' title='bbox 1523 2095 1607 2130; x_wconf 75' lang='grc' dir='ltr'>ἱερεῖς</span> <span class='ocrx_word' id='word_1_590' title='bbox 1632 2095 1682 2130; x_wconf 86' lang='grc' dir='ltr'>τῆς</span> <span class='ocrx_word' id='word_1_591' title='bbox 1704 2095 1821 2131; x_wconf 78' lang='grc' dir='ltr'>Ἐκκλη-</span> 
     </span>
    </p>
   </div>
   <div class='ocr_carea' id='block_1_90' title="bbox 1026 2134 1821 2177">
    <p class='ocr_par' dir='ltr' id='par_1_90' title="bbox 1026 2134 1821 2177">
     <span class='ocr_line' id='line_1_90' title="bbox 1026 2134 1821 2177; baseline 0.006 -14"><span class='ocrx_word' id='word_1_592' title='bbox 1026 2137 1098 2168; x_wconf 81' lang='grc' dir='ltr'>σῐας.</span> <span class='ocrx_word' id='word_1_593' title='bbox 1121 2134 1201 2165; x_wconf 73' lang='grc' dir='ltr'>Οὗτοι</span> <span class='ocrx_word' id='word_1_594' title='bbox 1219 2139 1272 2174; x_wconf 84' lang='grc' dir='ltr'><strong>γὰρ</strong></span> <span class='ocrx_word' id='word_1_595' title='bbox 1291 2140 1460 2175; x_wconf 84' lang='grc' dir='ltr'>ὑπηρετοῦσι</span> <span class='ocrx_word' id='word_1_596' title='bbox 1479 2141 1518 2176; x_wconf 80' lang='grc' dir='ltr'>τῷ</span> <span class='ocrx_word' id='word_1_597' title='bbox 1540 2141 1600 2176; x_wconf 84' lang='grc' dir='ltr'><strong>Θεῷ</strong></span> <span class='ocrx_word' id='word_1_598' title='bbox 1616 2142 1684 2177; x_wconf 65' lang='grc' dir='ltr'>πρὶς</span> <span class='ocrx_word' id='word_1_599' title='bbox 1701 2142 1752 2177; x_wconf 73' lang='grc' dir='ltr'><strong>την</strong></span> <span class='ocrx_word' id='word_1_600' title='bbox 1768 2151 1821 2169; x_wconf 81' lang='grc' dir='ltr'><strong>σω-</strong></span> 
     </span>
    </p>
   </div>
   <div class='ocr_carea' id='block_1_91' title="bbox 1025 2183 1437 2220">
    <p class='ocr_par' dir='ltr' id='par_1_91' title="bbox 1025 2183 1437 2220">
     <span class='ocr_line' id='line_1_91' title="bbox 1025 2183 1437 2220; baseline 0.01 -12"><span class='ocrx_word' id='word_1_601' title='bbox 1025 2183 1122 2218; x_wconf 80' lang='grc' dir='ltr'>τηρίαν</span> <span class='ocrx_word' id='word_1_602' title='bbox 1138 2183 1193 2209; x_wconf 83' lang='grc' dir='ltr'><strong>τῶν</strong></span> <span class='ocrx_word' id='word_1_603' title='bbox 1207 2184 1437 2220; x_wconf 74' lang='grc' dir='ltr'>ἐπιστρεφόντων.</span> 
     </span>
    </p>
   </div>
   <div class='ocr_carea' id='block_1_92' title="bbox 1067 2229 1819 2267">
    <p class='ocr_par' dir='ltr' id='par_1_92' title="bbox 1067 2229 1819 2267">
     <span class='ocr_line' id='line_1_92' title="bbox 1067 2229 1819 2267; baseline 0.004 -12"><span class='ocrx_word' id='word_1_604' title='bbox 1067 2229 1256 2265; x_wconf 74' lang='grc' dir='ltr'>Ἐξενέγκατε</span> <span class='ocrx_word' id='word_1_605' title='bbox 1284 2246 1318 2252; x_wconf 88' lang='grc'><strong>--</strong></span> <span class='ocrx_word' id='word_1_606' title='bbox 1343 2231 1448 2259; x_wconf 81' lang='grc' dir='ltr'>αὺτύν.</span> <span class='ocrx_word' id='word_1_607' title='bbox 1471 2232 1528 2267; x_wconf 88' lang='grc' dir='ltr'><strong>Τὴν</strong></span> <span class='ocrx_word' id='word_1_608' title='bbox 1555 2231 1737 2267; x_wconf 74' lang='grc' dir='ltr'>τιμιωτάτην,</span> <span class='ocrx_word' id='word_1_609' title='bbox 1756 2231 1819 2267; x_wconf 80' lang='grc' dir='ltr'>ἥτις</span> 
     </span>
    </p>
   </div>
   <div class='ocr_carea' id='block_1_93' title="bbox 1025 2276 1664 2314">
    <p class='ocr_par' dir='ltr' id='par_1_93' title="bbox 1025 2276 1664 2314">
     <span class='ocr_line' id='line_1_93' title="bbox 1025 2276 1664 2314; baseline 0.005 -12"><span class='ocrx_word' id='word_1_610' title='bbox 1025 2276 1099 2302; x_wconf 77' lang='grc' dir='ltr'>ἐστὶν</span> <span class='ocrx_word' id='word_1_611' title='bbox 1114 2278 1130 2312; x_wconf 82' lang='grc' dir='ltr'>ἡ</span> <span class='ocrx_word' id='word_1_612' title='bbox 1146 2277 1291 2313; x_wconf 79' lang='grc' dir='ltr'>κάθαρσις,</span> <span class='ocrx_word' id='word_1_613' title='bbox 1305 2277 1322 2314; x_wconf 81' lang='grc' dir='ltr'><strong>ἢ</strong></span> <span class='ocrx_word' id='word_1_614' title='bbox 1353 2278 1370 2313; x_wconf 77' lang='grc' dir='ltr'><strong>ἠ</strong></span> <span class='ocrx_word' id='word_1_615' title='bbox 1386 2278 1559 2314; x_wconf 76' lang='grc' dir='ltr'>φρουρητικὴ</span> <span class='ocrx_word' id='word_1_616' title='bbox 1575 2278 1664 2314; x_wconf 84' lang='grc' dir='ltr'>χάρις.</span> 
     </span>
    </p>
   </div>
   <div class='ocr_carea' id='block_1_94' title="bbox 175 2315 1818 2361">
    <p class='ocr_par' dir='ltr' id='par_1_94' title="bbox 175 2315 1818 2361">
     <span class='ocr_line' id='line_1_94' title="bbox 175 2315 1818 2361; baseline 0.008 -21"><span class='ocrx_word' id='word_1_617' title='bbox 175 2315 295 2342; x_wconf 79' lang='lat' dir='ltr'><strong>todiatur</strong></span> <span class='ocrx_word' id='word_1_618' title='bbox 312 2325 320 2343; x_wconf 87' lang='lat'><strong>:</strong></span> <span class='ocrx_word' id='word_1_619' title='bbox 344 2324 425 2350; x_wconf 85' lang='lat' dir='ltr'><strong>quam</strong></span> <span class='ocrx_word' id='word_1_620' title='bbox 443 2317 563 2352; x_wconf 87' lang='lat' dir='ltr'><strong>perdidit</strong></span> <span class='ocrx_word' id='word_1_621' title='bbox 580 2326 595 2346; x_wconf 86' lang='lat' dir='ltr'><strong>a</strong></span> <span class='ocrx_word' id='word_1_622' title='bbox 609 2318 691 2346; x_wconf 87' lang='lat' dir='ltr'><strong>Patre</strong></span> <span class='ocrx_word' id='word_1_623' title='bbox 707 2325 861 2356; x_wconf 83' lang='lat' dir='ltr'><strong>separatus,</strong></span> <span class='ocrx_word' id='word_1_624' title='bbox 876 2321 969 2357; x_wconf 73' lang='lat' dir='ltr'><strong>ﬁdeli],</strong></span> <span class='ocrx_word' id='word_1_625' title='bbox 991 2323 1113 2351; x_wconf 79' lang='lat' dir='ltr'><strong>veiitatis</strong></span> <span class='ocrx_word' id='word_1_626' title='bbox 1124 2325 1366 2359; x_wconf 79' lang='lat' dir='ltr'><strong>cognitionem:et.</strong></span> <span class='ocrx_word' id='word_1_627' title='bbox 1380 2325 1487 2354; x_wconf 78' lang='lat' dir='ltr'><strong>induite</strong></span> <span class='ocrx_word' id='word_1_628' title='bbox 1501 2325 1591 2357; x_wconf 85' lang='lat' dir='ltr'><strong>illum.</strong></span> <span class='ocrx_word' id='word_1_629' title='bbox 1621 2325 1668 2361; x_wconf 89' lang='lat' dir='ltr'><strong>qui</strong></span> <span class='ocrx_word' id='word_1_630' title='bbox 1696 2325 1818 2360; x_wconf 77' lang='lat' dir='ltr'><strong>su‘psum</strong></span> 
     </span>
    </p>
   </div>
   <div class='ocr_carea' id='block_1_95' title="bbox 178 2360 268 2388">
    <p class='ocr_par' dir='ltr' id='par_1_95' title="bbox 178 2360 268 2388">
     <span class='ocr_line' id='line_1_95' title="bbox 178 2360 268 2388; baseline -0.022 0"><span class='ocrx_word' id='word_1_631' title='bbox 178 2360 268 2388; x_wconf 77' lang='lat' dir='ltr'><strong>exuit.</strong></span> 
     </span>
    </p>
   </div>
   <div class='ocr_carea' id='block_1_96' title="bbox 221 2407 970 2452">
    <p class='ocr_par' dir='ltr' id='par_1_96' title="bbox 221 2407 970 2445">
     <span class='ocr_line' id='line_1_96' title="bbox 221 2407 970 2445; baseline 0.012 -11"><span class='ocrx_word' id='word_1_632' title='bbox 221 2407 298 2435; x_wconf 88' lang='lat' dir='ltr'><strong>Vers.</strong></span> <span class='ocrx_word' id='word_1_633' title='bbox 315 2408 360 2437; x_wconf 69' lang='lat'><strong>22.</strong></span> <span class='ocrx_word' id='word_1_634' title='bbox 377 2408 411 2436; x_wconf 76' lang='lat' dir='ltr'><strong>Et</strong></span> <span class='ocrx_word' id='word_1_635' title='bbox 425 2426 460 2430; x_wconf 93' lang='lat'><strong>—</strong></span> <span class='ocrx_word' id='word_1_636' title='bbox 475 2411 541 2445; x_wconf 74' lang='lat' dir='ltr'><strong>ejus.</strong></span> <span class='ocrx_word' id='word_1_637' title='bbox 569 2412 741 2441; x_wconf 81' lang='lat' dir='ltr'><strong>Arrabonem</strong></span> <span class='ocrx_word' id='word_1_638' title='bbox 779 2414 970 2444; x_wconf 68' lang='lat' dir='ltr'><strong>familiaritatis</strong></span> 
     </span>
    </p>
   </div>
   <div class='ocr_carea' id='block_1_97' title="bbox 1036 2407 1820 2452">
    <p class='ocr_par' dir='ltr' id='par_1_97' title="bbox 1062 2413 1820 2452">
     <span class='ocr_line' id='line_1_97' title="bbox 1062 2413 1820 2452; baseline 0.007 -12"><span class='ocrx_word' id='word_1_639' title='bbox 1062 2413 1118 2440; x_wconf 80' lang='lat' dir='ltr'><strong>Kal</strong></span> <span class='ocrx_word' id='word_1_640' title='bbox 1132 2429 1166 2434; x_wconf 90' lang='lat'><strong>-—</strong></span> <span class='ocrx_word' id='word_1_641' title='bbox 1182 2414 1287 2443; x_wconf 85' lang='grc' dir='ltr'>αὐτοῦ.</span> <span class='ocrx_word' id='word_1_642' title='bbox 1306 2415 1468 2451; x_wconf 77' lang='grc' dir='ltr'><strong>’Δρραϐὦνα</strong></span> <span class='ocrx_word' id='word_1_643' title='bbox 1484 2416 1533 2451; x_wconf 83' lang='grc' dir='ltr'>τῆς</span> <span class='ocrx_word' id='word_1_644' title='bbox 1548 2416 1616 2452; x_wconf 70' lang='grc' dir='ltr'>πρὸς</span> <span class='ocrx_word' id='word_1_645' title='bbox 1631 2417 1698 2444; x_wconf 75' lang='grc' dir='ltr'>Θεὸν</span> <span class='ocrx_word' id='word_1_646' title='bbox 1710 2418 1820 2444; x_wconf 79' lang='grc' dir='ltr'>οἰκειώ-</span> 
     </span>
    </p>
   </div>
   <div class='ocr_carea' id='block_1_98' title="bbox 172 2455 967 2497">
    <p class='ocr_par' dir='ltr' id='par_1_98' title="bbox 172 2455 967 2497">
     <span class='ocr_line' id='line_1_98' title="bbox 172 2455 967 2497; baseline 0.009 -16"><span class='ocrx_word' id='word_1_647' title='bbox 172 2462 237 2490; x_wconf 78' lang='lat' dir='ltr'><strong>erga</strong></span> <span class='ocrx_word' id='word_1_648' title='bbox 254 2455 351 2486; x_wconf 86' lang='lat' dir='ltr'><strong>Deum.</strong></span> <span class='ocrx_word' id='word_1_649' title='bbox 367 2461 415 2483; x_wconf 91' lang='lat' dir='ltr'><strong>aut</strong></span> <span class='ocrx_word' id='word_1_650' title='bbox 428 2457 601 2492; x_wconf 78' lang='lat' dir='ltr'><strong>signaculum</strong></span> <span class='ocrx_word' id='word_1_651' title='bbox 622 2459 656 2487; x_wconf 84' lang='lat' dir='ltr'><strong>ad</strong></span> <span class='ocrx_word' id='word_1_652' title='bbox 685 2461 874 2495; x_wconf 85' lang='lat' dir='ltr'><strong>operationem</strong></span> <span class='ocrx_word' id='word_1_653' title='bbox 897 2461 967 2497; x_wconf 86' lang='lat' dir='ltr'><strong>ejus.</strong></span> 
     </span>
    </p>
   </div>
   <div class='ocr_carea' id='block_1_99' title="bbox 173 2502 576 2540">
    <p class='ocr_par' dir='ltr' id='par_1_99' title="bbox 173 2502 576 2540">
     <span class='ocr_line' id='line_1_99' title="bbox 173 2502 576 2540; baseline 0.012 -13"><span class='ocrx_word' id='word_1_654' title='bbox 173 2508 207 2527; x_wconf 88' lang='lat' dir='ltr'><strong>ne</strong></span> <span class='ocrx_word' id='word_1_655' title='bbox 227 2502 284 2536; x_wconf 87' lang='lat' dir='ltr'><strong>ipsa</strong></span> <span class='ocrx_word' id='word_1_656' title='bbox 300 2502 407 2531; x_wconf 88' lang='lat' dir='ltr'><strong>insidiis</strong></span> <span class='ocrx_word' id='word_1_657' title='bbox 419 2509 576 2540; x_wconf 83' lang='lat' dir='ltr'><strong>appetatur.</strong></span> 
     </span>
    </p>
   </div>
   <div class='ocr_carea' id='block_1_100' title="bbox 212 2547 966 2587">
    <p class='ocr_par' dir='ltr' id='par_1_100' title="bbox 212 2547 966 2587">
     <span class='ocr_line' id='line_1_100' title="bbox 212 2547 966 2587; baseline 0.009 -13"><span class='ocrx_word' id='word_1_658' title='bbox 212 2547 290 2576; x_wconf 81' lang='lat' dir='ltr'><strong>Vcrs.</strong></span> <span class='ocrx_word' id='word_1_659' title='bbox 310 2549 354 2577; x_wconf 71' lang='lat'><strong>2’2.</strong></span> <span class='ocrx_word' id='word_1_660' title='bbox 371 2549 405 2576; x_wconf 83' lang='lat' dir='ltr'><strong>Et</strong></span> <span class='ocrx_word' id='word_1_661' title='bbox 421 2551 601 2579; x_wconf 77' lang='lat' dir='ltr'><strong>culcenmenla</strong></span> <span class='ocrx_word' id='word_1_662' title='bbox 614 2553 640 2579; x_wconf 88' lang='lat' dir='ltr'><strong>in</strong></span> <span class='ocrx_word' id='word_1_663' title='bbox 653 2552 742 2587; x_wconf 75' lang='lat' dir='ltr'><strong>pedes.</strong></span> <span class='ocrx_word' id='word_1_664' title='bbox 760 2552 788 2580; x_wconf 93' lang='lat' dir='ltr'><strong>ld</strong></span> <span class='ocrx_word' id='word_1_665' title='bbox 804 2557 857 2586; x_wconf 75' lang='lat' dir='ltr'><strong>est,</strong></span> <span class='ocrx_word' id='word_1_666' title='bbox 873 2558 966 2582; x_wconf 57' lang='lat' dir='ltr'><strong>custtﬁ</strong></span> 
     </span>
    </p>
   </div>
   <div class='ocr_carea' id='block_1_101' title="bbox 173 2590 924 2626">
    <p class='ocr_par' dir='ltr' id='par_1_101' title="bbox 173 2590 924 2626">
     <span class='ocr_line' id='line_1_101' title="bbox 173 2590 924 2626; baseline 0.012 -6"><span class='ocrx_word' id='word_1_667' title='bbox 173 2592 245 2620; x_wconf 85' lang='lat' dir='ltr'><strong>diam</strong></span> <span class='ocrx_word' id='word_1_668' title='bbox 262 2595 297 2622; x_wconf 87' lang='lat' dir='ltr'><strong>ad</strong></span> <span class='ocrx_word' id='word_1_669' title='bbox 311 2595 363 2623; x_wconf 87' lang='lat' dir='ltr'><strong>iter</strong></span> <span class='ocrx_word' id='word_1_670' title='bbox 380 2598 598 2626; x_wconf 76' lang='lat' dir='ltr'><strong>conversationis</strong></span> <span class='ocrx_word' id='word_1_671' title='bbox 615 2606 682 2626; x_wconf 70' lang='lat' dir='ltr'><strong>su&#39;e.</strong></span> <span class='ocrx_word' id='word_1_672' title='bbox 921 2590 924 2594; x_wconf 49' lang='grc'><strong>’</strong></span> 
     </span>
    </p>
   </div>
   <div class='ocr_carea' id='block_1_102' title="bbox 1024 2460 1816 2500">
    <p class='ocr_par' dir='ltr' id='par_1_102' title="bbox 1024 2460 1816 2500">
     <span class='ocr_line' id='line_1_102' title="bbox 1024 2460 1816 2500; baseline 0.008 -15"><span class='ocrx_word' id='word_1_673' title='bbox 1024 2468 1102 2499; x_wconf 70' lang='grc' dir='ltr'>ςεως,</span> <span class='ocrx_word' id='word_1_674' title='bbox 1128 2460 1146 2496; x_wconf 75' lang='grc' dir='ltr'>ἢ</span> <span class='ocrx_word' id='word_1_675' title='bbox 1175 2462 1312 2496; x_wconf 81' lang='grc' dir='ltr'>σφραγῖδα</span> <span class='ocrx_word' id='word_1_676' title='bbox 1332 2463 1372 2494; x_wconf 82' lang='grc' dir='ltr'>εἰς</span> <span class='ocrx_word' id='word_1_677' title='bbox 1382 2462 1431 2496; x_wconf 84' lang='grc' dir='ltr'><strong>τὴν</strong></span> <span class='ocrx_word' id='word_1_678' title='bbox 1447 2464 1548 2499; x_wconf 81' lang='grc' dir='ltr'>πρᾶξιν</span> <span class='ocrx_word' id='word_1_679' title='bbox 1561 2463 1658 2497; x_wconf 75' lang='grc' dir='ltr'>αὑτοῦ,</span> <span class='ocrx_word' id='word_1_680' title='bbox 1674 2464 1748 2491; x_wconf 77' lang='grc' dir='ltr'>ὥστε</span> <span class='ocrx_word' id='word_1_681' title='bbox 1764 2466 1816 2500; x_wconf 78' lang='grc' dir='ltr'><strong>μέ-</strong></span> 
     </span>
    </p>
   </div>
   <div class='ocr_carea' id='block_1_103' title="bbox 1022 2507 1432 2542">
    <p class='ocr_par' dir='ltr' id='par_1_103' title="bbox 1022 2507 1432 2542">
     <span class='ocr_line' id='line_1_103' title="bbox 1022 2507 1432 2542; baseline 0.01 -8"><span class='ocrx_word' id='word_1_682' title='bbox 1022 2515 1078 2534; x_wconf 77' lang='grc' dir='ltr'>νειν</span> <span class='ocrx_word' id='word_1_683' title='bbox 1092 2507 1178 2542; x_wconf 80' lang='grc' dir='ltr'>αὐτὴν</span> <span class='ocrx_word' id='word_1_684' title='bbox 1195 2508 1432 2538; x_wconf 80' lang='grc' dir='ltr'>ἀνεπιϐούλευτον.</span> 
     </span>
    </p>
   </div>
   <div class='ocr_carea' id='block_1_104' title="bbox 1055 2553 1818 2594">
    <p class='ocr_par' dir='ltr' id='par_1_104' title="bbox 1055 2553 1818 2594">
     <span class='ocr_line' id='line_1_104' title="bbox 1055 2553 1818 2594; baseline 0.008 -15"><span class='ocrx_word' id='word_1_685' title='bbox 1055 2554 1111 2580; x_wconf 84' lang='grc' dir='ltr'><strong>Καὶ</strong></span> <span class='ocrx_word' id='word_1_686' title='bbox 1136 2553 1314 2588; x_wconf 79' lang='grc' dir='ltr'>ὑποδήματα</span> <span class='ocrx_word' id='word_1_687' title='bbox 1337 2556 1381 2588; x_wconf 78' lang='grc' dir='ltr'><strong>εις</strong></span> <span class='ocrx_word' id='word_1_688' title='bbox 1408 2556 1479 2590; x_wconf 77' lang='grc' dir='ltr'>τοὺς</span> <span class='ocrx_word' id='word_1_689' title='bbox 1507 2557 1613 2590; x_wconf 78' lang='grc' dir='ltr'>πόδας.</span> <span class='ocrx_word' id='word_1_690' title='bbox 1625 2557 1752 2594; x_wconf 74' lang='grc' dir='ltr'>Φυλακὴν</span> <span class='ocrx_word' id='word_1_691' title='bbox 1775 2559 1818 2590; x_wconf 86' lang='grc' dir='ltr'>εἱς</span> 
     </span>
    </p>
   </div>
   <div class='ocr_carea' id='block_1_105' title="bbox 1022 2599 1596 2639">
    <p class='ocr_par' dir='ltr' id='par_1_105' title="bbox 1022 2599 1596 2639">
     <span class='ocr_line' id='line_1_105' title="bbox 1022 2599 1596 2639; baseline 0.012 -15"><span class='ocrx_word' id='word_1_692' title='bbox 1022 2599 1071 2633; x_wconf 84' lang='grc' dir='ltr'><strong>τὴν</strong></span> <span class='ocrx_word' id='word_1_693' title='bbox 1086 2599 1198 2635; x_wconf 84' lang='grc' dir='ltr'>πορείαν</span> <span class='ocrx_word' id='word_1_694' title='bbox 1216 2601 1264 2635; x_wconf 83' lang='grc' dir='ltr'>τῆς</span> <span class='ocrx_word' id='word_1_695' title='bbox 1279 2600 1418 2634; x_wconf 81' lang='grc' dir='ltr'>πολιτείας</span> <span class='ocrx_word' id='word_1_696' title='bbox 1431 2603 1514 2630; x_wconf 77' lang='grc' dir='ltr'>αὑτοῦ</span> <span class='ocrx_word' id='word_1_697' title='bbox 1526 2603 1596 2639; x_wconf 79' lang='grc'><strong>(85).</strong></span> 
     </span>
    </p>
   </div>
   <div class='ocr_carea' id='block_1_106' title="bbox 768 2703 1212 2737">
    <p class='ocr_par' dir='ltr' id='par_1_106' title="bbox 768 2703 1212 2737">
     <span class='ocr_line' id='line_1_106' title="bbox 768 2703 1212 2737; baseline 0.009 -4"><span class='ocrx_word' id='word_1_698' title='bbox 768 2703 867 2734; x_wconf 75' lang='lat' dir='ltr'><strong>Variae</strong></span> <span class='ocrx_word' id='word_1_699' title='bbox 899 2703 1052 2735; x_wconf 88' lang='lat' dir='ltr'><strong>lectiones</strong></span> <span class='ocrx_word' id='word_1_700' title='bbox 1069 2707 1097 2736; x_wconf 87' lang='lat' dir='ltr'><strong>et</strong></span> <span class='ocrx_word' id='word_1_701' title='bbox 1117 2708 1212 2737; x_wconf 68' lang='lat' dir='ltr'><strong>nota).</strong></span> 
     </span>
    </p>
   </div>
   <div class='ocr_carea' id='block_1_107' title="bbox 210 2791 792 2834">
    <p class='ocr_par' dir='ltr' id='par_1_107' title="bbox 210 2791 792 2834">
     <span class='ocr_line' id='line_1_107' title="bbox 210 2791 792 2834; baseline 0.015 -16"><span class='ocrx_word' id='word_1_702' title='bbox 281 2791 372 2834; x_wconf 52' lang='lat' dir='ltr'><strong>forte</strong></span> <span class='ocrx_word' id='word_1_703' title='bbox 386 2794 520 2829; x_wconf 79' lang='lat' dir='ltr'><strong>interpres</strong></span> <span class='ocrx_word' id='word_1_704' title='bbox 537 2798 599 2834; x_wconf 76' lang='lat' dir='ltr'><strong>legit</strong></span> <span class='ocrx_word' id='word_1_705' title='bbox 616 2799 792 2827; x_wconf 70' lang='grc' dir='ltr'>ἀποϐλέπων.</span> 
     </span>
    </p>
   </div>
   <div class='ocr_carea' id='block_1_108' title="bbox 209 2827 485 2863">
    <p class='ocr_par' dir='ltr' id='par_1_108' title="bbox 209 2827 485 2863">
     <span class='ocr_line' id='line_1_108' title="bbox 209 2827 485 2863; baseline 0.022 -10"><span class='ocrx_word' id='word_1_706' title='bbox 209 2827 264 2863; x_wconf 72' lang='lat'><strong>(82)</strong></span> <span class='ocrx_word' id='word_1_707' title='bbox 281 2829 334 2855; x_wconf 77' lang='grc' dir='ltr'>Καί</span> <span class='ocrx_word' id='word_1_708' title='bbox 348 2829 434 2858; x_wconf 77' lang='lat' dir='ltr'><strong>abest.</strong></span> <span class='ocrx_word' id='word_1_709' title='bbox 454 2827 485 2859; x_wconf 71' lang='grc' dir='ltr'><strong>Α.</strong></span> 
     </span>
    </p>
   </div>
   <div class='ocr_carea' id='block_1_109' title="bbox 1062 2801 1813 2839">
    <p class='ocr_par' dir='ltr' id='par_1_109' title="bbox 1062 2801 1813 2839">
     <span class='ocr_line' id='line_1_109' title="bbox 1062 2801 1813 2839; baseline 0.009 -11"><span class='ocrx_word' id='word_1_710' title='bbox 1062 2801 1268 2839; x_wconf 69' lang='grc' dir='ltr'>(δὸ)5ς1ιοιίιιιη</span> <span class='ocrx_word' id='word_1_711' title='bbox 1286 2805 1440 2839; x_wconf 77' lang='lat' dir='ltr'><strong>proximum</strong></span> <span class='ocrx_word' id='word_1_712' title='bbox 1457 2807 1483 2834; x_wconf 88' lang='lat' dir='ltr'><strong>in</strong></span> <span class='ocrx_word' id='word_1_713' title='bbox 1499 2810 1597 2834; x_wconf 88' lang='lat' dir='ltr'><strong>neutro</strong></span> <span class='ocrx_word' id='word_1_714' title='bbox 1614 2813 1738 2834; x_wconf 89' lang='lat' dir='ltr'><strong>meorum</strong></span> <span class='ocrx_word' id='word_1_715' title='bbox 1766 2814 1813 2835; x_wconf 86' lang='lat' dir='ltr'><strong>re-</strong></span> 
     </span>
    </p>
   </div>
   <div class='ocr_carea' id='block_1_110' title="bbox 1021 2838 1088 2871">
    <p class='ocr_par' dir='ltr' id='par_1_110' title="bbox 1021 2838 1088 2871">
     <span class='ocr_line' id='line_1_110' title="bbox 1021 2838 1088 2871; baseline 0.015 -8"><span class='ocrx_word' id='word_1_716' title='bbox 1021 2838 1088 2871; x_wconf 88' lang='lat' dir='ltr'><strong>peri.</strong></span> 
     </span>
    </p>
   </div>
  </div>
