1927 3074
83 119 152 152 1023

563 117 760 149 COMMENT.
782 117 822 147 [Ν
845 117 983 148 LUCAM.
1005 130 1039 136 --
1059 119 1131 150 CAP
1162 121 1225 151 XV.

1647 124 1716 158 1030

116 176 135 210 1-
151 174 186 202 Ut
218 175 261 202 his
293 175 430 203 calceatus
447 174 474 202 in
505 175 708 210 praeparatione
723 173 862 209 Evangelii
876 174 972 208 pacis,
1003 177 1148 205 conculcet
1177 182 1320 213 serpentes
1347 187 1381 207 ac
1403 179 1572 215 scorpiones,
1596 181 1647 208 hoc
1663 188 1716 211 est,

80 221 234 248 contrarias
249 225 407 255 potestates.

119 268 176 295 Καὶ
188 283 223 288 ——
236 269 356 295 θύσατε.
371 269 479 304 Μόσχος
496 269 631 301 σιτευτὸς,
642 268 672 294 rb
688 268 767 302 ἅγιον
792 267 866 301 σῶμα

961 264 1037 291 Vers.
1056 265 1101 292 23.
1123 265 1156 292 Et
1179 281 1212 286 —
1234 272 1358 294 maclute.
1374 268 1481 296 Vitulus
1498 271 1639 305 saginatus
1650 281 1717 300 san-

78 315 126 341 τοῢ
142 315 260 346 Χριστοῦ
269 323 275 331 ⁸
290 316 388 351 μόσχος
404 315 465 350 μὲν,
479 316 516 348 ὡς
528 316 565 351 μὴ
578 315 716 351 δαμασθὲν
727 316 759 350 τῇ
770 314 871 350 ζεύγλῃ

79 363 129 396 τῆς
143 361 283 395 ἁμαρτίας
295 370 301 377 ·
317 363 437 393 σιτευτὸς
448 362 486 395 δὲ,
501 362 537 393 ὡς
556 362 668 389 πιανθὲν
687 363 747 393 ταῖς
759 361 871 396 ἀρεταῖς

79 407 126 433 καὶ
146 407 265 442 τηρηθὲν
283 409 322 440 εις
335 409 386 444 τὴν
398 408 467 444 ὑπὲρ
487 409 541 435 τῶν
561 408 734 444 ἁμαρτωλῶν
750 407 869 443 σφαγήν.

115 491 171 518 Kal
187 493 335 527 φαγόντες
359 493 582 527 εὐφρανθῶμεν.
599 494 699 528 Φαγεῐν
719 494 768 520 καὶ.
790 493 872 526 αὐτὸς

79 537 166 572 λέγει,
179 539 269 574 δηλῶν
284 540 333 574 τὴν
349 540 492 567 κοινωνίαν
512 541 561 575 τῆς
584 541 767 576 εὐφροσύνης.

115 585 180 612 Ὅτι
190 601 224 606 ——
237 586 355 620 εὑρέθη.
368 587 512 622 Νέκρωσιν
526 588 575 621 μὲν
594 588 642 614 καὶ
652 588 792 614 ἀπώλειάν
804 596 872 622 φησι

77 632 128 667 τὴν
144 632 198 658 ἀπὸ
213 633 262 667 τῆς
278 634 415 667 ἁμαρτίας
426 642 432 649 ·
457 633 620 665 ἁναςώωσιν
635 634 665 660 δὲ
684 635 732 660 καὶ
748 633 869 670 εὕρεσιν,

78 679 129 713 τὴν
145 679 198 705 ἀπὸ
213 680 261 715 τῆς
280 680 434 715 μετανοίας.

114 773 167 798 Καὶ
182 771 310 806 ἤρξαντο
321 773 544 807 εὐφραίνεσθαι.
558 773 644 800 Τοῦτο
658 773 755 809 σαφές,

116 862 177 892 Ἤν
188 881 216 886 -
233 865 322 901 ἀγρῷ.
335 865 379 900 Τῷ
388 865 441 892 τῶν
451 867 566 902 ἀρετῶν,
576 867 759 902 ἐργαζόμενος
770 867 868 899 αὐτάς.

925 315 999 337 ctum
1014 310 1112 338 Christi
1134 320 1233 347 corpus
1246 317 1308 340 est:
1337 314 1437 341 vitulus
1447 315 1568 349 quidem,
1586 322 1714 353 tanquam

924 364 978 383 non
995 357 1196 393 domatusjugo
1225 368 1257 388 ac
1275 361 1396 395 pondere
1422 364 1548 396 peccati;
1576 366 1715 400 saginatus

923 407 1000 432 vero,
1019 404 1313 436 tanquamvirtutibus
1333 405 1531 442 impinguatus,
1546 417 1577 435 ac
1591 417 1715 439 servulus

924 449 954 472 ut
966 454 1014 480 pro
1030 449 1219 481 peccatoribus
1236 450 1405 481 immolatur.

959 491 1036 519 Vers.
1056 492 1101 520 25.
1125 494 1162 519 Ac
1188 494 1324 528 epulantes
1350 496 1479 524 lwtemur.
1501 499 1589 527 Edere
1606 508 1715 536 quoque

923 536 982 571 ipsc
1001 538 1101 565 dicitur
1114 539 1146 566 ad
1164 541 1263 567 lmtitia:
1282 544 1558 573 communicationem

958 583 1037 611 Vers.
1053 585 1098 612 24.
1112 585 1181 617 Quia
1194 601 1228 606 -—
1244 588 1364 615 inventus
1392 595 1440 616 est.
1473 591 1712 621 Mortiﬁcatiunem

923 628 1033 662 quidem
1055 637 1086 657 ac
1103 631 1284 665 perditionem
1299 634 1366 660 dicit
1396 642 1456 662 eam
1480 643 1541 669 qua:
1555 644 1569 663 a
1599 643 1713 672 peccato

922 676 1059 709 procedit:
1075 677 1285 707 viviticalionem
1302 687 1367 708 vero
1380 688 1412 708 ac
1428 681 1628 716 inventionem,
1651 693 1714 712 eam

923 730 984 756 quae
998 730 1012 750 a
1028 723 1201 757 poenitentia.

960 767 1035 796 Vers.
1051 769 1098 796 24.
1116 770 1310 805 prerumque
1325 773 1422 800 (tutari.
1450 773 1507 801 Hoc
1538 775 1714 803 maniﬂestum

921 818 974 842 est.

957 861 1033 888 Vcrs.
1051 861 1306 906 25.Erat—‘-ayro.
1328 865 1356 893 In
1371 874 1437 901 agro
1463 867 1604 901 virtutum,
1631 877 1712 896 exer-

921 913 987 934 cens
1003 915 1034 934 ac
1051 909 1143 936 colens
1161 910 1231 938 illas.

115 953 167 980 Kal
186 953 226 986 ὡς
242 968 273 974 -
290 953 397 988 χορῶν.
426 953 454 979 '0
474 953 594 985 τοιοῦτος
618 953 728 989 ἔρχεται
754 955 803 990 μὲν
825 954 866 981 διὰ

957 954 1035 981 Vers.
1053 955 1098 983 25.
1111 955 1228 992 Cumque
1243 973 1277 978 ——
1296 959 1398 987 choros.
1408 959 1481 988 Talis
1492 961 1603 996 quidem
1635 962 1712 989 venit

79 998 236 1032 προκοπῆς·
252 997 357 1031 ἐγγίζει
371 997 400 1024 δὲ
414 997 459 1024 διὰ
478 997 647 1030 τελειώσεως
670 998 709 1034 τῷ
726 998 795 1034 οἴκῳ
820 999 867 1026 τοῦ

77 1043 157 1075 Θεοῦ,
168 1044 215 1070 καὶ
233 1043 326 1070 ἀκούει
343 1045 504 1078 συμφωνίας
522 1044 572 1079 μὲν
587 1045 732 1081 μουσικῆς,
746 1047 791 1072 διὰ
818 1047 868 1082 τὴν

78 1089 147 1124 πρὸς
165 1090 210 1116 τὸν
239 1090 346 1125 πατέρα
372 1091 535 1126 συμφωνίαν
549 1091 597 1118 τοῦ
616 1091 684 1124 υἱοῦ,
698 1092 731 1128 ἢν
747 1093 868 1127 συνεφώ-

78 1143 143 1170 νησε
159 1135 203 1162 διὰ
219 1135 270 1170 τῆς
291 1136 436 1170 μετανοίας
449 1145 456 1152 ·
472 1136 560 1172 χορῶν
573 1136 612 1168 δὲ,
623 1136 667 1163 διὰ
681 1137 730 1171 τὴν
763 1139 868 1164 ὲκεῐοεν

77 1182 175 1216 χαράν.
201 1181 244 1207 Ἐν
258 1181 297 1216 τῷ
310 1181 376 1216 οἴκῳ
389 1181 444 1217 γὰρ
458 1181 505 1207 τοῦ
517 1181 586 1207 Θεοῦ
600 1179 668 1216 ἦχος
679 1182 800 1218 καθαρὸς
812 1183 867 1219 (8ά)

78 1227 272 1263 ἑορταζόντων.

113 1274 166 1300 Καὶ
189 1288 230 1293 ι-
256 1273 365 1306 ταῦτ-ιη
384 1273 452 1300 Ἕνα
478 1274 532 1300 τῶν
558 1274 738 1308 ἀγγέλων.Δι“
749 1274 867 1308 ἀγγέλου

78 1319 132 1355 γὰρ
150 1319 389 1346 ἀποκαλύπτονται
409 1319 443 1346 τὰ
458 1319 517 1345 θεῖα
546 1320 702 1354 μυστήρια·
720 1320 822 1351 παῖδας
836 1320 866 1346 δὲ

79 1365 126 1392 νῦν
152 1365 226 1400 λέγει
240 1367 303 1398 τοὺς
319 1365 443 1398 δούλους·
466 1366 553 1394 δοῦλοι
563 1367 592 1393 δὲ
608 1366 656 1393 τοῦ
681 1366 795 1400 Θεοῦ,οι
815 1368 866 1401 ἆγ-

78 1413 162 1447 γελοι.

118 1460 150 1487 '0
164 1459 196 1486 δὲ
206 1474 242 1479 —
257 1459 334 1493 ἣκει.
346 1459 534 1494 Παραγινεται
549 1459 729 1494 ἐπιστρέψας.

113 1508 166 1535 Kal
183 1522 218 1527 ——
231 1507 392 1535 ἀπέλαϐεν.
408 1508 592 1536 ’Δποὸαλόντα
602 1508 651 1544 τὴν
666 1509 743 1536 νόσον
755 1508 799 1537 διὰ
815 1509 866 1545 τῆς

80 1554 234 1588 μετανοίας.

119 1600 257 1634 Ὠργισθη
271 1614 306 1620 -ο
315 1600 476 1627 εἰσελθεῖν.
492 1601 660 1636 Σχηματίζει
672 1601 767 1630 τοῦτον
779 1603 796 1638 ἠ
810 1611 862 1630 πα·
878 1609 902 1641 c

80 1646 178 1681 ραὸο).ὴ
196 1646 243 1672 νῦν
259 1646 448 1681 ὀργιζόμενον,
462 1648 509 1674 καὶ
528 1647 565 1682 μὴ
591 1646 703 1676 Θέλοντα
719 1649 862 1682 εἰσελθεῖν,

76 1693 125 1727 οὐχ
143 1693 183 1719 ὅτι
209 1692 358 1728 ἐφθόνησε·
374 1692 445 1728 λύπη
466 1693 519 1729 γὰρ
537 1694 650 1729 οὐδεμία
673 1696 729 1727 τοῖς
750 1694 864 1727 δικαίοις

76 1739 122 1766 ἐπὶ
135 1739 168 1774 τῇ
192 1739 313 1775 σωτηρίᾳ
335 1739 389 1766 τῶν
410 1739 547 1773 ἀδελφῶν·
564 1739 622 1766 ἀλλ’
639 1739 682 1768 ινα
700 1740 864 1776 παραστήσῃ

76 1786 125 1821 τὴν
143 1785 295 1821 ὑπερϐολὴν
310 1787 358 1822 τῆς
374 1786 422 1814 τοῦ
438 1786 506 1813 Θεοῦ
519 1786 699 1822 ἁγαθότητος.
720 1788 864 1823 Ἐμφαὶνει

76 1833 130 1867 γὰρ
145 1833 160 1867 ὴ
175 1832 285 1867 τοιαύτη
299 1833 496 1868 ἀγανάκτησις,
516 1833 557 1861 ὅτι
577 1833 712 1869 τοσαύτην
728 1834 864 1861 ἐνδείκνυ-

75 1888 121 1906 ται
137 1880 201 1914 περὶ
212 1880 275 1911 τοὺς
284 1880 479 1914 μιτανοοῦντας
494 1880 574 1915 χάριν
588 1880 635 1907 καὶ
647 1881 745 1915 χαρὰν,
755 1881 793 1912 ὡς
806 1881 864 1908 ἑτέ-

78 1934 134 1962 ροις
147 1926 244 1961 φθόνον
256 1927 374 1961 κινῆσαι.
388 1925 472 1952 Τοῦτο
486 1926 514 1952 δὲ
529 1927 663 1962 πεποίηκε
675 1928 722 1954 καὶ
738 1929 753 1962 ἡ
770 1936 862 1963 παρα-

77 1974 142 2008 ϐολὴ
161 1974 215 2000 τῶν
234 1973 423 2009 μισθουμένων
447 1973 571 2009 ἐργατῶν
585 1974 614 2000 ὲν
627 1973 666 2008 τῷ
692 1982 863 2010 τεσσαρακο-

77 2022 133 2057 στῷ
147 2021 265 2056 δευτέρῳ
281 2019 421 2054 κεφαλαίῳ
441 2019 489 2046 τοῦ
504 2019 575 2046 κατὰ
597 2019 738 2048 Ματθαῖον
749 2029 755 2036 ·
772 2021 818 2048 καὶ
833 2021 863 2048 ἐν

76 2068 170 2104 ἐκείνῃ
185 2067 239 2102 γὰρ
251 2067 275 2093 οἱ
288 2067 392 2102 πρῶτοι
409 2066 571 2101 ἐγόγγυζον.

115 2114 147 2139 '0
160 2111 216 2140 οὖν
229 2112 327 2145 πατὴρ
337 2126 370 2131 -
381 2113 485 2139 αὐτόν.
499 2112 543 2141 Ὠς
559 2112 687 2147 φιλόπαις
703 2115 749 2141 καὶ
769 2115 861 2149 σοφὸς.

75 2160 122 2186 καὶ
140 2159 185 2185 τὸν
199 2158 402 2193 ἐπιστρέψαντα
415 2159 494 2194 τιμᾷ,
505 2158 609 2186 καὶτὸν
624 2159 755 2194 μείναντα
774 2169 864 2196 παρα-

75 2207 164 2234 καλεῖ.

115 2253 147 2280 '0
159 2252 192 2279 δὲ
206 2267 239 2272 -
256 2252 421 2287 εὐφρανθῶ.
430 2253 468 2280 οὐ
488 2253 598 2280 τοιαῦτα
612 2254 737 2288 λέγουσιν
752 2255 775 2280 οἱ
789 2253 862 2288 ἅγιοι

921 998 1055 1028 felicitate
1072 1003 1258 1036 provectionis
1280 1012 1286 1030 :
1304 1006 1474 1039 perfectione
1503 1012 1595 1034 autem
1612 1015 1712 1042 appro.

920 1046 1035 1080 piuquat
1051 1047 1143 1074 domui
1157 1048 1216 1080 Dei,
1236 1054 1263 1076 et
1285 1051 1360 1078 audit
1389 1052 1513 1080 musices
1533 1059 1710 1086 concentum,

920 1097 1032 1126 propter
1050 1093 1096 1120 lilii
1117 1102 1179 1130 erga
1194 1099 1299 1129 patrem
1311 1099 1500 1131 concordiam,
1516 1107 1568 1134 qua
1587 1107 1636 1134 per
1651 1108 1710 1134 po:-

919 1138 1062 1166 nitentiam
1078 1147 1192 1167 concors
1211 1141 1298 1170 factus
1312 1150 1354 1169 est
1369 1151 1376 1170 :
1396 1146 1495 1171 choros
1510 1153 1583 1177 vero,
1600 1152 1711 1180 propter

919 1184 1059 1218 gaudium,
1076 1187 1147 1220 quod
1168 1186 1238 1214 inihi
1252 1193 1322 1216 erat.
1335 1189 1404 1216 Nam
1420 1190 1449 1217 in
1463 1191 1546 1218 domo
1562 1192 1609 1219 Dei
1625 1200 1710 1220 sonus

919 1234 960 1257 cst
972 1238 1039 1264 pure
1052 1231 1121 1259 festa
1136 1233 1345 1260 celebrantium.

955 1275 1032 1303 Vers.
1050 1276 1094 1303 9.6.
1109 1277 1143 1304 Et
1161 1292 1194 1299 -—-
1208 1278 1274 1305 hare.
1296 1277 1354 1306 Uno
1379 1279 1537 1314 angelorum
1565 1281 1709 1308 accersito.

919 1319 972 1349 Per
1001 1323 1130 1357 angelum
1154 1324 1228 1351 enim
1255 1325 1413 1352 revelantur
1441 1326 1532 1354 divina
1566 1328 1708 1362 mysteria.

920 1369 1023 1399 Παῖδας
1041 1374 1121 1396 vocat
1136 1377 1211 1397 nunc
1229 1378 1325 1398 servos
1343 1379 1350 1398 :
1368 1379 1432 1399 nam
1449 1373 1539 1408 angeli
1555 1378 1620 1401 sunt
1635 1374 1709 1402 servi

920 1410 978 1437 Dei.

955 1457 1032 1485 Vers.
1049 1457 1094 1485 27.
1107 1458 1185 1493 Isque
1199 1473 1234 1479 —
1247 1460 1329 1486 venit.
1342 1460 1426 1488 Adest
1440 1468 1601 1489 conversus.

954 1504 1032 1532 Vers.
1049 1505 1093 1533 27.
1109 1520 1144 1525 —
1159 1505 1194 1532 Et
1211 1506 1317 1540 recepit.
1336 1507 1451 1542 Ahjecto
1466 1510 1574 1540 morbo,
1587 1517 1636 1543 per
1651 1517 1710 1544 po:-

917 1549 1074 1577 nitentiam.

954 1597 1031 1624 Vers.
1049 1597 1094 1626 28.
1111 1596 1274 1634 Indignatus
1290 1613 1322 1620 —-
1338 1599 1458 1626 introire.
1471 1599 1621 1628 Assimnlat
1635 1603 1710 1629 hunc

919 1643 1047 1677 parabola
1062 1643 1261 1680 indignantem,
1277 1653 1330 1672 nec
1353 1646 1457 1674 intrare
1471 1647 1606 1675 volentem
1629 1657 1636 1675 :
1653 1655 1709 1676 non

918 1689 991 1723 quod
1003 1690 1150 1718 inviderit:
1167 1691 1258 1719 nullus
1271 1693 1345 1719 enim
1362 1700 1464 1720 maeror
1476 1693 1559 1728 justis
1576 1695 1610 1721 de
1620 1695 1708 1722 salute

918 1736 1034 1764 fratrum
1050 1745 1057 1763 :
1075 1737 1124 1765 sed
1143 1741 1172 1764 ut
1185 1738 1220 1765 ob
1249 1739 1344 1766 oculos
1359 1744 1448 1773 ponat
1470 1741 1632 1769 immensum
1660 1743 1708 1770 Dei

917 1781 1079 1810 bonitatem.
1090 1782 1218 1810 Ostendit
1229 1784 1365 1818 siquidem
1377 1784 1534 1818 hujusmodi
1545 1786 1706 1822 indignatio,

918 1828 990 1862 quod
1006 1832 1108 1856 tantam
1126 1830 1369 1866 demonstralerga
1389 1837 1448 1863 eos,
1468 1832 1513 1865 qui
1530 1832 1707 1866 resipiscunt.

917 1876 1032 1910 gratiam
1052 1881 1080 1904 et
1093 1877 1276 1911 gaudium,ut
1300 1877 1407 1905 caeteris
1438 1876 1571 1905 invidiam
1595 1886 1706 1906 movere

917 1922 1013 1956 possit.
1030 1921 1087 1949 Hoc
1101 1927 1194 1949 autem
1216 1923 1283 1950 fecit
1308 1928 1335 1950 et
1360 1923 1491 1959 parabola
1518 1925 1706 1959 operariorum

917 1969 1043 1998 mercede
1053 1969 1263 2002 conductorum,
1276 1970 1485 2004 quadragesimo
1492 1972 1613 1999 secundo
1628 1972 1705 2006 juxta

916 2015 1073 2042 Mattltmum
1100 2015 1190 2050 capite
1219 2023 1227 2043 :
1253 2023 1318 2043 nam
1341 2016 1370 2044 in
1398 2016 1443 2044 illa
1471 2025 1581 2052 quoque
1624 2018 1706 2052 primi

917 2064 1134 2091 murmurabant.

951 2107 1029 2136 Vers.
1051 2108 1097 2135 28.
1123 2109 1204 2137 Pater
1216 2117 1278 2145 ergo
1294 2123 1330 2130 —
1349 2109 1436 2137 illum.
1464 2109 1564 2145 Utpote
1587 2110 1704 2137 ﬁliorum

916 2159 1022 2183 amator
1037 2163 1069 2182 ac
1086 2155 1230 2189 prudens:
1257 2161 1284 2183 et
1308 2163 1371 2183 eum
1396 2156 1443 2191 qui
1471 2163 1622 2183 conversus
1652 2161 1705 2188 est,

916 2202 1021 2229 habens
1039 2202 1065 2228 iu
1080 2202 1196 2234 honore,
1209 2206 1236 2228 et
1251 2209 1313 2229 eum
1341 2202 1386 2238 qui
1403 2203 1563 2237 permansit,
1592 2210 1704 2239 rogans.

954 2247 1029 2276 Vers.
1041 2248 1127 2275 29.At
1138 2248 1224 2274 ille—
1235 2248 1351 2276 lwtarer.
1364 2248 1422 2276 Non
1437 2249 1533 2276 dicunt
1542 2249 1598 2276 haec
1612 2257 1654 2277 aut
1668 2250 1707 2276 si-

75 2299 142 2335 πρὺς
157 2300 202 2325 τὸν
217 2299 295 2331 Θεὸν,
317 2299 384 2326 ἀλλὰ
414 2299 567 2334 ἀκολούθως
581 2302 614 2336 τῇ
627 2301 696 2336 ὀργῇ
712 2301 863 2336 ἐσχημάτι-

927 2295 990 2322 nilia
1006 2295 1093 2323 sancti
1111 2294 1179 2326 Deo,
1198 2295 1246 2322 sed
1260 2300 1463 2330 consequenter
1474 2296 1509 2323 ad
1540 2296 1705 2331 indignatio-

76 2354 136 2372 σται
153 2346 201 2371 καὶ
225 2345 293 2380 αὕτη
308 2347 323 2380 ὴ
339 2345 518 2380 δικαιολογία,
531 2347 575 2373 διὰ
596 2348 645 2381 τὴν
670 2346 761 2374 αἰτίαν
779 2348 812 2383 ἢν
826 2348 865 2374 εἰ-

77 2393 211 2427 ρήκαμεν.
229 2392 347 2419 Εἰώθασι
361 2391 416 2428 γὰρ
430 2393 454 2419 οἱ
469 2392 630 2426 φθονοῦντες
651 2392 764 2420 τοιαῦτα
779 2395 865 2428 ἐγκα-

76 2440 142 2465 λεῖν.

111 2484 189 2515 Τινὲς
207 2482 253 2510 οὖν
267 2483 360 2518 ἔριφον
386 2484 435 2519 μὲν
455 2484 504 2520 τὴν
527 2484 673 2520 ἐλαχίστην
690 2485 802 2521 ἡδονήν·
819 2484 864 2519 φί-

74 2533 138 2562 λους
153 2531 191 2563 δὲ,
205 2530 239 2556 τὰ
257 2530 398 2565 θελήματα
412 2531 544 2562 νοοῦντες.
556 2532 640 2565 φασὶν
665 2532 754 2558 ειπεῖν
768 2532 861 2565 αὐτὸν,

73 2578 115 2604 ὅτι
124 2577 187 2611 ἐμοὶ
200 2575 326 2602 οὐδέποτε
339 2576 615 2612 παρεχώρησας,οὑδὲ
629 2577 790 2613 Ἐλαχίστης
801 2578 862 2613 ἠδο-

73 2623 133 2658 νῆς,
149 2623 192 2649 ἴνα
209 2621 277 2658 μετὰ
288 2622 341 2649 τῶν
353 2621 514 2658 Θελημάτων
527 2631 577 2658 μου
596 2623 750 2658 εὐφρανθῶ.

913 2350 976 2370 nem
996 2341 1153 2369 assimulata
1169 2345 1212 2369 est
1224 2347 1251 2368 et
1264 2342 1322 2369 hac
1335 2350 1424 2370 causae
1433 2342 1562 2375 redditio,
1587 2343 1622 2370 ob
1636 2351 1703 2370 cau-

913 2396 972 2417 sam
994 2396 1076 2423 quam
1092 2387 1277 2423 prmdixitnus.
1292 2388 1388 2416 Solent
1414 2389 1487 2416 enim
1506 2389 1592 2416 invidi
1614 2390 1648 2417 de
1668 2391 1704 2417 si-

913 2435 1023 2463 milibus
1041 2436 1182 2469 conqueri.

949 2482 1066 2515 Quidam
1082 2490 1148 2518 ergo
1161 2491 1209 2518 per
1219 2483 1345 2515 btedum.
1361 2483 1502 2510 minimam
1531 2482 1700 2517 voluptatem

915 2530 1117 2565 intelligentes,
1140 2538 1189 2565 per
1215 2531 1318 2558 amicus
1343 2537 1409 2558 vero
1438 2529 1594 2556 voluntates
1624 2529 1704 2556 aiunt

912 2576 990 2603 illum
1010 2576 1111 2603 dixisse
1128 2576 1213 2603 :Mihi
1226 2584 1260 2603 ne
1280 2575 1422 2603 minimam
1442 2575 1552 2608 quidam
1573 2574 1702 2610 volupta-

914 2628 968 2651 tem
981 2631 1098 2658 unquam
1119 2622 1285 2658 permisisti,
1312 2626 1341 2650 ut
1359 2630 1421 2650 cum
1435 2621 1619 2650 voluntatibus
1634 2622 1704 2650 meis

914 2668 1032 2695 laetarer.

669 2759 767 2791 Variae
792 2759 945 2792 lectiones
964 2765 994 2792 et
1011 2764 1106 2792 notua.

111 2856 166 2894 (84)
183 2856 334 2885 llentenius
348 2856 453 2884 videtur
471 2856 605 2891 reperisse
633 2855 773 2892 καθαρῶς,
789 2855 862 2891 quod
876 2855 942 2884 mihi
957 2855 1034 2884 valde
1053 2854 1194 2891 probatur.
