1927 3074
199 103 267 138 1031

197 207 233 234 sit
246 207 354 239 haedus,
371 210 417 233 aut
433 205 478 240 qui
492 205 549 232 sint
563 204 642 232 amici
655 213 661 231 :
677 211 739 231 nam
754 203 915 238 periculosae
927 208 990 230 sunt

198 254 339 281 iutalibus
367 252 482 279 subtiles
515 250 684 285 quaestiones
713 257 745 276 ac
773 249 987 284 disputationes,

198 300 270 327 sicut
287 300 313 326 in
328 298 421 325 multis
436 297 571 332 parabolis
586 297 730 332 protestati
744 304 850 323 sumus.

234 347 311 374 Vers.
331 345 376 372 50.
395 343 446 371 Sed
476 352 536 370 cum
562 359 598 366 -—
626 344 790 378 saginatum.
814 342 902 369 Etiam
933 341 991 368 hinc

198 392 322 427 ejusdem
353 394 418 417 sunt
449 390 664 424 consequentiae,
694 394 722 416 et
747 389 874 416 similiter
903 387 991 414 cilicia

199 443 271 466 sntit.
289 437 337 464 Dei
350 444 414 464 vero
430 436 611 463 substantiam
627 435 693 463 dicit
712 435 782 462 dona
797 434 839 461 vel
865 434 990 469 gratiam,

198 484 282 512 veluti
297 483 425 518 superius
442 483 624 518 signiﬁcatum
638 486 697 509 est:
714 480 874 508 meretrices
887 485 991 511 autem,

199 531 369 566 voluptatum
385 537 504 557 amores.

237 570 323 605 V'ers;
339 577 384 604 5|.
404 578 442 603 Ac
454 575 499 603 ille
511 590 545 595 —-
562 583 599 603 es.
632 574 778 609 Nunquam
794 582 809 601 a
841 581 885 601 mc
901 573 992 600 disce-

199 623 302 656 dendo,
319 623 365 650 sed
383 622 512 650 mandata
531 629 593 649 mea
613 629 725 656 semper
745 620 895 654 implendo.

237 670 312 697 Vers.
331 669 375 696 5L
393 668 426 695 Et
446 683 476 688 —
493 672 566 695 sunt.
581 666 731 695 Cumeniin
751 666 813 693 tatis
833 666 886 697 sis,
901 664 992 692 omnia

201 724 262 744 mea
278 716 453 743 lnereditario
465 715 528 749 jure
543 714 696 749 possidebis
709 722 717 747 ;
731 712 890 748 hujnsmodi
914 719 994 738 nam-

200 771 253 798 que
274 763 319 790 ﬁlii
339 763 365 789 in
376 762 564 789 liaereditatem
579 760 720 794 accipiunt
733 767 849 795 regnum
865 758 952 785 Patris
967 762 994 784 et

202 807 261 834 Dei.
278 807 316 834 Ne
329 815 394 842 ergo
411 806 538 836 tristcris.
556 813 619 832 nam
635 806 661 831 in
677 805 753 831 nullo
774 803 889 830 aﬂ'ectus
907 811 937 830 es
948 803 993 829 in-

199 854 283 888 juria.
300 853 333 880 Et
349 838 386 879 ita
404 856 546 879 mansuete
563 851 639 878 illum
665 850 832 881 consolatus,
863 849 994 883 deinceps
1010 838 1031 864 Β

201 898 283 925 etiam
290 898 323 924 dc
332 897 359 924 hi
366 912 373 919 ε
383 896 538 931 respondet,
546 904 607 930 qine
617 896 643 922 in
652 895 762 922 fratrem
773 894 909 930 ejusfacta
918 899 993 921 sunt.

240 943 315 971 Vers.
331 944 375 970 5i.
390 942 661 970 Lwtari—inuentus
677 944 725 968 est.
755 940 878 968 Osxendit
897 946 996 967 neces-

201 991 301 1017 sariam
315 990 399 1017 fuisse
409 989 528 1016 laetitiam
540 993 568 1015 et
578 988 716 1023 gaudium.
726 987 794 1020 Quis
803 987 875 1014 enim
887 1006 894 1018 ,
910 994 996 1021 quum

202 1041 342 1063 mortuum
366 1035 468 1062 viderit
495 1034 628 1062 revixisse
656 1041 711 1060 nou
736 1033 866 1060 laetatur?
891 1037 918 1059 ct
934 1033 996 1067 quis

203 1081 249 1109 ubi
266 1081 302 1112 id.
315 1081 386 1116 quod
412 1082 541 1115 perierat,
567 1079 715 1112 invenerit,
733 1087 786 1106 non
805 1079 903 1114 gaudet
918 1079 929 1104 ‘2
954 1077 997 1104 \‘i-

203 1128 279 1160 disti,
298 1127 528 1162 quemadmodum
545 1131 571 1153 et
582 1125 692 1160 quando
714 1132 828 1160 peregre
857 1124 997 1159 profectus

203 1179 246 1200 est
261 1174 399 1208 patienter
416 1173 549 1200 sustinuit
573 1177 600 1199 ct
621 1178 785 1199 conversum
803 1178 937 1198 immenso
949 1177 997 1197 ex—

203 1219 404 1254 cepitgaudio:
423 1226 472 1245 nec
493 1218 581 1245 solum
599 1217 760 1245 substantias
780 1217 914 1244 rationem
941 1223 996 1243 non

204 1265 325 1300 repetiit,
340 1265 389 1292 sed
409 1269 436 1292 et
450 1264 528 1291 donis
545 1264 621 1290 illum
641 1263 771 1298 dignatus
798 1268 850 1295 est,
876 1270 928 1290 nec
952 1270 998 1290 so—

205 1311 262 1339 lum
278 1319 332 1338 non
346 1310 533 1345 exprobravit,
547 1310 594 1336 sed
611 1309 726 1344 insuper
740 1317 790 1344 pro
798 1316 831 1336 eo
845 1309 996 1344 respondit.

245 1356 313 1383 Vere
325 1363 421 1391 magna
436 1360 488 1386 est,
511 1355 636 1388 Domine,
671 1355 826 1390 benignitas
853 1360 921 1387 tua.
948 1362 999 1382 nec

206 1403 279 1430 ullus
295 1402 433 1437 explicare
451 1402 567 1429 sulliciet
577 1409 668 1428 strmo
686 1401 719 1429 ad
747 1402 895 1437 gratiarum
911 1402 998 1428 actio-

205 1457 267 1477 nctn
284 1448 367 1476 illius.
385 1447 493 1475 Utinam
503 1453 593 1475 autem
606 1453 634 1475 et
647 1455 707 1480 nos,
725 1449 921 1483 quiaequalitcr
936 1457 999 1476 cum

205 1495 317 1530 pronigo
333 1501 428 1521 sumus
444 1500 558 1529 peregre
576 1493 702 1528 proiecti,
730 1501 763 1521 ac
789 1494 899 1522 divitias
933 1501 999 1520 con-

814 101 1007 133 EUTHYMII
1027 101 1209 132 ZIGABENI

234 161 318 189 Nobis
330 164 421 188 autem
435 168 490 188 non
500 163 543 187 est
572 159 681 186 curiose
711 157 901 189 scrutandum,
930 157 992 192 quis
1006 159 1031 189 Α

1086 158 1168 193 Ἡμῖν
1191 158 1220 184 δὲ
1245 157 1276 184 οὺ
1302 156 1529 193 περιεργαστέον,
1550 156 1591 188 τίς
1614 156 1689 183 ἑστιν
1705 157 1717 183 ὁ
1731 156 1838 192 ἔριφος,

1043 206 1090 233 καὶ
1105 206 1177 236 τίνες
1189 205 1215 231 οι
1237 204 1319 239 φίλοι.
1336 203 1505 239 Ἐπισφαλὴς
1522 203 1577 239 γὰρ
1597 204 1613 236 ἡ
1630 204 1660 229 ἐν
1678 204 1734 235 τοῖς
1753 204 1841 231 τοιού-

1041 261 1099 284 τοις
1124 252 1299 286 λεπτολογία,
1315 251 1408 283 καθὼς
1431 250 1569 286 πολλαχοῦ
1591 249 1646 276 τῶν
1672 250 1839 285 παραϐολῶν

1042 298 1294 334 διεμαρτυράμεθα.

1079 348 1149 374 Ὅτε
1160 347 1194 373 δὲ
1208 362 1243 366 -
1254 345 1406 373 σιτευτόν.
1422 345 1477 373 Καὶ
1487 344 1574 373 ταῦτα
1593 346 1642 381 τῆς
1655 346 1741 380 αὐτῆς
1770 345 1839 371 εἰσιν

1042 393 1221 426 ἀκολουθίας,
1238 394 1286 420 καὶ
1308 392 1408 427 ὁμοίως
1433 392 1687 427 ὲσχηματίσθησαν.
1704 392 1766 418 Βίον
1789 391 1839 426 μὲν

1042 441 1090 467 οὖν
1103 439 1160 476 (85)
1173 439 1221 467 τοῦ
1235 439 1304 466 Θεοῦ
1321 439 1395 473 λέγει
1409 439 1440 465 τὸ
1454 438 1591 474 χάρισμα,
1603 437 1694 470 καθὼς
1709 437 1838 473 ἀνωτέρω

1042 488 1190 524 δεδήλωται
1203 495 1208 501 ·
1228 487 1330 522 πόρνιη
1345 486 1384 518 δὲ,
1396 485 1446 518 τὰς
1462 485 1631 521 φιληδονίας.

1085 573 1117 599 '0
1129 571 1163 598 δὲ
1177 569 1262 598 εἶπεν
1275 585 1310 590 -
1326 567 1363 597 εἴ.
1376 567 1512 596 Οὐδέποτέ
1532 575 1583 603 μου
1597 565 1767 601 ἁποφοιτῶν,
1778 565 1836 593 ἀλλ’

1042 619 1085 646 ἀεὶ
1099 618 1149 650 τὰς
1162 617 1272 649 ἐντολὰς
1286 626 1337 652 μου
1351 616 1475 651 πληρῶν.

1079 665 1134 692 Καὶ
1158 680 1194 685 -
1209 665 1286 692 ἐστι,
1311 663 1439 694 Τοιοῦτος
1471 662 1525 697 γὰρ
1550 661 1599 693 ὢν,
1615 661 1703 687 πάντα
1729 658 1765 686 τὰ
1784 657 1840 694 ἐμὰ

1044 713 1271 749 κληρονομήσεις.
1290 711 1321 736 Οἱ
1346 709 1460 736 τοιοῦτοι
1479 708 1489 745 [
1509 709 1564 744 γὰρ
1592 707 1647 744 (86)
1671 707 1726 733 υἱοὶ
1740 705 1840 739 κληρο-

1044 760 1158 796 νομοῦσι
1187 758 1236 794 τὴν
1262 756 1402 792 βασιλείαν
1432 754 1480 781 τοῦ
1505 753 1612 789 Πατρδς
1639 752 1686 779 καὶ
1702 750 1840 785 Θεοῧ.Μὴ

1044 807 1131 835 λυποῦ
1147 805 1250 838 τοίνυν,
1262 804 1339 831 οὐδὲν
1364 802 1419 838 γὰρ
1437 801 1582 837 ἠδικήθης.
1595 799 1689 830 Οὕτως
1711 797 1839 828 ἐπιεικῶς

1049 853 1247 890 παρηγορήσας
1264 851 1357 882 αὐτὸν,
1367 850 1543 883 ἀπολογεῖται
1571 847 1666 874 λοιπον
1695 846 1744 872 καὶ
1770 845 1839 880 ὑπὲρ

1048 901 1102 927 τῶν
1121 898 1314 934 γεγενημένων
1331 897 1371 927 εις
1390 895 1436 922 τὸν
1451 893 1566 928 ἀδελφὸν
1584 891 1679 918 αὑτοῦ.

1086 944 1302 980 Εὑφριινθῆναι
1330 958 1365 962 -
1393 942 1443 968 καί
1460 940 1579 974 εὑρέθη.
1594 938 1736 965 Δείκνυσιν
1754 937 1841 970 ἀναγ-

1049 993 1132 1020 καίαν
1170 991 1220 1026 τὴν
1246 989 1417 1025 εὐφροσύνην
1437 987 1485 1014 καὶ
1510 987 1608 1022 χαράν.
1633 985 1680 1016 Τίς
1709 984 1764 1018 γὰρ
1780 982 1842 1009 ἰδὼν

1049 1039 1146 1073 νεκρὸν
1161 1037 1346 1072 ἀναζήσαντα,
1360 1035 1410 1061 οὐκ
1425 1033 1612 1069 εὐφραίνεται,
1623 1031 1671 1057 καὶ
1686 1030 1726 1061 τίς
1737 1029 1767 1055 τδ
1775 1030 1844 1056 ἀπο-

1050 1085 1133 1116 λωλὸς
1150 1084 1248 1119 εὑρὼν,
1262 1083 1292 1109 οὺ
1309 1078 1517 1117 χαίρειςΕἱδες,
1537 1078 1596 1110 πῶς
1623 1077 1673 1104 καὶ
1699 1074 1844 1110 ἀποδημή-

1051 1140 1147 1163 σαντος
1159 1129 1360 1166 ὲμακροθύμει,
1379 1127 1427 1155 καὶ
1455 1126 1659 1161 ἐπιστρέψαντα
1684 1121 1842 1158 περιχαρῶς

1052 1177 1213 1210 ὑπεδέξατο.
1227 1176 1281 1203 Καὶ
1302 1176 1332 1201 οὐ
1364 1175 1443 1210 μόνον
1471 1173 1521 1199 οὐκ
1536 1172 1661 1208 ἀπῄτησε
1677 1168 1844 1203 δίκτ,ν,ἁλὶ.ἀ

1051 1225 1099 1251 καὶ
1113 1224 1233 1260 χαρίτων
1248 1223 1359 1258 ἠξίωσε.
1376 1221 1431 1248 Καὶ
1451 1221 1482 1248 οὐ
1507 1220 1587 1255 μόνον
1613 1217 1668 1245 οὐδ’
1690 1215 1842 1247 ὠνείδισεν,

1051 1272 1120 1298 ἀλλὰ
1136 1271 1184 1298 καὶ
1203 1269 1479 1306 ὐπεραπελογήσατο.

1089 1360 1193 1390 Ὀντως
1210 1357 1326 1392 μεγάλη,
1341 1355 1500 1390 Δέσποτα,ή
1516 1351 1706 1388 φιλανθρωπία
1728 1347 1845 1382 σου,καὶ

1052 1406 1141 1436 οὐδεὶς
1169 1405 1313 1439 ἐξαρκέσει
1340 1403 1420 1437 λόγος
1447 1402 1516 1437 πρὸς
1543 1399 1719 1435 εὐχαριστίαν
1747 1397 1842 1432 αὐτῆς.

1053 1453 1101 1488 Εἴη
1115 1452 1144 1478 δὲ
1167 1451 1214 1478 καὶ
1239 1450 1397 1486 ἡμᾶς,τοῠς
1414 1449 1511 1483 ἐπίσης
1527 1447 1566 1482 τῷ
1580 1446 1678 1480 ἀσώτῳ
1702 1444 1845 1479 ἀποδημή-

1053 1508 1153 1530 σαντας
1173 1498 1229 1533 (87)
1245 1499 1293 1524 καὶ
1307 1496 1556 1531 διασκορπίσλντας
1582 1493 1627 1520 τὸν
1644 1491 1769 1523 πλοῦτον,
1782 1490 1844 1523 ἴσην

205 1542 381 1576 sumpsimus,
395 1540 525 1574 aequalem
540 1548 603 1567 cum
621 1548 654 1567 eo
673 1540 880 1567 conversionem
895 1540 992 1567 demon

1058 1545 1129 1580 αὑτῴ
1140 1545 1188 1571 καὶ
1203 1544 1251 1579 τὴν
1267 1543 1437 1578 ἐπιστροφὴν
1453 1539 1635 1572 ἐνδείξασθαι,
1649 1538 1695 1565 καὶ
1710 1539 1760 1572 τῇς
1782 1536 1844 1569 ῐσης

205 1593 334 1619 stremus,
349 1592 375 1613 et
396 1586 492 1621 aequali
509 1586 678 1621 benignitate
693 1586 769 1621 digni
786 1586 947 1614 habeantur.

327 1631 404 1659 CAP.
420 1631 511 1658 LVIII.
526 1632 564 1658 De
577 1632 758 1666 dispensatore
773 1631 875 1664 iniqua.

242 1678 312 1713 Cap.
325 1677 394 1705 XVI.
408 1678 487 1706 Vers.
510 1678 536 1704 1.
560 1677 671 1704 Dicebat
688 1682 780 1704 autem
790 1691 826 1697 —
837 1677 904 1704 bona
914 1676 1000 1704 illius.

207 1724 339 1752 Parnbola
357 1725 416 1751 lucc
432 1724 599 1751 Christianis
629 1724 761 1752 attributa
793 1729 846 1756 est,
873 1724 920 1759 qui
946 1731 1000 1751 non

207 1771 304 1797 volunt
323 1769 435 1796 omnino
447 1770 637 1804 possessiones
651 1778 683 1797 ac
697 1770 829 1805 pecunias
852 1770 998 1805 despicere

210 1818 364 1844 admonens
381 1815 453 1846 illos,
473 1820 503 1843 ut
515 1816 540 1842 in
563 1823 699 1851 pauperes
715 1816 910 1844 sintbenetici.
924 1816 1000 1844 Dicta

208 1868 250 1890 est
265 1868 356 1890 autem
377 1865 410 1889 ad
428 1863 588 1898 disc1puios,
615 1864 678 1898 quia
691 1869 718 1890 et
746 1864 772 1890 lii
791 1869 855 1891 sunt
887 1864 1000 1900 dispen-

208 1915 324 1936 σξηοενε.

246 1956 436 1991 Repraesentat
463 1957 547 1984 etiam
586 1957 725 1984 hominem
760 1956 886 1989 divitem,
918 1961 999 1992 puta,

210 2002 294 2028 Deum
308 2003 469 2032 humanum.
479 2003 607 2037 nulloque
622 2002 789 2037 indigentem
801 2010 808 2028 :
826 2008 1002 2029 meonomum

210 2056 285 2081 vero,
301 2048 358 2075 sive
376 2049 605 2082 dispensatorem,
621 2056 744 2081 omnem,
756 2048 802 2083 qui
818 2048 941 2083 possidet
956 2048 999 2075 di-

210 2095 291 2121 vitias
307 2103 313 2120 :
332 2095 400 2122 tales
415 2095 488 2121 enim
499 2102 554 2121 non
570 2099 634 2121 sunt
643 2095 761 2127 domini,
784 2095 832 2122 sed
860 2095 1001 2130 dispensa:

209 2145 292 2167 tores.
312 2141 382 2167 Dicit
398 2148 514 2175 namque
528 2141 601 2167 Deus
618 2140 726 2167 :Heum
741 2145 781 2167 est
790 2149 896 2174 aurum,
914 2149 1000 2168 meum

207 2189 245 2212 est
258 2190 397 2219 argentum
419 2186 449 2211 ³³.
474 2186 585 2213 Delatus
612 2190 655 2213 est
682 2190 774 2213 autem
806 2187 879 2222 apud
913 2186 997 2216 Deum

209 2231 297 2258 malus
314 2232 488 2265 dispensator
502 2233 572 2259 maia
581 2232 788 2267 dispensatione
798 2253 805 2265 ,
821 2234 911 2269 utqui
925 2234 984 2262 dis-

208 2278 320 2311 siparet,
342 2287 402 2313 quae
436 2278 484 2306 Dei
510 2284 601 2312 erant,
619 2281 646 2307 in
661 2288 692 2308 ea
702 2289 762 2316 quia
788 2289 840 2308 non
869 2281 1002 2317 oportuit,

209 2331 261 2351 nec
272 2324 408 2358 superﬂua
438 2326 604 2361 pauperibus
623 2326 812 2356 distribueret.

246 2413 323 2440 Vers.
338 2415 364 2441 2.
385 2415 418 2442 Et
430 2417 530 2444 vocavit
545 2433 580 2439 -—
605 2419 814 2454 dispensationis
838 2425 903 2448 tum.
937 2420 1001 2448 Haec

208 2456 247 2484 illi
267 2466 316 2493 per
329 2460 434 2487 divinas
450 2461 520 2488 dixit
537 2461 703 2498 Scripturas,
722 2471 782 2498 quas
798 2465 832 2493 de
844 2465 938 2493 futuro
952 2465 1002 2493 do—

209 2510 271 2532 cent
284 2505 404 2541 judieio,
420 2512 448 2534 et
464 2508 499 2535 de.
513 2509 668 2537 redditione
684 2511 807 2538 rationis.

264 2597 285 2612 "
299 2596 389 2631 Λαίςεεὶ
410 2604 441 2629 ιι,
455 2599 482 2626 9.

1050 1591 1201 1627 ἀξιωθῆναι
1214 1589 1434 1626 φιλανθρωπίας.

1105 1639 1184 1666 ΚΕΦ.
1193 1637 1260 1666 NH’.
1271 1636 1340 1671 Περὶ
1350 1636 1403 1663 τοῦ
1419 1634 1577 1669 οἰκονόμου
1589 1632 1646 1668 τῆς
1663 1631 1794 1664 ἀδικίας.

1088 1688 1195 1721 Ἔλεγε
1210 1685 1245 1712 δὲ
1268 1699 1304 1705 -—
1325 1683 1503 1718 ὑπάρχοντα
1521 1680 1626 1709 αὑτοῦ.
1642 1680 1674 1706 Ἦ
1702 1677 1844 1714 παραϐολὴ

1051 1733 1121 1768 αὕτη
1137 1733 1207 1768 πρὸς
1235 1731 1299 1762 τοὺς
1322 1728 1505 1765 Χριστιανοὺς
1532 1727 1710 1757 ἀποτέταται,
1727 1723 1791 1754 τοὺς
1807 1723 1844 1758 μὴ

1052 1778 1234 1816 βουλομένους
1254 1777 1344 1811 πάντη
1361 1775 1415 1802 τῶν
1435 1774 1586 1810 χρημάτων
1618 1771 1768 1807 ὐιιερορᾷν¹
1783 1778 1843 1796 νου-

1052 1824 1166 1852 θετοῦσα
1182 1823 1307 1856 τούτους,
1318 1822 1362 1849 ίνα
1377 1822 1430 1849 κᾶν
1450 1819 1619 1856 εὐεργετῶσι
1633 1819 1697 1850 τοὺς
1711 1817 1842 1852 πένητας.

1051 1871 1167 1907 Εἴρηται
1186 1870 1216 1898 δὲ
1234 1870 1303 1902 πρὸς
1319 1869 1383 1901 τοὺς
1400 1868 1535 1903 μαθητὰς,
1554 1866 1623 1892 διότι
1641 1864 1697 1901 (88)
1723 1863 1844 1899 μαθηταὶ

1051 1920 1098 1946 καὶ
1112 1915 1197 1946 οὗτοι.

1087 1965 1143 1992 Καὶ
1158 1964 1302 1999 ἄνθρωπον
1317 1963 1366 1998 μὲν
1380 1961 1507 1989 πλούσιον
1527 1959 1666 1996 ὶμφαίνει,
1685 1958 1731 1985 τὸν
1747 1957 1844 1992 φιλάν-

1052 2012 1161 2048 θρωπον
1174 2011 1221 2038 καὶ
1244 2009 1355 2045 ἀνενδεῆ
1374 2008 1440 2035 Θεὸν
1451 2017 1459 2024 ·
1477 2007 1618 2041 οἰκονόμον
1634 2005 1674 2038 δὲ,
1692 2005 1783 2031 πάντα
1798 2005 1844 2030 τὸν

1051 2058 1224 2094 κεκτημένον
1238 2056 1369 2084 πλοῦτον·
1382 2056 1408 2082 οἱ
1425 2054 1542 2081 τοιοῦτοι
1558 2053 1612 2088 γὰρ
1627 2053 1658 2078 οὐ
1676 2052 1778 2087 κύριοι,
1786 2051 1844 2078 ἀλλ’

1051 2104 1190 2138 οἰκονόμοι
1219 2102 1285 2129 εἰσί.
1306 2100 1376 2136 Φησὶ
1402 2100 1458 2135 γὰρ
1472 2101 1485 2126 ὁ
1500 2099 1584 2130 Θεός·
1604 2098 1693 2133 Ἐμόν
1719 2098 1788 2124 ἐστι
1811 2097 1844 2122 τὸ

1051 2149 1192 2184 γρυσίον,
1203 2147 1252 2174 καὶ
1266 2146 1339 2182 ἐμόν
1360 2146 1427 2172 ἐστι
1446 2145 1479 2171 τὸ
1492 2144 1645 2179 ἀργύριον.
1665 2142 1802 2177 Διεϐλήθη
1815 2142 1844 2168 δὲ

1052 2195 1091 2230 τῷ
1103 2194 1164 2230 Θεῷ
1178 2196 1191 2221 ὀ
1207 2194 1288 2225 κακὸς
1298 2193 1439 2227 οἰκονόμος
1451 2191 1504 2217 ὑπὸ
1515 2191 1562 2226 τῆς
1575 2190 1664 2225 κακῆς
1675 2187 1842 2223 οἰκονομίας,

1053 2242 1092 2274 ὡς
1119 2239 1324 2277 διασκορπίζων
1349 2239 1386 2266 τὰ
1402 2238 1447 2266 τοῦ
1465 2237 1544 2271 Θεοῦ,
1562 2239 1602 2270 εἰς
1619 2237 1637 2264 ἃ.
1648 2237 1698 2263 οὐκ
1717 2236 1783 2270 ἔδει,
1797 2237 1844 2261 καὶ

1055 2289 1093 2325 μὴ
1106 2289 1244 2325 διανέμων
1264 2288 1298 2315 τὰ
1310 2288 1427 2323 περιττὰ
1440 2287 1497 2318 τοῖς
1509 2287 1631 2323 πένησιη

1086 2421 1141 2448 Kal
1157 2419 1302 2455 φωνήσας
1321 2434 1357 2440 ——
1381 2419 1553 2454 οἰκονομίας
1577 2426 1647 2446 σου.
1668 2417 1753 2446 Εἶπεν
1770 2418 1843 2454 αὐτῷ

1052 2469 1140 2495 ταῦτα
1155 2467 1200 2494 διὰ
1216 2467 1271 2494 τῶν
1290 2467 1371 2494 θιίων
1397 2467 1416 2493 Γ
1420 2467 1524 2502 ραφῶν,
1540 2466 1570 2493 αἲ
1594 2466 1753 2494 διδάσκουσι
1779 2466 1845 2500 περὶ

1052 2513 1102 2549 τῆς
1114 2513 1266 2549 μελλούσης
1280 2513 1398 2549 κρίσεως
1416 2514 1464 2540 καὶ
1477 2512 1647 2546 λογοθεσίας.

809 2647 907 2678 Varite
928 2648 1081 2680 lectiones
1097 2654 1126 2681 et
1142 2654 1238 2682 notae.

246 2726 302 2761 (85)
317 2726 370 2753 υῦν
388 2726 465 2754 abest
475 2726 509 2754 Α.

246 2761 311 2802 (86).
323 2765 389 2802 Quae
403 2763 444 2790 bis
460 2761 544 2797 signis
562 2761 608 2800 ["1
620 2763 791 2796 inclusimus.
806 2773 837 2793 ea
859 2774 891 2793 ex
907 2766 1001 2794 codice

212 2796 244 2823 Β.
256 2798 423 2825 exciderant.

245 2831 304 2867 (87)
323 2834 360 2859 Ita
371 2835 477 2862 correxi
497 2842 548 2870 pro
577 2834 815 2872 ἐπιδημήσαντας,
847 2835 904 2865 Nec
917 2837 997 2864 aliter

1056 2731 1207 2759 llentenius

1092 2768 1148 2803 (88)
1161 2767 1217 2794 Hoc
1230 2775 1342 2802 prorsus
1360 2774 1479 2796 alienum
1496 2775 1548 2798 est.
1561 2771 1597 2798 Ex
1616 2771 1754 2801 ilentenio
1765 2775 1847 2803 colli-

1056 2810 1113 2837 gas,
1133 2803 1275 2839 legendum
1291 2806 1496 2842 θεεεοίκονόμοι
1513 2812 1562 2834 aut
1582 2808 1728 2844 διοικηταὶ.
