1927 3074
141 164 207 196 1811

646 165 839 195 COMMENT.
863 166 904 195 ΙΝ
927 166 1066 196 LUCAM.
1088 179 1121 184 —
1138 167 1219 197 CAP.
1238 167 1313 198 XVI.

1700 169 1770 200 1M"?

135 221 272 255 Λάζαρον,
289 219 500 256 ὑπολαμϐάνων,
523 221 565 247 ὅτι
586 223 751 256 μνησικακεῖ
772 221 856 256 αὐτῷ·
880 222 918 248 tot

977 231 1068 250 zarum
1078 223 1283 258 deprecabatur,
1293 225 1484 260 suspicabatur
1493 233 1621 260 namque,
1630 225 1702 261 quod
1713 233 1772 251 mrt-

140 266 265 302 ’Λόραὰμ
279 267 307 292 δὲ
320 266 454 300 ἱκέτευσε,
467 267 585 302 νομίζων
600 267 641 295 ὅτι
653 269 745 302 ἀγνοεῖ
759 269 794 296 τὰ
808 268 867 295 κατ’
880 269 928 295 αὺ-

134 314 188 341 τὸν.
207 314 312 348 Ὥσπερ
337 313 418 346 δὲτῷ
443 313 562 350 Λαζάρῳ
581 315 723 350 πρότερον,
741 315 770 341 ἑν
793 315 928 347 τοσούτοις

132 360 188 386 Evn
214 361 310 391 κακοῖς
335 360 479 396 προσθήκη
500 361 647 397 συμφορῶν
661 359 704 396 ἦν,
722 361 752 388 τὸ
762 361 872 396 βλέπειν
882 361 928 388 τὸν

133 404 260 431 πλούσιον
274 406 303 431 ἐν
318 406 456 438 τοσούτοις
472 406 596 440 ἀγαθοῖς·
611 407 681 433 οὕτω
702 407 749 434 καὶ
758 406 798 442 τῷ
807 406 926 442 πλουσίῳ

134 450 180 477 νῦν
210 452 238 477 ἐν
250 451 388 484 τοσούτοις
400 452 457 479 ὄντι
484 452 591 484 δεινοῖς,
618 453 762 488 προσθήκη
785 452 926 488 τιμωριῶν

133 498 200 529 ἐστι,
216 497 246 523 τὸ
262 497 372 532 βλέπειν
386 499 430 525 τὸν
446 499 574 534 Λάζαρον
588 500 617 526 ἐν
634 499 774 531 τοσούτοις
796 499 924 534 ἀγαθοῖς.

169 586 242 615 Eine
253 604 287 609 -—
296 589 455 617 ὀδυνᾶσαι.
473 590 530 617 Οὐκ
540 591 664 624 ὀνειδίζει
679 591 767 626 τούτῳ
777 591 826 626 τὴν
838 591 926 618 ἁπαν-

132 634 265 669 ορωπίαν,
288 635 346 661 ἀλλ’
361 636 490 668 ἐπιεικῶς
503 636 558 672 (99)
568 637 757 672 ἀποκρίνεταν
770 637 923 672 γέγραπται

132 682 196 715 γὰρ,
211 681 251 707 ὅτι
272 681 380 716 Ψυχὴν
403 683 664 717 τεταπεινωμένην
679 682 718 719 (1)
730 683 772 718 μὴ
793 690 923 717 προαπα-

132 726 240 760 ράξῃς·
259 727 306 754 καὶ
323 728 417 755 τέκνον
432 729 561 764 ὀνομάζει
578 729 684 761 τοῦτον,
695 730 734 760 ὡς
750 729 922 764 πατριάρχης

133 772 216 798 αὐτοῦ
245 773 291 800 καὶ
304 773 341 804 ὡς
355 774 523 810 πρεσϐύτης.
539 775 596 802 Οὐκ
611 773 672 802 εἷπε
686 776 724 808 δὲ,
736 776 776 802 ὃτι
794 775 920 807 Ἔλαδες,

130 818 186 844 ἀλλ’
200 819 240 844 ὅτι
258 820 406 850 Ἀπέλαὸες
424 821 459 848 τὰ
471 821 562 855 ἀγαθά
577 831 622 848 σου
638 823 667 849 ἐν
678 824 711 857 τῇ
724 822 783 857 ζωῇ
797 830 855 854 σου,
873 821 921 848 καὶ

131 864 253 900 Λάζαρος
271 866 372 900 ὁμοίως
387 866 420 893 τὰ
436 868 518 895 κακά,
543 867 579 894 Τὸ
592 868 644 903 γὰρ
659 867 860 902 ἀπολαμϐάνειν
875 867 920 893 ἐπὶ

131 910 186 935 τῶν
199 912 435 946 χρεωστουμένων
447 913 588 947 τάττεται,
602 914 649 940 καὶ
663 912 792 948 δηλοῦται
811 913 919 944 πάντως

129 956 264 989 ἐντεῦθεν,
281 958 320 984 ὄτι
338 959 383 985 καὶ
400 959 413 984 ό
431 959 570 991 πλούσιος,
583 960 607 986 εί
626 960 674 986 καὶ
690 959 853 994 ἁμαρτωλὸς
873 956 919 993 ἦν,

130 1002 205 1036 ὅμως
219 1000 275 1037 εἶχέ
294 1012 355 1030 τινα
371 1004 483 1039 ἀρετὴν,
505 1004 575 1039 ὑπὲρ
588 1003 621 1040 ἧς
629 1003 750 1031 άπέλαὸε
767 1003 820 1036 ζῶν
835 1003 874 1030 ἔτι
885 1004 919 1030 τὰ

127 1048 290 1083 ὸορειλόμενα
302 1049 402 1084 ἀγαθά·
420 1050 466 1077 καὶ
477 1051 491 1077 ὁ
508 1050 643 1084 Λάζαρος,
657 1051 681 1076 εί
696 1050 743 1077 καὶ
757 1050 860 1081 δίκαιος
873 1048 919 1084 ἦν,

128 1094 201 1127 ὅμως
216 1090 273 1127 εἷχέ
299 1102 359 1120 τινα
395 1094 506 1125 κακίαν,
533 1094 557 1120 δί
572 1095 605 1130 ἣν
623 1095 670 1121 καὶ
695 1094 776 1124 αὐτὸς
799 1094 919 1121 ἀπέλαϐε

129 1139 182 1171 {iv
207 1139 247 1166 ἔτι
275 1140 310 1166 τὰ
326 1140 490 1175 ὀφειλόμενα
509 1140 592 1166 κακά.
613 1140 673 1166 Τῶν
694 1139 845 1175 ἀνθρώπων
866 1141 919 1174 γὰρ

127 1187 216 1218 οὐδεὶς
238 1187 353 1222 ἄμοιρος
366 1187 478 1221 ἀρετῆς,
492 1186 546 1213 οὐδ’
559 1187 573 1213 ὁ
584 1186 654 1213 πάνυ
672 1186 800 1221 πονηρόςσ
813 1186 859 1213 καὶ
874 1186 920 1211 οὑ-

126 1233 181 1263 δεὶς
206 1233 319 1268 ἄμοιρος
347 1232 455 1265 κακίας,
480 1232 535 1258 οὐδ’
552 1233 566 1258 ὁ
589 1232 659 1258 πάνυ
676 1231 787 1265 ἀγαθός.
804 1231 852 1257 Διὸ
871 1231 918 1256 καὶ

127 1277 337 1312 τελευτήσαντες
352 1277 485 1312 ἀπῆλθον,
499 1277 512 1303 ὁ
528 1277 576 1311 μὲν
592 1276 711 1312 ἄκρατον
726 1276 794 1311 ἔχων
805 1277 854 1311 τὴν
868 1284 918 1303 κα.-

128 1323 200 1349 κίοιν*
219 1324 232 1349 ὁ
243 1323 271 1349 δὲ
285 1323 403 1358 ἄκρατον
417 1323 586 1358 κεκτημένος
600 1323 650 1359 τὴν
666 1323 776 1358 ἀρετήν.

161 1369 215 1396 Καὶ
225 1369 274 1396 ἐπὶ
289 1385 323 1390 -
334 1370 508 1404 διαπερῶσι.
523 1369 623 1404 Χάσμα
639 1369 710 1404 μέγα
722 1369 808 1403 λέγει,
817 1369 846 1396 τὸ
857 1370 918 1396 ἀνε-

127 1416 286 1451 πιχείρητον
310 1417 477 1452 πρόσταγμα
494 1416 541 1443 τοῦ
559 1416 638 1443 Θεοῦ·
664 1416 701 1447 ὡς
716 1415 794 1450 δίκην
810 1415 917 1450 χάσμα-

127 1470 170 1493 τος
187 1462 298 1488 κωλύων
312 1463 360 1497 τὴν
372 1463 513 1496 ἐπιμιξίαν
524 1464 627 1489 τούτων
639 1462 784 1490 κάκείνων.

162 1551 235 1580 Eine
247 1569 283 1574 —
297 1554 399 1588 πάτερ.
419 1555 574 1590 Παρακαλῶ
595 1563 635 1582 σε.

162 1647 226 1674 Ἰνα
248 1661 283 1667 -
304 1646 457 1678 βασάνου.
479 1646 634 1681 Ἀποτυχὼν
652 1647 700 1681 τῆς
723 1647 794 1682 ὑπὲρ
820 1647 916 1673 saturi

125 1692 254 1727 δεήσεως,
270 1692 340 1726 ὑπὲρ
355 1692 409 1717 τῶν
425 1691 548 1726 ἀδελφῶν
560 1692 689 1723 δυσωπεῖ,
710 1692 861 1727 ἐμφαίνων,
877 1692 917 1718 ὅτι

126 1739 220 1772 ὥσπερ
235 1738 315 1769 αὐτὸς
326 1737 378 1773 πρὸ
389 1738 435 1765 τοῦ
451 1738 610 1770 ἀποθανεῖν,
631 1737 701 1764 οὕτω
713 1739 759 1765 καὶ
776 1739 852 1764 αὐτοὶ
868 1739 917 1773 λῆ-

128 1793 173 1819 ρον
188 1784 316 1820 ἡγοῦνται
335 1784 385 1816 τὰς
397 1785 426 1812 ὲν
439 1785 498 1816 ταῖς
514 1785 637 1819 Γραφαῖς
657 1784 773 1816 ἀπειλὰς
794 1784 847 1810 τῶν
871 1784 917 1810 τοῦ

128 1830 273 1864 μέλλοντος
292 1830 390 1862 αἰῶνος
421 1830 569 1863 κολάσεων,
590 1831 636 1857 καὶ
655 1830 698 1856 διὰ
718 1830 808 1862 τοῦτο,
834 1830 918 1865 μόνην

126 1885 138 1902 ·ι
144 1878 176 1912 ὴν
191 1876 346 1912 φιληδονίαν
364 1876 573 1911 μεταδιώκουσι.

164 1923 248 1957 Λέγει
260 1937 294 1942 —-
311 1923 476 1957 προφήτας.
490 1923 547 1954 Τὰς
579 1923 729 1953 Μωσαῖκας
745 1922 852 1957 βίϐλους
871 1922 917 1948 καὶ

126 1971 175 2001 τὶς
194 1970 377 2005 προφητικάς.
390 1969 427 1995 υὺ
442 1969 497 2004 γὰρ
507 1968 579 1995 οὕτω
591 1969 623 1995 σὺ
639 1968 709 2004 κήδῃ
718 1968 770 1995 τῶν
784 1968 915 2002 ἀδελφῶν,

127 2016 166 2046 ὡς
193 2016 206 2041 ὸ
222 2016 338 2049 ποιήσας
356 2014 453 2046 αὐτοὺς
468 2014 546 2048 Θεὸς,
564 2015 593 2047 ὃς
604 2015 652 2042 καὶ
674 2014 786 2050 μυρίους
803 2014 919 2049 ὲπὲστη-

126 2069 173 2086 σεν
188 2061 280 2092 αὐτοῖς
291 2060 479 2092 διδασκάλους.

177 2104 411 2134 Ἀκουσάτωσαν
445 2105 554 2135 αὐτῶν.

125 2151 268 2186 ἐνάρετον.

169 2198 195 2223 '0
215 2197 298 2224 δὲ-σ
315 2198 453 2232 Ἀϐραάμ.
475 2199 532 2225 Οὐκ
543 2198 687 2224 ἀκούουσιν
707 2198 796 2225 αὐτῶν

591 2105 812 2140 Ὑποτιθεμένων
851 2104 909 2140 βίον

980 266 1067 296 loru’m
1083 269 1133 305 ipsi
1145 269 1322 302 inflictorum,
1334 271 1466 299 adversus
1475 279 1504 299 se
1517 279 1621 298 utemur
1630 275 1712 298 esset:
1724 271 1771 297 sed

978 316 1116 343 Abraham
1143 317 1279 349 obsecrat,
1303 318 1439 353 opinatus,
1465 318 1537 352 quod
1566 318 1637 345 hunc
1663 317 1770 349 lateret,

978 369 1038 396 quae
1049 362 1120 388 circa
1133 362 1347 396 secontigcrant.
1361 362 1594 395 Quemadmodum
1611 366 1700 388 autem
1716 361 1768 387 La-

978 414 1053 440 zaro,
1073 415 1137 435 cum
1155 407 1182 434 in
1207 412 1247 435 tot
1272 408 1351 436 malis
1371 408 1479 443 positus
1494 407 1769 439 csset,ealamitatum

976 458 1035 481 erat
1053 458 1227 489 augmentum
1245 455 1342 481 intueri
1366 454 1478 482 divitem
1495 455 1522 482 in
1543 458 1582 481 tot
1598 454 1676 481 bouis
1697 462 1704 480 :
1732 453 1768 479 ita

976 507 1049 527 nunc
1066 499 1155 533 diviti,
1179 500 1204 527 in
1223 500 1305 527 tantis
1321 500 1429 535 degenti
1447 500 1565 527 miseriis
1581 499 1683 527 additio
1708 506 1772 533 sup-

976 546 1118 580 pliciorum
1137 550 1188 578 est.
1201 546 1293 574 videre
1308 546 1441 574 Lazarum
1456 546 1482 573 in
1495 547 1577 573 tantis
1590 546 1669 573 bonis

1011 593 1087 620 Vt-rs.
1105 592 1149 620 as.
1167 592 1428 620 Dixit—cruciaris.
1458 593 1687 619 lnhumanitatem
1708 592 1769 619 huic

975 646 1028 664 non
1047 639 1222 673 improperat,
1237 638 1284 666 sed
1296 643 1438 667 mansuete
1450 639 1607 673 respondet.
1629 638 1767 670 Scriptum

973 685 1094 712 esleuim
1105 695 1110 711 :
1120 684 1242 711 Animam
1252 685 1419 712 Immiliatam
1429 693 1460 712 ne
1468 683 1644 712 turbaveris”.
1659 683 1689 710 Et
1699 684 1768 710 hunc

973 730 1099 758 nominat
1117 730 1211 763 lilium,
1240 736 1334 766 utpote
1360 731 1525 766 patriarcha,
1548 738 1596 758 seu
1614 731 1768 765 progrititor

973 776 1069 810 ipsius,
1079 780 1105 802 et
1116 780 1242 810 tanquam
1261 783 1354 803 senex.
1377 776 1435 803 Non
1457 775 1525 803 dixit
1543 780 1634 802 autem
1655 785 1660 802 :
1686 775 1768 801 Acce-

972 821 1034 856 pisti
1056 822 1127 849 bona
1144 826 1200 854 tua,
1214 822 1261 849 sed
1278 821 1426 856 Recepisti.
1440 821 1506 848 Nam
1536 822 1657 856 recipere
1681 824 1715 848 ob
1737 828 1767 847 ea

972 865 1092 900 ponitur.
1103 873 1164 900 qua:
1178 866 1324 895 debentur:
1344 871 1371 893 et
1388 866 1452 893 hinc
1467 866 1580 894 omnino
1596 866 1767 901 significatur

973 911 1045 945 quod
1074 915 1102 938 et
1130 912 1205 939 dives
1234 919 1388 947 quanquam
1402 916 1529 947 peccator
1556 917 1624 944 erat,
1648 912 1767 945 aliquant

974 961 1064 984 tamen
1081 958 1199 985 habebat
1215 958 1356 990 virtutem,
1372 966 1423 992 pro
1435 966 1487 993 qua
1509 958 1580 985 bona
1595 957 1686 985 debita
1718 957 1767 983 ad-

975 1004 1027 1030 huc
1036 1004 1131 1032 vivens
1145 1009 1296 1039 receperat;
1310 1010 1338 1032 et
1349 1004 1479 1036 Lazarus,
1500 1011 1656 1038 quanquam
1675 1003 1767 1038 justus

973 1054 1041 1082 erat,
1057 1049 1165 1084 aliquod
1187 1054 1277 1077 tamen
1292 1050 1387 1077 \‘itium
1408 1050 1535 1081 habebat,
1555 1053 1667 1084 propter
1693 1048 1765 1082 qttod

973 1096 1062 1124 adhuc
1072 1096 1166 1124 vivens
1175 1095 1264 1124 debita
1275 1097 1345 1123 mala
1358 1101 1511 1130 receperat.
1523 1096 1663 1130 Siquidem
1675 1095 1766 1122 nullus

974 1142 1114 1169 hominum
1129 1150 1227 1176 expers
1245 1146 1287 1169 est
1312 1142 1431 1174 virtutis,
1454 1146 1501 1168 aut
1524 1141 1635 1169 omnino
1653 1140 1739 1168 malus
1755 1149 1763 1167 :

973 1188 1117 1223 nullusque
1130 1196 1226 1223 expers
1239 1193 1281 1215 est
1296 1188 1363 1220 vitii,
1376 1192 1422 1215 aut
1436 1187 1547 1215 omnino
1565 1188 1666 1219 bonus;
1687 1187 1763 1214 ideo-

971 1242 1024 1268 que
1052 1233 1108 1268 jam
1123 1233 1274 1260 morientes
1298 1233 1496 1265 discesserunt,
1516 1233 1560 1259 ille
1583 1232 1693 1267 quidem
1709 1239 1765 1258 me-

972 1288 1029 1306 ram
1047 1279 1152 1307 habens
1179 1280 1323 1312 malitiam,
1346 1280 1391 1306 hic
1419 1283 1509 1306 autem
1535 1286 1630 1314 puram
1661 1278 1765 1305 habens

972 1326 1112 1353 virtutem.

1006 1371 1082 1399 Vcrs.
1104 1371 1148 1399 26.
1166 1372 1200 1399 Et
1231 1380 1309 1407 super
1325 1386 1355 1392 ——
1371 1373 1565 1398 transcendere.
1584 1370 1693 1397 lliatum
1708 1378 1764 1396 nta-

970 1426 1052 1453 gnum
1062 1417 1138 1450 dicit,
1151 1417 1336 1445 firmissimum
1347 1417 1392 1444 Dei
1405 1421 1581 1452 praeceptum,
1591 1422 1717 1450 tanquam
1729 1415 1763 1442 ad

970 1463 1079 1490 modum
1089 1462 1180 1490 hiatus
1191 1462 1340 1498 prohibens
1355 1462 1452 1489 horum
1480 1466 1507 1488 et
1520 1461 1627 1488 illorum
1643 1461 1761 1487 commi-

971 1514 1097 1536 stionem.

928 1571 951 1602 ρ
1006 1555 1082 1582 Vcrs.
1097 1555 1142 1581 Ἦ.
1158 1554 1201 1581 Ait
1218 1569 1254 1575 —
1273 1559 1359 1589 pater.
1373 1553 1460 1581 Etiam
1478 1554 1521 1582 hic
1534 1553 1644 1588 ponitur
1655 1553 1759 1588 ἐρωτῶ,

972 1610 1020 1636 pro
1029 1601 1158 1628 Obsecro.

1007 1649 1082 1676 Vers.
1098 1648 1143 1674 '27.
1159 1647 1190 1675 Ut
1203 1663 1235 1668 —
1249 1648 1327 1676 Vers.
1340 1646 1386 1673 28.
1406 1645 1597 1674 Cruciatus.—
1614 1645 1759 1680 Ilepulsam

971 1701 1066 1728 passus
1080 1694 1107 1720 in
1121 1701 1163 1726 eo,
1179 1693 1250 1728 quod
1262 1701 1309 1727 pro
1322 1701 1351 1720 se
1367 1693 1472 1724 orabat,
1494 1700 1543 1727 pro
1553 1691 1682 1719 fratribus
1695 1699 1759 1725 sup-

970 1740 1062 1774 plicat,
1076 1740 1220 1768 insinuans
1235 1740 1308 1774 quod
1331 1739 1403 1766 sicut
1432 1739 1491 1774 ipse
1503 1742 1566 1765 ante
1581 1742 1708 1770 mortem,
1722 1737 1759 1764 ita

971 1790 998 1813 et
1014 1786 1052 1814 illi
1067 1794 1117 1821 pro
1129 1786 1227 1813 fabulis
1250 1786 1355 1813 ducunt
1373 1785 1472 1818 minas,
1490 1792 1550 1819 quae
1564 1784 1591 1811 in
1609 1782 1759 1818 Scripturis

972 1832 1107 1860 habentur
1115 1832 1148 1859 de
1156 1832 1239 1859 futuri
1250 1832 1340 1858 srccnli
1351 1829 1503 1866 suppliciis,
1517 1836 1544 1858 et
1555 1834 1700 1865 propterea
1714 1836 1758 1855 so-

971 1879 1024 1906 lam
1040 1878 1230 1912 voluptuosam
1248 1877 1329 1907 vitam
1345 1877 1536 1911 insequuntur.

1006 1924 1083 1952 Vers.
1102 1924 1147 1952 29.
1160 1924 1227 1951 Dicit
1241 1939 1276 1944 —
1292 1924 1443 1958 prophetas.
1470 1923 1602 1950 Mosaicos
1619 1923 1702 1950 libros
1724 1930 1756 1949 ae

971 1970 1136 2006 prophetias:
1155 1969 1327 2004 nequeenim
1345 1969 1381 1996 ita
1401 1968 1449 1996 tibi
1473 1977 1545 1995 curae
1572 1973 1636 1995 sunt
1648 1968 1757 2001 fratres,

971 2023 999 2045 ut
1011 2018 1076 2048 Deo,
1091 2016 1138 2052 qui
1151 2016 1213 2044 fecit
1227 2015 1333 2047 illos,et
1352 2020 1496 2042 sexcentoa
1505 2014 1545 2041 eis
1556 2014 1679 2041 adhibuit
1690 2022 1759 2048 pra:-

971 2066 1105 2096 ceptores.

1006 2109 1082 2136 Vers.
1097 2107 1141 2134 29.
1160 2106 1278 2134 Audiam
1292 2105 1361 2132 illos.
1379 2120 1415 2125 —
1430 2104 1498 2132 Cum
1518 2104 1601 2131 vitam
1625 2104 1758 2131 suadeant

970 2155 1062 2182 virtuti
1079 2154 1257 2181 conformem.

1004 2198 1083 2226 Vers.
1105 2198 1149 2225 50.
1166 2198 1199 2223 Αι
1213 2196 1292 2224 illc—
1306 2196 1452 2222 Abraham.
1473 2194 1532 2222 Non
1548 2194 1662 2222 audiunt
1685 2195 1756 2222 illos.

168 2243 250 2271 Ἀλλ’
269 2257 302 2263 —-
315 2244 553 2278 μετανοήσουσι.
570 2244 636 2276 Ταῖς
652 2243 755 2279 βίϐλοις
784 2244 834 2279 μὲν
851 2244 914 2270 ἀπι-

1003 2246 1078 2274 Vcrs.
1091 2245 1136 2272 50.
1153 2244 1204 2271 Sed
1217 2259 1251 2264 —
1267 2243 1419 2276 rcsipiscent
1454 2241 1544 2268 Libris
1559 2241 1668 2276 quidrm
1699 2249 1757 2268 non

128 2291 246 2323 στοῦσιν,
266 2291 304 2322 ὡς
319 2290 396 2326 παρὰ
411 2290 520 2323 ζώντων
535 2290 713 2326 γραφείσαις,
735 2291 819 2326 μήπω
843 2291 914 2317 θεα-

128 2337 253 2372 σαμένων
267 2337 300 2364 τὰ
314 2337 361 2364 τοῦ
379 2337 526 2372 μέλλοντος
546 2337 647 2369 αἰῶνος
660 2346 667 2352 ·
693 2337 741 2364 ἐάν
757 2346 798 2368 τις
815 2337 842 2363 δὲ
859 2337 914 2364 ἀπὸ

127 2383 233 2417 νεκρῶν
257 2383 376 2419 πορευθῇ
398 2383 467 2420 πρὸς
499 2384 613 2417 αὐτοὺς,
643 2383 847 2416 πιστεύσουσιν,
876 2383 914 2415 ὡς

129 2429 207 2455 ἰδόντι
220 2429 320 2456 πάντα.

162 2473 235 2501 Εἷπε
262 2489 298 2494 ——
320 2475 549 2509 πεισθήσονται.
574 2476 628 2503 Καὶ
650 2476 675 2502 οἱ
705 2476 827 2503 Ἰουδαῖοι
845 2476 912 2511 γὰρ,

127 2520 222 2555 ἐπειδὴ
236 2521 375 2552 Μωῦσέως
396 2521 445 2548 καὶ
473 2521 526 2548 τῶν
557 2521 706 2557 προφητῶν
729 2523 779 2549 οὐκ
800 2523 910 2557 ἤκουον,

126 2566 188 2592 οὐδὲ
206 2568 263 2598 τοῖς
278 2567 310 2592 ἐκ
335 2566 441 2601 νεκρῶν
458 2568 607 2595 ἀναστάσιν
634 2567 819 2602 ἐπείσθησαν,
844 2569 912 2595 ἀλλὰ

127 2608 231 2635 καὶτὸν
252 2609 366 2644 ἀδελφὸν
395 2611 510 2646 Μάρθας
532 2612 579 2638 καὶ
591 2612 700 2648 Μαρίας
727 2612 865 2648 Λάζαρον,
880 2614 912 2640 ἐκ

182 2701 204 2716 ²⁰
235 2700 318 2731 Eeeli,
345 2710 382 2734 tv,
402 2701 430 2730 3.

964 2292 1064 2319 habent
1082 2291 1173 2323 fidem,
1190 2294 1285 2324 utpote
1299 2288 1410 2323 scriptis
1439 2288 1472 2315 ab
1500 2287 1541 2314 his
1553 2286 1598 2321 qui
1614 2287 1754 2318 vivebant,

964 2342 989 2365 et
1002 2337 1118 2364 necdum
1130 2343 1161 2363 ea
1175 2335 1306 2368 viderant,
1318 2342 1378 2369 qua:
1391 2333 1418 2360 iu
1430 2333 1521 2360 futuro
1531 2337 1595 2361 sunt
1608 2333 1721 2360 saeculo:
1733 2334 1756 2359 si

963 2383 1121 2417 quisautcm
1141 2389 1174 2409 ex
1203 2380 1315 2408 mortuis
1329 2380 1391 2407 icrit
1409 2379 1443 2407 ad
1461 2379 1535 2410 illos,
1554 2379 1677 2411 credent,
1691 2383 1756 2406 tan-

964 2438 1044 2464 quam
1056 2429 1091 2461 ei,
1112 2428 1158 2462 qui
1172 2427 1269 2456 viderit
1285 2427 1422 2453 universa.
1675 2460 1678 2464 Π

1003 2475 1080 2502 Vcrs.
1103 2475 1147 2501 3|.
1162 2474 1374 2500 Ait—credent.
1402 2471 1540 2506 Siquidem
1568 2470 1664 2501 Judaei,
1693 2471 1755 2505 quia

966 2520 1066 2548 Mosem
1080 2525 1106 2548 et
1124 2520 1267 2555 prophetas
1279 2527 1333 2546 non
1354 2518 1612 2551 audiebanl,neque
1633 2516 1665 2543 iis
1677 2517 1723 2551 qui
1741 2525 1754 2543 ο

966 2567 1079 2595 mortuis
1095 2571 1308 2599 resurrexcrant,
1321 2564 1478 2592 credebant:
1492 2563 1556 2598 quiti
1570 2569 1597 2590 et
1612 2563 1754 2594 Lazarum,

965 2614 1075 2641 Marthre
1087 2618 1114 2641 et
1126 2613 1214 2640 Mat-iac
1227 2613 1350 2645 fratrem,
1362 2610 1408 2646 qui
1423 2618 1438 2637 a
1454 2610 1570 2637 mortuis
1585 2613 1754 2640 surrexerat,

693 2737 792 2768 Variae
815 2737 968 2768 lectiones
984 2742 1012 2768 et
1034 2741 1126 2768 notae.

163 2820 231 2855 (99),
246 2820 464 2854 Ἀποκρύτιτεται
482 2821 512 2848 Β.

167 2854 204 2890 (1)
272 2855 290 2881 l.
309 2855 408 2889 legitur
431 2856 544 2892 καρδίαν
574 2857 815 2892 παρωργισμὲνην.
835 2857 912 2884 llunc

126 2893 216 2926 ipsum
229 2890 320 2918 locum
342 2895 460 2918 tractans
475 2890 593 2919 Joannes
616 2890 792 2927 'Xipltili'nus"
806 2892 904 2920 eodem

967 2822 1163 2884 modoolétudal.
1177 2820 1244 2848 Vide
1259 2820 1407 2848 editionem
1421 2825 1542 2848 nostram
1560 2820 1751 2856 Mosquenscm

967 2865 1025 2884 nec.
1047 2877 1062 2883 ..
1083 2877 1090 2884 .

965 2865 1025 2892 pag.
1046 2865 1090 2884 zu.
