1927 3074
78 139 144 174 1057

571 147 766 177 COMMENT.
788 147 830 177 IN
849 147 988 177 LUCAM.
1007 160 1040 165 —
1059 143 1138 178 CAP.
1159 148 1241 179 XIX.

1634 153 1706 187 1058

76 199 173 230 κακίας
197 199 237 231 εἰς
264 200 374 236 ἀρετήν.
400 201 446 228 Διὸ
462 202 510 228 καὶ
524 203 603 229 καλεῖ
619 203 710 235 αὐτὸν,
726 203 784 240 (Ξὲ)
816 204 858 230 καῖ

920 202 1050 238 i‘acileque
1062 212 1076 230 a
1092 204 1159 231 vitio
1175 204 1333 232 mutabilem
1349 213 1411 234 esse
1427 206 1460 234 ad
1480 207 1609 236 virtutem
1626 217 1633 235 :
1648 209 1708 237 ideo

77 245 169 272 ἄπεισι
186 246 328 281 κερδήσων
345 247 438 275 αὐτόν.

110 289 163 316 Καὶ
173 305 210 309 -
222 291 344 326 χαίρων.
355 292 477 328 Χαίρων,
491 294 521 320 οὺ
536 294 625 330 μόνον,
638 295 680 321 ὅτι
689 293 760 322 εἶδεν
772 295 864 328 αὑτὸν,

76 336 112 367 ὡς
139 336 252 371 ὲζήτειη
282 338 341 364 ἀλλ’
371 339 412 366 ὃτι
445 340 494 366 καὶ
530 340 632 376 ἐκλήθη
664 341 730 374 παρ’
761 340 865 373 αὐτοῦ,

76 382 121 408 καὶ
145 383 185 408 ὅτι.
212 383 359 416 ὑπεδέξατο
385 385 476 417 αὑτὸν.
499 387 536 418 ὥς
562 387 612 414 οὐκ
629 388 662 414 ἄν
683 395 748 413 ποτε
776 395 866 422 προσ-

74 428 184 462 εδόκησε
201 429 271 464 (25).

916 251 997 278 etiam
1011 255 1091 278 vocat
1109 256 1136 279 et
1147 252 1266 282 accedit.
1283 258 1311 279 ut
1330 252 1405 280 illum
1432 253 1597 282 lucrifaciat.

953 296 1033 323 Vers.
1058 296 1085 324 6.
1116 296 1342 333 [ft—gaudens.
1376 299 1506 327 Gautlens
1532 309 1588 328 non
1618 303 1708 330 solum

916 341 988 376 quod
1001 350 1063 369 eum
1078 343 1192 371 vidisset
1209 365 1215 376 ,
1231 349 1260 371 ut
1281 349 1434 379 optaverat,
1464 347 1511 374 sed
1544 348 1614 382 quod
1627 350 1708 376 etiam

916 389 951 415 ab
970 388 1017 416 illo
1034 394 1147 416 vocatus
1158 395 1246 422 esset,
1263 391 1354 426 quod:
1367 399 1392 418 te
1410 392 1498 427 ipsum
1526 395 1706 429 suscepisset,

916 435 988 470 quod
1005 443 1145 470 nunquam
1160 436 1217 464 fore
1234 443 1402 472 speraverat.

108 473 127 509 'i'
144 474 221 503 Unde
237 482 266 504 et
281 479 370 506 statim
387 480 546 507 misericors
569 479 657 507 lactus
689 483 731 507 est
757 487 907 514 pauperum
923 487 955 507 ac
971 480 1079 514 pietatis
1095 486 1211 509 amator.

108 521 164 548 Καὶ
189 538 225 543 —
247 526 430 554 καταλῦσαι.
463 528 650 563 Καταχθῆναι,
681 527 738 564 (εδ)
762 528 858 562 μεῖναι.

949 528 1028 556 Vers.
1044 529 1071 556 7.
1088 528 1123 555 Et
1140 545 1173 550 ——
1185 530 1377 560 diversam-us.
1397 531 1541 560 Mansurus
1551 541 1584 560 ac
1601 534 1710 561 reeiibi-

80 569 251 604 ’Δμαρτωλοὶ
282 571 310 598 δὲ
330 573 354 598 el
372 572 487 600 τελῶναι
506 576 589 601 πᾶσιν
607 575 729 607 ἐδόκουν,
756 574 800 601 διὰ
816 575 864 606 τὰς

77 615 233 648 πλεονεξίας
252 617 298 643 καὶ
316 619 424 651 ἀδικίας
450 621 552 647 αὐτῶν.
578 621 751 657 Ἐμέμφοντο
773 622 863 649 τοίνυν

74 660 110 696 τῷ
130 661 249 697 Χριστῷ,
264 663 392 701 καθάπερ
408 665 455 692 καὶ
473 667 519 692 ἐπὶ
534 667 668 702 Martiale)
686 667 725 702 τῷ
743 667 862 704 τελώνῃ.

75 710 120 733 καὶ
147 709 192 733 ἐπὶ
226 710 359 742 τοιούτοις
389 712 479 744 ἄλλοις
510 713 665 748 διαφόρως·
684 713 799 749 ἠγνόουν
834 713 862 740 δὲ

74 753 118 779 τὸν
134 754 245 788 τρόπον,
263 756 323 783 καθ’
338 757 366 784 ὃν
380 758 485 790 τούτοις
499 760 744 795 συνανεστρέφετο.
758 759 803 786 Διὸ
816 762 863 786 καὶ

74 799 203 835 παρεώρα
233 802 346 834 τούτους
372 804 453 836 αὐτὸς
483 805 529 832 ἐπὶ
555 806 687 838 τοιούτοις
715 807 862 842 πράγμασι

76 846 344 883 σκανδαλιζομένους.
368 850 429 886 Χρὴ
449 851 502 887 γὰρ
524 851 570 879 τοῦ
591 853 690 888 μικροῦ
710 853 860 880 σκανδάλου

914 579 1001 602 turus.
1031 574 1172 603 Publiceni
1197 576 1271 603 enim
1305 578 1376 612 apud
1407 585 1504 606 omnes
1535 579 1708 608 habebantur

913 627 1071 657 peccatores
1088 627 1200 657 propter
1215 631 1291 651 suam
1307 624 1448 651 avaritiam
1477 632 1508 653 ac
1535 626 1707 660 iniustitiam.

914 668 1130 703 lndignabantur
1146 677 1212 704 ergo
1231 669 1352 703 Christo,
1382 671 1614 705 quemadmodum
1626 673 1708 700 etiam

917 718 1029 748 propter
1049 713 1206 741 Matthacum
1220 715 1406 749 publicanum,
1424 723 1456 742 ac
1466 716 1534 743 alios
1551 716 1706 752 huiusmodi

917 760 1002 787 variis
1015 760 1042 786 iu
1059 760 1138 788 locis.
1155 760 1320 796 Ignorabant
1339 766 1430 788 autem
1460 762 1571 789 modum
1598 768 1625 789 et
1642 770 1707 789 cauv

917 814 987 840 satu,
1007 806 1042 833 ob
1055 811 1136 841 quam
1153 806 1280 834 Christus
1309 815 1370 834 cum
1395 807 1449 835 illis
1479 813 1706 836 conversaretur:

916 851 981 879 ideo
995 851 1077 879 etiam
1094 851 1146 879 hos
1167 853 1225 887 ipse
1238 852 1418 887 deSpicicbat,
1435 849 1498 880 c'um
1528 859 1640 888 propter
1657 853 1707 879 hu-

75 896 265 929 καταφρονεῖν,
286 896 350 923 ἔνθα
370 884 618 934 μεγαληοωτηρία
641 884 696 932 τινὶ
720 900 858 935 προσγίνε-

920 897 1034 931 iusmodi
1047 905 1089 924 res
1102 898 1320 925 ollenderentur.
1343 898 1459 933 Oportet
1477 901 1550 926 enim
1569 899 1709 926 modicum

74 949 128 973 ται,
143 941 191 968 καὶ
204 941 242 977 μὴ
256 942 300 970 διὰ
312 943 342 970 τὸ
360 944 458 980 μικρὸν
471 945 598 973 άπόλλειν
610 946 666 982 (25)
681 946 711 973 τὸ
727 948 809 982 μέγα.

108 1081 228 1113 Σταθεὶς
247 1096 280 1102 —
298 1084 497 1118 τετραπλοῦν.
517 1085 548 1110 ’Ὠ
564 1086 675 1120 ταχείας
694 1087 860 1123 μεταῦολῆςί

73 1129 85 1153 ὁ
100 1128 277 1164 φιλάργυρος,
292 1130 471 1164 εὔμετάδοτος
485 1138 491 1145 ·
503 1132 517 1157 ὁ
531 1131 709 1164 ἀδικώτατος,
725 1132 861 1161 δικαιότα-

73 1182 128 1204 τος.
147 1174 178 1200 ’Ὤ
206 1174 400 1201 αὐτοδιδάκτου
423 1177 582 1211 σωτηρίαςῑ
608 1177 685 1204 obrue
707 1178 760 1213 γὰρ
776 1179 862 1214 ἐμαθέ

72 1228 98 1244 τι
117 1218 193 1254 παρὰ
209 1219 342 1254 Χριστοῦ.
360 1220 401 1246 Τὰ
418 1220 467 1255 μὲν
484 1219 530 1248 οὖν
550 1221 635 1258 ἡμίση
652 1223 706 1248 τῶν
724 1224 862 1259 ὑπαρχόν-

71 1274 125 1291 των
148 1265 247 1292 δέδωκε
268 1267 324 1298 τοῖς
349 1269 467 1302 πτωχοῖς
483 1268 523 1300 είς
546 1269 688 1296 εὑποιῖαν·
717 1270 751 1296 τὰ
775 1270 860 1306 ήμίση

77 1311 105 1337 δὲ
122 1312 342 1348 παρακατέσχεν,
356 1313 406 1348 οὐχ
422 1313 492 1341 ὥστε
504 1314 586 1350 ἔχειν,
603 1315 661 1342 ἀλλ’
676 1315 747 1342 ὥστε
765 1317 798 1342 δι’
813 1317 861 1343 αὐ-

71 1357 124 1383 τῶν
148 1358 320 1385 ἀποτιννύειν
341 1360 529 1394 τετραπλάσια
547 1360 601 1387 τῶν
621 1361 654 1388 ἐκ
679 1363 861 1396 συκοφαντίας

73 1404 268 1439 πορισθέντων.
289 1405 423 1432 Ἐνταῦθα
436 1406 490 1442 γὰρ
501 1406 531 1433 τὸ
551 1407 814 1442 Ἐσυκοφιίντησα,
830 1409 860 1435 οὺ

71 1451 101 1476 το
118 1452 252 1486 ματαίως,
268 1451 455 1487 Κατηγόρησα
471 1454 609 1488 σημαίνει,
626 1454 695 1481 ἀλλὰ
710 1455 799 1481 τὸἙκ
812 1463 861 1481 συ-

72 1498 219 1530 κοφαντίας
237 1498 285 1523 καὶ
307 1497 413 1529 ἀδικίας
435 1499 607 1535 ἐκτησάμην.
624 1500 818 1536 Τετραπλάσια
833 1501 861 1527 δὲ

914 943 1111 971 oliendiculum
1148 945 1340 979 parviducere,
1389 945 1436 972 ubi
1464 945 1583 980 cuipiam
1610 950 1708 980 magna"

915 990 988 1017 salus
1005 991 1121 1023 accedit,
1149 998 1201 1018 nec
1229 996 1342 1026 propter
1357 999 1413 1018 rem
1430 991 1565 1018 modicam
1580 999 1707 1026 magnum

914 1038 1028 1072 perdere
1041 1038 1267 1065 emolumentum.

951 1084 1028 1111 Vers.
1045 1084 1071 1111 8.
1090 1083 1172 1111 Stans
1183 1099 1218 1103 —
1233 1083 1424 1119 quadruplum.
1442 1083 1465 1111 Ο
1483 1084 1604 1111 velocem
1618 1087 1708 1110 muta-

914 1130 1017 1157 tionem
1032 1130 1038 1156 l
1058 1137 1157 1157 avarus
1168 1129 1257 1156 factus
1272 1134 1313 1157 est
1328 1129 1449 1157 liberalis
1463 1139 1471 1162 ,
1496 1129 1706 1164 iniustissimus,

910 1175 1092 1210 iustissimus.
1107 1175 1129 1202 Ο
1143 1175 1272 1207 salutent,
1284 1183 1365 1210 quam
1386 1183 1445 1202 sese
1461 1175 1519 1209 ipse
1551 1175 1682 1201 docuerat
1698 1175 1704 1200 ί

914 1230 1004 1257 neque
1021 1223 1094 1249 enim
1127 1223 1218 1250 adhuc
1232 1230 1246 1249 a
1262 1222 1372 1249 Christo
1387 1222 1539 1249 didicerat:
1564 1220 1709 1248 dimidium

912 1267 1047 1295 bonorum
1064 1267 1139 1294 dedit
1160 1268 1328 1302 pauperibus
1359 1268 1385 1294 in
1414 1267 1598 1299 beneficium;
1625 1265 1708 1292 dirui~

913 1315 988 1342 dium
1004 1321 1069 1341 vero
1084 1314 1207 1346 retinuit,
1220 1322 1274 1341 non
1290 1319 1320 1341 ut
1344 1313 1509 1348 possideret,
1530 1312 1579 1339 sed
1592 1319 1646 1346 quo
1658 1319 1706 1346 per

913 1359 939 1386 id
952 1359 1107 1386 exsolveret
1118 1358 1145 1385 in
1162 1359 1356 1394 quadruplum,
1372 1359 1448 1385 lucra
1465 1357 1561 1384 fraude
1578 1357 1704 1391 quaesita.

912 1405 988 1439 Quod
1001 1405 1074 1432 enim
1087 1405 1139 1431 hoc
1153 1404 1179 1431 in
1193 1404 1253 1432 loco
1267 1405 1384 1432 habetur
1402 1403 1624 1437 ἐσυκοφάντησα,
1650 1410 1704 1429 non

913 1451 1048 1487 signiﬁcat.
1069 1458 1139 1478 vane
1159 1456 1207 1478 aut
1224 1451 1307 1478 stulte
1324 1451 1508 1478 calumniatus
1542 1456 1614 1479 Sllul,
1645 1449 1704 1479 sed,

913 1498 951 1525 Ex
965 1498 1099 1533 iniustitia
1129 1502 1156 1526 et
1182 1497 1320 1524 calumnia
1339 1496 1483 1532 acquisivi.
1516 1495 1704 1530 Quadrupium

71 1543 217 1570 ἀποδίδωσι
240 1544 310 1570 κατά
327 1545 373 1570 τὸν
397 1545 490 1580 νόμον,
518 1547 563 1573 τὸν
588 1547 711 1582 τέσσαρα
734 1549 858 1583 πρόϐατα

920 1549 1004 1572 iutem
1021 1545 1121 1576 reddit,
1140 1544 1293 1571 secundum
1310 1544 1407 1578 legem,
1431 1551 1491 1578 quae
1506 1548 1624 1578 quatuor
1640 1549 1709 1569 oves

71 1589 132 1616 ἀντὶ
151 1590 210 1622 ἐνὸς
227 1591 347 1617 ἐκτίσειν
365 1591 522 1619 κελεύοντα.

113 1637 286 1672 ’Δκούσωμεν
301 1637 324 1663 οἱ
339 1637 507 1670 ἀδικοῦντες,
524 1638 572 1665 καὶ
585 1639 601 1674 ἥ
617 1639 688 1666 αὐτὰ
702 1640 737 1667 τὰ
752 1641 782 1674 ἐξ
802 1641 859 1668 ἁδι-

72 1683 133 1715 κίας
144 1684 199 1714 τοῖς
211 1682 378 1717 ἀδικηθεῖσιν
390 1684 624 1719 ἀντιστρέψωμεν,
641 1685 658 1721 ἢ
671 1686 799 1722 τοιαύτην
815 1687 860 1714 οε-

75 1729 192 1765 ραπείαν
207 1731 262 1761 τοῖς
277 1729 428 1765 ἀδικήμασι
441 1731 681 1766 προσενέγκωμεν.

105 1821 181 1850 Eine
199 1838 234 1843 —
249 1822 378 1857 ἐγένετο.
397 1825 479 1851 Ο.κον
494 1824 580 1858 λέγει,
601 1826 663 1857 τοὺς
679 1827 708 1853 ἐν
724 1827 762 1863 τῷ
781 1828 859 1864 οἴκῳ.

71 1870 207 1904 Σήμερον,
226 1869 318 1904 φησὶν⁹
333 1869 442 1903 ἐγένετο
458 1871 592 1906 σωτηρία,
608 1872 792 1909 ἀπελαῦεἰσης
809 1875 859 1910 ἤδη

70 1916 122 1950 τῆς
145 1915 294 1949 ἀπωλείας,
320 1915 370 1950 τῆς
395 1916 554 1952 ὲνοικούσης
578 1918 610 1944 ἐκ
634 1918 789 1952 πλεονεξίας
814 1923 860 1949 καὶ

70 1961 189 1993 ἀδικίας.

106 2008 216 2034 Καθότι
233 2023 268 2028 —
283 2007 359 2034 ἐστι.
377 2007 462 2035 Τοῦτο
474 2009 518 2036 διὰ
533 2010 596 2042 τοὺς
611 2011 803 2045 γογγύζοντας,
819 2014 860 2041 ὅτι

70 2054 148 2090 παρᾶ
159 2054 316 2089 ἁμαρτωλῷ
329 2054 406 2089 ἀνδρὶ
419 2055 526 2090 εἰσῆλθε
540 2056 701 2084 καταλῦσαιι
714 2059 781 2094 φησὶ
790 2062 858 2096 γάρ·

69 2103 208 2135 Σήμερον
231 2101 363 2134 σωτηρία
381 2100 421 2133 τῷ
444 2102 516 2134 οἴκῳ
531 2104 635 2137 τούτῳ.
654 2105 709 2131 Καὶ
726 2107 780 2142 γὰρ
806 2108 859 2134 ἔδει

69 2148 191 2179 σωθῆναι
218 2147 264 2174 τὸν
290 2148 436 2182 Ζακχαίον,
453 2148 519 2175 διότι
537 2150 584 2175 καὶ
602 2151 684 2182 αὐτὸς
709 2153 740 2178 ὲκ
763 2153 859 2186 γένους

68 2193 117 2220 τοῦ
152 2193 278 2228 ’Λὸραάμ
304 2195 373 2222 ἐστι.
404 2194 485 2229 Δηλοῐ
503 2195 530 2221 δὲ
554 2196 585 2221 τὸ
611 2197 792 2233 ἐπαγόμενον,
817 2201 858 2227 ὅτι

913 1590 948 1617 ob
965 1598 1046 1617 unam
1064 1589 1199 1616 sublatam
1217 1589 1321 1616 exsolvi
1333 1588 1456 1623 iubebat.

948 1636 1109 1667 Audiamus,
1126 1635 1171 1670 qui
1191 1634 1318 1669 iniuriam
1334 1634 1460 1666 facimus,
1478 1637 1506 1660 et
1530 1633 1572 1660 vel
1588 1641 1618 1660 ea
1645 1639 1705 1668 quae

913 1681 1014 1716 injuste
1045 1686 1119 1715 parta
1139 1685 1214 1711 sunt,
1241 1679 1346 1707 affectis
1374 1680 1474 1714 iniuria
1500 1679 1701 1706 restiluamus:

912 1727 955 1754 vel
970 1726 1087 1753 similem
1110 1726 1245 1753 medelam
1263 1726 1325 1757 illis,
1338 1725 1383 1760 qui
1408 1725 1538 1761 iniuriam
1564 1725 1701 1760 irrogave-

912 1777 985 1804 runt,
997 1772 1144 1799 olleramus
1157 1773 1203 1807 (υ).

948 1819 1025 1846 Vers.
1043 1819 1069 1845 9.
1084 1817 1158 1844 Dixit
1171 1833 1205 1838 —
1218 1818 1337 1853 contigit.
1354 1818 1468 1844 Domum
1502 1817 1569 1844 dicit
1594 1825 1640 1844 eos
1657 1817 1701 1851 qui

912 1865 939 1892 in
953 1865 1034 1893 domo
1050 1869 1139 1892 erant.
1157 1864 1255 1897 llodie,
1270 1865 1369 1898 inquit,
1384 1864 1458 1890 salus
1475 1863 1597 1898 contigit,
1615 1865 1706 1897 eiecta-

911 1912 965 1948 iam
978 1911 1142 1946 perditione,
1159 1918 1219 1946 quae
1231 1911 1258 1937 in
1275 1918 1306 1937 ea
1323 1911 1478 1937 morabatur
1503 1915 1614 1945 propter
1641 1917 1703 1935 ava-

912 1959 1001 1986 ritiam
1012 1963 1039 1986 et
1049 1958 1222 1993 iniustitiam.

947 2005 1023 2033 Vcrs.
1039 2005 1064 2032 9.
1078 2003 1117 2030 Eo
1133 2004 1201 2036 quod
1215 2019 1250 2025 -—
1266 2008 1313 2031 est.
1334 2002 1390 2030 lloe
1407 2005 1517 2038 propter
1543 2009 1590 2028 eos
1623 2001 1707 2033 dixit,

910 2053 956 2088 qui
967 2053 1178 2079 murmurabant
1213 2050 1286 2086 quod
1313 2050 1453 2082 intrasset,
1479 2048 1550 2082 apud
1578 2051 1727 2083 peccato—3

911 2107 967 2126 rem
990 2099 1078 2126 virum
1106 2099 1302 2126 diversaturus.
1328 2097 1372 2124 Ait
1398 2103 1485 2131 ergo;
1518 2094 1602 2121 Hodie
1629 2093 1706 2121 salus

911 2146 1000 2173 domui
1020 2146 1082 2172 huic
1098 2146 1206 2180 contigit
1223 2153 1229 2178 ;
1261 2144 1408 2178 oportebat
1438 2141 1574 2176 siquidem
1596 2140 1704 2167 salvum

911 2190 970 2218 ﬁeri
985 2190 1229 2224 Zacchaeum,quia
1247 2195 1274 2216 et
1285 2189 1344 2223 ipse
1359 2196 1392 2214 ex
1408 2195 1507 2223 genere
1522 2190 1564 2213 est
1575 2185 1703 2212 Abralue.

68 2239 287 2275 προηγουμένως
316 2239 359 2266 διὰ
390 2241 454 2272 τοὺς
493 2231 858 2283 ’Λϐραμιαίουςνὲνηνδρώ-

920 2236 1055 2272 Signiﬁcat
1085 2241 1176 2264 autem
1205 2236 1335 2263 inductus
1361 2235 1407 2261 hic
1431 2240 1532 2265 sermo,
1549 2231 1623 2267 quod
1639 2238 1703 2266 pro~

68 2296 172 2323 πηοεν,

103 2372 196 2401 Ἦλθε
210 2389 243 2395 ——
259 2374 427 2407 ἀπολωλός.
446 2374 482 2401 Τὸ
497 2374 638 2408 ἀπολωλὸς
652 2377 684 2403 ἐκ
696 2377 790 2411 γένους
812 2380 859 2407 τοῦ

70 2420 211 2455 ’Λὸραάμη
236 2421 298 2447 οὐκ
316 2420 496 2455 ἀπεστάλην
516 2423 581 2457 γὰρ,
606 2424 698 2458 φησὶν,
713 2425 795 2460 εἰμὴ
817 2428 861 2461 εὶς

65 2468 104 2494 τὰ
115 2467 247 2501 πρόϐατα
260 2466 296 2493 τὰ
312 2467 492 2494 ἀπολωλότα
504 2468 590 2496 οἴκου
608 2469 665 2505 (26)
683 2469 822 2506 Ἀϐραάμ.

103 2514 241 2548 Ζακχαῖος
265 2512 294 2539 δέ
310 2513 368 2548 εἰμι
388 2513 465 2548 κάγὼ
483 2515 582 2550 μικρὸς
605 2516 654 2552 τὴν
680 2517 789 2551 ἡλικίαν
807 2519 857 2554 τὴν

105 2587 129 2603 ³⁸
147 2586 234 2614 Exod.
253 2594 320 2618 nu,
337 2587 365 2615 1,
397 2586 419 2603 ³³
430 2586 527 2616 Matth.
544 2596 586 2623 xv,
599 2590 643 2618 24.

912 2287 972 2319 pter
995 2291 1044 2311 eos
1069 2283 1242 2319 potissimum
1270 2281 1469 2308 humanitatem
1507 2278 1705 2313 assumpserit,

912 2330 959 2364 qui
970 2330 1005 2357 ab
1016 2329 1154 2357 Abraham
1167 2327 1382 2356 descendebant.

948 2383 1027 2410 Vers.
1049 2383 1093 2410 10.
1111 2382 1183 2410 Venit
1200 2397 1236 2402 —
1254 2383 1323 2418 quod
1348 2382 1437 2416 periit.
1468 2379 1545 2412 Quod
1559 2378 1650 2414 periit,
1667 2383 1705 2404 es

913 2437 1013 2465 genere
1028 2430 1155 2457 Abrahaa.
1178 2429 1220 2456 Ait
1247 2429 1320 2456 enim
1336 2436 1342 2454 :
1359 2427 1419 2454 Non
1437 2434 1496 2454 sum
1529 2426 1633 2458 missus,
1651 2423 1705 2450 nisi!

914 2476 949 2502 ad
962 2484 1020 2503 oras
1034 2476 1151 2510 perditas
1162 2476 1256 2502 domus
1272 2474 1357 2502 Israel
1366 2475 1399 2501 ³³.

951 2520 1008 2556 Ego
1037 2529 1101 2548 vero
1118 2525 1145 2548 et
1171 2520 1318 2548 Zaeehreus
1346 2527 1406 2547 sum
1438 2523 1542 2546 statura
1567 2515 1699 2551 spiritual:

679 2625 784 2656 Varia;
801 2625 954 2658 lectiones
971 2630 1001 2659 et
1016 2631 1110 2659 notaa.

105 2707 164 2742 (Ωὲ)
179 2708 265 2734 Αὐτόν
282 2707 383 2736 omittit
397 2708 427 2735 Β.

105 2743 166 2784 (ςὶῦ)
181 2743 268 2770 Etiam
282 2743 325 2770 hic
338 2743 437 2779 adiecit
471 2743 608 2779 interpres
623 2745 767 2779 scholium,
786 2745 857 2781 quod

67 2787 124 2806 met
141 2786 199 2814 non
209 2784 377 2814 agnoscunt.i

107 2814 165 2850 (24)
183 2813 243 2846 Quo
255 2821 337 2841 sensu
359 2814 580 2849 κατάγεσθαιεει
609 2816 707 2844 deverti
719 2821 746 2844 et
775 2825 862 2843 xam-

916 2713 1029 2747 γὼγιον,
1046 2713 1233 2740 deversorium.

949 2748 1005 2781 (-25)
1024 2748 1098 2775 llane
1111 2749 1224 2774 formam
1237 2747 1321 2775 codex
1335 2753 1451 2782 uterque
1472 2745 1609 2780 exprimit.

948 2784 1003 2819 (26)
1025 2784 1072 2811 Ἐκ
1090 2784 1195 2817 γένους,
1212 2791 1261 2817 pro
1285 2784 1368 2810 οἴκου.
1386 2784 1417 2811 Λ.

105 2895 142 2930 (υ)
153 2893 211 2922 Illis
226 2911 259 2915 —
274 2894 422 2929 offeramus.
433 2895 535 2929 Redde,
548 2896 653 2931 injuriis
662 2896 856 2923 udmovcmuus.

920 2903 1003 2931 :rprcs
1023 2895 1081 2923 loco
1096 2895 1246 2931 ἀδικήμασι
1259 2897 1367 2924 videtur
1383 2896 1479 2933 legisse
1489 2896 1646 2931 ἀδικήσασι.
