1927 3074
185 87 253 118 1υἶ9

181 143 245 179 gelii
270 143 360 179 capite
384 153 390 170 :

180 190 325 225 quisquam
337 190 424 225 major
433 195 507 217 eSset
517 190 544 216 in
555 197 641 225 regno
655 190 798 221 ctelorum.
820 191 864 219 hic
877 196 968 220 autem

180 236 232 263 alia
248 236 283 263 de
301 243 384 263 causa
405 235 557 268 contentio,
580 235 638 263 sive
662 236 808 270 inquisitio
822 236 895 264 inter
920 245 968 265 eos

180 282 276 309 incidit
294 290 302 315 ;
319 281 375 316 jam
390 281 463 308 enim
481 282 614 308 certiores
633 281 697 308 facti
709 282 743 309 de
763 287 852 310 morte
883 283 970 318 mag-i—

178 328 240 358 stri.
256 327 440 362 inquirebant,
451 327 511 362 quis
522 335 623 355 eorum
638 328 778 356 videretur
794 336 853 357 esse
870 329 969 365 major,

181 379 210 401 ut
223 378 383 401 czeterorum
400 373 477 400 ﬁeret
491 373 630 408 magister.
875 373 883 381 '

212 465 290 492 Vers.
307 465 352 493 ‘25.
373 465 408 492 At
423 465 468 492 ille
482 480 517 485 -
533 466 580 493 eis.
600 465 684 493 Docet
698 473 777 499 sane.
797 467 869 502 quod
886 467 909 495 is
922 467 971 502 qui

177 510 378 545 pra-ponendus
405 515 489 544 esset,
514 518 571 538 non
590 511 702 538 deberet
734 511 880 544 dominari,
907 516 969 539 tan-

176 564 256 592 quam
269 556 417 590 dominus;
432 564 496 584 nam
510 557 539 585 id
552 564 629 592 reges
648 562 729 585 terra:
749 557 856 585 faciunt
876 557 965 585 inﬂati

176 603 341 638 principatu,
371 607 399 630 et
413 602 477 630 elati
502 607 614 638 propter
628 611 676 631 eos
701 603 801 639 quibus
823 604 969 632 dominan-

177 653 232 676 tur.

214 694 292 723 Yers.
306 695 352 723 25.
373 695 409 722 Et
428 696 473 731 qui
485 711 519 717 —
531 701 669 724 uocantur.
689 695 832 732 Tanquam
853 697 968 732 judicatt

177 742 305 776 majores,
321 746 368 769 aut
382 743 465 769 etiam
481 747 610 778 tanquam
625 743 718 779 gloriae
733 743 837 778 cupidi.

210 788 288 816 Vers.
304 788 349 815 26.
367 788 415 815 Vos
432 803 464 810 -
478 789 523 824 qui
540 790 684 816 ministrat.
702 789 781 817 Fiant
797 793 866 823 haec,
880 797 968 825 quan-

178 840 236 862 tum
258 835 292 862 ad
317 834 402 862 animi
427 835 600 863 modestiam.
626 835 769 864 Juniorcm
792 843 883 864 autent
906 836 973 864 dicit
988 831 1010 858 Β

178 885 357 916 postremum.

215 926 293 954 Vera.
314 926 359 954 Ἣ.
387 926 450 954 Uter
468 942 502 947 —
520 929 564 963 qui
587 928 730 955 ministrat.
759 927 795 955 Se
822 928 910 963 ipsum
941 928 969 956 in

176 973 331 1008 exemplum
345 973 480 1000 sermonis
492 973 604 1008 prtebet.
617 974 685 1001 Cum
704 975 776 1001 enim
790 975 840 1009 ipsi
857 982 969 1002 accum-

176 1018 286 1051 bcrcnt,
311 1023 439 1054 tanquam
457 1019 574 1053 majOres
601 1020 636 1046 ab
657 1027 690 1048 eo
707 1019 803 1052 habiti,
824 1020 869 1046 ille
889 1020 970 1047 mini-

177 1064 291 1098 strabat,
307 1065 384 1099 quasi
400 1068 569 1099 postremum
586 1072 616 1093 se
628 1066 719 1101 ipsum
731 1066 845 1099 ducens,
863 1074 924 1094 cum
941 1071 968 1094 et

176 1110 261 1145 pedes
272 1118 368 1138 eorum
384 1111 498 1139 lavaret.

216 1155 293 1185 Vers.
314 1157 359 1185 28.
382 1157 431 1185 Vos
445 1173 480 1178 —
497 1158 574 1185 Vers.
591 1158 637 1186 29.
665 1167 785 1194 regnum.
800 1173 834 1179 ——
853 1158 967 1194 Dispano

176 1205 250 1232 vobis
277 1213 397 1240 regnum,
425 1205 477 1233 hoc
505 1211 559 1238 est,
588 1206 728 1241 promitto.
752 1206 875 1241 Regnum
904 1213 969 1233 vero

177 1251 290 1278 cceleste
311 1251 448 1287 intelligit,
465 1252 543 1287 cujus
565 1260 613 1286 spe
639 1252 791 1279 roborabat
808 1259 857 1280 eos
885 1252 968 1279 ctiam

177 1297 212 1324 ad
226 1297 440 1332 magnitudinem
455 1305 486 1325 ac
498 1298 682 1325 tolerantiam.

212 1343 292 1371 Vers.
304 1344 348 1371 50.
364 1344 395 1372 Ut
409 1359 444 1364 —
459 1353 577 1371 mensam
592 1353 687 1373 meam.
705 1345 825 1374 Mensam
842 1345 971 1374 videlicet

177 1389 252 1417 illam
276 1391 377 1425 regiam
408 1398 439 1417 ac
464 1391 611 1418 caelestem.
642 1391 759 1419 Possunt
792 1396 882 1419 autem
914 1391 968 1419 diri

177 1443 282 1468 mensa,
299 1436 369 1463 bona
382 1441 483 1464 aeterna
497 1440 524 1464 et
544 1437 705 1469 incﬂabilia.
717 1446 778 1472 qua:
792 1438 968 1474 diligentibus

178 1480 264 1508 Deum
288 1486 439 1516 preparata
464 1486 538 1515 sunt,
565 1482 644 1510 cibus
672 1490 738 1510 vero
751 1491 783 1510 ac
810 1487 902 1518 potus,
928 1487 971 1510 est

177 1525 284 1555 morum
302 1527 407 1555 fruitio.

214 1571 291 1600 Vers.
310 1573 354 1600 50.
372 1572 405 1600 Et
420 1587 453 1594 -—-
470 1572 566 1600 Israel.
584 1572 641 1601 Hoc
662 1573 744 1601 etiam
770 1574 824 1601 illis
848 1573 974 1609 promisit

179 1618 388 1654 quadragesimo
419 1619 509 1654 primo
532 1619 675 1654 Evangelii
708 1620 786 1654 juxta
815 1620 972 1647 Mattlueum

178 1664 279 1698 capite,
296 1664 343 1692 ubi
366 1666 499 1700 scriptum
524 1671 566 1692 est
585 1664 685 1694 :Jesus
707 1670 798 1693 autem
816 1667 884 1694 dixit
906 1666 946 1694 eis
964 1674 971 1693 :

178 1710 262 1737 Amen
278 1710 335 1738 dico
349 1711 430 1743 vobis,
446 1712 516 1746 quod
531 1720 574 1738 vos
591 1712 636 1747 qui
653 1713 735 1738 seculi
750 1713 811 1739 estis
831 1721 872 1740 me
883 1715 920 1746 "°,
944 1717 972 1741 et

178 1759 276 1783 uetera
295 1765 302 1783 :
321 1756 357 1784 ibi
373 1763 438 1792 ergo
455 1757 512 1792 lege
526 1757 623 1784 horum
640 1757 904 1792 interpretationem.

807 89 999 121 EUTHYMII
1018 90 1183 123 ZIGABEN
1186 92 1200 122 Ι

419 144 467 172 sed
501 148 566 171 tunc
593 143 704 179 quidem
749 144 783 172 de
812 145 865 173 hoc
899 150 968 179 erat,

1034 147 1093 182 .aitp
1121 147 1216 175 αὐτοῦ.
1242 146 1324 174 Ἀλλὰ
1351 147 1411 175 τότε
1439 148 1490 183 μὲν
1517 147 1661 184 περὶτοῦ,
1686 148 1735 181 Τίς
1757 147 1817 181 ἄρα

1745 90 1822 125 1080

1022 194 1129 229 μείζων
1140 193 1226 221 ἐστὶν
1241 193 1276 221 ἐν
1287 193 1324 228 τῇ
1337 194 1478 228 βασιλείᾳ
1487 194 1546 221 τῶν
1555 194 1691 228 οἰφανῶν
1702 203 1711 227 ;
1728 194 1776 221 νῦν
1787 194 1819 221 δὲ

1026 240 1087 268 καθ’
1104 240 1201 276 ἑτέραν
1225 240 1315 267 αἰτίαν
1334 241 1350 276 ὴ
1370 241 1523 276 φιλονεικία
1547 241 1653 272 τούτοις
1671 241 1815 272 ἐνέπεσεν,

1024 285 1113 312 show
1128 287 1145 321 ἡ
1169 286 1294 320 ἐξέτασις
1309 294 1315 302 ι
1337 286 1597 323 πληροφορηθέντες
1614 287 1669 322 γὰρ
1684 287 1734 323 ήδη
1750 288 1818 322 περὶ

1024 332 1075 366 τῆς
1086 332 1133 359 τοῦ
1153 333 1316 361 διδασκάλου
1333 334 1474 369 τελευτῆς,
1491 333 1642 368 ἐζήτησαν,
1659 334 1701 366 τίς
1723 335 1753 368 ἐξ
1765 334 1816 360 αὺσ

1025 378 1079 405 τῶν
1094 378 1169 405 δοκεῖ
1183 378 1253 406 εῖναι
1271 379 1383 414 μείζων,
1401 379 1446 406 ἴνα
1460 379 1621 412 διδάσκαλος
1631 380 1744 415 γένηται
1759 379 1816 406 τῶν

1023 424 1111 451 ἄλλων
1124 431 1132 440 ⁸

1066 470 1097 497 ’0
1113 470 1186 498 δὲ-
1201 471 1311 499 αὐτῶν.
1325 472 1452 498 Διδάσκει
1475 471 1570 498 λοιπὸν
1593 471 1631 501 ὡς
1648 471 1661 497 ό
1676 471 1815 505 προεστά-

1025 526 1070 544 ναι
1095 518 1198 545 τούτων
1224 518 1330 552 μέλλων
1356 518 1406 544 οὒκ
1443 517 1548 552 ὀφείλει
1575 519 1747 552 κυρισρχεῖν,
1777 517 1816 548 ὡς

1024 564 1159 600 δεσπότης
1171 573 1178 580 ·
1190 565 1271 591 τοῦτο
1282 565 1336 601 γὰρ
1347 565 1371 591 ol
1384 564 1506 599 βασιλεῖς
1522 564 1578 591 τῶν
1592 564 1679 590 ἐθνῶν
1695 563 1814 594 ποιοῦσι,

1023 611 1211 645 τετυφωμένοι
1235 611 1295 642 ταῖς
1319 611 1418 646 ἀρχαῖς
1439 610 1487 637 καὶ
1512 610 1744 645 κατεπαιρόμενοι
1759 608 1817 635 τῶν

1024 657 1197 693 ἀρχομένων.

1059 703 1113 730 Καὶ
1132 704 1159 730 al
1175 717 1208 723 -—-
1231 702 1407 730 καλοῦνται.
1429 701 1472 734 Ὦς
1489 701 1631 732 δοκοῦντες
1647 701 1782 736 μείζονες,
1797 701 1815 736 ἢ

1023 749 1070 776 καὶ
1085 750 1124 781 ὡς
1137 748 1280 783 φιλόδοξοι.

1065 796 1165 830 Ὑμεῖς
1177 811 1212 815 -
1227 794 1385 822 διακονῶν.
1413 793 1540 821 Γενέσθω
1556 793 1655 825 ταῦτα,
1681 793 1742 820 ὅσον
1768 792 1817 819 ἐπὶ

1027 842 1256 880 μετριοφροσύνῃ.
1272 842 1416 876 Νεὼτερον
1431 841 1459 867 δὲ
1474 841 1549 875 λέγει
1564 840 1610 867 τὸν
1625 839 1750 874 ἔσχατον.

1063 928 1158 960 Τίς-
1173 925 1333 953 διακονῶν.
1362 924 1474 951 Ἑαυτὸν
1500 924 1594 956 αὐτοῖς
1616 923 1725 951 δίδωσιν
1749 923 1816 949 ὑπό-

1025 974 1125 1008 δειγμα
1148 972 1196 1000 τοῦ
1221 972 1313 1006 λόγου.
1333 971 1443 998 Τούτων
1471 970 1526 1006 γὰρ
1550 969 1751 1005 ἀνακειμένων,
1777 969 1818 1000 ὡς

1026 1018 1158 1053 μειζόνων
1184 1017 1230 1044 ὑπ’
1247 1016 1333 1044 αὐτοῦ
1356 1015 1520 1052 κριθέντων,
1539 1011 1618 1046 οὗτος
1642 1014 1816 1049 διηκόνησεν,

1024 1065 1062 1096 ὡς
1078 1065 1193 1098 ἔσχατον
1209 1063 1307 1090 ἑαυτὸν
1323 1061 1515 1097 λογισάμενος,
1532 1061 1577 1088 ὅτε.
1594 1060 1671 1096 ἓνιψε
1685 1060 1748 1091 τοὺς
1764 1059 1816 1086 πό-

1024 1111 1073 1139 δας
1090 1109 1191 1136 αὐτῶν.

1065 1156 1160 1190 Ὑμεῖς
1180 1171 1213 1176 -
1229 1154 1406 1188 βασιλειαν.
1432 1153 1601 1187 Διατίθεμαι
1632 1151 1705 1186 ὑμῖν
1721 1151 1817 1183 ,βασι-

1023 1203 1122 1236 λείαν,
1142 1203 1203 1229 ἀντὶ
1218 1202 1277 1234 τοῦ,
1314 1200 1542 1236 ἐπαγγέλλομαι·
1568 1199 1709 1235 βασιλειαν
1724 1197 1752 1224 δὲ
1768 1198 1817 1224 οὖ-

1024 1250 1128 1286 ράνιον,
1152 1246 1184 1283 ἧς
1209 1249 1268 1280 ταῖς
1286 1247 1378 1274 ὲλπίσι
1397 1246 1536 1281 διανευροῖ
1555 1244 1668 1277 τούτους
1688 1244 1729 1271 ἔτι
1745 1243 1817 1280 πρὸς

1023 1295 1156 1330 εὐψυχίαν
1170 1294 1217 1321 καὶ
1232 1294 1383 1329 ὑπομονήν.

1059 1340 1326 1375 Ἵνα-τραπέζης
1346 1349 1416 1374 μου.
1441 1341 1498 1375 Τῆς
1524 1338 1668 1375 βασιλικῆς
1692 1336 1816 1372 ἐκείνης,

1022 1388 1073 1423 τῆς
1087 1387 1224 1422 οὐρανίου.
1246 1384 1308 1413 Εἶεν
1326 1386 1347 1412 δ’
1375 1385 1408 1412 ἂν
1433 1385 1558 1420 τράπεζα
1583 1383 1633 1419 μὲν
1657 1383 1692 1409 τε
1716 1381 1817 1409 αἰώνια

1025 1435 1071 1460 καὶ
1085 1433 1232 1469 ἀπόρρητα
1247 1432 1349 1467 ἀγαθὰ,
1364 1432 1398 1458 τὰ
1410 1430 1603 1466 ἡτοιμασμένα
1617 1430 1671 1460 τοῖς
1685 1428 1816 1462 ἀγαπῶσι

1025 1479 1070 1506 τὸν
1098 1479 1184 1505 Θεόνο
1214 1478 1317 1513 βρῶσις
1331 1477 1423 1504 δὲκαὶ
1449 1477 1528 1508 πόσις
1549 1477 1566 1512 ἡ
1596 1475 1748 1505 ἀπόλαυσις
1764 1473 1816 1500 ab-

1022 1526 1088 1552 τῶν.

1060 1573 1114 1600 Kal
1131 1588 1165 1593 —-
1182 1572 1320 1608 Ἰσραήλ.
1336 1572 1424 1599 Τοῦτο
1449 1572 1584 1608 ὑπέσχετο
1608 1571 1702 1603 αὐτοῖς
1722 1572 1770 1598 καὶ
1784 1571 1816 1598 ὲν

1022 1619 1061 1655 τῷ
1076 1619 1288 1655 τεσσαρακοστῷ
1311 1619 1412 1655 πρώτῳ
1436 1619 1580 1655 κεφαλαίῳ
1594 1618 1641 1645 τοῦ
1653 1619 1724 1645 κατὰ
1737 1619 1817 1644 Ματ-

1024 1667 1110 1698 θαῖον,
1129 1667 1194 1693 ἔνθα
1218 1666 1377 1701 γέγραπται
1395 1667 1442 1693 τό·
1466 1667 1480 1692 ὁ
1495 1666 1523 1692 δὲ
1546 1665 1652 1701 Ἰησοῦς
1668 1663 1746 1692 εἶπεν
1765 1665 1816 1691 αὑ-

1024 1714 1078 1745 τοῖς
1093 1721 1100 1728 ⁶
1121 1713 1214 1748 Ἀμὴν
1231 1713 1309 1747 λέγω
1328 1712 1411 1747 ὑμῖν,
1426 1712 1471 1739 ὅτι
1486 1712 1571 1746 ὑμεῖς
1592 1713 1620 1738 οἱ
1644 1710 1815 1742 ἀκολουθή-

1023 1759 1134 1792 σαντές
1149 1768 1212 1793 μοι,
1225 1760 1261 1786 ἐν
1280 1759 1317 1792 τῇ
1333 1759 1560 1793 παλιγγενεσία,
1580 1758 1655 1786 ὅταν
1667 1758 1778 1791 καθίσῃ
1799 1758 1816 1783 δ

179 1803 247 1835 Υἱὸς
274 1802 327 1829 τοῦ
355 1802 514 1838 ἀνθρώπου
537 1804 586 1831 ἐπὶ
617 1805 725 1839 θρόνου
748 1805 843 1839 δόξης
865 1806 969 1839 αὐτοῦ,
991 1809 1155 1835 κιιθίσεσθε
1191 1808 1239 1835 καὶ
1266 1807 1350 1842 ὑμεῖς
1372 1808 1419 1833 ἐπὶ
1442 1807 1557 1834 δώδεκα
1591 1807 1729 1841 θρόνους,
1752 1806 1816 1840 κρί-

179 1856 288 1882 νοντες
311 1849 367 1883 τὰς
389 1849 504 1877 δώδεκα
531 1850 633 1885 φυλὰς
662 1851 715 1879 τοῦ
747 1852 872 1887 Ἰσραήλ
887 1860 895 1868 ⁸
911 1853 958 1880 καὶ
976 1854 1115 1888 ἀνάγνωοι
1132 1855 1180 1889 τὴν
1192 1853 1295 1881 τούτων
1307 1854 1449 1889 ἐξήγησιν.

276 1908 353 1936 CAP.
370 1908 513 1936 LXXVI".
527 1909 566 1936 De
580 1910 740 1944 expetitione
756 1909 880 1938 Satanw.

216 1955 294 1984 Vers.
316 1955 360 1983 51.
374 1955 447 1982 Dixit
466 1970 500 1976 --
515 1955 643 1983 triticum.
659 1955 696 1983 Illi
722 1957 796 1984 enim
825 1958 908 1985 moris
932 1963 975 1986 est

181 2005 386 2039 praastantiores
417 2009 546 2038 expetere
569 2004 603 2031 ad
627 2005 795 2040 palaestram,
815 2006 888 2033 sicut
911 2006 967 2034 Iob.

179 2051 307 2079 Cribrare
320 2059 396 2083 vero,
415 2050 442 2077 i.l
463 2056 516 2083 est,
535 2051 657 2084 turbare,
677 2059 798 2084 movere,
819 2052 970 2080 concitare.

180 2097 306 2126 Cribrum
322 2097 471 2132 siquidem,
483 2097 557 2131 quod
571 2097 744 2132 frequentius
755 2098 894 2131 κόσκικον,
914 2098 972 2126 sive

181 2144 349 2178 σινιατήριον
368 2143 405 2179 (y)
424 2148 546 2175 vocatur,
564 2150 579 2169 a
600 2143 764 2177 quibusdam
780 2144 863 2171 etiam
887 2144 971 2171 σινίον

181 2189 291 2221 dicitur,
305 2197 320 2216 a
334 2197 388 2223 quo
400 2189 511 2216 verbum
526 2189 639 2222 σινιὰζω
653 2190 756 2220 cribro.
774 2191 816 2218 vel
832 2192 972 2219 concutio.

181 2237 249 2262 Nam
272 2235 298 2261 in
322 2235 411 2262 cribro
434 2235 552 2263 triticum
570 2236 734 2264 transfertur
765 2241 794 2264 et
816 2238 974 2265 concutitur

183 2287 216 2308 ac
247 2280 437 2308 confunditur.
469 2281 596 2310 Praedicit
624 2287 716 2310 autem
748 2283 789 2311 eis
821 2283 856 2312 de
883 2284 974 2312 futura

182 2327 343 2360 tcntatione,
361 2327 471 2362 quando
486 2336 583 2356 omnes
600 2329 695 2357 relicto
710 2337 744 2357 eo
761 2330 900 2366 fugerunt.

217 2370 298 2398 Vers.
308 2371 506 2406 32.Ego-—tua.
516 2373 630 2408 Rogavi,
641 2374 743 2409 inquit.
754 2374 863 2402 Patrem
878 2382 971 2402 meum

181 2419 308 2450 tanquam
322 2416 414 2448 homo,
429 2425 465 2445 ne
482 2418 580 2452 perdas
598 2419 710 2446 tandem
726 2419 762 2454 (ι)
781 2419 863 2447 Μυκη
878 2423 966 2453 tuam,

180 2469 264 2496 quam
279 2461 306 2489 in
319 2470 363 2491 me
375 2463 472 2496 habes,
484 2463 511 2491 in
529 2467 653 2499 tempore
669 2465 835 2501 negationis.

235 2550 258 2566 "
271 2550 368 2578 Matth.
382 2558 439 2583 nx,
464 2550 509 2578 28.

1062 1913 1140 1940 ΚΕΦ.
1161 1912 1224 1940 Oil’.
1242 1913 1309 1947 Περὶ
1325 1912 1378 1946 τῆς
1388 1912 1570 1947 ἐξαιτήσεως
1583 1912 1636 1939 τοῦ
1650 1911 1779 1939 Σατανᾶ.

1060 1956 1135 1985 ETa/8
1150 1973 1181 1978 —
1195 1958 1296 1986 σῖτον.
1317 1957 1398 1988 Ἐοος
1418 1959 1474 1992 γὰρ
1492 1957 1567 1992 αὐτῷ
1585 1957 1647 1988 τοὺς
1664 1956 1817 1991 δοκιμωτέ-

1026 2012 1088 2039 ρους
1106 2004 1271 2037 ἐξαιτεῖσθαι
1298 2004 1367 2039 πρὸς
1384 2003 1482 2038 nam;
1503 2003 1541 2035 ὠς
1557 2004 1601 2030 τὸν
1620 2002 1690 2030 Ἰώὸ.
1705 2003 1815 2030 furui-

1023 2058 1075 2077 σαι
1101 2051 1140 2084 δὲ,
1167 2051 1228 2077 ἀντὶ
1247 2050 1306 2083 τοῦ,
1333 2050 1387 2085 (55)
1422 2050 1583 2085 θορυϐῆσαι,
1613 2050 1742 2083 κυκῆσαι,
1765 2058 1817 2075 τα-

1028 2096 1117 2132 ράξαι.
1144 2096 1232 2122 Σιιιίον
1251 2096 1308 2131 (Si)
1325 2096 1379 2131 γὰρ
1391 2097 1465 2131 παρά
1480 2105 1535 2122 τισι
1561 2097 1685 2122 καλεῖται
1702 2095 1732 2121 τὸ
1749 2095 1816 2130 παρ’

1027 2142 1093 2176 ἡμῖν
1111 2141 1248 2173 κόσκινον,
1277 2142 1306 2168 ὲν
1320 2139 1342 2176 ᾦ
1361 2143 1375 2168 ὁ
1395 2143 1468 2173 σῖτος
1483 2141 1546 2176 τῇδε
1561 2142 1674 2168 κάκεῖσε
1694 2149 1817 2176 μεταφε-

1027 2188 1142 2223 ρόμενος
1162 2188 1343 2224 ταράσσεται.
1359 2188 1491 2224 Προλέγει
1511 2188 1539 2214 δὲ
1565 2188 1658 2219 αὐτοῖς
1684 2187 1752 2222 περὶ
1768 2187 1816 2214 τοῦ

1026 2231 1172 2266 μέλλοντος
1195 2233 1360 2268 πειρασμοῦ,
1373 2232 1428 2265 ὅτε,
1455 2233 1556 2264 πάντες
1584 2233 1703 2268 ἀφέντες
1720 2232 1815 2266 αὑτὸν,

1024 2276 1137 2312 ἔφυγον.

1067 2370 1139 2406 Ἐγὼ
1156 2387 1190 2392 -
1207 2379 1277 2399 σου.
1299 2372 1430 2409 Ἐδεήθην
1445 2373 1494 2400 τοῦ
1509 2373 1617 2409 Πατρός
1634 2382 1697 2409 μου,
1719 2372 1816 2408 φησὶν,

1025 2417 1062 2449 ὡς
1091 2418 1245 2452 ἄνθρωπος,
1262 2418 1306 2444 ῖνα
1324 2418 1361 2454 μὴ
1384 2418 1475 2445 τέλεον
1500 2418 1640 2454 ἀπολέσῃς
1655 2418 1706 2453 τὴν
1721 2417 1818 2444 πίστιν

1026 2473 1082 2495 σου,
1104 2463 1153 2499 τὴν
1172 2464 1211 2496 si;
1226 2463 1289 2499 ἐμὲ,
1308 2465 1338 2490 ὲν
1351 2464 1389 2499 τῷ
1406 2465 1497 2500 καιρῷ
1512 2465 1562 2500 τῆς
1578 2465 1734 2500 ἀρνήσεως.

781 2585 882 2617 Variae
899 2587 1052 2619 lectiones
1072 2591 1102 2619 et
1116 2589 1212 2619 notae.

217 2667 274 2705 (ᾧ)
291 2666 431 2705 Chrysost.
445 2671 511 2695 tom.
529 2665 596 2700 Vili,
612 2675 642 2702 p.
674 2667 736 2701 785,
760 2659 797 2694 D.
811 2668 973 2705 θορυϐῆσαι,

181 2702 309 2738 ταράξαι,
321 2703 462 2738 πειρᾶσαι.

218 2793 256 2827 (y)
271 2792 331 2820 Siue
346 2793 543 2827 σινιατήριον,
556 2797 611 2820 etc.
629 2793 679 2822 llic
700 2793 825 2828 quandam
843 2794 876 2822 dc
907 2794 964 2822 suis

183 2828 291 2856 videtur
302 2828 439 2858 addidisse
455 2829 605 2865 interpres.

1063 2670 1119 2707 (54)
1135 2669 1203 2707 Vide
1214 2669 1397 2707 wetjtenium
1407 2671 1440 2699 ad
1457 2671 1485 2698 li.
1519 2671 1537 2698 l.
1561 2671 1644 2698 σινῐον
1674 2678 1731 2698 non
1761 2670 1817 2707 legi

1027 2705 1089 2733 alibi
1110 2706 1234 2732 κόσκινον
1252 2705 1333 2732 habet
1346 2705 1434 2740 l'iato,
1450 2715 1478 2742 υ.
1495 2707 1558 2740 320,
1574 2707 1636 2734 584.

1057 2794 1092 2831 (ι.)
1109 2796 1234 2824 Tandem.
1253 2797 1351 2825 Τέλεον
1362 2802 1404 2824 cst
1424 2805 1542 2831 prorsus.
