1927 3074
99 152 168 187 1089

561 147 754 180 COMMENT.
775 146 815 176 IN
838 145 977 176 LUCAM.
996 157 1031 163 --
1050 145 1128 176 CAP.
1150 145 1263 176 XXIII.

1655 145 1724 179 1090

97 210 178 240 διίοι,
200 207 237 243 μὴ
265 206 394 242 φέροντες
414 204 449 232 τὰ
477 202 671 239 ἀνυπέρϐλητα
688 200 774 233 δεινὰ,
797 199 832 225 τά
856 207 884 224 τε

945 198 1021 225 ludcei
1038 220 1046 231 ,
1062 207 1116 226 non
1134 198 1254 227 ferentes
1270 199 1390 233 pericula
1415 199 1558 227 innumera
1582 207 1613 228 ac
1640 205 1724 229 vene-

99 256 154 283 ἀπο
167 254 217 289 τῆς
235 251 392 288 πολιορκίας
408 250 462 278 τῶν
481 249 641 284 Ῥωμαίων,
658 249 705 275 καὶ
717 247 765 274 τοῦ
778 245 883 281 λοιμοῦ,

99 302 147 328 καὶ
162 301 211 334 τῆς
224 297 356 333 ἐμφυλίου
370 297 502 327 στάσεως.

136 347 197 372 Ὀτι
212 346 288 372 εὶ-
307 343 448 379 γένηται;
477 342 508 369 Et
522 342 551 368 ὲν
576 342 638 377 ἐμοὶ
651 340 690 376 τῷ
713 339 785 375 ζωὴν
809 338 885 364 θείαν

100 392 186 426 ἔχοντι
201 391 288 417 ταῦτα
303 389 426 416 ποιοῦσιν
443 389 467 415 οἱ
487 388 630 422 Ῥωμαῖοι,
658 384 884 421 παρορμηθέντες

100 437 153 464 ὑπὸ
168 437 222 463 τῶν
243 435 387 468 Ἰουδαίων,
403 435 431 460 ὲν
443 434 519 468 ὑμῖν,
537 434 594 464 ’τοῖς
606 433 741 466 νέκρωσιν
755 430 786 462 ἐξ
797 430 886 465 ἀμαρ-

99 483 160 514 τὶας
176 481 364 516 κεκτημένοις,
383 480 409 506 τί
424 480 536 514 γένηται
548 479 612 513 παρ’
625 477 732 510 mm;

137 529 265 562 ’Hrowo
290 540 325 547 —-
351 524 524 559 ἀριστερῶν.
557 524 586 551 Ὀ
615 523 643 550 δὲ
670 523 810 553 Ματθαῖος
840 521 886 548 καὶ

99 575 194 609 ἕτερον
216 574 333 608 ἔγραφε,
348 572 395 599 καὶ
412 571 549 606 ἀνάγνωθι
569 571 695 603 κάκεῖνα,
712 569 760 595 καὶ
777 569 886 599 πάντως

105 620 235 655 εὑρήσεις
261 620 310 646 καὶ
326 619 390 654 περὶ
406 618 519 644 τούτων.
544 618 588 644 'Ev
601 617 639 651 τῷ
652 615 722 643 κατὰ
749 615 886 642 Ματθαῖον

100 666 155 700 γὰρ
171 665 204 692 τὰ
219 664 283 700 περὶ
302 664 356 690 τῶν
373 663 545 690 Δεσποτιχῶν
568 663 742 696 παθημάτων
773 662 886 696 ἀπαρα-

100 711 218 742 λείπτως
230 709 276 736 καὶ
289 708 409 744 ἀκριϐῶς
423 708 484 736 καθ’
500 707 596 744 εἱρμὸν
611 705 831 743 ήρμηνεύθησαν.

143 803 174 829 '0
189 802 223 829 es
242 801 358 835 Ἰησοῦς
374 814 408 819 -
418 799 493 834 ἄφες
509 798 621 831 αὐτοῖς.
635 797 720 833 ’Υπὲρ
735 796 790 824 τῶν
805 804 887 823 σταυ-

101 849 246 886 ρωσάντων
272 847 407 874 Ἰουδαίων
421 845 653 881 προσευξάμενος,
671 845 708 876 ὡς
732 844 884 878 ἄνθρωπος.

100 894 223 927 ὑπέδειξε
241 895 298 925 τοῖς
315 892 468 927 ἀνθρώποις
490 892 575 918 τύπον
601 891 651 926 τῆς
676 891 717 922 εἰς
745 891 808 921 τοὺς
823 889 883 916 ἀδι-

100 942 238 977 κήσαντας
252 939 436 975 συμπαθείας.

143 1025 303 1060 Ἦπόρησαν
329 1024 359 1050 δέ
389 1023 540 1056 τινες,ὅτι,
566 1023 614 1049 ἐὰν
627 1021 725 1057 ἀφείθη
753 1022 843 1054 αὐτοῖς
868 1022 885 1056 ὴ

101 1071 235 1107 ἁμαρτία,
250 1070 308 1101 πῶς
325 1069 360 1097 δι’
374 1069 458 1104 αὐτὴν
484 1069 598 1103 ὕστερον
615 1068 805 1103 παρεδόθησαν
831 1069 888 1098 τοῖς

109 1117 254 1152 Ῥωμαίοις
270 1117 310 1147 εἰς
328 1114 516 1149 πανωλεθρίαν
527 1122 533 1146 ς
546 1113 619 1148 Πρὸς
636 1113 682 1145 οὓς
702 1113 831 1148 λέγομεν,
846 1113 886 1139 ὃτι

102 1161 152 1195 οὺχ
168 1160 238 1195 ὑπὲρ
265 1159 374 1185 πάντων
391 1159 408 1193 ὴ
427 1158 565 1193 προσευχὴ
584 1158 708 1191 γέγονεν,
734 1157 791 1183 ἀλλ’
818 1157 887 1192 ὑπὲρ

103 1206 192 1241 μόνων
208 1205 262 1231 τῶν
288 1205 445 1240 περαιτέρω
466 1204 549 1238 μηδέν
574 1213 601 1230 τι
618 1204 885 1238 κακουργησάντων·

100 1253 159 1278 ὅσοι
186 1250 214 1277 δὲ
245 1251 313 1285 μιτὰ
333 1249 423 1281 τοῦτο,
443 1249 490 1275 τοῦ
514 1249 590 1284 ἡλίου
616 1249 815 1281 σκοτωθέντος,
839 1250 887 1275 καὶ

100 1298 147 1324 τοῦ
174 1297 422 1331 καταπετάσματος
449 1297 614 1331 quem“,
631 1296 680 1323 καὶ
702 1296 750 1331 τῆς
770 1297 820 1331 γῆς
837 1305 889 1323 σει-

93 1343 279 1378 ηιτθείσηςριαὶ
295 1343 348 1369 τῶν
365 1343 473 1377 πετρῶν
489 1341 661 1376 σχισθεισῶν,
676 1342 723 1368 καὶ
736 1342 788 1368 τῶν
801 1342 888 1369 ἄλλων

103 1388 229 1423 σημείων
246 1387 301 1414 τῶν
318 1387 390 1414 κατὰ
405 1387 454 1422 τὴν
474 1388 624 1413 ἀνάστασιν
642 1386 725 1413 αὑτοῦ
749 1386 888 1412 τελεσθέν-

100 1443 165 1467 των,
199 1434 362 1468 προσέθεντο
382 1435 414 1468 τῇ
445 1433 573 1468 πονηρίᾳ.
603 1433 649 1459 καὶ
677 1433 784 1467 τυχηρὰ
804 1432 889 1459 ταῦτα

101 1481 286 1514 λογισάμενοι,
319 1478 462 1514 κακοήθως
487 1478 711 1512 ὲσυκοφάντησαν
738 1478 787 1513 τὴν
813 1478 889 1504 θείαν

101 1525 261 1558 ἀνάστασιν,
278 1525 326 1560 οὐχ
348 1525 418 1559 ὑπὲρ
434 1523 537 1550 τούτων
562 1523 754 1559 προσηύξατοο
780 1522 820 1549 διὸ
842 1523 888 1549 καὶ

101 1568 175 1598 οὗτοι
190 1572 297 1601 πάντως
315 1570 501 1606 παρεδόθησαν
516 1571 571 1601 τοῖς
584 1569 702 1605 ἐχθροῖς.

141 1618 182 1644 Οὐ
199 1617 253 1652 τὰρ
268 1631 302 1636 -
316 1615 447 1642 ποιοῦσι.
466 1615 512 1650 Τῷ
528 1615 619 1650 φθόνῳ
636 1615 794 1650 μεθύοντες.
809 1616 888 1647 Τινὲς

101 1663 131 1690 δέ
159 1671 251 1698 φασιν·
269 1662 306 1693 ὡς
332 1662 381 1697 οὐχ
408 1661 482 1696 ὑπὲρ
499 1661 553 1687 τῶν
575 1660 722 1693 Ἰουδαίων,
748 1661 803 1687 ἀλλ’
819 1662 888 1696 ὑπὲρ

102 1708 156 1734 τῶν
171 1707 403 1743 ὑπηρετησάντων
418 1708 450 1742 τῇ
470 1705 623 1741 σταυρώσει
638 1706 721 1732 αὑτοῦ
742 1705 888 1741 Ῥωμαίων

104 1753 277 1788 στρατιωτῶν
301 1753 350 1787 τὴν
379 1751 535 1787 προσευχὴν
559 1749 811 1786 ὲποιήσατοοοῦτοι
834 1753 888 1787 γὰρ

103 1799 277 1826 παντάπασιν
296 1798 424 1833 ἠγνόουν,
441 1798 490 1824 ὅσα
506 1797 573 1832 περὶ
586 1797 668 1824 αὑτοῦ
691 1797 889 1834 προπνεφώνη-

105 1853 150 1871 σεν
163 1846 177 1872 ό
193 1845 274 1880 νόμος
290 1845 338 1871 καὶ
354 1844 379 1870 οἱ
395 1844 546 1879 προφῆται.

139 1891 282 1926 Θεὼρησον
314 1890 342 1916 δὲ
368 1889 408 1915 ὅτι
430 1889 517 1915 ὀπίσω
542 1889 591 1922 μὲν
617 1890 739 1921 εἰπόντος
756 1897 764 1906 ν
793 1889 891 1923 ΠάτερΙ

101 1944 171 1970 μου,
188 1937 212 1962 εἰ
226 1936 261 1962 οὐ
276 1934 331 1969 (80)
346 1934 468 1960 δύναται
478 1933 564 1960 τοῦτο
578 1934 611 1960 τὸ
623 1933 767 1968 ποτήριον
778 1936 888 1967 παρελ-

104 1981 167 2008 θεῖν
182 1980 231 2007 ἀπ*
244 1979 329 2014 ἐμοῦ,
350 1977 502 2013 γενηθήτω
517 1977 550 2004 τὸ
565 1977 680 2011 θέλημά
695 1984 769 2004 σου·
787 1977 888 2013 θελητὴ

103 2027 142 2062 τῷ
161 2026 246 2061 Πατρὶ
272 2025 397 2059 φαίνεται
419 2025 435 2059 ἡ
454 2023 546 2058 σφαγὴ
558 2022 604 2049 τοῦ
620 2022 696 2049 Υἱοῦ·
719 2022 838 2050 ἐνταῦθα
860 2024 889 2050 δὲ

106 2072 243 2105 λέγοντος·
273 2068 378 2102 Πάτερ,
407 2068 481 2103 ἄφες
496 2067 609 2101 αὐτοῖς,
633 2067 771 2103 ἀθέλητος·
789 2068 819 2094 οὐ
830 2062 888 2103 Ῠὰρ

105 2117 139 2143 ἂν
156 2114 359 2149 ἐξεμειλίσσετο
381 2113 429 2148 τὴν
444 2113 551 2139 ἐκείνου
573 2112 643 2139 κατὰ
664 2112 719 2138 τῶν
738 2113 889 2147 μιαιφόνων

105 2161 200 2195 ὀργήν.
219 2159 251 2185 Τί
267 2157 314 2185 οὖν
330 2159 404 2185 ἐστιν
421 2158 527 2191 είπεῖνς
556 2158 617 2184 Ὅτι
635 2157 696 2183 καθ’
722 2157 822 2192 ἑαυτὴν
839 2158 888 2193 μὲν

935 244 1114 272 mentissima.

970 336 1048 364 Vers.
1063 337 1109 364 51.
1133 336 1165 364 Si
1191 337 1260 364 enim
1274 351 1310 359 —
1321 336 1366 371 ριι
1378 338 1393 364 Ρ
1413 336 1442 364 Si
1461 337 1488 364 in
1513 345 1566 371 me,
1580 337 1626 372 qui
1641 341 1723 364 vitam

936 381 1024 409 habeo
1040 382 1169 415 divinam,
1186 383 1245 410 haec
1268 383 1372 410 faciunt
1387 382 1501 410 Romani
1523 392 1538 410 a
1553 379 1653 411 Judaei;
1678 392 1724 411 tu-

935 427 1040 462 stigati;
1056 427 1083 454 in
1107 428 1194 458 vobis,
1208 428 1253 463 qui
1271 433 1387 456 mortem
1407 429 1483 456 vobis
1504 437 1535 456 ex
1551 436 1662 464 peccato
1676 437 1724 464 pa—

937 472 1026 504 rastis,
1050 473 1113 507 quid
1134 473 1168 500 ab
1185 473 1239 500 illis
1252 473 1320 500 ﬁet?

972 516 1050 544 Vers.
1077 518 1121 544 52.
1154 516 1326 544 Ducebantur
1353 533 1385 539 -—
1408 517 1486 546 Vers.
1519 519 1565 546 55.
1601 521 1724 552 sinistris.

939 561 1081 590 Matthaeus
1104 563 1155 590 alia
1171 571 1279 598 quoque
1295 563 1405 599 scripsit
1419 572 1426 596 ;
1445 565 1491 591 illa
1505 565 1563 600 lege
1585 571 1613 594 et
1628 575 1723 603 aperte

937 608 970 635 de
990 608 1033 636 his
1061 609 1141 636 etiam
1167 609 1302 638 invenies.
1330 610 1399 637 Nam
1429 611 1455 638 in
1479 611 1624 647 Evangelia
1649 615 1725 649 juxta

939 654 1093 682 tlatthaeum
1125 655 1158 683 de
1189 656 1295 683 Domini
1330 656 1523 685 aﬂlictionibus
1555 659 1629 686 nullo
1654 664 1726 695 prm-

939 701 1076 733 tcrmisso,
1104 708 1209 735 suaque
1236 700 1308 728 serie
1331 708 1452 728 omnium
1473 706 1567 729 exacte
1596 703 1657 730 data
1684 708 1727 730 est

938 744 1140 779 interpretatio.

975 789 1051 817 Vers.
1084 790 1128 816 54.
1160 790 1236 818 Jesus
1267 796 1357 818 autem
1380 807 1414 812 ——
1435 793 1540 819 remitte
1576 793 1638 821 illis.
1673 795 1727 822 Pro

939 836 1147 863 crucilimtribus
1191 837 1294 866 Juda‘is
1328 846 1425 869 orans,
1467 843 1593 872 tanquam
1627 840 1726 873 homo,

938 881 1134 916 compassionis
1178 882 1292 910 formam
1333 884 1493 911 hominibus
1520 885 1728 921 demonstravit,

939 935 1020 962 quam
1041 935 1106 964 erga
1134 928 1194 956 illos
1211 928 1312 957 habere
1329 934 1449 965 oportet.
1466 930 1513 965 qui
1538 931 1611 966 ipsos
1627 932 1727 968 injuria

938 974 1088 1001 allicerent.

977 1020 1172 1048 Dubitavcruut
1187 1027 1278 1049 autem
1304 1022 1426 1057 quidam,
1446 1028 1554 1058 sumpta
1582 1023 1646 1051 hinc
1669 1024 1727 1057 ζορ-

939 1066 1059 1094 easione.
1078 1067 1106 1094 Si
1140 1067 1214 1094 enim
1251 1068 1395 1095 remissum
1426 1074 1483 1096 erat
1511 1069 1551 1097 eis
1574 1074 1727 1104 peccatum,

939 1112 1075 1147 quomodo
1092 1113 1266 1148 postmodum
1286 1114 1418 1141 Romanis
1435 1115 1469 1141 ob
1485 1115 1550 1142 illud
1571 1115 1605 1143 ad
1638 1116 1725 1144 inter-

938 1158 1082 1185 necionem
1105 1158 1195 1185 traditi
1220 1163 1284 1186 sunt.
1303 1159 1430 1192 ?Quibus
1444 1168 1494 1187 nos
1512 1161 1638 1193 dicimus,
1652 1163 1725 1197 quod

939 1211 993 1231 non
1011 1212 1061 1239 pro
1080 1205 1210 1232 omnibus
1228 1206 1349 1240 precatio
1367 1206 1438 1233 facta
1461 1212 1515 1241 est,
1531 1208 1578 1235 sed
1599 1216 1647 1243 pro
1683 1209 1728 1236 his

939 1248 1069 1276 dunxatat
1109 1249 1155 1284 qui
1182 1249 1249 1276 nihil
1293 1249 1358 1276 mali
1390 1250 1520 1285 deinceps
1545 1251 1727 1286 perpetraturi

939 1299 1026 1322 erant.
1048 1294 1100 1327 Qui
1123 1302 1189 1322 vero
1217 1303 1277 1322 cum
1293 1296 1333 1322 sol
1350 1296 1556 1328 obscuraretur,
1574 1302 1603 1323 et
1635 1297 1725 1324 velum

939 1340 1119 1374 scinderetur,
1153 1345 1279 1374 terraque
1320 1345 1546 1373 commoveretur,
1579 1349 1612 1368 ac
1642 1347 1726 1376 petra:

939 1385 1117 1417 ﬁuderentur,
1147 1387 1253 1421 aliaque
1282 1387 1358 1421 signa
1375 1386 1401 1413 in
1443 1387 1642 1414 resurrectione
1667 1389 1726 1422 ejus

939 1431 1047 1464 tierent,
1066 1432 1196 1460 malitiam
1212 1432 1388 1465 addiderunt,
1409 1438 1438 1460 et
1452 1433 1564 1460 fortuita
1583 1433 1640 1460 lnrc
1665 1441 1726 1460 esse

939 1477 1098 1512 cogitantes,
1112 1477 1211 1505 divinae
1224 1478 1416 1505 resurrectioni
1428 1478 1590 1505 calumniam
1607 1478 1726 1513 maligne

940 1525 1121 1548 struxerunt:
1145 1529 1199 1548 non
1228 1528 1276 1556 pro
1308 1521 1349 1548 his
1376 1522 1473 1554 oravit,
1500 1522 1560 1549 ideo
1589 1521 1670 1548 etiam
1699 1521 1727 1548 lii

940 1568 1051 1594 omnino
1069 1567 1158 1594 traditi
1175 1572 1238 1594 sunt
1255 1567 1382 1594 inimicis.

974 1613 1048 1641 νοτ-ε.
1067 1614 1112 1641 54.
1131 1613 1192 1640 Non
1204 1614 1273 1641 enim
1292 1628 1326 1634 -—
1342 1614 1455 1649 faciunt.
1473 1613 1576 1641 Invidia
1602 1614 1729 1642 videlicet

939 1661 1093 1688 temulenti.
1116 1660 1231 1694 Quidam
1249 1668 1313 1688 vero
1329 1661 1434 1694 dicunt,
1447 1665 1520 1696 quod
1545 1669 1599 1689 non
1616 1670 1664 1697 pro
1680 1662 1729 1690 Ju-

938 1706 1018 1739 daeis,
1042 1705 1090 1733 sed
1119 1714 1167 1740 pro
1193 1706 1322 1734 Romanis
1350 1707 1492 1740 militibus,
1522 1708 1567 1742 qui
1589 1708 1616 1735 in
1638 1709 1728 1736 cruci~

939 1751 1037 1778 ﬁxione
1067 1751 1329 1781 subministrabant.
1361 1752 1512 1785 orationem
1552 1753 1666 1786 fecerit;
1700 1752 1728 1780 hi

939 1795 1012 1822 enim
1040 1795 1209 1830 ignorabant,
1236 1803 1297 1830 qua:
1321 1796 1355 1822 de
1380 1796 1441 1830 ipso
1463 1796 1505 1823 lex
1530 1804 1562 1823 ac
1590 1798 1729 1832 propheta:

939 1840 1131 1875 pra-dixerant.

974 1885 1122 1913 Considera
1142 1890 1243 1918 autem,
1266 1885 1337 1920 quod
1347 1885 1464 1913 dicendo
1493 1885 1522 1913 in
1548 1887 1727 1920 praecedenti-

939 1931 991 1959 bus
1014 1941 1019 1958 :
1038 1931 1117 1958 Pnter
1138 1932 1183 1963 mi,
1202 1931 1225 1957 si
1241 1939 1291 1957 non
1306 1935 1388 1964 potest
1405 1932 1452 1957 hoc
1480 1931 1599 1963 poculum
1616 1933 1731 1959 transire

939 1987 955 2005 a
973 1986 1022 2009 me,
1036 1978 1083 2012 fiat
1100 1977 1219 2004 voluntas
1236 1982 1280 2004 tua
1299 1977 1333 2010 ",
1363 1977 1469 2005 videtur
1492 1978 1579 2004 caules
1606 1977 1665 2004 Filii
1682 1985 1728 2005 se-

939 2025 1057 2051 cundum
1075 2024 1162 2051 Patris
1179 2024 1239 2051 ﬁeri
1258 2024 1447 2056 voluntatem;
1467 2032 1539 2051 nunc
1561 2031 1636 2058 vero,
1666 2033 1728 2052 cum

940 2070 1011 2098 dicat
1033 2080 1038 2096 :
1060 2070 1151 2103 Pater,
1177 2071 1280 2096 remitte
1302 2070 1365 2102 illis,
1391 2071 1497 2097 videtur
1526 2076 1620 2097 contra
1654 2071 1728 2098 illius

941 2116 998 2143 ﬁeri
1018 2116 1212 2147 voluntatem;
1234 2122 1323 2149 neque
1355 2115 1427 2141 enim
1455 2115 1522 2142 alias
1547 2115 1614 2142 iram
1641 2116 1729 2150 ipsius

940 2163 1087 2197 mitigaret,
1119 2169 1199 2195 quam
1225 2165 1319 2188 contra
1334 2160 1485 2188 homicidas
1510 2160 1635 2188 habebat.
1653 2161 1726 2193 Quid

106 2208 235 2241 ἁθέλητος
244 2203 288 2241 ἧν,
316 2205 360 2231 διὰ
375 2204 402 2231 δὲ
417 2205 466 2240 τὴν
481 2203 618 2239 ἡμετέραν
631 2204 766 2239 σωτηρίαν
776 2203 886 2239 θελητή.

945 2215 1004 2243 ergo
1020 2207 1164 2234 dicendum
1180 2206 1240 2233 est?
1255 2205 1332 2239 Quod
1355 2207 1381 2233 in
1406 2214 1436 2233 se
1457 2206 1565 2240 quidem
1599 2207 1726 2233 involuu-

108 2252 243 2287 Καθάπερ
259 2251 366 2281 καὶτὰς
382 2250 516 2285 ἀριστέως
531 2249 637 2284 πληγὰς
654 2249 715 2276 καθ’
729 2249 826 2280 ἑαυτὰς
840 2249 890 2284 μὲν

106 2299 196 2334 ἀηδεῖς
216 2297 367 2332 ἡγούμεθα,
384 2296 428 2323 διὰ
443 2295 470 2323 δὲ
493 2295 543 2331 τὴν
564 2295 635 2322 κατὰ
653 2295 708 2322 τῶν
730 2295 833 2330 ἐχθρῶν
845 2296 890 2322 ἀν-

105 2345 207 2380 δραγαο
213 2345 264 2376 ίαν,
281 2343 382 2379 ἡδείας.

142 2483 375 2518 Διαμεριζόμενοι
397 2498 432 2504 -
456 2482 582 2517 θεωρῶν.
614 2482 659 2509 Ἐν
683 2482 721 2518 τῷ
742 2483 891 2519 προδιαλη-

107 2531 202 2566 φθέντι
224 2529 363 2563 κεφαλαίῳ
385 2529 432 2554 τοῦ
461 2530 532 2554 κατὰ
553 2528 693 2555 Ματθαῖον
709 2528 825 2563 ζήτησον
841 2528 890 2563 τὴν

107 2576 237 2610 ἐξήγησιν
254 2574 312 2600 τοῦ-
346 2573 578 2607 Σταυρώσαντες
600 2574 633 2600 δὲ
647 2574 750 2607 αὑτὸν,
767 2574 890 2609 διεμερί-

107 2629 202 2648 σαντο
224 2621 260 2647 τὰ
286 2619 384 2654 ἱμάτια
413 2619 525 2651 αὑτοῦ,
553 2618 723 2652 ,βάλλοντες
752 2619 888 2653 κλῆρον·

109 2667 173 2694 ἔνθα
185 2666 276 2696 λὶσεις
290 2665 484 2700 ἀνεγράφησαν
500 2664 644 2699 χαρίεσσαι
657 2663 712 2700 (8|)
725 2665 889 2700 ζητημάτων

109 2712 267 2746 ἀξιολόγων.
454 2745 458 2751 1

162 2759 184 2774 ⁶¹
198 2757 293 2784 Matth.
308 2764 383 2789 χχχι,
397 2756 442 2784 42.
496 2755 519 2772 ⁸³
534 2755 629 2783 Matth.
643 2763 727 2788 xxvu,
743 2755 787 2783 55.

943 2255 1010 2281 taria
1030 2257 1097 2286 erat,
1116 2256 1226 2288 propter
1253 2257 1374 2279 nostram
1408 2256 1498 2278 tamen
1525 2253 1638 2279 salutem
1669 2259 1728 2280 erat

941 2299 1106 2326 voluntaria.
1123 2297 1355 2331 Quemadmodum
1380 2302 1407 2323 et
1431 2298 1534 2324 strenui
1558 2297 1653 2325 militis
1672 2297 1729 2332 pla—

942 2354 999 2381 gas,
1017 2346 1044 2372 in
1061 2352 1090 2372 se
1107 2344 1293 2372 consideratas
1317 2344 1430 2372 acerbas
1453 2344 1588 2377 ducimus,
1618 2351 1729 2380 propltl'

943 2393 1133 2421 strenuitatem
1147 2397 1238 2420 tamen
1253 2400 1334 2427 quam
1348 2392 1479 2419 adversus
1495 2392 1620 2420 inimicos
1635 2397 1727 2419 osten-

944 2439 995 2470 dit,
1019 2438 1134 2466 dicimus
1147 2445 1207 2465 esse
1222 2445 1330 2465 suaves.

979 2484 1057 2512 νει-ε.
1089 2484 1142 2511 54.
1181 2483 1328 2510 Divideutes
1358 2497 1394 2502 —
1415 2482 1495 2510 \‘ers.
1520 2483 1569 2510 55.
1597 2487 1726 2516 spectans.

944 2530 1075 2558 Prtedicto
1091 2529 1226 2564 Evangelii
1249 2529 1326 2563 juxta
1343 2528 1498 2556 Matthreum
1526 2528 1614 2562 capite
1633 2535 1726 2562 quaere

943 2576 1008 2603 dlt'lI
1034 2576 1107 2602 illius
1122 2574 1373 2609 interpretationem
1396 2583 1403 2600 :
1427 2574 1544 2609 Cumque
1578 2573 1726 2608 cruci/iris-

943 2626 998 2648 sent
1027 2629 1096 2654 eum,
1123 2621 1264 2646 diviserunt
1285 2620 1436 2646 vestimenta
1457 2619 1514 2653 ejus
1540 2623 1635 2645 sortem
1662 2618 1727 2645 mit-

944 2673 1025 2694 tentes
1039 2667 1074 2699 ⁸³,
1104 2667 1150 2694 ubi
1184 2666 1303 2700 pulchra:
1324 2666 1393 2693 datm
1418 2670 1483 2693 sunt
1501 2665 1662 2698 solutiones,
1692 2665 1727 2694 ad

944 2713 1106 2749 ιιιιῑεειῑοιιεε
1122 2720 1182 2747 qua:
1197 2711 1401 2746 responsionem
1418 2716 1570 2739 merentur.

700 2815 797 2847 Varia
824 2815 975 2848 lectiones
990 2819 1020 2847 et
1037 2819 1133 2846 notm.

149 2871 202 2906 (80)
230 2870 266 2897 Οὐ
282 2869 382 2898 omittit
397 2869 426 2898 Β.

984 2866 1039 2902 (8|)
1056 2867 1187 2901 Χαρὶεσαι
1203 2865 1285 2893 codex
1301 2870 1423 2900 uterque.
