1927 3074
105 196 176 227 1149

583 200 773 230 COMMENT.
796 201 835 229 IN
854 201 1041 231 IOANNEM.
1058 213 1091 218 -
1111 202 1190 232 CAP.
1209 202 1250 232 Il.

1660 205 1728 239 1150

136 256 173 282 Τὸ
188 255 226 286 δὲ.
246 256 333 283 Οὔπω
349 256 413 290 ἥκει
426 257 445 290 ὴ
468 255 527 290 ὥρα
540 266 599 292 μου
616 257 684 292 (82),
701 258 747 284 καὶ
768 257 808 289 τὸ,
826 259 884 285 Οὐκ

974 259 1037 286 llaec
1052 263 1140 286 autem
1163 267 1171 286 :
1191 259 1315 286 Nondum
1339 260 1405 287 venit
1421 260 1484 288 hora
1503 269 1582 294 mea;
1605 263 1663 290 Non
1677 273 1726 299 po-

99 301 252 334 ἠδύναντο
272 301 365 327 αὐτὸν
387 301 511 333 πιάσαι,
526 301 570 328 ὅτι
591 302 673 330 οὔπω
699 302 763 335 ἣκει
782 303 800 337 ἡ
828 302 887 336 ὥρα

102 347 207 380 αὑτοῦ,
224 347 271 373 καὶ
303 347 343 377 τὸ,
362 347 466 380 Οὐδείς
489 348 636 374 ἐπέϐαλεν
659 348 706 374 ἐπ’
723 349 816 375 αὑτὸν
835 350 888 382 τὰς

100 392 215 426 χεῖρας,
232 392 275 418 ὅτι
289 393 372 419 οϋπω
387 393 527 425 ἐληλύθει
547 394 565 427 νὴ
582 392 642 426 ὣρα
658 393 762 425 αὐτοῦ,
783 394 830 420 καὶ
846 394 885 426 τὸ,

100 437 207 470 Πάτερ,
219 437 370 469 ἐλήλυθεν
384 439 402 472 ἡ
422 438 491 471 ὥρα,
503 439 550 464 καὶ
563 439 596 464 τὰ
613 439 736 470 τοιαῦτα,
749 439 778 465 οὐ
791 439 886 474 δηλοῦ-

101 491 146 508 σιν
164 483 205 509 ὃτι
223 483 327 517 καιρῶν
342 484 475 517 ἀνάγκαις
492 484 538 510 καὶ
561 483 641 519 ὡρῶν
664 485 887 520 παρατηρήσεσιν

99 528 230 554 ὑπέκειτο
241 536 248 543 ·
262 528 319 560 πῶς
336 529 399 563 γὰρ,
414 530 427 555 ὁ
443 529 544 555 τούτων
557 531 690 564 ποιητήε;
707 529 776 556 ἀλλὰ
801 530 888 556 ταῦτα

99 574 165 608 περὶ
180 574 233 599 τῶν
251 575 441 610 προσηκόντων
454 575 555 610 καιρῶν
569 575 685 611 εἴρηται,
712 577 888 611 ἐμφαίνοντα,

98 619 141 645 ὅτι
167 619 256 645 πάντα
281 620 334 646 ἔδει
361 621 431 647 κατὰ
455 621 534 655 λόγον
567 623 615 649 καὶ
650 623 725 654 τάξιν
752 623 886 656 γίνεσθαι.

99 666 192 693 Εἰπὼν
207 664 265 698 οὖν,
277 669 316 694 ὃτι
333 668 420 694 Οὔπω
433 669 498 702 ἥκει
511 670 529 702 ἡ
542 669 602 703 ὥρα
614 669 672 704 (83)
685 678 755 703 μου,
777 669 888 703 ἐποίησε

98 712 132 738 τι
151 712 253 747 θαῦμα,
270 712 357 747 τιμῶν
385 722 425 745 τε,
438 714 476 745 ὡς
497 714 615 750 εἴρηται,
629 715 678 750 τὴν
703 714 821 749 μητέρα,
839 715 887 740 καὶ

98 756 231 783 δεικνύων
258 757 344 784 ὅτιού
370 758 489 786 δουλεύει
518 761 647 795 καιροῖς,
673 760 742 787 ἀλλὰ
767 759 888 795 κυριεύει

99 810 163 828 τουπ
170 811 216 828 ων.

138 847 270 881 Λέγει-
286 849 442 881 ποιήσατε.
464 851 579 877 Συνεῖσα
592 850 637 876 τὸν
662 850 796 885 τοῦλόγου
828 859 891 876 trito-

99 893 160 925 πον,
191 894 238 920 καὶ
264 894 321 929 (84)
353 895 394 922 ὅτι
418 896 467 921 οὐκ
498 896 649 930 ἀδυναμίας
680 897 696 930 ὴ
726 895 890 930 παραίτησις

99 939 184 969 ἐστιν,
198 939 308 966 ἀλλ’ἵνα
325 941 363 975 μὴ
377 941 442 975 δοκῇ
457 942 513 972 τοῖς
527 941 662 975 θαύμασιν
678 941 826 976 ἐπιπηδᾷν,
838 941 885 967 καὶ

98 983 250 1019 θεατρίζειν
264 986 369 1016 ἑαυτὸν,
388 987 432 1012 καὶ
450 987 491 1012 ὃτι
504 987 533 1012 ον)
549 986 703 1021 παρόψεται
721 987 771 1021 τὴν
784 986 886 1022 ταύτης

100 1030 285 1064 παράκλησιν,
299 1031 361 1062 τοὺς
372 1032 512 1063 διακόνους
525 1032 574 1066 τῆς
588 1032 728 1067 τραπέζης
744 1033 886 1067 εὐτρεπεῖς

101 1075 177 1110 αὐτῷ
191 1077 322 1112 παριστᾷ,
338 1077 439 1112 τρόπον
464 1078 557 1112 ἕτερον
581 1078 628 1103 καὶ
653 1078 752 1109 αὐτοὺς
777 1086 886 1113 συμπα-

99 1121 297 1156 ρακαλοῦντας.

133 1165 235 1195 Ἠσαν
248 1183 283 1187 —
297 1168 385 1202 τρεῖς.
416 1168 521 1202 ’Υδρίαι
536 1168 587 1203 μὲν
607 1168 640 1194 τὰ
654 1168 736 1203 σκεύη
751 1168 797 1195 τοῦ
823 1168 886 1194 ὕδα-

98 1223 152 1246 τος,
179 1215 312 1249 μετρηταὶ
331 1214 359 1240 δὲ
373 1214 406 1240 τὰ
430 1214 527 1249 μέτρα.
545 1214 669 1243 Ἕκειντο
690 1214 719 1240 δὲ
746 1215 814 1248 πρὸς
839 1215 884 1241 τὸν

99 1259 268 1294 καθαρισμὸν
287 1259 340 1285 τῶν
354 1259 499 1292 Ἰουδαίων,
517 1259 702 1294 ὑπηρετοῦσαι
722 1259 828 1290 τούτοις
845 1260 884 1290 εἰς

97 1305 143 1331 τὸν
155 1304 336 1339 καθαρισμὸν,
351 1304 404 1337 ἵνα,
421 1305 518 1330 εἴποτε
532 1305 682 1340 ἀκάθαρτοι
694 1305 827 1338 ἐγένοντο,
846 1305 884 1340 μὴ

99 1350 194 1385 πόρρω
213 1349 346 1384 βαδίζοιεν
365 1351 404 1381 εἰς
417 1351 509 1383 πηγὰς
529 1351 576 1376 καὶ
594 1351 707 1385 κρήνας.

143 1395 231 1431 [(Τοῦ
259 1396 335 1429 ἁγίου
359 1396 414 1431 (85)
443 1396 592 1432 Μαξίμου.)
620 1397 667 1429 ’Ἐξ
704 1398 797 1432 ὑδρίας
828 1398 882 1424 νόει

100 1451 155 1477 μοι,
171 1443 232 1474 τοὺς
249 1442 278 1475 ἒξ
293 1442 410 1476 τρόπους
423 1443 472 1477 τῆς
487 1443 681 1477 ὲλεημοσύνης,
693 1444 738 1469 τὸν
758 1443 804 1469 τοῦ
821 1445 883 1478 τρέ-

99 1496 160 1520 φειν
176 1487 237 1518 τοὺς
252 1488 412 1519 πεινῶντας,
426 1487 471 1513 τὸν
485 1489 530 1513 τοῦ
557 1488 677 1520 ποτίζειν
697 1489 758 1519 τοὺς
785 1488 882 1522 διψῶν-

99 1541 159 1564 τας,
173 1533 218 1559 τὸν
229 1533 275 1559 τοῦ
294 1534 420 1566 συνάγειν
445 1534 507 1565 τοὺς
531 1534 635 1565 ξένους,
660 1534 704 1560 τὸν
732 1535 779 1560 τοῦ
805 1543 882 1569 περι-

939 309 1043 331 luerunt
1072 314 1130 331 eum
1156 306 1359 340 apprehendere,
1386 306 1447 341 quia
1479 308 1593 334 nondum
1621 313 1726 336 venerat

938 351 1003 376 liora
1022 350 1097 383 ejus;
1110 349 1205 376 Nullus
1225 350 1312 384 injecit
1333 351 1358 377 in
1386 359 1444 377 eum
1462 359 1565 382 manus.
1582 354 1643 387 quia
1661 363 1726 380 ηοηι·

939 395 1000 421 dum
1016 400 1121 422 venerat
1133 396 1196 421 hora
1212 396 1288 429 ejus;
1303 395 1393 428 Pater,
1404 397 1470 423 venit
1482 399 1556 429 hora,
1569 398 1675 432 aliaque
1686 399 1723 425 si-

940 440 1024 471 milia,
1042 449 1095 467 non
1117 442 1265 467 ostendunt
1289 442 1360 475 quod
1377 443 1540 469 necessariis
1567 448 1721 476 temporum

941 486 1123 521 horarumqne
1146 487 1384 514 observationibus
1403 489 1543 522 subiaceat
1560 497 1566 515 :
1585 496 1646 515 nam
1668 497 1723 523 quo

940 532 966 559 id
985 537 1064 566 pacto
1089 532 1174 562 ﬁeret.
1196 540 1256 559 cum
1280 533 1376 559 horum
1393 524 1505 560 elfector
1522 534 1556 561 sit
1573 535 1584 561 ?
1604 535 1651 562 sed
1668 535 1724 562 lucc

940 577 973 604 de
1002 577 1221 612 contingentibus
1249 578 1500 612 oppmtunitatibns
1527 579 1598 606 dicta
1635 585 1723 608 sunt:

940 623 1163 655 demonstrantia,
1181 624 1253 658 quod
1271 623 1361 650 omnia
1384 623 1488 650 ratione
1506 632 1536 651 ac
1553 625 1648 651 Ordine
1665 625 1724 652 ﬁeri

940 673 1074 703 oporteat.
1089 668 1157 695 Cum
1175 676 1240 703 ergo
1258 669 1374 695 dixisset
1392 677 1399 695 :
1418 668 1544 696 Nondum
1568 671 1636 697 venit
1658 671 1724 697 hom

941 720 1009 745 mea,
1023 713 1182 739 miraculum
1197 717 1287 740 tamen
1307 717 1434 747 operatus
1445 718 1486 741 est
1501 723 1507 740 ι
1524 719 1551 742 et
1565 720 1679 742 matrem
1694 721 1724 742 ut

940 757 1043 784 dictum
1059 762 1101 784 est
1115 757 1262 788 honoraris,
1277 763 1304 785 et
1312 758 1458 785 ostendens
1471 759 1541 793 quod
1558 760 1725 794 temporibus

940 811 994 830 non
1010 804 1109 830 serviat
1123 808 1170 830 aut
1185 804 1332 838 subjaceat,
1354 804 1401 830 sed
1419 804 1460 831 eis
1479 805 1646 832 dominetur.

975 850 1053 877 Vers.
1068 851 1095 878 5.
1121 851 1189 877 Dicit
1214 864 1250 870 —-
1269 850 1357 884 facite.
1373 849 1440 877 Cum
1458 851 1534 878 verbi
1553 858 1665 885 scopum
1693 859 1725 878 ac

940 898 1075 924 rationem
1103 897 1266 932 intelligeret
1293 905 1299 922 :
1327 897 1453 931 quodque
1478 904 1532 924 non
1558 897 1725 932 impotentia:

940 943 1080 971 excusatio
1094 948 1163 975 erat,
1178 943 1224 970 sed
1241 951 1275 970 ne
1290 942 1431 970 videretur
1446 950 1507 970 sese
1525 942 1663 970 miraculis
1681 943 1725 969 in-

939 995 1042 1023 gerere,
1058 993 1087 1015 et
1103 988 1258 1023 spectaculo
1284 995 1431 1021 exponere,
1452 987 1547 1014 Matris
1571 987 1607 1023 (q)
1633 992 1723 1014 autem

938 1034 1157 1060 exhortationem
1177 1041 1231 1060 non
1251 1033 1429 1068 despiceret:
1454 1041 1556 1060 menste
1584 1033 1724 1060 ministros

937 1079 1066 1106 admonet
1082 1084 1109 1106 ut
1119 1080 1168 1106 sibi
1181 1080 1270 1106 adsint
1285 1085 1312 1107 et
1326 1080 1376 1115 ipsi
1386 1087 1493 1114 quoque
1504 1079 1558 1106 alio
1572 1080 1650 1106 modo
1661 1086 1722 1106 cum

936 1132 967 1152 ea
982 1126 1175 1159 deprecentur.

971 1170 1049 1197 Vers.
1083 1171 1110 1197 6.
1139 1169 1224 1196 Erant
1249 1185 1283 1190 —
1309 1174 1408 1197 ternas.
1433 1169 1540 1205 Hydriae
1570 1177 1634 1196 vasa
1659 1173 1723 1197 sunt

935 1221 1011 1247 aqum
1027 1221 1035 1241 ε
1051 1218 1172 1240 metreta‘.
1198 1222 1262 1240 vero
1276 1221 1420 1240 mensurae.
1435 1214 1615 1240 Erantautem
1628 1214 1722 1248 positae

935 1259 1086 1286 secundum
1102 1259 1321 1293 puriﬁcationem
1336 1259 1504 1292 ludat-orum,
1516 1259 1540 1285 id
1554 1264 1606 1291 est,
1621 1262 1721 1293 param

935 1305 967 1331 ad
985 1312 1078 1331 eorum
1094 1304 1323 1339 puriﬁcationem,
1346 1308 1376 1331 ut
1402 1304 1423 1330 si
1440 1305 1484 1339 qui
1506 1304 1575 1331 forte
1589 1303 1721 1331 immundi

935 1348 1125 1379 redderentur.
1153 1356 1207 1375 non
1234 1349 1314 1384 longe
1338 1349 1459 1376 cundum
1475 1353 1546 1375 essm
1569 1349 1602 1375 ad
1621 1347 1721 1375 fontes.

968 1394 1009 1429 -Η-
1022 1393 1113 1421 Sancti
1125 1394 1242 1421 Maximi.
1255 1395 1307 1421 Sex
1322 1395 1429 1430 ltydrias
1443 1394 1562 1428 intellige
1579 1394 1642 1420 mihi
1674 1401 1721 1421 sex

934 1440 1028 1466 modos
1037 1439 1095 1466 illos
1104 1439 1290 1474 eleemosynte,
1302 1439 1374 1466 alere
1384 1440 1544 1470 esurientes,
1555 1443 1646 1473 potmn
1657 1439 1721 1466 dare

933 1485 1098 1516 sitientibus,
1117 1486 1227 1512 domum
1240 1485 1340 1512 ducere
1352 1485 1485 1520 hospites,
1508 1485 1606 1512 vestire
1621 1484 1720 1515 nudos,

932 1532 1021 1557 v's=:re
1041 1535 1165 1565 mgrotos,
1188 1530 1279 1557 venire
1295 1530 1328 1556 ad
1337 1537 1385 1557 eos
1409 1530 1454 1564 qui
1480 1529 1586 1556 suntin
1602 1529 1720 1556 carceri—

100 1579 205 1605 ϐάλλειν
218 1579 278 1609 τοὺς
295 1580 426 1613 γυμνοὺς,
447 1579 492 1604 τὸν
510 1579 557 1605 τοῦ
579 1580 792 1606 ἐπισκέπτεσθαι
819 1581 882 1612 τοὺς

939 1585 992 1603 ous.
1013 1577 1066 1604 llas
1079 1577 1186 1612 hydrias
1197 1584 1271 1611 ergo,
1285 1577 1445 1603 vacuassuis
1454 1576 1589 1610 operibus,
1598 1576 1666 1610 quod
1678 1583 1722 1602 re-

99 1623 289 1656 ἁσοενοῦντας,
316 1624 360 1650 τὸν
381 1623 426 1650 τοῦ
454 1623 581 1659 ἔρχεσθαι
610 1625 677 1659 πρὸς
694 1625 756 1656 τοὺς
784 1627 812 1651 ὲν
836 1634 883 1659 ιρυ-

100 1670 179 1703 λακῇ.
206 1668 312 1699 Ταύτας
338 1667 384 1695 οὖν
409 1669 458 1700 τὰς
483 1669 594 1703 ὑδρίας,
624 1670 703 1700 κενὰς
727 1669 808 1700 οὔσας
831 1670 885 1696 τῶν

99 1713 204 1740 οἰκείων
215 1713 369 1748 ἐνεργειῶν,
380 1714 423 1740 διὰ
434 1714 463 1740 τὸ
474 1713 594 1749 ψυγῆναι
606 1714 654 1747 τὴν
665 1715 774 1749 ἀγάπην
786 1712 883 1750 ἀφ’ἦς,

100 1759 136 1790 ὼς
147 1759 200 1785 ἀπὸ
215 1760 315 1794 πηγῆς,
337 1760 516 1795 ἐπληροῦντο,
541 1761 761 1795 παραγενόμενος
783 1761 797 1786 ὁ
814 1761 885 1791 θεῖος

101 1805 176 1839 λόγος
193 1799 248 1841 (536)
266 1806 320 1832 τῶν
346 1806 531 1840 εὐαγγελικῶν
557 1806 682 1837 ἐντολῶν,
706 1807 813 1842 πρῶτον
837 1806 886 1841 μὲν

99 1850 256 1885 ὶπλήρωσεν
271 1851 455 1884 ὕδατος,λέγω
463 1852 495 1886 δὴ
506 1852 554 1886 τῆς
570 1852 626 1886 (87)
641 1852 799 1887 σωματικῆς
811 1854 887 1887 ἐνερ-

100 1896 235 1930 γουμένης
257 1896 391 1927 εὐποιίας,
415 1895 474 1922 εἶτα
494 1896 623 1930 μετέϐαλε
649 1896 751 1931 ταύτην
775 1898 814 1928 είς
838 1897 886 1932 τὴν

98 1941 290 1975 πνευματικῶς
305 1941 528 1975 ἐπιτελουμένην,
541 1941 579 1972 ὡς
603 1941 643 1972 είς
666 1939 748 1973 οἶνον,
770 1941 886 1975 θερμαι-

101 1995 202 2014 νουσαν
220 1987 269 2022 μὲν
281 1987 330 2021 τὴν
344 1987 445 2021 ψυχὴν,
467 1987 667 2022 εὖφραὶνουσαν
683 1987 712 2013 δὲ
742 1988 787 2014 τὸν
811 1986 883 2018 νοῦν.

97 2032 245 2064 ἐξιστῶσαν
256 2032 284 2058 δὲ
293 2032 354 2063 τοὺς
363 2031 434 2058 οὕτω
449 2031 682 2066 θεραπευομένους
691 2033 740 2067 τῆς
751 2032 885 2068 προτέρας

96 2077 251 2108 διαθέσεως.
275 2076 393 2111 Ἑκάστη
409 2077 437 2103 δὲ
456 2077 533 2111 ὑδρία
561 2078 702 2112 χωρητική
730 2079 788 2104 ἔστι
809 2077 884 2112 δύοῆ

96 2123 180 2157 τριῶν
193 2122 345 2157 μετρητῶν,
371 2122 418 2149 δύο
429 2123 488 2157 μὲν,
501 2122 543 2149 διὰ
556 2124 586 2149 τὸ
596 2123 705 2150 διπλοῦν
719 2124 756 2155 ὡς
769 2123 884 2158 εἴρηται,

96 2170 145 2203 τῆς
167 2168 228 2195 καθ’
246 2168 361 2195 ἕκαστον
382 2169 481 2203 τρόπον
507 2169 640 2202 εὐποιίας,
658 2170 689 2196 οὺ
719 2169 799 2204 μόνον
828 2169 884 2204 (88)

99 2217 269 2250 σωματικῆς,
289 2216 356 2243 ἀλλὰ
377 2218 423 2243 καὶ
445 2216 635 2251 πνευματικῆς
656 2216 884 2251 λαμϐανομένης·

935 1623 1048 1651 frixerat
1062 1631 1149 1656 amor,
1159 1630 1173 1649 a
1189 1630 1254 1657 quo,
1267 1627 1394 1657 tanquam
1409 1630 1423 1648 a
1436 1622 1510 1649 fonte
1524 1621 1719 1656 implebantur,

935 1677 1025 1696 sermo
1044 1669 1154 1696 divinus
1175 1673 1374 1703 prmceptorum
1395 1667 1611 1702 evangelicorum
1626 1667 1653 1693 in
1671 1667 1721 1693 ad-

935 1717 1018 1739 ventu
1031 1720 1080 1740 suo
1093 1713 1183 1747 primo
1201 1712 1314 1746 replevit
1332 1720 1411 1746 aqua,
1426 1712 1451 1738 id
1469 1716 1520 1743 est,
1538 1711 1719 1738 beneﬁcentia

936 1757 1112 1791 corporaliter
1132 1762 1275 1791 operante.
1303 1757 1349 1783 sed
1380 1757 1496 1783 mutavit
1522 1764 1582 1783 eam
1606 1757 1633 1783 in
1659 1764 1719 1783 eam

936 1811 996 1837 quae
1016 1803 1045 1829 ﬁt
1074 1803 1261 1837 spiritualiter,
1282 1805 1409 1836 tanquam
1441 1802 1468 1828 in
1495 1802 1598 1834 vinutn,
1620 1801 1721 1828 calefa-

936 1848 1053 1875 cientem
1068 1848 1177 1882 quidem
1194 1848 1326 1879 animum,
1343 1847 1463 1874 suaviter
1485 1851 1575 1873 autem
1597 1846 1718 1874 allicien-

936 1898 991 1921 tem
1003 1893 1181 1925 intellectum,
1195 1897 1277 1926 atque
1294 1892 1330 1918 ita
1345 1896 1454 1919 curatos
1468 1899 1500 1919 ex
1515 1891 1595 1926 priori
1608 1892 1720 1919 transfe-

936 1943 1040 1966 rentem
1062 1938 1157 1966 habitu
1175 1944 1203 1966 et
1220 1938 1385 1966 conditione.
1402 1937 1533 1970 Quaelibet
1544 1945 1608 1964 vero
1623 1937 1717 1972 hydria

935 1985 1005 2018 capit
1016 1984 1083 2012 duas
1096 1989 1142 2011 aut
1156 1989 1210 2012 tres
1225 1987 1364 2016 metretas,
1379 1983 1450 2010 duas
1470 1982 1592 2017 quidem,
1607 1988 1718 2017 propter

935 2030 1082 2064 duplicem.
1111 2034 1141 2057 ut
1166 2029 1270 2057 dictum
1294 2033 1347 2061 est,
1374 2028 1543 2062 singulorum
1575 2028 1716 2055 modorum

935 2074 1153 2106 beneﬁcentiam,
1167 2081 1227 2108 quia:
1239 2082 1295 2101 non
1309 2073 1484 2108 corporaliter
1501 2078 1616 2103 tantum.
1631 2073 1679 2100 sed
1690 2078 1718 2100 et

936 2120 1114 2155 spiritualiter
1134 2120 1267 2154 accipitur
1284 2127 1292 2152 ;
1317 2123 1373 2146 tres
1400 2126 1476 2150 vero,
1496 2119 1558 2153 quia
1581 2119 1717 2145 interdum

936 2167 1083 2194 secundum
1095 2170 1196 2194 sanctae
1209 2165 1350 2192 Trinitatis
1362 2165 1524 2200 theologiam
1539 2164 1716 2192 beneﬁcentia

936 2213 1089 2241 exhibetur.
1119 2212 1253 2240 llauriunt
1278 2216 1368 2239 autem
1394 2212 1493 2239 dictam
1521 2219 1616 2246 aquam
1639 2211 1718 2238 bonae

97 2261 181 2295 τριῶν
194 2261 232 2293 δὲ,
248 2262 292 2287 διὰ
307 2262 337 2288 τὸ
353 2262 423 2288 κατὰ
436 2262 484 2297 τὴν
497 2262 546 2297 τῆς
572 2262 653 2296 ἁγίας
683 2261 797 2296 Τριάδος
824 2261 884 2287 θεον

939 2259 1120 2294 cogitationes,
1141 2266 1200 2293 quze
1221 2258 1318 2286 rationi
1334 2258 1466 2286 serviunt.
1487 2257 1564 2290 Quod
1578 2257 1670 2284 vinum
1688 2261 1717 2284 ttt

150 2366 173 2381 ³³
186 2366 265 2393 Joan.
295 2374 340 2398 vn,
357 2367 403 2396 20.
460 2367 482 2382 ³⁸
497 2367 577 2394 Joan.
598 2375 644 2398 vn,
656 2367 700 2394 50.

769 2366 791 2382 ³⁸
805 2366 885 2394 Joan.
900 2374 967 2398 xvn,
982 2366 1007 2393 ί.

681 2458 781 2489 Varia;
802 2457 959 2489 lectiones
979 2459 1010 2488 et
1026 2459 1120 2487 notua.

131 2553 186 2586 (8'2)
202 2554 253 2581 llic
264 2559 320 2580 trcs
333 2553 384 2580 loci
401 2553 506 2587 repetiti
520 2557 584 2580 sunt
598 2561 630 2581 ex
652 2554 795 2589 Clnrysost.
812 2557 879 2580 tom.

97 2589 161 2619 Vlll.
179 2596 204 2622 p.
223 2589 274 2616 ΡΞΞί
289 2589 320 2614 Λ.
337 2589 406 2622 Ergo
420 2590 537 2616 varietas
557 2596 610 2615 non
627 2588 760 2624 urgenda.

129 2623 184 2655 (83)
201 2625 260 2650 MOU
278 2625 355 2650 abest
380 2625 412 2650 A.

130 2659 185 2687 (Rt)
201 2659 254 2685 Καί
270 2658 371 2684 omittit
389 2658 424 2684 A.

130 2693 184 2727 (85)
203 2693 407 2720 Inclusacodcx
451 2697 565 2727 uterque
598 2691 679 2719 habet
696 2692 721 2718 in
742 2693 876 2724 margine.

94 2727 182 2754 Codex
203 2729 221 2753 Α
253 2728 353 2755 omittit
367 2727 449 2754 ctiam
463 2727 593 2759 indicem,
625 2727 673 2753 τοῦ
697 2728 776 2761 ἁγίου
791 2728 878 2760 Μαξί-

98 2772 159 2797 μου.
181 2763 331 2790 llcntcnius
350 2763 391 2789 Itis
403 2767 486 2789 caret.

134 2797 189 2832 (λϐ)
203 2798 297 2825 Dubia:
313 2802 378 2824 sunt
393 2798 419 2823 in
433 2798 476 2825 his
501 2797 691 2832 mnigmatibus
704 2797 875 2832 conjecturae.

929 2553 1017 2580 Possit
1031 2558 1120 2580 tamen
1135 2553 1231 2588 aliquis
1252 2552 1398 2586 conjicere,
1426 2550 1561 2588 tollendas
1584 2557 1645 2588 esse
1661 2558 1717 2588 Δνο-

930 2596 985 2616 ces.
1002 2589 1056 2614 τῶν
1068 2583 1257 2622 εὐαγγελικῶν
1269 2583 1447 2622 ἐντολῶνηιιι
1463 2587 1510 2618 ita,
1528 2586 1605 2622 sicut
1616 2585 1643 2611 in
1658 2583 1716 2612 fine

931 2624 1039 2654 scholii.
1056 2624 1090 2650 de
1098 2620 1207 2650 Christo
1223 2622 1381 2656 accipiatur.
1397 2621 1450 2648 Sed
1469 2622 1494 2647 in
1506 2655 1509 2656 ν
1523 2620 1640 2656 scholio
1651 2627 1716 2656 pro-

930 2659 1003 2685 ximo
1015 2658 1041 2684 in
1073 2659 1126 2687 ﬁne
1141 2665 1235 2684 rursus
1248 2654 1291 2684 est
1305 2656 1440 2687 similiter,
1463 2655 1510 2682 τοῦ
1530 2655 1609 2681 Θείου
1634 2654 1714 2688 λόγου

931 2693 977 2719 τοῦ
996 2693 1175 2727 εὐαγγελικοῦ
1193 2692 1381 2726 κηρύγματος.

967 2728 1021 2760 (87)
1035 2728 1122 2755 Malim
1148 2727 1322 2761 σωματικῶς.

967 2758 1022 2797 (88)
1040 2763 1126 2790 Etiam
1142 2758 1194 2789 hic'
1214 2760 1411 2797 praeferendum
1431 2760 1540 2787 videtur
1553 2758 1715 2795 σωματικῶς

933 2803 959 2825 et
990 2798 1196 2833 πνευματικῶς.

130 2876 165 2910 (tn
181 2875 363 2907 Matrisjctc.
397 2875 526 2909 Quodque
551 2875 761 2902 admonitionem
785 2883 862 2902 suam
891 2883 943 2902 non
974 2880 1046 2903 esset
1068 2875 1253 2910 neglecturus,
1282 2881 1383 2901 mensae
1408 2873 1557 2901 ministros.
1579 2871 1651 2900 Loco
1664 2870 1716 2906 τὴν

95 2911 206 2945 ταύτης,
221 2912 362 2946 legendum
377 2911 483 2938 videtur
494 2915 540 2937 aut
553 2910 602 2945 τὴν
614 2911 697 2944 αὐτῆς
717 2916 761 2937 aut
777 2911 826 2944 τὴν
842 2919 881 2936 τοι

939 2919 981 2946 Trl-
