1927 3074
221 101 289 133 1155

830 96 1003 126 EUTHYMI
1011 96 1030 142 [Χ
1042 95 1126 125 ZlGA
1133 93 1220 124 BENI

1774 91 1842 123 1166

258 158 334 185 Vers.
355 157 399 184 12.
426 156 580 183 Posthwc—
601 154 701 181 diebus.
735 151 882 180 Descendit
906 153 1006 187 Caper-

1094 152 1173 179 Μετὰ
1185 151 1272 178 τοῦτο
1283 164 1317 170 -——
1330 148 1452 184 ἡμέρας.
1466 148 1575 183 Κατέὸη
1589 149 1628 180 εἰς
1646 150 1842 185 Καπερναοῡμι

219 212 314 236 naum,
330 209 358 230 ut
376 203 519 238 quiescere
535 201 638 228 faceret
654 200 689 226 ibi
704 199 826 226 Matrem.
843 198 950 225 Fratres
965 198 1005 225 sui

222 255 322 281 autem,
339 249 408 283 lege.
423 256 476 274 non
494 252 600 278 natura,
626 246 674 272 iilii
697 245 825 272 videlicet
839 243 938 279 Joseph
960 244 1005 278 qui

219 293 277 329 lege
289 300 315 321 et
329 302 383 321 non
405 298 501 320 natura
519 298 596 327 pater
610 291 681 318 illius
695 296 765 318 erat.

393 349 468 376 CAP.
487 349 520 377 II.
537 350 575 376 De
596 349 683 384 eiectis
695 357 708 375 ε
725 349 831 383 ιεηιρίο.

257 395 332 422 Vers.
358 396 398 422 15.
415 394 449 421 Ει
466 403 547 430 prope
559 410 593 414 —
606 395 684 421 Vere.
697 394 740 421 15.
762 393 898 420 subvertit.
927 392 1009 419 Simi-

221 442 254 468 lia
274 448 382 475 quoque
397 440 506 475 seripsit
533 440 674 466 Mattlneus
690 439 716 465 in
733 438 786 465 line
809 437 1007 473 quadragesimi

219 487 307 520 quinti
325 485 421 519 capitis
431 485 471 517 ἐς
494 489 522 511 et
536 485 643 511 illorum
654 484 713 518 lege
724 484 937 515 enarrationem,
948 483 1009 517 plu-

222 533 321 559 rituum
336 532 370 558 ad
382 532 441 558 hmc
459 531 656 558 eonlercntem.

260 620 453 655 Κερματισταὶ
467 625 558 647 autem
571 619 680 655 proprie
695 619 823 647 dicuntur
844 623 1009 653 permutato—

226 674 281 699 res,
300 674 368 700 quos
391 666 533 693 ltlatthaeus
562 666 742 697 κολλυϐιστὰς
768 665 932 696 nominavit,
959 665 1010 692 hoc

224 715 266 737 est
279 711 491 737 nummularios.
508 710 540 737 Et
555 710 626 737 sicut
649 709 778 740 κόλλυὸος
790 710 886 737 obolus
900 714 951 742 est,
963 710 1009 744 qui

223 763 273 790 pro
289 756 489 789 permutatione
504 761 620 782 monetze
631 755 722 787 datur,
744 755 771 782 id
788 759 841 787 est,
865 755 907 790 (ut
932 754 1010 790 vulgo

223 802 334 837 dicitur)
348 802 477 828 cambium
490 810 500 828 :
516 801 557 829 sic
571 806 598 829 et
617 802 707 836 κέρμα
722 801 865 837 congeries
878 805 920 829 est
943 801 1011 828 obo-

223 846 323 878 lorum,
335 851 382 873 aut
399 847 564 873 minutorqu
582 854 755 873 nummorum
771 846 871 880 quibus
892 847 923 872 tit
950 853 1012 881 per-

224 893 351 920 mutatio.
368 892 503 920 Praeterea
538 892 701 927 φραγέλλιον
729 899 814 927 genus
824 895 866 919 est
897 891 1011 926 ﬂagelli;

224 945 284 966 erat
308 944 397 966 autem
420 943 577 965 contextum
591 947 597 965 :
611 946 673 965 nam
688 942 716 964 et
737 945 832 964 eorum
856 938 903 972 qui
928 937 1011 971 ejecti

226 989 300 1015 sunt,
314 985 486 1011 conversatio
500 989 624 1012 contexta
637 989 695 1011 erat
724 984 848 1011 absurdis
866 984 955 1011 verbis
982 992 1015 1010 ac

226 1031 356 1065 operibus
375 1039 382 1057 :
403 1035 430 1058 et
451 1039 557 1059 rursum
587 1031 721 1065 ejicientis
746 1030 919 1058 conversatio
947 1038 1012 1057 con-

228 1080 300 1103 texta
317 1081 376 1103 erat
399 1084 431 1103 ex
445 1077 699 1111 supernaturalibus
712 1077 801 1103 verbis
816 1084 847 1103 ac
873 1076 1013 1110 operibus,

229 1122 286 1149 sive
311 1122 392 1148 rebus
422 1122 522 1149 divinis
539 1128 567 1149 et
597 1122 733 1148 humanis.
749 1120 824 1156 Opus
844 1121 935 1156 itaque
949 1128 1015 1155 ope-

230 1173 304 1194 ratus
317 1172 357 1194 est
369 1168 451 1194 multa
461 1168 570 1202 plenum
585 1168 755 1195 auctoritate.
773 1168 840 1194 Nam
863 1168 926 1202 quia
945 1167 1013 1193 Sab-

229 1213 293 1240 bnto
319 1217 465 1239 curaturus
495 1217 564 1244 erat,
590 1212 728 1246 multaque
755 1212 854 1238 similia
881 1211 1012 1242 facturus,

228 1267 288 1293 qua:
302 1258 402 1286 Judazis
414 1259 480 1294 legis
507 1260 671 1293 trangressio
695 1258 858 1285 videbantur
877 1267 883 1285 :
905 1266 940 1285 ne
957 1258 1015 1284 haec

232 1309 361 1338 tanquam
396 1303 450 1330 Deo
479 1304 634 1330 contrarius
661 1303 751 1331 facere
778 1304 929 1336 videretur,
951 1303 1015 1330 hinc

233 1350 349 1384 primum
380 1349 535 1384 hujusmodi
551 1349 642 1376 aufert
654 1349 849 1384 suspicionem.
869 1349 919 1382 Qui
943 1349 1015 1376 enim

233 1401 337 1422 tantum
351 1395 438 1422 zelum
458 1403 520 1429 erga
541 1395 650 1422 domum
667 1395 713 1422 Dei
724 1395 933 1427 demonstravit,
958 1399 1016 1421 tan-

234 1447 314 1477 taque
341 1442 514 1468 vehementia
536 1449 568 1468 ac
599 1442 786 1477 indignatione
805 1446 916 1476 propter
945 1441 1016 1468 hanc

234 1495 299 1514 usus
317 1492 370 1519 est,
388 1492 418 1514 ut
432 1487 498 1514 nulli
519 1486 629 1514 omnino
657 1491 791 1520 parceret,
819 1487 868 1514 sed
896 1486 1014 1520 seipsum
1030 1497 1051 1525 ο

234 1535 261 1560 in
292 1533 443 1568 periculum
481 1533 641 1567 conjiceret,
661 1538 690 1559 et
706 1538 763 1559 tum
781 1539 920 1567 caupones
942 1532 1016 1564 illus,

235 1586 290 1606 tum
306 1580 375 1606 Juda
385 1587 416 1606 os
441 1579 467 1606 id
499 1579 565 1613 ipsis
597 1579 784 1613 permittentes
808 1578 833 1604 in
849 1586 878 1605 se
898 1579 1015 1609 exacuit,

233 1625 323 1651 omnia
335 1624 469 1651 sustinere
480 1628 589 1658 paratus
603 1632 650 1658 pro
677 1624 781 1650 honore
798 1624 900 1658 templi,
916 1631 1018 1658 nequa-

232 1678 313 1705 quam
326 1675 416 1704 ροεδθι
429 1670 532 1704 templi.
553 1670 667 1696 Domino
680 1677 740 1697 esse
757 1671 921 1698 contrarius.

271 1715 346 1742 Vt-rs.
375 1716 417 1742 lti.
435 1715 513 1742 Et—
535 1716 727 1750 negotiationis.
741 1715 782 1751 -ξ-ῒ
798 1716 910 1742 Domum
937 1723 1020 1750 nego-

236 1763 357 1788 ιὶ.ιιὶυιιὶε
373 1762 478 1788 faciunt
505 1762 615 1789 domum
640 1761 697 1794 Dei,
715 1767 742 1789 et
772 1762 911 1789 columbas
934 1762 960 1788 in
987 1769 1018 1789 ea

237 1810 356 1834 vendunt
371 1810 452 1834 etiam
468 1807 484 1834 ii
503 1808 548 1842 qui
566 1808 718 1834 sacerdotia
746 1812 773 1834 et
791 1816 903 1835 munera
934 1808 1020 1835 eccle-

235 1855 343 1881 siastica
372 1855 477 1882 venalia
501 1859 642 1889 exponunt
671 1859 714 1886 (ac
728 1855 825 1889 quovis
848 1855 947 1889 pretio.
965 1855 1020 1881 imo

235 1909 302 1927 vero
317 1901 456 1927 interdum
473 1901 555 1927 etiam
568 1901 659 1927 addita
678 1908 706 1927 re
724 1901 824 1927 nullius
839 1901 928 1934 pretii,
938 1900 1020 1927 veluti

235 1946 332 1972 ancilla
370 1951 415 1973 aut
446 1951 549 1978 scorto,
583 1946 761 1980 extrudunt);
782 1945 918 1972 Columba:
949 1946 1021 1972 enim

235 1993 442 2020 similitudinem
485 1993 567 2019 habet
594 1992 679 2027 gratia
709 1992 828 2026 Spiritus
850 1992 946 2024 sancti,
976 1991 1022 2026 qui

235 2037 322 2064 forma
340 2038 471 2065 cnlurnba:
486 2039 622 2073 apparuit.
639 2037 723 2065 Iidem
743 2042 808 2064 sunt
820 2037 902 2064 etiam
921 2044 1022 2071 caupo-

237 2091 287 2110 nes
315 2091 403 2110 rerum
425 2083 592 2116 divinarum,
619 2088 804 2118 cauponantes
832 2091 944 2118 ea,qua:
975 2082 1023 2109 Dei

237 2136 311 2164 sunt,
347 2132 433 2167 turpis
449 2132 516 2159 lucri
529 2140 621 2160 causa.
655 2132 707 2160 Ista
722 2137 814 2159 autem
844 2140 852 2160 :

237 2177 404 2213 signiﬁcant.

1059 198 1102 224 ἵνα
1127 196 1299 230 διαναπαύσῃ
1324 194 1373 229 τὴν
1402 194 1527 228 Μητέρα.
1548 193 1671 227 Ἀδελφοὶ
1697 194 1725 220 δὲ
1760 194 1842 221 αὑτοῦ

1058 244 1132 278 νόμῳ
1144 243 1190 268 καὶ
1207 241 1238 268 οὺ
1256 241 1337 276 φύσει
1368 240 1393 265 οί
1415 239 1468 265 υἱοὶ
1483 237 1593 273 Ἰωσὴφ,
1605 238 1651 265 τοῦ
1666 239 1739 275 νόμῳ
1755 241 1801 266 καὶ
1813 241 1842 267 οὗ

1059 289 1140 324 φύσει
1154 289 1258 323 πατρὸς
1275 287 1370 314 αὐτοῦ.

1094 344 1172 369 ΚΕΦ.
1185 343 1222 370 B'.
1235 344 1304 377 Περὶ
1318 343 1377 369 τῶν
1387 344 1596 377 ἐκϐληθέντων
1607 345 1641 371 ἐκ
1656 343 1708 370 τοῦ
1719 344 1810 377 ἱεροῦ.

1094 389 1148 416 Kal
1182 389 1270 423 ἐγγὺς
1301 405 1336 410 --
1356 389 1534 423 ἀνέστρεψε.
1576 389 1758 424 Παραπλήσια
1791 389 1843 423 (97)

1060 437 1106 462 καὶ
1128 438 1140 462 ὁ
1154 436 1295 467 Ματοαῖος
1313 436 1456 470 ἱστόρησεν
1473 436 1502 461 ἐν
1529 434 1567 470 τῷ
1589 436 1664 461 τέλει
1681 435 1728 461 τοῦ
1748 443 1844 461 τεσσα-

1060 482 1195 519 ρακοστοῦ
1209 482 1336 516 πέμπτου
1356 481 1504 515 κεφαλαίου
1523 480 1616 513 αὑτοῦ,
1639 482 1686 507 καὶ
1708 480 1842 514 ἀνάγνωθι

1059 529 1108 564 τὴν
1119 520 1236 554 ’ἐκείνων
1255 528 1397 563 ἐξήγησιν,
1417 527 1522 562 μεγάλα
1538 528 1584 554 καὶ
1605 527 1673 561 πρὸς
1683 526 1769 552 ταῦτα
1781 535 1833 561 συμ

1060 575 1237 610 ϐαλλομένην.

1096 621 1286 655 Κερματισταὶ
1302 620 1330 646 δὲ
1356 621 1381 647 οἱ
1398 621 1595 652 καταλλάκται,
1609 620 1657 651 οὓς
1681 621 1694 646 ὁ
1708 619 1845 650 Ματθαῖος

1060 666 1241 697 κολλυϐιστὰς
1256 666 1409 701 ὠνόμασεν.
1433 667 1539 701 Ὠσπερ
1558 667 1587 693 δὲ
1602 666 1742 697 κόλλυεος,
1755 666 1770 690 ὁ
1783 664 1844 691 ὁσο-

1061 713 1116 745 me,
1131 712 1203 738 οὕτω
1221 713 1269 739 καὶ
1285 713 1387 748 κέρμα,
1403 714 1419 748 ὴ
1445 713 1546 747 σωρεία
1562 712 1616 739 τῶν
1631 720 1660 738 τε
1675 705 1778 738 όὸολῶν
1801 712 1846 737 καὶ

1061 759 1115 785 τῶν
1132 758 1398 793 καταλλασσομένων
1422 758 1539 785 λεπτῶν.
1564 757 1731 793 Φραγέλλιον
1747 757 1805 791 (98)
1821 758 1846 783 δέ

1063 804 1137 830 ἐστιν
1156 801 1226 835 εἶδος
1246 803 1389 837 μάστιγος.
1406 801 1526 829 Πλεκτὺν
1544 802 1574 828 δὲ
1597 799 1642 836 ἦν,
1654 802 1694 828 ὅτι
1709 802 1757 827 καὶ
1772 801 1789 836 ἡ
1804 809 1846 826 που

1064 849 1152 876 λιτεία
1176 849 1230 875 τῶν
1249 848 1479 883 ἀπελαυνομένων
1504 847 1679 882 πεπλεγμένη
1700 845 1733 882 ἦν
1747 848 1776 880 ἐξ
1791 848 1844 874 ἀτό-

1064 904 1123 922 πων
1151 895 1239 929 λόγων
1256 895 1304 921 καὶ
1321 895 1459 929 πράξεων,
1475 894 1522 921 καὶ
1536 894 1552 929 ἡ
1570 894 1694 920 πολιτεία
1713 893 1763 920 τοῦ
1781 894 1848 920 ἀπε-

1064 940 1207 972 λαύνοντος
1233 939 1410 974 πεπλεγμένη
1437 939 1518 966 πάλιν
1545 938 1576 971 ἐξ
1595 938 1743 973 ὑπερφυῶν
1763 938 1848 972 λόγων

1065 988 1113 1014 καὶ
1128 987 1266 1021 πράξεων,
1279 986 1328 1012 καὶ
1339 987 1370 1011 ἐκ
1381 985 1460 1012 Θείων
1472 985 1519 1011 καὶ
1530 985 1721 1020 ἀνθρωπίνων.
1732 985 1849 1020 Πρᾶγμα

1065 1031 1110 1060 οὖν
1126 1033 1238 1064 ἐποίησε
1263 1032 1364 1066 πολλῆς
1387 1032 1529 1062 αὐθεντίας
1546 1032 1642 1066 γέμον.
1658 1031 1772 1065 Ἐπειδὴ
1798 1032 1849 1065 γὰρ

1065 1079 1177 1114 ἔμελλεν
1192 1079 1220 1104 ἐν
1235 1078 1365 1112 Σαῦὕάτῳ
1381 1077 1556 1112 θεραπεύειν,
1577 1078 1625 1103 κα).
1641 1076 1725 1103 πολλὰ
1740 1076 1849 1103 τοιαῦτα

1066 1125 1164 1157 ποιεῖν,
1176 1123 1249 1157 ειπερ
1261 1123 1347 1151 ἐδόκει
1359 1124 1415 1153 τοῖς
1427 1122 1563 1154 Ἰουδαίοις
1579 1121 1669 1157 νόμων
1682 1121 1847 1157 παράϐασις,

1066 1171 1111 1197 ἵνα
1126 1171 1164 1205 μὴ
1184 1171 1249 1205 δοκῇ
1265 1169 1353 1196 ταῦτα
1373 1170 1505 1204 πράττειν
1520 1169 1558 1200 ὡς
1574 1169 1707 1201 ἀντίθεος,
1723 1168 1848 1195 ἐντεῦθεν

1067 1218 1228 1252 προαναιρεῖ
1240 1216 1289 1251 τὴν
1305 1216 1433 1251 τοιαύτην
1445 1215 1591 1251 ὑπόληψιν.
1612 1216 1642 1241 '0
1654 1217 1708 1250 γὰρ
1722 1215 1848 1242 τοσοῦτον

1067 1264 1147 1299 ζῆλον
1160 1263 1364 1298 ἐπιδειξάμενος
1387 1262 1456 1297 ὑπὲρ
1479 1262 1526 1288 τοῦ
1551 1262 1625 1289 οἴκου
1649 1262 1696 1288 τοῦ
1711 1261 1792 1294 Θεοῦ,
1807 1262 1849 1287 καὶ

1066 1309 1185 1345 τοσαύτῃ
1205 1310 1366 1343 σφοδρότητι
1377 1310 1423 1334 καὶ
1435 1308 1621 1343 ἀγανακτήσει
1633 1307 1677 1334 διὰ
1690 1306 1788 1334 τοῦτον
1799 1306 1848 1342 (99)

1067 1356 1251 1390 χρησάμενος,
1278 1356 1325 1381 καὶ
1350 1355 1462 1390 μηδενὸς
1489 1354 1556 1384 ὅλως
1582 1354 1761 1389 φεισάμενος,
1787 1354 1849 1380 ἀλλὰ

1068 1403 1115 1429 καὶ
1142 1403 1182 1433 εἰς
1207 1402 1330 1428 κίνδυνον
1346 1401 1441 1427 ἑαυτὸν
1459 1402 1645 1436 καταστήσας,
1663 1401 1711 1427 καὶ
1737 1400 1801 1431 τούς
1822 1407 1848 1425 τε

1068 1448 1206 1483 καπήλους
1219 1448 1352 1479 ἐκείνους,
1370 1447 1432 1478 τούς
1451 1456 1480 1473 τε
1496 1447 1729 1482 παραχωροῦντας
1752 1446 1789 1482 (1)
1805 1446 1848 1471 αὺ-

1068 1494 1122 1524 τοῖς
1142 1493 1285 1524 Ἰουδαίους
1301 1493 1362 1519 καθ’
1388 1492 1486 1519 ἑαυτοῦ
1507 1492 1672 1527 παροξύνας,
1702 1492 1751 1518 καὶ
1764 1491 1847 1517 πάντα

1068 1540 1165 1566 παθεῖν
1180 1539 1288 1572 ἕτοιμος
1307 1537 1344 1564 ὢν
1369 1538 1440 1572 ὑπὲρ
1463 1537 1512 1573 τῆς
1531 1538 1679 1572 εὐκοσμίας
1694 1537 1743 1563 τοῦ
1771 1536 1847 1572 ἱεροῦ,

1067 1585 1117 1611 οὐκ
1131 1585 1164 1611 ἂν
1180 1584 1300 1615 ἐναντίος
1320 1583 1362 1619 εἴη
1382 1583 1420 1618 τῷ
1431 1584 1555 1619 Δεσπότῃ
1570 1583 1618 1610 τοῦ
1637 1583 1722 1618 tapeti.

1104 1715 1159 1743 Kal
1177 1730 1213 1735 —-
1235 1715 1389 1749 ἐμπορίου,
1409 1713 1502 1752 [Οἷκον
1518 1717 1556 1752 (2)
1582 1717 1717 1752 ἐμπορίου
1748 1716 1848 1744 ποιοῦσι

1069 1762 1114 1788 τὸν
1129 1760 1202 1788 οἷκον
1221 1761 1267 1788 τοῦ
1284 1761 1364 1794 Θεοῦ,
1388 1762 1435 1789 καὶ
1459 1763 1508 1794 τὰς
1532 1762 1696 1798 περιστερὰς
1725 1764 1755 1790 ἐν
1779 1762 1847 1798 αὐτῷ

1070 1808 1217 1840 πωλοῦσιν,
1238 1807 1285 1834 καὶ
1301 1809 1326 1834 οἱ
1342 1807 1391 1839 τὰς
1400 1809 1569 1843 χειροτονίας
1585 1809 1622 1842 (5)
1637 1810 1846 1844 πιπράσκοντες.

1071 1854 1238 1888 Περιστερᾶς
1253 1854 1306 1888 γὰρ
1323 1853 1418 1886 τύπος,
1446 1855 1462 1888 ἠ
1474 1854 1554 1888 χάρις
1569 1854 1615 1880 τοῦ
1630 1855 1708 1888 ἁγίου
1727 1854 1846 1890 Πνεύμα-

1069 1908 1126 1930 τος,
1142 1899 1188 1925 τοῦ
1204 1900 1232 1925 ἐν
1248 1900 1313 1926 εἴδει
1327 1901 1492 1935 περιστερᾶς
1516 1900 1643 1933 ὀφθέντος
1656 1900 1704 1935 (Δί).
1723 1901 1756 1926 Οἱ
1770 1900 1791 1926 δ’
1805 1900 1847 1926 αὐ-

1070 1945 1111 1971 τοὶ
1129 1945 1176 1971 καὶ
1188 1945 1226 1980 (5)
1243 1945 1417 1980 θεοκάπηλοι,
1434 1946 1468 1971 τὰ
1492 1945 1539 1971 τοῦ
1563 1945 1630 1972 Θεοῦ
1652 1945 1847 1980 καπηλεύοντες

1070 1991 1103 2018 δι’
1120 1991 1355 2027 αἰσχροκέρδειαν.
1371 1992 1408 2017 Τὸ
1423 1992 1461 2024 δὲ,
1479 1992 1581 2027 Ἄρατε
1596 1992 1690 2019 ταῦτα
1700 1992 1845 2023 ἐντεῦθεν,

1071 2037 1120 2073 τὴν
1136 2039 1301 2072 μετάστασιν
1317 2037 1365 2064 καὶ
1379 2037 1514 2073 ἀποϐολὴν
1529 2039 1577 2073 τῆ;
1592 2038 1710 2073 νομικῆς
1725 2038 1846 2073 λατρείας

1072 2081 1204 2118 ᾑνίξατο.]

880 2132 990 2167 Auferte
1011 2131 1062 2157 ista
1082 2131 1152 2164 hinc,
1167 2132 1371 2160 translationem
1397 2136 1426 2159 et
1453 2132 1629 2160 amissionem
1650 2133 1746 2168 legalis
1767 2132 1846 2160 cultus

274 2224 331 2250 t\on
349 2224 427 2250 tactis
450 2224 551 2257 solum,
571 2224 619 2251 sed
637 2229 665 2251 et
680 2224 771 2251 verbis
787 2224 904 2259 ostendit
916 2224 971 2251 Deo
994 2231 1015 2251 st

1110 2225 1148 2252 Οὺ
1167 2224 1245 2258 μόνον
1269 2223 1315 2254 ἀφ’
1331 2219 1368 2250 ὦν
1381 2223 1510 2258 ἔπραξεν,
1521 2223 1589 2250 ἀλλὰ
1602 2224 1649 2250 καὶ
1673 2225 1722 2259 ἀφ’
1735 2222 1772 2252 ὧν
1783 2220 1845 2257 εἷπε,

238 2277 299 2296 esse
317 2277 369 2295 non
385 2269 563 2296 contrarium.
579 2269 633 2297 Sed
659 2270 717 2304 ipse
733 2269 842 2304 quidem
860 2269 944 2296 Deum
971 2277 1019 2296 na-

240 2320 300 2341 tura
317 2315 424 2341 Patrem
459 2323 538 2342 suum
562 2316 688 2348 vocavit;
722 2315 807 2343 Judaei
830 2320 920 2343 autem
953 2315 1019 2342 ado-

240 2361 332 2395 ptione
349 2361 456 2387 Patrem
477 2361 565 2395 ipsum
578 2362 734 2389 nominasse
746 2366 873 2396 putantes
889 2369 943 2389 non
955 2366 1020 2389 sunt

242 2407 293 2433 hoc
305 2407 386 2433 \erbo
399 2406 508 2433 turbati.
526 2407 578 2434 Sed
592 2415 680 2441 neque
695 2408 736 2436 his
752 2416 810 2442 qua:
827 2401 892 2435 fecit
903 2415 1018 2442 exaspe-

292 2472 314 2488 ³⁸
330 2473 424 2500 Matth.
453 2481 527 2506 xxiv,
552 2474 594 2501 12.

1073 2271 1208 2297 δείκνυσιν
1234 2270 1275 2296 ὅτι
1299 2270 1349 2296 οὐκ
1376 2269 1449 2295 ἔστιν
1467 2269 1599 2301 ἀντίθεος.
1620 2271 1692 2297 Ἀλλ’
1707 2272 1787 2304 αὐτὸς
1805 2272 1846 2306 μὲν

1074 2317 1152 2351 φύσει
1168 2316 1277 2350 Πατέρα
1291 2315 1336 2341 τὸν
1354 2314 1420 2341 Θεὸν
1435 2316 1604 2342 ἐκάλεσεν-οἰ
1619 2315 1648 2342 δὲ
1663 2317 1796 2349 Ἰουδαῖοι,
1809 2317 1846 2342 Θέ-

1073 2372 1114 2389 σει
1137 2363 1245 2396 Πατέρα
1261 2362 1355 2387 τοῦτον
1370 2362 1501 2396 ὀνομάσαι
1517 2363 1666 2397 οἰηθέντες,
1680 2364 1731 2390 οὐκ
1759 2364 1846 2398 ἐταρα-

1073 2408 1175 2443 χθησαν
1204 2408 1250 2433 ἐπὶ
1269 2406 1307 2442 τῷ
1323 2407 1435 2442 τοιούτῳ
1460 2408 1575 2443 ῥήματι,
1600 2409 1658 2435 ἀλλ’
1679 2409 1735 2436 οὐδ’
1750 2409 1789 2443 ἐφ’
1813 2405 1846 2438 οἷς

830 2510 928 2541 Varia:
943 2509 1095 2541 lectiones
1111 2513 1140 2541 et
1157 2513 1251 2542 notae.
1293 2512 1298 2515 '

277 2593 331 2623 (ΞΠ)
345 2592 384 2618 Τὰ
399 2591 578 2627 παραπλήσια.
591 2591 625 2625 A,
641 2597 670 2619 ut
683 2591 758 2619 alibi.

277 2630 331 2659 ιιιὸ)
357 2627 523 2661 Φραχγελιον
540 2631 573 2654 Δ.

275 2664 329 2697 (uo)
343 2663 427 2688 Τοῦτο
447 2665 478 2688 Α.

275 2700 314 2732 (1)
334 2698 461 2732 intelligit
475 2698 612 2733 principes
624 2699 792 2730 Judzeorum,
803 2696 849 2732 qui
866 2698 891 2725 id
909 2698 937 2724 in
954 2702 1023 2724 tem-

241 2733 285 2767 plo
295 2733 359 2767 (lieri
378 2735 570 2766 permiserunt.

263 2765 314 2806 _(2)
327 2765 388 2794 nec
405 2773 518 2807 uterque
534 2769 560 2794 in
575 2768 697 2804 margine
709 2769 802 2797 habet.
816 2768 894 2804 Apud
923 2767 1024 2795 llentc-

243 2809 316 2827 Illlllll
332 2809 385 2828 11011
397 2808 555 2836 ιὐυυΗυιιιιι
561 2812 581 2830 Γ.

1106 2595 1144 2629 (3)
1170 2594 1269 2629 Pungit
1291 2594 1445 2628 episcopos.
1472 2594 1517 2628 qui
1552 2594 1702 2621 sacerdotia
1722 2593 1848 2621 habebant

1070 2630 1184 2670 venalia.
1199 2629 1317 2656 Pertinet
1337 2637 1402 2663 ergo
1428 2629 1480 2656 hoc
1506 2629 1539 2656 ad
1570 2630 1747 2663 antiquitates
1772 2629 1846 2656 eccle-

1072 2670 1207 2691 stastlcas.

1108 2699 1145 2733 (4)
1177 2699 1349 2734 Πεμφοέντος
1370 2701 1389 2726 Α
1396 2719 1402 2726 .

1073 2734 1148 2796 03()5)
1164 2734 1251 2762 Habet
1270 2735 1320 2761 hoc
1344 2735 1490 2770 Gregorius
1513 2734 1641 2762 Nazianz.
1672 2743 1700 2769 ιι.
1716 2735 1765 2762 106
1783 2737 1806 2761 ct
1827 2741 1848 2767 p.
