1919 3076
58 181 125 214 1161

529 181 722 212 COMMENT.
744 180 784 211 ΙΝ
802 179 991 211 JOANNEM.
1011 192 1043 199 —
1064 179 1139 211 CAP.
1165 179 1224 210 III.

1621 180 1689 213 1102

96 236 180 270 Λέγει
208 250 242 256 -—
272 235 475 270 γεννηθῆναιῑ
496 235 529 262 Τί
561 236 653 268 τοῦτο,
685 235 848 270 Nudi-ripa;

938 233 1016 262 Vers.
1035 235 1064 262 4.
1084 234 1153 261 Dicit
1172 248 1207 254 ——
1221 234 1295 262 nasci
1309 235 1322 261 .’
1346 233 1416 267 Quid
1440 234 1504 268 hoc,
1516 234 1663 265 Nicodeme
1677 238 1690 264 2
1719 224 1729 233 ⁸

68 282 163 310 Ῥαὸσὶ
179 282 260 309 αὑτὸν
276 281 367 313 καλεῖς
379 301 386 313 ,
403 283 450 309 καὶ
468 281 522 308 ἀπὸ
541 281 607 308 Θεοῦ
626 281 785 317 ἐληλυθέναι
799 280 845 307 λέ-

63 337 135 364 γεις,
150 329 196 356 καὶ
211 329 241 354 οὐ
257 327 394 359 πιστεύεις
407 325 447 359 οἷς
466 328 554 362 λέγει;
571 327 657 354 Βασαὶ
671 329 720 363 τῆς
738 327 847 354 Ἰουδαῖ-

61 375 111 410 κῆς
127 374 282 409 παχύτητος
295 374 301 401 !
320 374 457 401 Ἤκουσεν
473 375 664 409 ἀναγέννησιν,
680 374 748 401 ἀλλὰ
764 382 848 400 πνευ-

64 419 199 454 ματικήν·
227 418 278 445 οὐκ
306 419 427 454 ἠδυνήθη
451 419 553 454 ταύτην
580 420 691 454 νοῆσαι,
719 419 766 445 καὶ
794 419 849 444 νοεῖ

64 465 217 500 σαρκιχήν’
253 464 300 491 καὶ
333 465 446 497 εἰκότως
477 466 587 500 ἀπορεῖ,
617 465 664 492 καὶ
690 466 767 501 ζητεῖ
803 463 849 490 τὸν

61 510 173 545 τρόπον.

103 555 261 589 Ἀπεκρίθη
277 570 310 575 -
328 555 411 583 Θεοῦ.
429 556 578 590 Σαφηνῑζει
596 557 647 592 μὲν
665 558 712 584 τὸν
728 559 828 594 τρόπον
839 580 847 592 ,

65 601 165 635 λέγων,
187 602 228 628 ὅτι
246 601 275 634 ἐξ
288 601 386 633 ὓδατος
410 602 457 628 καὶ
480 602 651 638 Πνεῦματος,
675 603 776 639 δηλαδὴ
803 605 849 631 τοῦ

62 647 156 682 ἁγίου·
178 647 254 674 οὔπω
270 648 298 674 δὲ
315 648 417 680 τέλεον,
433 648 476 675 ἵνα
493 649 744 686 προσεκτικώτερος
756 651 770 677 ό
784 650 852 686 ἑρωυ

61 694 118 721 τῶν
146 695 271 729 γένηται.
306 695 443 724 Πολλάκις
472 696 527 731 γὰρ
559 696 589 723 τὸ
616 697 721 732 ἀσαφὲς
748 698 851 734 ἐγείρει

60 740 112 774 τὴν
141 740 276 773 διάνοιαν,
311 741 358 767 καὶ
387 742 596 779 περιεργότερον
629 744 676 770 καὶ
706 744 849 771 σπουδαῖον

60 787 250 821 ἀπεργάσεται
275 786 321 813 τὸν
338 787 488 823 ἀκροατήν.
508 788 538 815 '0
561 789 610 823 μὲν
624 787 671 816 οὖν
696 790 850 825 Νικόδημος

58 831 192 859 ἀδύνατον
212 832 291 867 ἔλεγε
313 832 363 868 τὴν
380 833 575 869 ἅναγέννησιν·
591 835 605 861 ό
621 834 648 861 δὲ
671 835 787 870 Χριστὸς
805 836 851 862 καὶ

60 877 165 912 σφόδρα
180 878 306 913 δυνατὴν,
321 878 369 905 καὶ
383 879 414 905 οὐ
429 879 508 906 τοῦτο
524 879 614 915 μόνον,
627 880 695 907 ἀλλὰ
709 881 755 908 καὶ
769 881 851 916 ἀναγ-

900 280 987 308 Rabbi
1006 279 1095 315 ipsum
1111 287 1203 312 vocas,
1221 285 1249 308 et
1278 288 1293 308 a
1317 280 1373 308 Deo
1404 281 1512 309 venisse
1533 282 1612 316 dicis,
1638 291 1691 311 nec

902 331 992 355 tamen
1008 327 1098 354 credis
1115 335 1175 362 quae
1190 327 1261 354 dicit
1276 327 1287 354 ἲ
1303 326 1325 355 Ο
1358 327 1499 356 Judaicam
1527 329 1690 357 crassitudi-

903 374 988 401 nem!
1017 373 1128 401 Audivit
1156 374 1402 409 regenerationem,
1429 375 1477 402 sed
1503 375 1690 409 spiritualem;

900 427 954 447 non
987 419 1076 454 potuit
1115 419 1186 446 hanc
1215 419 1369 454 concipere,
1392 420 1439 447 sed
1479 420 1615 448 carnalem
1646 421 1692 451 in-

903 465 1008 501 telligit,
1038 471 1067 492 et
1108 464 1206 492 merito
1240 465 1356 498 dubitat,
1395 464 1560 501 modumque
1597 465 1692 493 scisci-

904 515 987 540 tatur.

938 555 1018 584 Vers.
1042 557 1067 583 5.
1085 556 1228 592 Respondit
1252 572 1287 577 —-
1315 557 1375 584 Dei.
1404 557 1512 585 Modum
1537 557 1693 586 manifeslat

901 600 1006 633 dicens,
1024 601 1097 636 quod
1111 609 1145 628 ex
1159 609 1228 636 aqua
1240 606 1268 628 et
1286 601 1401 636 Spiritu,
1415 601 1542 629 videlicet
1573 607 1668 630 sancto
1683 611 1691 636 ;

901 654 956 673 non
973 650 1062 674 tamen
1078 647 1151 674 clare
1164 647 1215 674 hoc
1230 647 1306 680 dicit,
1338 655 1393 682 quo
1419 648 1550 675 attentius
1573 648 1692 676 interro-

902 698 988 729 garet.
1004 693 1112 728 Smpius
1123 693 1196 720 enim
1205 693 1311 721 occulte
1327 693 1366 728 (ιι)
1384 698 1508 721 mentem
1539 694 1650 725 excitat.
1662 699 1694 721 ut

903 738 1105 774 diligentiorem
1137 746 1169 766 ac
1195 738 1374 766 curiosiorem
1406 739 1502 766 reddat
1525 739 1691 767 auditorem.

901 784 1066 811 Nicodcmus
1089 784 1224 819 siquidem
1242 784 1441 819 impossibilem
1458 784 1568 812 dicebat
1581 792 1694 820 regene—

902 829 1035 857 rationem
1049 838 1057 858 ;
1072 830 1200 857 Christus
1213 838 1278 858 vero
1292 830 1406 858 omnino
1431 830 1588 865 possibilem
1605 839 1613 857 :
1642 838 1694 859 nec

903 875 928 902 id
949 875 1036 903 solum
1052 875 1100 903 sed
1115 879 1143 903 et
1160 875 1364 909 necessariam;
1386 875 1456 903 adeo
1464 881 1494 903 ut
1510 875 1570 903 sine
1586 883 1617 903 ea
1650 883 1694 904 re-

58 924 154 956 καίαν,
168 924 205 955 ὼς
222 925 290 959 μηδὲ
303 924 431 951 δύνασθαί
444 933 505 952 τινα
519 913 603 960 item;
617 926 702 961 αὐτῆς
718 913 849 954 εὶσελθείν

911 929 994 956 gnum
1013 920 1060 949 Dei
1076 921 1165 949 nullus
1183 922 1269 956 possit
1282 922 1395 952 intrare,
1413 921 1465 949 hoc
1483 925 1525 949 est
1535 921 1594 956 ejus
1608 921 1696 957 digni-

56 971 99 1002 εἰς
120 970 169 1006 τὴν
186 970 325 1005 βασιλείαν
345 971 392 998 τοῦ
408 970 486 998 Θεοῦ.
505 971 553 1007 [Τὸ
575 972 630 1007 (15)
652 972 680 999 δὲ
691 972 849 1001 Εισελθεῖν

56 1017 103 1048 εἰς
128 1016 186 1050 τὴν
204 1016 369 1048 βασιλειαν
390 1017 443 1044 τοῦ
467 1017 565 1053 Θεσῦ,]
585 1018 602 1054 ἢ
627 1017 658 1044 τὸ
677 1018 778 1052 γνῶναι
800 1019 849 1053 τὴν

57 1062 141 1094 ἀξίαν
158 1063 205 1089 καὶ
220 1063 420 1099 μεγαλειότητα
434 1063 516 1090 αὐτοῦ
528 1064 603 1099 δηλοῖ
620 1063 667 1090 νῦν
681 1064 698 1100 ἢ
712 1065 743 1091 τὸ
757 1066 849 1100 τυχεῖν

58 1109 111 1144 τῆς
127 1109 303 1141 ἀπολαύσεως
316 1109 365 1145 τῆς
379 1109 464 1141 θείας.

100 1155 132 1181 ’0
156 1155 231 1189 λόγος
252 1155 280 1181 δὲ
301 1155 365 1191 περὶ
383 1155 438 1182 τῶν
462 1155 530 1191 μετὰ
550 1155 580 1183 τὸ
603 1155 783 1192 βαπτισθῆναι
804 1156 850 1183 τὸν

57 1199 192 1236 Χριστόν.
213 1199 327 1226 "Ex-.015
346 1199 401 1234 γὰρ
419 1200 437 1234 ἡ
460 1199 639 1234 ὰναγέννησις
658 1200 769 1235 ἤρξατο.
788 1201 850 1227 Λοι-

59 1246 116 1272 πὸν
131 1243 178 1272 οὗν
192 1246 239 1271 καὶ
257 1245 280 1271 οἱ
296 1244 439 1271 ἀπόστολοι
456 1245 688 1280 ἁνεγεννήθησαν,
709 1246 742 1271 δι’
755 1245 850 1278 ὓδατος

59 1290 114 1325 μὲν
130 1289 206 1324 παρὰ
226 1289 350 1316 Ἰωάννου
365 1309 372 1321 ,
387 1288 431 1315 διὰ
449 1289 606 1325 Πνεύματος
624 1290 662 1321 δὲ,
680 1290 724 1316 ὅτε
739 1289 851 1324 ἐπεφοί-

59 1343 147 1371 τησεν
167 1335 258 1366 αὐτοῖς
274 1335 301 1361 ἐν
319 1333 384 1361 εῖδει
401 1334 522 1369 πυρίνων
533 1335 674 1369 γλωσσῶν.
706 1367 710 1371 ,

98 1380 242 1416 Γράφουσι
264 1380 291 1406 δέ
311 1388 384 1410 τινες
407 1379 475 1415 (14),
491 1380 647 1414 ἐγγίζοντες
665 1381 722 1412 τοῖς
746 1381 851 1416 χρόνοις

59 1427 121 1454 τῶν
147 1426 316 1458 ὰποδτόὶων,
338 1426 378 1452 ὃτι
398 1426 412 1452 ό
438 1425 488 1461 μὶν
509 1427 625 1462 Χριστὸς
650 1427 781 1453 ὲῦάπτισε
806 1429 852 1454 τὸν

58 1474 168 1509 Πέτρον
184 1473 232 1499 καὶ
249 1472 298 1506 τὴν
313 1471 455 1506 Θεοτόχον,
479 1472 493 1498 ό
507 1472 534 1498 δὲ
551 1473 655 1509 Πέτρος
672 1473 776 1505 πάντας
788 1474 852 1505 τοὺς

57 1518 242 1550 ἀποστόλους.

900 972 983 995 talem
999 974 1032 995 ac
1053 967 1268 1002 magnitudinem
1287 975 1465 1003 cognoscere,
1492 971 1541 994 aut
1565 967 1689 996 divinam

903 1013 1039 1048 attingere
1057 1013 1225 1040 fruitiouem.

938 1157 1100 1193 [intelligitur
1115 1161 1206 1183 autem
1224 1155 1335 1183 verbum
1351 1155 1385 1182 de
1397 1155 1450 1188 his,
1461 1162 1507 1189 qut
1532 1158 1596 1190 post
1612 1154 1692 1182 Chri-

904 1208 977 1230 stum
993 1203 1159 1237 baptizatum
1173 1201 1294 1230 fuerunt.
1307 1201 1452 1236 Reliquum
1477 1206 1520 1229 est
1546 1201 1638 1237 igitur,
1665 1205 1696 1228 ut

903 1253 931 1276 ct
942 1249 1058 1284 apostoli
1075 1247 1226 1284 regenerati
1245 1248 1301 1275 sint
1311 1255 1360 1282 per
1379 1255 1478 1282 aquam
1501 1254 1568 1275 sane
1586 1255 1601 1274 a
1613 1247 1696 1275 Joan-

903 1301 948 1327 ne,
962 1301 1011 1330 per
1027 1294 1159 1329 Spiritum
1175 1301 1249 1326 vero,
1266 1293 1370 1328 quiaad
1383 1301 1430 1320 eos
1444 1294 1471 1320 in
1486 1293 1578 1328 specie
1599 1293 1696 1329 ignita-

904 1348 965 1368 rum
999 1340 1032 1368 ad
1038 1341 1114 1367 venit
1129 1340 1292 1376 linguarum.

918 1415 921 1419 ,
943 1387 1073 1415 Scribunt
1088 1392 1180 1414 autem
1195 1387 1306 1421 quidam
1318 1387 1501 1422 apostolorum
1527 1386 1698 1421 temporibus

905 1433 1033 1469 proximi,
1048 1433 1120 1468 quod
1135 1433 1261 1460 Christus
1280 1433 1390 1460 Petrum
1416 1440 1448 1460 ac
1475 1432 1618 1467 Virginem
1638 1431 1697 1459 Ma-

906 1483 974 1510 trem
999 1478 1190 1512 baptizarerit,
1216 1478 1313 1505 l‘etrus
1346 1484 1410 1504 vero
1437 1477 1557 1512 reliquos
1601 1484 1697 1504 omnes

905 1525 1053 1561 apostolos.

101 1565 139 1593 Τὸ
151 1580 186 1585 ——-
200 1565 295 1592 ἐστίν.
310 1565 347 1592 Οὐ
363 1565 481 1601 σαρκική
490 1565 562 1592 ἐστιν
575 1566 591 1600 ἡ
605 1565 741 1601 γέννησις,
757 1557 850 1601 φησὶν,

922 1557 1017 1599 ’νει-ε.
1032 1571 1058 1598 6.
1073 1569 1148 1603 Quod
1159 1585 1194 1590 —
1207 1574 1254 1597 est.
1274 1569 1336 1598 Non
1370 1569 1497 1603 carnalis,
1514 1569 1602 1604 inquit
1613 1577 1698 1605 gene-

56 1612 133 1639 ἁλλὰ
147 1611 336 1647 πνευματική·
357 1611 394 1637 To
409 1611 459 1646 μὲν
471 1611 523 1646 γὰρ
539 1613 735 1646 γεγεννημένον
753 1613 786 1638 ὲκ
800 1612 850 1647 τῆς

58 1658 167 1694 σαρκὸς
179 1658 308 1694 σαρκικόν
324 1659 383 1684 ἐστι
395 1658 518 1693 γέννημα
530 1665 538 1672 ν
554 1657 584 1683 τὸ
599 1658 627 1683 δὲ
651 1657 850 1694 γεγεννημένον

58 1706 93 1732 ἐκ
119 1704 166 1731 τοῦ
181 1704 339 1739 Πνεύματος
360 1703 544 1739 πνευματικόν
564 1705 621 1730 ἐστι
638 1704 771 1738 γέννημα.
788 1704 851 1730 Λοι-

59 1751 116 1778 qm
129 1749 176 1777 οὖν
193 1750 210 1785 ἡ
228 1750 276 1785 μὲν
297 1749 416 1786 σαρκικὴ
433 1750 571 1785 γέννησις,
594 1749 710 1785 αἰσθητή
727 1751 814 1782 ἐστιν,
833 1751 850 1786 ὴ

57 1797 90 1823 δὲ
104 1795 275 1831 πνευματικὴ
286 1795 380 1830 νοητή.
392 1796 446 1822 Καὶ
454 1791 548 1831 οὖνχρὴ
559 1795 695 1830 αἰσθητῶς
710 1794 851 1827 ἐξετάζειν

59 1843 93 1869 τὸ
109 1842 203 1876 νοητζν
213 1862 220 1874 ,
231 1841 291 1868 οὐδὲ
306 1841 482 1877 ἀνθρωπίνως
495 1841 524 1868 τὸ
538 1841 609 1868 Οεϊον
624 1842 750 1877 πρᾶγμα.
774 1841 852 1868 Ἐπεὶ

59 1889 122 1922 γὰρ
145 1889 161 1922 ἡ
178 1888 272 1923 πρώτη
295 1888 421 1922 γέννησις
444 1885 593 1922 ἠχριιώθη,
613 1887 727 1922 δευτέρα
748 1887 851 1913 δέδοται

59 1933 256 1968 ἁναγέννησις,
275 1933 428 1968 ὑψηλοτέρα
443 1941 472 1959 τε
487 1933 534 1959 καὶ
550 1932 710 1967 τιμιωτέρα.
724 1932 791 1959 Θεοῦ
806 1932 852 1968 ἔρα

59 1987 114 2014 γον
130 1980 146 2014 ἡ
162 1977 257 2014 πρώτη
270 1987 277 1994 ·
293 1979 359 2005 Θεοῦ
375 1979 456 2014 ἔργον
470 1979 515 2005 καὶ
531 1980 547 2013 ή
565 1978 679 2013 δευτέρα
692 1986 698 1992 ·
714 1978 780 2010 Θεὸς
798 1978 852 2013 γὰρ

57 2026 95 2053 τὸ
113 2025 235 2061 Πνεῦμα.

102 2071 188 2099 Ὅταν
203 2071 251 2099 οὖν
273 2071 376 2109 ἀκούῃς
398 2072 439 2099 ὅτι
453 2072 484 2099 τὸ
506 2072 620 2108 Πνεῦμα
641 2073 787 2108 ἀναγεννᾷ,
815 2072 853 2107 μὴ

60 2120 144 2153 ζήτει
158 2118 204 2144 τὸν
217 2119 328 2152 τρόπον.
346 2119 378 2144 El.
393 2118 447 2154 γὰρ
461 2118 653 2153 ἀκατάληκτός
676 2119 692 2154 ἡ
707 2119 735 2145 ἐν
750 2120 782 2154 τῇ
800 2120 853 2154 μή·

58 2172 120 2200 τρᾳ
144 2164 297 2198 διάπλασις,
322 2165 567 2201 ἀκαταληπτοτέροι
588 2165 698 2197 πάντως
719 2166 736 2201 ἠ
759 2166 789 2192 ὲν
815 2164 853 2200 τῷ

59 2210 156 2237 ὕδατι.
183 2210 238 2236 Καὶ
260 2211 286 2236 εί
317 2211 383 2246 περὶ
411 2210 518 2246 ἐκείνης
543 2210 593 2236 οὐκ
625 2209 850 2245 ἀμφιϐάλλομεν,

905 1618 973 1646 ratio
984 1622 1035 1652 est,
1052 1618 1099 1645 sed
1110 1617 1258 1652 spiritualis
1271 1626 1278 1650 ;
1296 1625 1358 1644 nam
1369 1616 1441 1652 quod
1457 1624 1491 1644 ex
1505 1624 1588 1644 carne
1600 1621 1694 1644 natum

905 1669 957 1697 est,
980 1664 1096 1691 carnalis
1109 1668 1149 1691 est
1162 1665 1307 1699 progenies
1323 1672 1330 1690 :
1348 1663 1421 1698 quod
1430 1667 1521 1690 autem
1543 1667 1635 1690 natum
1656 1666 1699 1690 est

904 1717 938 1737 ex
952 1709 1066 1745 Spiritu,
1083 1710 1231 1744 spiritualis
1247 1709 1386 1744 generatio
1401 1713 1454 1736 est.
1465 1708 1588 1736 Carnalis
1605 1709 1699 1743 itaque

904 1756 1032 1783 nativilas
1044 1759 1086 1783 est
1108 1756 1255 1788 sensibilis,
1269 1755 1418 1790 spiritualis
1440 1762 1516 1786 vero,
1530 1754 1698 1782 intellectua-

905 1801 949 1829 lis.
964 1801 1021 1827 Nec
1033 1805 1150 1836 oportet,
1173 1799 1246 1835 quod
1273 1799 1456 1827 intellectuale
1469 1804 1520 1831 est,
1533 1799 1698 1826 sensibiliter

906 1847 1032 1882 indagare
1047 1855 1054 1872 :
1069 1854 1157 1881 neque
1169 1846 1288 1873 humano
1299 1846 1380 1873 modo
1394 1853 1473 1880 opus,
1495 1845 1566 1880 quoi
1576 1845 1698 1872 divinum

905 1897 947 1919 est
963 1900 971 1924 ;
987 1891 1120 1927 siquidem
1136 1899 1167 1919 ex
1181 1899 1235 1926 quo
1257 1892 1332 1926 prior
1348 1891 1488 1927 generatio
1498 1891 1569 1918 facta
1584 1895 1626 1918 est
1638 1890 1699 1917 inu-

908 1938 973 1972 tilis,
984 1939 1046 1966 data
1062 1944 1102 1966 est
1118 1938 1240 1966 secunda
1256 1938 1428 1974 regeneratio
1438 1938 1571 1966 excelsior
1586 1942 1613 1964 et
1644 1938 1695 1964 ho-

907 1984 1067 2018 norabilior,
1084 1984 1130 2013 Dei
1142 1993 1211 2020 opus
1225 1989 1267 2012 est
1284 1985 1376 2020 prior;
1395 1984 1441 2011 Dei
1467 1991 1537 2019 opus
1550 1988 1593 2011 est
1614 1984 1696 2011 etiam

907 2031 1043 2066 posterior
1057 2041 1064 2064 ;
1085 2032 1155 2058 Deus
1168 2032 1241 2058 enim
1258 2031 1376 2066 Spiritus
1389 2036 1441 2058 est.

942 2078 1010 2106 Cum
1032 2078 1111 2113 igitur
1126 2077 1245 2105 audieris
1259 2077 1332 2112 quod
1349 2076 1465 2112 Spiritus
1486 2082 1641 2113 rcgenerat,
1663 2084 1698 2104 ne

908 2124 1018 2152 modum
1030 2131 1145 2158 quaeras.
1163 2123 1230 2151 Nam
1249 2124 1272 2151 si
1294 2123 1580 2159 incomprehensibilis
1603 2127 1645 2151 est
1669 2124 1698 2150 in

907 2174 988 2198 utero
1003 2169 1140 2202 formatio,
1173 2169 1253 2204 longe
1272 2169 1570 2204 incomprehensibilior
1586 2173 1697 2204 estquae

908 2216 936 2243 in
950 2224 1018 2252 aqua
1034 2216 1063 2243 fit
1076 2225 1082 2243 :
1093 2216 1165 2251 quod
1179 2216 1201 2243 si
1216 2216 1250 2244 de
1264 2216 1309 2243 illa
1338 2223 1393 2243 non
1422 2215 1594 2250 ambigimus,
1608 2215 1696 2242 omni-

57 2258 100 2293 τῇ
114 2257 313 2292 παντοδυνάμῳ
327 2257 374 2283 τοῦ
388 2257 455 2283 Θεοῦ
472 2257 553 2292 σοφίᾳ
564 2258 752 2289 πιστεύοντες,
765 2256 850 2292 πολλᾷ

911 2262 1016 2297 potenti
1029 2262 1076 2290 Dei
1090 2262 1228 2297 sapientia:
1242 2262 1396 2294 credentes,
1407 2262 1441 2289 de
1452 2262 1504 2289 hac
1516 2261 1696 2296 multomagis

61 2302 172 2339 μᾶλλον
185 2304 264 2330 τοῦτο
279 2304 332 2339 χρὴ
352 2304 439 2330 ποιεῖν
452 2305 515 2339 περὶ
528 2303 641 2338 ταύτης.

108 2348 218 2385 ’Ὠσπερ
233 2350 262 2376 δὲ
281 2350 310 2375 ἐν
326 2350 398 2384 ἀρχῇ
415 2348 545 2375 ὑπέκειτο
573 2349 704 2384 στοιχεῖον
724 2349 740 2384 ἠ
756 2349 810 2384 γῆ,
824 2350 855 2375 τὸ

57 2400 124 2427 πᾶν
143 2399 171 2425 δὲ
187 2398 235 2426 τοῦ
258 2398 466 2432 διαπλάττοντος
492 2397 526 2435 ἦν
539 2407 546 2415 ·
562 2398 634 2425 οὕτω
656 2399 703 2425 καὶ
717 2398 764 2424 νῦν
788 2398 855 2424 ὑπό-

58 2455 159 2475 κειται
186 2448 317 2482 στοιχεῖον
345 2447 376 2473 τὸ
395 2446 487 2482 ὕδωρ·
511 2446 541 2473 τὸ
566 2446 621 2472 πᾶν
644 2445 672 2472 δὲ
698 2443 745 2471 τοῦ
769 2443 854 2471 Πνεύ-

60 2492 155 2530 ματός
172 2493 258 2519 ἐστιν.

108 2582 173 2608 Ἐὰν
185 2582 325 2617 ἐρωτήσῃς
344 2589 388 2617 με,
402 2582 477 2608 Διατι
493 2582 540 2608 νῦν
555 2581 586 2609 τὸ
603 2581 684 2617 ὓδωρ,
699 2582 855 2616 ἀντεπερω-

53 2630 143 2665 στήσω
156 2637 197 2662 σε,
211 2629 288 2656 Διατί
299 2629 360 2656 τότε
375 2629 391 2664 ἡ
402 2629 437 2664 γῆ
450 2636 457 2662 ;
470 2629 524 2655 Καὶ
538 2629 592 2663 γὰρ
609 2628 722 2663 ὴδύνατο
735 2628 782 2654 καὶ
794 2627 855 2663 δίχα

909 2308 1022 2335 credere
1038 2312 1157 2342 oportet.

947 2353 1025 2380 Sicut
1038 2357 1128 2380 autem
1147 2353 1173 2380 in
1190 2353 1277 2389 prima
1295 2354 1414 2381 hominis
1438 2353 1601 2380 formatione
1632 2353 1698 2380 sub-

910 2398 1116 2426 servivitterrze
1131 2398 1309 2432 elementum,
1337 2407 1400 2426 cum
1432 2399 1559 2426 universa
1585 2399 1612 2425 in
1638 2406 1696 2424 ma-

908 2452 946 2471 nu
960 2450 1051 2471 essent
1074 2443 1221 2478 Creatoris,
1237 2445 1274 2472 ita
1288 2449 1316 2472 et
1334 2453 1407 2472 nunc
1429 2444 1593 2472 subservivit
1620 2451 1696 2478 aqua:

909 2490 1084 2523 elementum,
1098 2497 1160 2517 cum
1176 2491 1304 2518 universa
1318 2491 1374 2518 sint
1389 2491 1417 2518 in
1442 2490 1583 2518 voluntate
1607 2488 1694 2524 Spiri-

910 2541 964 2564 tus.

944 2581 1022 2614 Quod
1036 2581 1057 2609 si
1073 2590 1117 2609 me
1132 2582 1291 2618 interroges,
1309 2582 1398 2615 Quare
1421 2589 1494 2608 nunc
1505 2589 1592 2616 aqua:
1606 2587 1622 2607 e
1653 2579 1696 2606 di-

910 2635 988 2656 verso
1004 2632 1030 2655 te
1045 2628 1230 2664 interrogabo,
1261 2628 1350 2661 Quare
1366 2633 1430 2656 tunc
1454 2627 1549 2655 terra?
1585 2627 1696 2654 Poterat

649 2732 750 2763 Varioa
772 2731 930 2763 lectiones
951 2736 982 2764 et
1004 2736 1099 2764 notae.

117 2783 162 2817 l3)
181 2782 287 2811 Inclusa
300 2784 401 2811 omittit
416 2783 446 2811 Β.

100 2783 161 2854 ΣΗ)
178 2818 274 2852 Papias
289 2819 414 2852 fortasse,
430 2827 445 2847 a

118 2818 161 2853 Η)
178 2818 274 2852 Papias
289 2819 414 2852 fortasse,
430 2823 478 2847 aut
490 2819 632 2855 Origenes,
648 2827 681 2847 ex
696 2818 854 2847 narratione
864 2823 1019 2846 sanctarum
1033 2818 1195 2853 vetularum.

102 2898 145 2934 (ιι)
163 2898 279 2926 Οτειιιιε.
294 2899 376 2927 Forte
393 2898 494 2925 occulta
507 2906 554 2926 seu
576 2899 697 2928 obscura.
725 2899 758 2927 Et
775 2906 848 2933 mox,

909 2900 993 2927 itam.

229 2946 368 2977 PATnOL.
387 2946 447 2977 Gn.
467 2947 596 2978 CXXIX.

1499 2945 1533 2975 37
