1919 3076
140 157 142 159 ·
179 141 243 173 1171

795 136 984 167 EUTIIYMII
1011 136 1189 167 ZlGABENl

1613 163 1621 183 ,
1736 137 1809 171 me

174 207 238 227 esse
254 197 385 230 ostendit,
407 197 486 232 cujus
500 203 575 224 mors
592 199 702 231 prmslat
719 195 870 223 aliisvitam
889 197 959 221 aeter-

1020 193 1152 229 ἐνιφηνεν
1173 193 1215 220 ὃτι
1241 188 1271 218 οὗ
1296 190 1309 216 ὸ
1334 190 1449 222 θάνατος
1465 188 1571 224 ἑτέροις
1596 187 1711 223 παρέχει
1732 188 1809 223 ζωὴν

175 253 248 272 nam.
264 244 376 272 Moritur
400 243 533 278 siquidem
545 246 671 277 tanquam
682 241 773 273 homo,
793 245 963 276 prmstatau-

175 295 229 318 tem
245 290 327 317 vitam
343 293 473 316 aeternam
487 292 616 322 tauquam
630 287 702 315 Deus
722 297 729 315 :
743 292 771 315 et
785 286 832 322 qui
848 286 963 313 aliorum

175 336 305 372 prohibet
313 334 504 371 perditionem,
514 335 572 370 ipse
581 341 754 369 nequaquam
768 333 857 368 perire
864 336 963 368 potest.

175 383 248 410 Crux
259 389 325 416 ergo
338 381 399 408 vitae
415 384 526 408 aeternae
546 379 609 407 fons
625 384 677 407 est.
691 379 781 412 Unde,
796 378 869 414 quod
889 378 963 414 cogi-

176 429 243 456 tatio
254 436 308 454 non
319 426 398 454 facile
410 426 516 461 recipit,
529 426 596 453 ﬁdes
606 425 712 460 recipit,
725 432 785 460 qua:
795 423 966 466 cogitationis

174 473 353 502 imbecillitati
363 480 463 500 nervos
478 471 563 500 addit.
576 471 654 500 Patet
662 479 726 507 ergo
737 470 798 498 ﬁdei
812 470 924 498 utilitas.

208 561 283 589 Vers.
310 559 410 589 16.Sic
433 575 468 582 —
494 563 633 586 etet-nam.
654 572 687 578 --
714 556 786 583 Deus
809 553 849 581 sic
871 553 966 581 dilexit

175 607 320 638 mundum,
335 606 392 634 sive
408 606 476 633 adeo
491 605 618 632 homines
635 608 720 635 amat,
736 605 766 629 ut
776 607 827 634 pro
841 599 964 627 homini-

175 653 227 681 bus
241 652 338 680 Filium
350 660 430 680 suum
440 651 568 679 dilectum
580 651 609 677 in
627 653 738 676 mortem
760 645 916 678 tradiderit,
936 650 966 672 ut

174 701 264 728 omnis
273 699 319 734 qui
331 699 418 727 credit
428 699 456 725 in
469 706 543 730 eum,
555 697 628 724 vivat
640 691 795 731 perenniter
805 691 860 719 vita
872 691 966 724 beata,

175 754 235 782 qua:
245 745 348 773 sanctis
359 744 495 780 congruit.
510 743 635 771 Ostendit
649 745 726 773 (δι’ιέοι
741 737 813 772 (ιυοᾱ
826 737 860 765 αθ
875 742 966 765 meme

176 800 225 820 sua
241 792 312 819 sicut
327 796 354 817 ει
366 789 454 818 Patris
475 789 555 816 fuerit
575 782 738 813 cruciﬁxio:
761 791 814 810 uua
830 783 965 817 siquidem

176 838 327 872 eademqm
345 836 473 864 νοιυηιης
494 833 537 856 est
559 829 647 856 Patris
662 834 690 856 ct
715 829 774 856 Filii
801 837 833 856 ac
849 828 967 863 Spiritus

175 884 274 912 ποριῇ,
287 882 404 910 [tul-sum
416 875 488 909 quod
504 874 614 902 additur
631 883 637 901 :
657 874 687 902 Ut
702 875 798 907 omnis,
818 875 863 910 qui
879 874 966 900 credit

177 932 271 958 εηρηη,
281 938 332 957 ηομ
347 922 499 955 ρει·εατ,ιεά
507 921 600 948 lzabeal
610 922 691 949 vitam
708 926 845 953 (sternam,
860 919 961 948 conﬁr-

179 977 258 1004 malz.
273 967 347 995 verbi
362 973 414 995 est.

207 1011 261 1040 Sed
268 1021 350 1048 quam
356 1013 390 1040 ob
399 1021 508 1040 causam
524 1013 618 1041 dilexit
629 1013 701 1040 Deus
714 1013 846 1040 mundum
857 1012 868 1039 ?
883 1011 964 1048 plane

171 1059 207 1090 ob
221 1059 294 1086 aliud
312 1059 391 1093 nihil,
407 1067 488 1095 quam
503 1064 614 1095 propter
631 1059 794 1086 immensam
809 1059 962 1086 bonitatem

172 1113 262 1133 suam.
843 1104 846 1107 ’

207 1151 408 1179 Erubeseamus
423 1151 507 1186 igitur
523 1151 661 1179 intuentes
680 1151 739 1186 ejus
756 1150 933 1178 dilectionem
953 1159 959 1177 :

171 1205 235 1225 nam
245 1197 303 1233 ipse
321 1205 410 1232 neque
422 1197 490 1224 Filio
501 1205 550 1225 suo
560 1196 700 1233 unigenito
712 1197 835 1232 pepercit
847 1200 961 1231 propter

172 1251 234 1276 nos,
250 1248 278 1271 at
305 1251 358 1271 nos
372 1244 453 1271 etiam
469 1242 592 1278 pecuniis
611 1243 758 1278 parcimus,
773 1250 806 1270 ne
822 1249 868 1270 eas
893 1250 960 1277 pro-

170 1293 232 1324 pter
245 1289 332 1324 ipsum
341 1289 530 1324 expendamus
542 1297 548 1315 :
561 1289 633 1323 quod
645 1292 718 1316 certe
730 1294 840 1316 omnem
851 1287 958 1314 excedit

172 1335 406 1370 ingratitudinetn,
421 1340 449 1362 ut
460 1342 529 1370 opus
542 1335 602 1370 ejus
618 1334 758 1361 immensa:
770 1333 805 1361 sit
815 1334 959 1367 bonitatis,

171 1384 298 1408 nostrum
356 1387 422 1407 vero
456 1379 596 1407 immensae
636 1379 849 1415 ingratitudiuis.
889 1379 960 1414 Erga

173 1428 276 1455 Filium
305 1435 414 1462 quoque
438 1427 518 1454 simili
550 1426 651 1454 utimur
695 1425 818 1462 perﬁdia.
851 1426 960 1453 Homini

171 1481 292 1510 namque
301 1473 347 1510 qui
358 1482 387 1502 se
399 1482 449 1509 pro
461 1473 540 1501 nobis
551 1473 677 1509 exposuit
688 1473 816 1509 periculo,
833 1477 958 1508 prompte

1015 239 1134 272 αἰώνιον,
1154 239 1220 270 Θεός
1240 238 1299 265 ἐστι
1317 237 1443 268 παντως·
1469 235 1559 262 θανὼν
1582 234 1632 270 μὲν
1650 234 1687 266 ὥς
1703 234 1810 269 ἄνθρω-

1016 294 1077 319 πος,
1092 285 1221 321 παρέχων
1236 284 1264 311 δὲ
1280 283 1353 318 ζωὴν
1368 282 1476 310 αἰώνιον
1490 281 1528 313 ὼς
1543 280 1610 312 Θεός
1625 289 1631 294 ·
1651 281 1699 307 καὶ
1715 279 1729 305 ὁ
1749 287 1809 305 κω-

1016 332 1088 359 λύων
1122 331 1171 366 τὴν
1195 330 1296 366 ἐτέρων
1323 328 1463 356 ἁπτὸλειαν
1490 327 1541 353 οὐκ
1561 327 1593 352 ἄν
1618 332 1683 350 ποτε
1714 324 1800 355 αὐτὸς

1017 377 1169 404 ἀπολεῖται.
1201 377 1230 403 ’0
1260 376 1374 411 σταυρδς
1400 374 1447 400 οὖν
1470 370 1545 405 πηγὴ
1561 369 1635 402 ζωὴς
1650 370 1773 402 αῐωνίου,
1794 370 1809 397 ὃ

1019 423 1149 458 λογισμδς
1172 422 1222 458 μὲν
1246 419 1346 453 ρᾳσίως
1374 416 1405 443 οὐ
1431 416 1627 452 παραδέχεται,
1656 416 1748 448 πίστις
1777 416 1808 443 δὲ

1017 464 1218 500 παραδέχεται,
1232 463 1366 498 νευροῦσα
1376 461 1423 489 τοῦ
1435 461 1567 497 λογισμοῦ
1582 461 1632 498 τὴν
1646 462 1806 490 ἀσθένειαν.

1018 510 1106 546 Χρεία
1131 509 1222 536 τοίνυν
1238 509 1367 541 πίστεως.

1054 556 1154 589 Οὕτως
1173 570 1209 576 -
1226 555 1358 583 αιώνιον.
1376 554 1470 586 Οὕτως
1484 555 1629 590 ἠγάπησεν
1650 555 1663 580 ὸ
1680 553 1745 585 Θεὸς
1760 553 1808 580 τὸν

1018 601 1131 636 κόσμον,
1148 602 1233 637 ἠγουν
1251 600 1378 629 τοσοῦτόν
1389 601 1446 627 ἐστι
1458 600 1663 636 φιλάνθρωπος,
1677 600 1747 627 ὥστε
1760 600 1808 626 τὸν

1017 647 1081 674 Υὶὸν
1093 646 1177 673 αὑτοῦ
1191 646 1237 673 τὸν
1246 647 1388 682 ἀγαπητὸν
1397 646 1528 678 ἐξέδωκεν
1541 647 1612 681 ὑπὲρ
1628 646 1682 673 τῶν
1698 646 1806 682 ἀνθρώ-

1018 702 1077 720 πων
1093 693 1133 725 είς
1157 692 1283 726 θάνατον,
1311 692 1354 720 ἵνα
1375 693 1429 723 πᾶς
1444 694 1458 719 ὁ
1473 691 1609 719 πιστεύων
1623 693 1663 722 εἰς
1678 692 1759 719 αὐτὸν
1771 693 1806 727 ζῇ

1018 738 1136 771 αἰωνίως
1159 739 1209 774 τὴν
1236 739 1378 773 μακαρέαν
1399 738 1483 774 ζωὴν,
1508 738 1558 773 τὴν
1573 738 1733 773 πρέπουσαν
1749 738 1808 770 τοῖς

1018 784 1118 818 ἁγίοις,
1137 783 1242 816 Ἔδειξε
1259 784 1351 811 τοίνυν
1366 785 1407 812 ὅτι
1423 785 1471 811 καὶ
1491 783 1530 819 τῷ
1551 784 1639 819 [ιατρὶ
1656 784 1725 810 κατὰ
1737 783 1809 817 γνώ-

1021 839 1074 866 μην
1097 831 1113 866 ὴ
1132 831 1297 866 σταύρωσις.
1325 832 1375 858 Ἐν
1402 832 1456 866 γὰρ
1483 832 1531 858 καὶ
1554 831 1586 858 τὸ
1611 831 1677 859 αὐτὸ
1700 831 1809 866 θέλημα

1021 878 1108 912 [la-rp!
1141 878 1189 905 καὶ
1219 878 1278 914 Υἱῷ
1306 878 1354 905 καὶ
1382 878 1452 913 ἁγίῳ
1485 877 1637 913 ιῐνεύματι.
1667 877 1752 903 Πάλιν
1778 877 1808 903 δέ

1014 925 1056 957 τὸ,
1078 925 1147 952 Ἵνα
1167 924 1227 958 πᾶς
1254 925 1270 952 ὁ
1294 924 1448 951 πιστεύων
1460 925 1504 957 εις
1521 924 1615 951 αὐτὲν
1624 923 1668 958 μὴ
1691 923 1809 956 ἀπόλη-

1013 971 1148 1004 τα1,ἁλλ’
1156 971 1211 1005 ἔχῃ
1225 970 1440 1005 ζωὴν-αἰώνιον,
1454 971 1493 1002 εἰς
1503 970 1648 1005 βεϐαίωσιν
1656 969 1702 996 τοῦ
1713 969 1806 1002 λόγου.

1058 1017 1138 1044 Ἀλλά
1155 1017 1227 1048 τίνος
1248 1016 1343 1043 ἕνεκεν
1361 1017 1374 1043 6
1391 1016 1456 1048 Θεὸς
1470 1016 1598 1052 ἠγάπησε
1610 1016 1655 1042 τὸν
1680 1016 1806 1050 κόσμονς

1014 1063 1127 1094 Πάντως
1139 1062 1172 1089 δι’
1180 1061 1257 1088 οὐδὲν
1270 1060 1364 1098 ἕτερον
1380 1061 1396 1098 ἤ
1412 1062 1445 1088 δι’
1458 1061 1611 1098 ὑπερϐολὴν
1622 1061 1806 1097 ἀγαθότητος.

1048 1154 1245 1190 Δῐσχυνθῶμεν
1256 1153 1303 1181 οὖν
1328 1153 1410 1182 αὐτοῦ
1422 1153 1471 1190 τὴν
1493 1153 1614 1188 ἀγάπην.
1643 1152 1730 1184 una;
1754 1152 1806 1187 μὲν

1013 1201 1067 1236 γὰρ
1077 1201 1137 1228 οὐδὲ
1151 1201 1196 1228 τοῦ
1215 1201 1280 1228 Υῐοῦ
1295 1201 1343 1228 τοῦ
1361 1200 1523 1235 μονογενοῦς
1538 1200 1663 1234 ἐφείσατο
1673 1199 1706 1226 δι’
1718 1199 1804 1233 ἡμᾶς·

1011 1247 1094 1282 ἡμεῖς
1122 1246 1150 1272 δέ
1180 1246 1228 1272 καὶ
1262 1246 1412 1282 χρημάτων
1444 1245 1591 1281 φειδόμεθα
1620 1245 1652 1271 δι’
1666 1244 1769 1276 αὑτὸν,
1789 1243 1805 1270 ὃ

1012 1293 1101 1319 πᾶσαν
1133 1292 1324 1327 ὑπερϐέϐηκεν
1351 1292 1434 1323 ὅντως
1460 1291 1638 1326 ἀχαριστίαν·
1671 1289 1708 1322 ὡς
1732 1288 1803 1316 εἶναι

1010 1337 1041 1365 τὸ
1065 1338 1171 1364 ἐκείνου
1201 1337 1251 1372 μὲν
1282 1336 1435 1372 ὑπερϐολὴν
1460 1336 1647 1371 ἀγαθὸτητος,
1676 1335 1707 1361 τὸ
1731 1335 1802 1370 ἡμὲ-

1011 1392 1090 1420 τερον
1118 1383 1165 1416 δὲ,
1193 1383 1346 1418 ὑπερϐολὴν
1375 1382 1543 1419 ἀχαριστίας.
1566 1381 1646 1409 Ἀλλὰ
1676 1380 1803 1416 καὶπρὸς

1011 1431 1057 1457 τὸν
1085 1430 1148 1457 Υἰὸν
1175 1430 1224 1465 τὴν
1251 1429 1310 1464 ἴσην
1339 1428 1535 1464 ἀγνωμοσύνην
1565 1426 1711 1463 τηροῦμεν,
1740 1426 1802 1452 ’Λν-

1013 1475 1115 1512 θρώπῳ
1138 1476 1187 1511 μέν
1213 1475 1268 1510 γὰρ
1295 1474 1365 1510 ὑπὲρ
1387 1474 1466 1510 ἡμῶν
1493 1472 1692 1504 κινδυνεύοντι,
1709 1472 1802 1498 πᾶσαν

171 1528 280 1547 omnem
306 1520 441 1547 tradimus
467 1519 646 1547 substantiam
665 1527 672 1546 :
693 1518 802 1546 Christo
819 1526 883 1545 vero
910 1518 957 1552 qui

1017 1522 1160 1557 προθύμως
1174 1520 1342 1556 ἐπιδώσομεν
1357 1521 1389 1547 ἂν
1403 1520 1452 1554 τὴν
1467 1519 1576 1546 οὐσίαν
1590 1519 1629 1554 τῷ
1645 1519 1674 1545 δέ
1688 1517 1802 1554 Χριστῷ

174 1574 224 1601 pro
239 1566 318 1593 nobis
342 1570 466 1592 mortuus
486 1570 538 1598 est,
557 1573 646 1600 neque
670 1565 740 1592 hanc
756 1564 957 1592 benevolentia:

173 1619 331 1639 mensuram
355 1611 517 1638 exhibemus
541 1618 550 1638 :
574 1611 623 1639 sed
645 1609 742 1638 fratres
753 1610 812 1644 ejus
829 1610 958 1638 minimos

172 1657 339 1692 despicimus
347 1657 510 1689 esurientes,
520 1657 626 1691 aliaque
638 1656 754 1692 pluritna
768 1656 938 1683 sustinentes
952 1664 959 1682 :

173 1704 260 1739 magis
275 1708 365 1730 autem
379 1703 479 1738 ipsum,
496 1704 542 1738 qui
559 1703 627 1730 mala
645 1703 752 1730 illorum
767 1710 817 1738 per
835 1710 961 1738 compas-

173 1750 279 1778 sioucm
299 1757 348 1785 pro
364 1749 423 1777 suis
441 1750 526 1777 ducit.

207 1841 284 1870 Vers.
304 1842 346 1869 l7.
362 1841 423 1868 Non
450 1857 485 1863 -—
511 1850 582 1869 eum.
598 1841 685 1869 Aliam
709 1848 818 1876 quoque
845 1841 893 1868 Dei
916 1849 960 1869 os-

173 1887 260 1915 tendit
277 1887 475 1914 humanitatem
495 1894 528 1914 ac
549 1886 716 1914 ineﬁ‘abilem
733 1894 813 1921 quam
833 1893 896 1922 erga
908 1894 959 1914 nos

171 1933 242 1969 gerit
258 1940 363 1961 curam.
380 1933 475 1968 Neque
485 1933 556 1960 enim
571 1933 660 1960 solum
674 1932 749 1960 dedit
764 1932 863 1960 Filium
879 1940 958 1960 suum

172 1979 353 2015 unigenitum,
368 1979 414 2006 sed
427 1983 454 2006 et
464 1978 597 2014 judicium
610 1977 714 2013 rejecit,
724 1985 756 2005 ac
768 1977 795 2004 in
808 1978 958 2006 secundum

171 2025 232 2059 ejus
245 2024 349 2052 distulit
363 2024 520 2052 adventum.

206 2070 265 2098 Duo
274 2070 407 2105 siquidem
417 2069 516 2098 Christi
527 2075 590 2097 sunt
600 2071 795 2107 adventus,qui
806 2072 861 2106 jam
872 2071 959 2099 factus

171 2120 213 2143 est
237 2120 265 2143 ct
288 2116 333 2150 qui
364 2115 474 2143 futurus
501 2121 552 2143 est.
578 2115 637 2143 Non
656 2121 720 2144 sunt
745 2123 836 2145 autent
860 2117 887 2144 hi
905 2118 958 2144 duo

171 2160 205 2187 ad
219 2160 329 2188 eosdem
346 2161 430 2194 ﬁnes;
447 2166 489 2188 est
504 2161 577 2188 cnim
592 2161 697 2196 primus
710 2170 765 2189 non
780 2167 808 2189 ut
827 2162 956 2197 inquirat,

1011 1567 1045 1594 δι’
1068 1567 1143 1601 ἡμᾶς
1171 1566 1354 1598 ἀποθανόντι,
1376 1565 1438 1592 οὐδέ
1466 1565 1543 1591 τοῦτο
1569 1565 1599 1590 τὺ
1626 1564 1725 1599 μέτρον
1751 1562 1803 1597 τῆς

1011 1611 1221 1647 εὐγνωμοσύνης
1245 1611 1425 1646 φυλάττομεν,
1450 1611 1518 1637 ἀλλὰ
1549 1610 1712 1645 παρορῶμεν
1735 1609 1802 1640 τοὺς

1015 1657 1147 1692 ἀδελφοὺς
1169 1657 1264 1689 αὑτοῦ,
1289 1658 1353 1689 τοὺς
1378 1657 1546 1692 ἐλαχίστους,
1578 1655 1728 1687 πεινῶντας
1752 1654 1803 1681 καὶ

1012 1703 1170 1738 διψῶντας,
1216 1703 1263 1730 καὶ
1301 1703 1385 1730 τᾶλλα
1423 1703 1517 1730 πάντα
1553 1701 1801 1732 κακοπαθοῦντας,

1015 1748 1114 1783 μᾶλλον
1130 1748 1159 1775 δὲ
1176 1748 1257 1775 αὐτὸν
1272 1748 1385 1781 ἐκεῖνον,
1401 1747 1446 1775 τδν
1465 1747 1499 1775 τὰ
1511 1747 1622 1775 ἐκείνων
1647 1745 1801 1782 συμπαθῶς

1012 1794 1208 1830 οίκειούμενον.
1486 1830 1489 1832 _

1046 1842 1087 1869 Οὐ
1100 1856 1135 1862 --
1151 1841 1256 1869 αὐτοῦ.
1272 1841 1397 1869 Δείκνυσι
1408 1841 1455 1868 καὶ
1465 1840 1547 1876 ἄλλην
1557 1840 1605 1867 τοῦ
1619 1839 1687 1866 Θεοῦ
1703 1838 1802 1873 φιλαν-

1012 1887 1135 1923 θρωπίαν
1149 1888 1196 1914 καὶ
1211 1887 1378 1922 κηδεμονίαν
1393 1888 1507 1922 ἄφατον.
1528 1887 1565 1913 Οὐ
1582 1886 1662 1921 μόνον
1682 1885 1736 1920 γὰρ
1753 1884 1802 1910 τὴν

1013 1935 1076 1961 Υἱὶν
1088 1933 1170 1961 αὑτοῦ
1184 1934 1229 1960 τὸν
1241 1934 1372 1969 μονογενῆ
1385 1933 1495 1965 ἔδωκεν,
1512 1932 1581 1959 ἀλλὰ
1601 1933 1649 1959 καὶ
1668 1931 1716 1966 τὴν
1733 1931 1799 1965 ιιρί-

1012 1989 1055 2006 σιν
1069 1979 1224 2011 ἁνεὸάιλετο,
1234 1979 1280 2005 xui.
1296 1979 1334 2010 είς
1349 1978 1399 2012 τὴν
1410 1977 1539 2014 δευτέραν
1548 1977 1698 2013 παρουσίαν
1711 1976 1801 2011 αὐτὴν

1010 2025 1201 2060 ἐταμιεύσατο.

1047 2071 1099 2098 Δύο
1111 2071 1166 2106 γὰρ
1185 2070 1213 2096 αἱ
1229 2069 1276 2096 τοῦ
1297 2069 1415 2106 Χριστοῦ
1432 2069 1589 2105 παρουσέαι,
1608 2069 1626 2104 ἡ
1645 2068 1693 2104 ἤδη
1716 2076 1800 2102 γεγε-

1009 2117 1113 2152 νημένη
1128 2116 1175 2142 καὶ
1190 2116 1206 2151 ἡ
1224 2115 1367 2150 μέλλουσα.
1389 2115 1446 2142 Οὐκ
1463 2116 1511 2142 ἐπὶ
1527 2116 1582 2146 τοῖς
1599 2115 1691 2146 αὐτοῖς
1718 2114 1746 2140 δέ
1769 2115 1800 2140 αι

1009 2163 1066 2190 δύο.
1084 2163 1155 2190 Ἀλλ’
1171 2163 1188 2197 ὴ
1201 2162 1295 2197 πρώτη
1313 2161 1363 2196 μὲν
1379 2162 1428 2198 οὐχ
1439 2162 1484 2189 ἵνα
1499 2162 1613 2198 ἐξετάσῃ
1635 2162 1670 2188 τὰ
1690 2169 1785 2196 πεπρα
1795 2177 1801 2181 -

172 2206 220 2233 sed
236 2212 265 2233 ut
275 2207 397 2234 remittat
413 2214 473 2241 quae
488 2194 687 2235 abltominibus
704 2213 856 2242 perpetrata
865 2194 933 2236 sunt
948 2218 954 2235 :

1017 2208 1100 2243 γμένα
1134 2194 1190 2239 τοῖς
1216 2194 1379 2243 ἀνθρῶποις,
1399 2194 1456 2233 ἀλλ’
1485 2194 1528 2234 ἵνα
1564 2194 1619 2243 άτέῇ
1641 2228 1648 2235 .
1685 2194 1802 2241 δευτέρα

173 2251 311 2279 secundus
326 2259 391 2279 vero
405 2260 461 2279 non
482 2257 512 2279 ut
539 2253 671 2288 remittat,
701 2254 748 2281 sed
774 2259 804 2282 ut
826 2254 955 2290 inquirat.

171 2300 221 2328 llic
233 2307 299 2335 ergo
313 2299 347 2327 de
365 2299 454 2334 primo
469 2298 604 2334 loquitur.

206 2347 287 2381 Atqui
300 2347 381 2373 etiam
394 2346 498 2380 primus
514 2346 751 2374 condcmnationis
762 2352 830 2376 erat.
842 2348 864 2374 si
885 2347 958 2382 quod

171 2400 269 2420 verum
290 2397 332 2420 est
356 2392 435 2419 fateri
462 2393 602 2425 volumus;
634 2400 696 2419 nam
723 2397 786 2420 ante
815 2393 888 2420 hunc
915 2394 957 2420 lex

170 2439 307 2467 naturalis
316 2443 385 2472 erat,
398 2443 425 2466 et
440 2439 483 2466 lex
500 2439 600 2474 scripta
614 2447 644 2466 ac
658 2439 809 2474 prophetat,
825 2439 957 2467 doctrinae

171 2491 199 2513 et
214 2485 352 2520 signorum
368 2485 562 2516 exhibitiones.
583 2485 691 2519 aliaque
708 2485 794 2513 multa
816 2493 876 2521 qua:
893 2485 957 2513 vita:

171 2530 297 2558 instituta
303 2530 473 2566 eorrigerent
484 2539 490 2557 :
499 2535 527 2557 et
541 2538 715 2566 consequens
724 2535 820 2558 eratut
833 2530 954 2558 omnium

170 2577 403 2613 transgressiones
432 2577 603 2613 punirentur.
633 2577 685 2604 Sed
713 2585 774 2605 cum
807 2578 953 2606 admodum

171 2623 309 2650 humanus
338 2626 421 2655 esset,
456 2630 510 2650 non
542 2623 632 2650 statim
648 2623 681 2650 de
721 2623 800 2650 malis
833 2623 954 2658 inquire—

169 2669 228 2700 bat.
253 2668 300 2696 sed
324 2667 500 2703 ignoscebat;
526 2675 588 2695 nam
614 2668 636 2696 si
661 2668 828 2703 inquisisset.
860 2676 955 2697 omnes

170 2716 251 2743 simul
279 2715 385 2751 abrepti
415 2719 516 2747 essent,
544 2723 640 2743 omnes
668 2715 801 2750 siquidem
826 2723 955 2750 peccave-

170 2760 371 2789 rant”.Nune
395 2768 461 2797 ergo
485 2762 561 2789 venit
572 2765 602 2788 ut
627 2762 661 2789 de
674 2761 821 2797 praeteritis
845 2762 952 2789 veniam

222 2852 246 2867 ⁸³
259 2851 338 2880 Rom.
358 2860 386 2885 ιι,
403 2852 450 2879 e5.

1009 2255 1037 2282 δὲ
1054 2256 1102 2291 οὐχ
1120 2256 1163 2282 ἵνα
1174 2255 1241 2291 ἀφῇ,
1261 2254 1319 2282 ἀλλ’
1331 2255 1374 2282 ἵνα
1389 2254 1515 2291 ἐξετάσῃ.
1538 2254 1595 2282 Νῦν
1622 2254 1672 2290 τῆς
1685 2253 1803 2288 πρώτης

1006 2301 1052 2328 οὖν
1069 2302 1133 2337 πέρι
1151 2301 1227 2337 φησι.

1045 2349 1143 2376 Καίτοι
1157 2349 1204 2375 καὶ
1223 2349 1238 2383 ἡ
1260 2348 1355 2383 ’πρώτη
1367 2348 1484 2384 κρίσεως
1501 2346 1537 2384 ἦν
1562 2348 1595 2375 ἂν
1608 2348 1680 2375 κατὰ
1689 2348 1735 2375 τὸν
1750 2348 1798 2375 τοῦ

1006 2394 1112 2421 δικαίου
1127 2394 1218 2428 λόγον,
1233 2394 1300 2421 διότι
1315 2394 1368 2430 πρὸ
1385 2395 1487 2430 ταύτης
1501 2395 1549 2421 καὶ
1561 2395 1642 2429 νόμος
1663 2392 1698 2430 ἧν
1717 2403 1799 2429 φυσι-

1007 2441 1054 2472 κὸς
1071 2441 1116 2467 καὶ
1127 2441 1208 2476 νόμος
1221 2441 1342 2476 γραπτδς
1355 2442 1402 2468 καὶ
1412 2441 1548 2477 προφῆται
1564 2441 1610 2468 καὶ
1626 2440 1800 2467 διδασκαλίαι

1007 2487 1052 2513 καὶ
1067 2487 1188 2521 σημείων
1202 2486 1347 2519 ἐπιδείξεις
1359 2487 1406 2514 καὶ
1429 2487 1513 2514 πολλὰ
1527 2487 1561 2513 τὰ
1576 2487 1734 2522 διορθοῦντα
1750 2486 1801 2521 τὴν

1006 2532 1156 2564 πολιτείαν,
1170 2532 1218 2558 καὶ
1234 2532 1380 2559 ἀκόλουθον
1395 2531 1429 2568 ἦν
1450 2533 1565 2564 εὐθύνας
1581 2533 1690 2560 πὰντων
1712 2533 1802 2558 ἀπαι-

1005 2577 1131 2612 τηθῆναι·
1153 2577 1210 2603 ἀλλ’
1224 2577 1262 2609 ὡς
1278 2577 1348 2611 ἄγαν
1372 2577 1575 2612 φιλάνθρωπος,
1598 2579 1648 2605 οὐκ
1671 2577 1754 2608 εὐθὺς
1769 2579 1802 2604 ἐν

1003 2624 1037 2658 τῇ
1066 2623 1160 2658 πρώτῃ
1187 2623 1334 2658 ἐποιήσατο
1359 2624 1499 2656 ἐξέτασιν,
1517 2624 1584 2651 ἀλλὰ
1608 2623 1798 2658 συγχώρησιν.

1010 2670 1041 2696 El
1058 2669 1112 2705 γὰρ
1135 2669 1263 2704 ἐξήτασε,
1280 2669 1379 2702 πάντες
1403 2670 1436 2697 ἂν
1452 2670 1549 2706 ἀθρόον
1568 2669 1800 2706 ἀνηρπάσθησαν.

1010 2715 1114 2746 Πάντες
1126 2715 1180 2750 γὰρ
1195 2715 1329 2750 ἥμαρτον,
1348 2715 1424 2750 φησί.
1440 2716 1496 2743 Νῦν
1518 2717 1567 2752 μὲν
1582 2715 1630 2744 οὖν
1649 2714 1712 2753 ἧκε,
1733 2727 1801 2753 συγ-

1008 2762 1106 2799 χωρῶν
1123 2763 1172 2797 μέν
1186 2761 1220 2789 τὰ
1233 2762 1366 2798 πρότερα,
1387 2763 1602 2801 ἀσφαλιζόμενος
1623 2765 1652 2792 δέ
1680 2765 1750 2801 πρὸς
1765 2766 1802 2793 τὰ
