1919 3076
205 97 273 128 1175

831 107 1022 141 EUTHYMII
1042 113 1223 147 ZIGABENI

240 153 317 186 Quod
335 160 426 183 autent
448 157 550 186 dictum
579 164 630 192 est,
656 160 689 187 Ut
707 163 917 198 manifestmtur,
937 173 972 194 no

269 200 406 214 :-.s-l|!_-_
420 203 474 214 Ιηᾼ.
504 213 508 214 ν
527 213 545 214 νγ
570 206 574 211 -
601 207 608 214 1
680 208 686 214 υ
738 209 747 214 .-

1089 143 1222 147 .κν-μ--ι-
1769 143 1841 157 ιιιυ

1080 166 1117 197 Τὸ
1130 171 1159 198 δὲ
1176 172 1243 199 Ἵνα
1259 174 1427 209 φανερωθῇ.
1444 176 1570 212 εἴρηται,
1595 177 1644 214 οὐχ
1663 178 1702 210 ὡς
1728 180 1841 206 ἐκείνου

200 205 241 226 est
269 200 479 238 intelligendum
499 206 576 240 quasi
601 207 653 234 hoc
679 208 706 235 in
736 209 807 238 facto
841 219 891 239 suo
919 220 993 247 qua:-

200 251 250 278 rat,
278 247 325 274 sed
351 253 480 284 tanquam
514 251 552 278 rei
586 257 781 289 consequentia
810 257 862 286 hoc
889 258 992 286 facien-

199 295 245 325 te;
273 294 344 321 solet
368 302 485 331 namque
510 297 556 325 lux
582 300 757 330 manifestare
782 311 841 338 qua:
867 305 991 339 proxima

197 342 273 365 sunt.

235 382 313 410 Vers.
334 384 378 413 2‘2.
397 385 514 413 Post/uec
529 403 562 408 —
582 389 762 424 baptizabant.
786 393 839 429 ipsi
867 395 989 431 baptiza-

197 427 273 461 bant,
291 436 342 456 non
376 430 430 458 ille.
464 433 534 461 Dicit
548 435 619 462 enim
647 436 674 463 in
702 427 878 472 sequentibus
903 427 988 470 evan-

198 473 304 508 gelista,
335 476 407 510 quod
443 478 501 513 ipse
530 478 608 508 Jesus
643 489 698 509 non
736 483 901 520 baptizabat,
938 489 987 516 sed

197 519 324 555 discipuli
350 523 422 557 ejus.
448 523 589 560 Siquidem
618 527 670 563 (bb)
692 530 730 562 ",
746 519 786 558 .ut
805 539 852 559 eos
867 519 913 568 qui
929 542 988 562 cre.

195 565 279 593 ditari
301 572 380 596 erant
400 577 450 597 nec
467 574 679 607 concurrebant,
697 574 748 604 hoc
764 578 845 606 modo
869 587 986 615 congre—

195 616 291 645 garent
321 613 402 648 (quod
430 615 458 641 in
493 615 603 646 Simone
639 618 703 647 fecit
743 622 866 651 Andreas
894 613 937 652 et_
957 626 985 653 in

193 655 345 686 Nathanaél
360 658 512 696 Philippus)
530 662 667 698 baptizare
678 666 747 701 jussi
770 674 843 702 sunt,
870 674 900 697 ut
914 672 986 698 mul-

194 705 237 729 tas
255 702 336 730 simul
352 705 507 733 coadunare
528 714 659 743 possent;
686 719 755 746 quos
771 714 853 741 etiam
877 723 909 742 ea
925 724 984 751 quae

192 748 226 774 dc
241 747 352 777 Christo
372 755 452 778 erant
475 752 635 788 edocentes,
653 756 798 792 Salwtori,
828 761 874 796 qui
897 747 982 797 prope

191 793 297 826 aderat.
319 795 482 825 oll'erebant.

1045 213 1125 240 τοῦτο
1138 214 1295 250 ζητοῦντος,
1311 216 1369 243 ἀλλ’
1383 217 1420 250 ὡς
1435 218 1485 253 τῆς
1508 219 1668 252 ἀκολουθίας
1687 220 1734 247 τοῦ
1762 223 1839 256 πρά-

1044 267 1149 294 γματος
1165 260 1245 289 τοῦτο
1258 263 1399 298 ποιούσης.
1415 264 1500 292 Εῐωθε
1515 265 1568 302 γὰρ
1582 266 1613 293 τὸ
1627 267 1685 302 φῶς
1698 267 1839 303 φανεροῦν

1043 306 1078 332 τὰ
1092 307 1245 341 ἐγγίζοντα.

1077 352 1160 379 Μετὰ
1179 354 1280 382 ,ταῦτα
1302 370 1337 375 -
1359 355 1526 387 ἐϐάπτιζον.
1567 357 1649 384 Αὐτοὶ
1672 358 1834 392 ἐϐάπτιζον,

1042 398 1092 425 οὒκ
1108 399 1221 432 ἐκεῖνος.
1238 401 1307 435 Φησὶ
1329 403 1384 438 γὰρ
1407 402 1511 438 προϊὼν
1530 404 1544 429 6
1558 403 1766 440 ,εὐαγγελιστὴς
1790 405 1835 432 ὅτι

1041 444 1146 479 Ἰησοῦς
1161 445 1242 477 αὐτὸς
1256 447 1305 473 οὐκ
1317 446 1475 481 ἐϐάπτιζεν,
1492 447 1549 475 ἀλλ’
1563 449 1587 475 οἰ
1606 449 1725 484 μαθηταὶ
1736 449 1833 478 αὐτοῦ.

1042 491 1100 518 ἰνα
1127 491 1182 527 γὰρ
1208 491 1246 527 μὴ
1273 494 1492 529 περιτρέχοντες,
1508 494 1579 521 οὕτω
1607 495 1743 529 συνάγωσι
1767 496 1836 528 τοὺς

1039 537 1197 571 ὀφείλοντας
1215 538 1364 572 πιστεύειν,
1379 539 1448 575 ὅπερ
1462 540 1509 567 ἐπὶ
1520 540 1567 567 τοῦ
1590 541 1710 576 Σίμωνος
1727 542 1742 567 6
1773 542 1836 568 Ἀν-

1038 582 1120 618 δρέας
1137 584 1260 620 ἐποίησε,
1286 586 1333 612 καὶ
1355 586 1401 612 ἐπὶ
1416 586 1463 613 τοῦ
1481 586 1630 619 Ναθαναὴλ
1645 588 1658 614 ὁ
1676 588 1811 620 Φίλιππος
1823 595 1832 603 ·

1037 629 1068 654 τὸ
1083 623 1226 663 βαπτίζειν
1251 631 1440 666 ἐνεστήσαντο,
1461 631 1610 665 δυνάμενον
1631 632 1745 665 πολλοὺς
1770 634 1834 668 ἅμα.

1039 675 1169 709 συνάγειν
1184 695 1192 707 ,
1211 673 1252 707 οἷς
1267 676 1335 711 ὁμοῦ
1356 677 1390 704 τὰ
1410 677 1473 713 περὶ
1488 677 1536 705 τοῦ
1555 678 1674 713 Χριστοῦ
1690 679 1835 706 διδάσκον-

1036 728 1091 753 τες,
1108 721 1277 757 προσέφερον
1292 723 1389 755 αὐτοὺς
1406 723 1488 758 ἐγγὺς
1504 724 1562 751 liv-rt
1575 724 1614 760 τῷ
1632 725 1750 760 Σωτῆρι.

225 839 355 872 Quasdam
379 848 470 871 autem
499 847 664 882 exemplaria
703 849 813 878 habent.
839 852 873 880 Et
892 853 974 889 bapti-

1070 854 1138 882 Τινὰ
1151 855 1207 889 (59)
1222 856 1251 883 δὲ
1269 856 1324 884 τῶν
1337 857 1523 893 ἀντιγράφων.
1540 858 1595 885 Καὶ
1608 857 1743 889 ἐϐάπτιζὲ
1757 859 1830 893 γράπ

190 885 278 919 subat,
308 887 381 922 quod
408 888 490 917 etiam
511 892 600 926 ipsum
628 894 798 931 intelligitur,
825 900 896 933 quod
920 885 976 929 non

191 937 241 964 per
272 931 404 967 seipsum,
430 935 476 962 sed
505 943 555 971 per
584 938 732 975 discipulos
758 931 840 971 suos_
861 945 913 973 hoc
937 946 977 973 fa-

190 981 276 1004 ceret.

229 1022 304 1053 Vers.
343 1025 389 1055 25.
416 1028 621 1060 Erat—-Vers.
653 1033 699 1060 24.
726 1033 851 1064 Joannes.
880 1038 977 1072 VASnon

190 1074 218 1097 οι
249 1070 344 1106 Salim,
369 1075 428 1103 loca
448 1076 572 1111 quaedam
589 1083 669 1106 erant
694 1080 729 1107 ita
747 1070 897 1111 nominata.

223 1118 359 1149 Prmterea
378 1121 498 1150 Joannes
511 1124 666 1159 baptizabat
695 1127 782 1155 donec
796 1129 822 1156 in
838 1138 976 1158 carcerem

189 1165 380 1201 conﬁceretur,
402 1173 431 1195 ut
455 1169 584 1197 continue
604 1177 697 1206 posset
716 1173 813 1202 dOCcre
831 1175 865 1202 de
895 1176 978 1204 Chri—

188 1213 241 1243 sto,
270 1216 298 1239 et
321 1212 471 1248 baptizatos
497 1215 533 1243 ad
563 1224 625 1244 eum
659 1220 862 1254 transmittere;
884 1227 911 1250 et
944 1231 978 1251 ne

188 1256 248 1284 zelo
271 1262 319 1285 aut
335 1258 375 1286 ira
400 1267 523 1288 cessasse
541 1262 690 1297 videretur,
710 1265 759 1293 sed
783 1267 874 1301 potius
894 1268 927 1296 de
945 1277 978 1297 eo

187 1302 356 1337 crederetur,
383 1306 455 1340 quod
483 1307 585 1336 Christi
612 1309 752 1345 discipulis
785 1319 978 1348 cooperaretur

187 1347 403 1386 baptizatosquc,‘
429 1353 463 1380 ad
496 1362 559 1382 eum
584 1355 742 1388 adduceret.
765 1358 798 1386 Et
830 1347 921 1395 tertio,
944 1370 978 1391 ne

187 1395 334 1430 discipulos
355 1406 420 1427 suos
443 1399 477 1427 ad
495 1401 625 1436 majorem
635 1403 835 1432 aemulationem
849 1409 979 1436 accende-

186 1446 239 1469 ret.
258 1441 324 1470 Nam
350 1444 373 1471 si
391 1445 492 1473 millies
529 1446 660 1481 clamans,
687 1456 849 1485 semperque
876 1453 977 1487 primas

1029 907 1135 934 φουσιν,
1148 899 1163 927 ὃ
1178 901 1226 927 καὶ
1239 901 1305 928 αὐτὸ
1322 902 1431 936 νοεῖται,
1448 902 1490 929 ὅτι
1504 902 1533 929 οὺ
1549 902 1583 930 δι’
1599 903 1695 930 ἑαυτοῦ
1719 924 1727 937 ,
1754 904 1830 931 ἀλλὰ

1029 945 1073 972 διὰ
1084 946 1138 974 τῶν
1153 946 1284 982 μαθητῶν
1299 947 1392 976 αὐτοῦ.

1064 1031 1121 1062 Ἦν
1135 1051 1170 1056 -
1190 1035 1345 1070 Ἰωάννης.
1363 1036 1419 1063 Καὶ
1444 1037 1458 1063 ὀ
1487 1036 1575 1064 Δῑνὼν
1602 1037 1651 1065 καὶ
1673 1038 1688 1064 ὁ
1714 1037 1813 1074 Σαλὴμ

1028 1080 1106 1108 τόποι
1122 1081 1195 1113 τινὲς
1211 1078 1281 1117 ἦσαν
1294 1082 1365 1109 οὕτω
1379 1082 1551 1118 καλούμενοι.

1067 1128 1127 1154 Ἔτι
1142 1127 1196 1154 δὲὸ
1220 1127 1346 1164 Ἰωάννης
1369 1128 1516 1161 essent“
1532 1129 1596 1166 άχρι
1617 1130 1665 1157 τοῦ
1691 1129 1826 1165 βληθῆναι

1029 1174 1070 1206 εὶς
1083 1174 1132 1209 τὴν
1151 1174 1285 1210 φυλακὴν,
1312 1175 1354 1202 ῐνα
1374 1175 1506 1211 διηνεκῶς
1524 1176 1580 1210 ἔχοι
1599 1176 1735 1203 διδάσκειν
1758 1177 1827 1211 περὶ

1029 1219 1077 1246 τοῦ
1105 1220 1242 1254 Χριστοῦ,
1272 1220 1406 1251 καὶτοὺς
1435 1220 1650 1256 βαπτιζομένους
1676 1222 1827 1257 παραπέμ.

1030 1274 1092 1292 πειν
1108 1265 1164 1303 (ιο)
1179 1267 1219 1298 είς
1234 1266 1315 1293 αὐτόν
1326 1274 1333 1282 ’
1349 1266 1396 1293 καὶ
1413 1266 1456 1293 ἵνα
1473 1267 1512 1302 μὴ
1526 1267 1588 1301 δόξῃ
1614 1267 1687 1302 ζήλῳ
1709 1268 1725 1302 ἢ
1752 1268 1823 1303 ὀργῇ

1031 1311 1210 1345 παύσασθαι,
1239 1312 1296 1339 ἀλλ’
1316 1312 1361 1339 ἵνα
1396 1313 1497 1347 μᾶλλον
1528 1313 1717 1348 ὐποπτεύηται
1748 1322 1822 1348 συμ-

1029 1358 1158 1393 πράττειν
1174 1358 1230 1390 τοῖς
1244 1358 1381 1393 μαθηταῖς
1395 1357 1442 1385 τοῦ
1458 1359 1589 1394 Χριστοῦ,
1606 1359 1653 1386 καὶ
1670 1358 1823 1394 προσάγειν

1029 1405 1092 1436 τοὺς
1113 1404 1330 1439 βαπτιζομένους
1341 1412 1347 1419 '
1362 1404 1409 1431 καὶ
1427 1404 1578 1439 τρίτον,ἵνα
1595 1406 1633 1440 μὴ
1644 1406 1707 1436 τοὺς
1720 1405 1821 1432 ἑαυτοῦ

1031 1448 1154 1484 μαθητὰς
1187 1449 1228 1480 εις
1257 1448 1367 1474 πλείονα
1395 1447 1561 1482 ζηλοτυπίαν
1584 1448 1733 1486 ἐξάψῃηΕἰ
1764 1449 1820 1484 γὰρ

187 1487 296 1516 Christo
321 1491 486 1525 concedens,
502 1498 530 1521 et
563 1499 669 1522 tantum
687 1503 748 1523 sese
761 1496 904 1532 dejiciens,
920 1506 974 1525 non

1034 1494 1160 1529 μυριάκις
1185 1493 1267 1529 βοῶν,
1289 1493 1337 1520 καὶ
1352 1493 1396 1520 ἀεὶ
1416 1493 1470 1520 τῶν
1487 1493 1630 1529 πρωτείων
1650 1493 1688 1528 τῷ
1707 1494 1821 1545 Χριστῷ

186 1534 323 1566 persuasit
359 1536 400 1564 eis
436 1539 509 1572 quod
542 1540 616 1567 illius
653 1549 806 1575 praecursor
835 1547 924 1577 esset,
951 1543 973 1570 si

1034 1541 1209 1576 παραχωρῶν,
1221 1541 1267 1567 καὶ
1279 1539 1406 1567 τοσοῦτον
1427 1539 1523 1566 ἑαυτὸν
1535 1539 1666 1571 ὲλαττῶν,
1679 1540 1727 1566 οὐκ
1742 1540 1820 1566 ἔπει-

184 1577 315 1614 deinceps
338 1580 476 1616 baptizare
502 1591 649 1618 cessasset,
678 1588 771 1621 procul
791 1588 874 1615 dubio
900 1590 973 1617 omni

185 1625 339 1658 postposito
364 1628 468 1662 pudore
493 1631 545 1658 sub
574 1637 705 1666 praetextu
722 1634 874 1662 honorandi
891 1635 976 1671 πηοςὶ-

185 1669 246 1702 stri,
262 1678 380 1707 eumque
398 1677 586 1709 praeponendi,
603 1683 698 1706 contra
713 1679 851 1708 Christum
868 1686 895 1709 et
910 1669 974 1716 apo-

184 1715 269 1744 stolos
287 1718 371 1746 multa
388 1720 601 1751 deblaterassent
615 1723 676 1759 (cr).
692 1725 769 1758 Quod
785 1727 866 1754 etiam
883 1715 974 1756 sciens

184 1761 310 1790 Christus
343 1769 409 1792 tunc
438 1768 575 1803 pracipue
603 1771 688 1805 coepit
722 1772 880 1806 praedicare,
911 1781 972 1801 cum

183 1807 303 1838 Joannes
320 1818 335 1838 e
349 1812 438 1840 medio
456 1814 579 1843 sublatus
600 1820 653 1844 est.

221 1855 297 1883 Unde
339 1863 368 1885 et
402 1859 645 1895 Chrysostomus:
680 1862 836 1898 Propterea,
871 1865 971 1900 inquit,

182 1902 280 1936 opinor
300 1911 501 1940 praeproperam
525 1907 564 1934 illi
589 1915 748 1937 concessam
765 1918 826 1938 esse
842 1916 970 1943 mortem,

182 1953 213 1975 ut
226 1950 315 1977 omnis
334 1950 448 1979 aﬂ'ectus
467 1953 647 1982 multitudinis
670 1955 698 1982 in
716 1955 854 1983 Christum
880 1963 971 1985 trans-

181 1995 372 2025 funderetur:
406 2006 457 2026 nec
493 1999 623 2036 deinceps
658 2002 848 2030 dividerentur
889 2005 971 2032 variis

181 2041 214 2068 de
239 2047 354 2078 utroque
377 2045 528 2073 sententiis.

216 2087 293 2120 Quod
310 2090 332 2116 si
360 2091 420 2124 quis
452 2091 572 2126 requirat
606 2093 671 2127 quid
707 2095 823 2130 amplius
854 2096 971 2124 habebat

179 2133 332 2168 baptismus
350 2136 544 2172 discipulorum
557 2146 638 2175 supra
653 2140 817 2176 baptismum
836 2142 970 2171 Joannis?

1028 1595 1073 1613 σεν
1088 1588 1186 1619 αὐτοὺς
1205 1587 1301 1622 ἐκείνῳ
1322 1585 1524 1622 προσδραμεῖν·
1543 1586 1567 1612 εῑ
1593 1586 1686 1612 λοιπὸν
1709 1585 1817 1620 ἀπέστη

1025 1631 1072 1658 καὶ
1087 1631 1133 1658 τοῦ
1148 1631 1301 1667 βαπτίζειν,
1316 1630 1535 1666 ὴναισχύντησαν
1563 1630 1605 1663 ἂν,
1619 1630 1667 1657 καὶ
1682 1631 1818 1665 προφάσει

1025 1678 1073 1705 τοῦ
1100 1679 1256 1714 ὑπερτιμᾷν
1268 1677 1313 1704 τὸν
1330 1677 1503 1709 διδᾶσκαλον,
1523 1676 1672 1712 ὲλΰττησαν
1689 1676 1721 1704 ἂν
1744 1676 1818 1704 κατὰ

1024 1725 1079 1752 τῶν
1119 1724 1279 1751 ἀποστόλων
1311 1724 1359 1751 καὶ
1384 1724 1431 1750 τοῦ
1460 1723 1588 1758 Χριστοῦ.
1618 1724 1702 1750 Τοῦτο
1726 1724 1774 1750 καὶ
1803 1723 1818 1749 ὁ

1024 1771 1141 1806 Χριστὸς
1159 1770 1249 1802 εἰδὼς,
1269 1770 1329 1797 τότε
1346 1770 1447 1805 μᾶλλον
1464 1769 1566 1806 ἤρξατο
1591 1769 1750 1806 κηρύσσειν,
1769 1769 1817 1797 ὅτε

1023 1817 1037 1843 ὁ
1059 1817 1184 1850 Ἰωάννης
1196 1817 1228 1843 ἔκ
1244 1816 1328 1851 μέσου
1352 1816 1457 1850 γέγονε.

1057 1863 1127 1898 Φησὶ
1141 1863 1169 1889 δὲ
1187 1864 1201 1889 ὁ
1215 1862 1411 1898 Χρυσόστομος
1425 1864 1465 1890 ὅτι
1481 1861 1566 1898 Οἶμαι
1585 1862 1641 1899 (Η)
1671 1862 1715 1890 διὰ
1731 1862 1816 1889 τοῦτο

1024 1908 1235 1944 συγχωρηθῆναι
1251 1910 1385 1945 ταχίστην
1403 1909 1478 1944 αὺτῷ
1491 1909 1621 1944 γενέσθαι
1648 1909 1697 1944 τὴν
1715 1908 1814 1935 τελευ-

1022 1954 1082 1990 τὴν,
1104 1955 1146 1981 ἵνα
1159 1956 1234 1981 πᾶσα
1251 1954 1298 1981 τοῦ
1312 1955 1433 1991 πλήθους
1448 1956 1465 1990 ὴ
1491 1954 1612 1987 διάθεσις
1625 1955 1673 1981 ἐπὶ
1686 1955 1731 1982 τὸν
1745 1955 1816 1990 Χρι-

1023 1999 1087 2027 στὸν
1107 1999 1236 2036 μετέλθῃ,
1255 2000 1302 2027 καὶ
1318 2001 1417 2036 μηκέτι
1436 2000 1585 2036 σχίζωνται
1599 2002 1660 2032 ταῖς
1673 2001 1739 2036 περὶ
1755 2001 1814 2035 ἀμ-

1023 2045 1145 2081 φοτέρων
1157 2045 1292 2080 γνώμαις.

1057 2091 1089 2117 El
1104 2091 1133 2117 δέ
1147 2099 1189 2122 τις
1203 2090 1325 2123 ἐξετάζοι
1344 2091 1371 2117 τί
1383 2090 1467 2117 πλέον
1484 2088 1541 2126 εἶχε
1562 2091 1592 2117 τὸ
1610 2090 1665 2118 τῶν
1678 2090 1814 2126 μαθητῶν

1023 2135 1168 2171 βάπτισμα
1183 2135 1260 2172 παρὰ
1278 2135 1309 2162 τδ
1324 2136 1370 2162 τοῦ
1395 2137 1533 2168 Ἰωάννου,
1548 2136 1640 2172 φαμὲν
1653 2137 1694 2164 ὅτι
1719 2137 1812 2164 οὐδέν·

179 2181 376 2215 respondemus
396 2184 467 2219 quod
496 2185 585 2219 nihii;
607 2191 720 2222 uterque
743 2189 816 2216 enim
841 2189 967 2218 similiter

1037 2182 1140 2216 κάτερα
1166 2182 1221 2217 γὰρ
1247 2182 1348 2217 ὁμοίως
1374 2183 1423 2218 τῆς
1440 2182 1487 2209 τοῦ
1515 2182 1674 2218 Πνεύματος
1698 2183 1812 2218 χάριτος

178 2227 272 2260 gratia:
304 2228 420 2264 Spiritus
448 2238 546 2265 expers
581 2239 651 2265 erat,
690 2237 718 2261 et
754 2235 875 2270 utrisque
912 2244 966 2264 una

178 2278 237 2301 erat
265 2282 357 2308 causa,
383 2281 412 2303 ut
444 2277 569 2305 videlicet
601 2279 753 2314 baptizatos
779 2280 889 2309 Christo
917 2283 966 2310 ad-

177 2320 321 2348 ducerent.

229 2389 253 2406 "
264 2388 341 2417 Joan.
360 2399 396 2423 tv,
412 2391 440 2418 2.

1020 2227 1123 2262 ἄμοιρα
1139 2225 1174 2262 ἦν
1185 2248 1192 2260 ,
1207 2228 1255 2254 καὶ
1267 2227 1433 2263 ἀμφοτέροις
1449 2228 1525 2255 αἰτία
1539 2228 1601 2264 μία,
1616 2228 1647 2255 τὸ
1658 2228 1811 2264 προσάγειν

1020 2273 1059 2308 τῷ
1075 2273 1186 2308 Χριστῷ
1205 2274 1268 2306 τοὺς
1292 2273 1520 2310 βαπτιζομένους.

765 2431 866 2462 Varia;
888 2432 1042 2464 lectiones
1065 2436 1095 2464 et
1116 2436 1212 2466 notae.

211 2509 267 2551 (5.9)
283 2509 394 2551 Scilicet
409 2510 649 2551 Euthymius._pro
665 2515 769 2551 vulgari
802 2515 959 2548 ἐϐάπτιζεν,

177 2545 221 2586 hic
236 2545 261 2571 in
277 2550 414 2586 _con_textu
445 2545 527 2575 habet
562 2545 725 2586 ὲόᾇπτιζονῗ
751 2550 820 2586 Ergo
849 2545 961 2579 alteram

177 2580 258 2607 etiam
277 2580 419 2608 lectionem
438 2587 580 2610 memorat.
599 2580 755 2612 Lectionem
782 2580 873 2613 autem
896 2587 962 2613 ἐδάη

175 2614 271 2647 πτιζον
286 2616 581 2656 sumpsit_ex__(_}hryst.
596 2623 661 2647 tom.
696 2620 763 2651 Vlll.
787 2629 812 2656 p.
840 2621 903 2652 164,
929 2622 960 2649 D.

175 2651 598 2691 quamnquihbetnintelligit‘esso
615 2656 733 2689 spun‘am
762 2651 794 2683 ac
819 2665 869 2691 pro
892 2651 960 2684 tem-

175 2693 241 2720 pore
256 2685 357 2715 ﬁctam.
381 2685 522 2722 Vulgatuin
551 2685 641 2717 servat
666 2695 693 2718 et
721 2685 838 2726 explicat
873 2691 962 2719 Theo-

209 2763 262 2797 (Ιώ)
278 2763 425 2798 Siquidem.
446 2768 500 2793 etc.
526 2766 567 2793 Ne
590 2767 664 2794 enim
694 2768 955 2801 circumcurrentes.

174 2797 431 2839 ita__congregarent
450 2807 509 2832 eos,
528 2802 573 2839 qui
597 2803 726 2839 credituri
756 2808 860 2836 essent,
882 2797 955 2839 quod

173 2833 324 2865 Philippus,
351 2834 516 2868 baptismum
536 2833 731 2872 ~instituerunt,
773 2839 819 2874 qui
853 2833 955 2867 multos

1011 2517 1121 2555 phyllp.
1139 2517 1206 2555 600,_
1217 2517 1249 2555 Cp.
1266 2518 1298 2555 In
1312 2523 1385 2547 textu
1401 2519 1458 2546 haec
1471 2526 1584 2555 prorsus
1599 2518 1699 2555 desunt
1729 2520 1805 2554 apud

1011 2552 1208 2589 Cyl-illumsed
1235 2553 1263 2589 in
1293 2552 1517 2589 interpretatione
1543 2555 1577 2581 ita
1612 2553 1696 2581 refert
1723 2552 1804 2582 :Ba-

1012 2587 1102 2620 πτίζει
1121 2588 1268 2650 τοιγαριοῦν
1280 2589 1294 2615 ὁ
1307 2587 1425 2650 Χὲιστὺς
1444 2589 1488 2616 διὰ
1517 2589 1571 2617 τῶν
1589 2590 1688 2616 ἑαυτοῦ
1710 2591 1805 2627 μαθη-

1012 2623 1077 2649 τῶν.
1093 2623 1171 2650 Tom.
1190 2625 1200 2650 l
1227 2643 1235 2650 .
1254 2624 1329 2650 p.15
1350 2644 1357 2650 .
1376 2624 1408 2650 E.

1012 2623 1077 2658 raw,
1093 2623 1171 2651 Tom.
1190 2623 1235 2656 ιν,
1254 2623 1357 2658 ρ.156,
1376 2624 1408 2651 Ε.

1048 2657 1103 2692 (40)
1139 2657 1272 2693 Πέμπειν.
1284 2658 1318 2686 Α.

1049 2693 1105 2728 (41)
1121 2692 1199 2720 Tom.
1210 2693 1278 2727 Vlil,
1291 2703 1320 2730 ι).
1335 2694 1386 2722 165
1412 2695 1442 2722 Β.

1007 2777 1175 2808 congregare
1185 2777 1288 2806 posset,
1303 2780 1385 2808 quos.

1043 2805 1092 2840 (cc)
1102 2805 1190 2847 Μαρια
1204 2805 1419 2838 άεόιαιεὲαδεεηι.
1433 2808 1596 2839 Debacchati
1609 2815 1714 2847 essent,
1731 2819 1796 2840 cum

1009 2839 1100 2869 furore
1114 2841 1243 2877 egissent.

1769 124 1844 157 1176

1840 758 1845 798 ι
