1919 3076
184 204 260 232 ΚΕΦ.
277 203 313 232 Δ’.
328 202 461 239 Ζήτὴσις
473 203 540 236 περὶ
558 203 756 238 καθαρισμοῦ.

118 249 253 284 Ἐγένετο
271 263 306 270 -
320 248 514 282 καθαρισμοῦ.
540 247 665 281 Ἐγένετο
689 246 806 279 διάλεξις
830 246 862 273 ὲκ

78 295 133 322 τῶν
154 294 284 330 μαθητῶν
310 293 435 320 Ἰωάννου
462 294 531 329 πρὸς
553 292 683 320 Ἰουδαῖόν
710 301 784 325 τινα,
813 292 863 327 βα-

78 341 227 368 πτισθέντα
243 340 318 375 παρὰ
333 339 387 366 τῶν
414 339 546 375 μαθητῶν
572 339 618 366 τοῦ
635 338 767 374 Χριστοῦ.
786 337 818 363 'il
834 337 863 363 δὲ

79 387 191 422 ζήτησις
203 384 236 422 ἦν
253 385 318 419 περὶ
334 385 520 420 καθαρισμοῦ,
536 385 595 420 ἦτοι
608 385 807 420 βαπτίσματος,
824 383 862 414 ὡς

78 431 125 458 τοῦ
139 431 204 466 παρ’
233 431 325 463 αὐτοῖς
349 431 431 458 πλέον
446 440 472 458 τι
488 431 535 458 τοῦ
567 432 623 458 τῶν
648 430 778 467 μαθητῶν
805 429 862 465 (62)

78 474 197 510 ἔχοντος.
212 475 434 510 Ζηλοτυποῦντες
449 477 504 511 γὰρ
519 476 681 512 ἐπεχείρουν
692 476 810 502 πείθειν.

115 609 171 637 Καὶ
182 625 218 630 -
224 609 368 642 βαπτίζει.
384 609 430 645 Μὴ
443 609 606 644 δυνηθέντες
622 610 715 636 πεῖσαι
732 609 779 636 τὸν
800 609 866 635 Ἰου-

75 657 162 689 δαῖον,
176 653 260 691 ἦλθον
276 655 343 690 πρὸς
359 655 406 682 τὸν
436 655 597 682 διδάσκαλον
615 655 731 688 ἑαυτῶν,
753 655 800 682 καὶ
824 652 865 681 εῖ-

77 711 130 729 πον
156 702 198 729 δτι
213 698 247 737 ᾯ
262 700 294 728 σύ
308 701 525 737 μεμαρτῠρηκας
539 701 658 727 τοσαῦτα
672 701 720 728 καὶ
740 699 864 732 τοιαῦτα,

75 749 106 775 ὃν
122 748 166 776 διὰ
180 748 229 783 σῆς
247 747 401 782 μαρτυρίας
416 747 558 780 ὲδόξασας,
581 744 659 778 οὗτος
687 746 866 782 ἁντιπράττει

77 804 131 828 σοι,
148 796 195 822 καὶ
208 794 364 830 ὑφαρπάζει
379 795 430 829 τὴν
443 794 522 826 δόξαν
537 803 595 822 σου.
610 794 671 821 Ἔτι
684 794 713 820 δὲ
729 793 866 828 παρακνί-

76 841 136 873 ζειν
155 840 236 867 αὑτὸν
253 840 403 871 ἐθέλοντες,
420 839 617 875 προστιθέασι·

114 886 172 914 Kal
189 900 225 907 —
241 886 344 913 αὐτόν.
364 886 397 912 Σὲ
413 885 679 920 καταλιμπάνοντες.

121 931 278 965 ’Δπεκρίθη
306 944 340 951 ——
354 930 497 964 οὐρανοῦ.
520 930 558 957 Οὐ
580 929 693 957 δύναται
724 929 869 964 ἄνθρωπος

75 977 126 1013 ἀφ’
141 976 239 1005 ἑαυτοῦ
254 977 405 1012 λαμὸἀνειν
420 976 497 1004 οὐδὲν
523 975 645 1002 τοιοῦτον
663 973 720 1002 οἷον
742 975 868 1010 οὐράνιον

76 1024 128 1052 καὶ
143 1024 226 1050 θεῖον.
247 1024 333 1059 Γήῖνα
346 1023 401 1058 γὰρ
418 1023 466 1050 καὶ
481 1023 642 1058 ἀνθρώπινα
658 1022 753 1049 πολλοὶ
766 1022 868 1048 πολλά-

78 1077 128 1100 κις
142 1067 188 1094 καὶ
201 1067 249 1102 ἀφ’
270 1067 376 1094 ἑαυτῶν
403 1067 584 1102 λαμϐάνουσι.
616 1067 702 1093 Τοῦτο
723 1067 751 1093 δὲ
772 1066 868 1099 εἰπὼν,

55 1151 58 1154 ι
76 1114 289 1154 Ῑῖπίκώτερον
306 1115 356 1149 μὲν
372 1114 511 1149 ὑπέφηνεν
527 1115 568 1140 ὅτι
595 1114 646 1140 οὐκ
661 1114 736 1140 ἐστιν
761 1114 869 1149 ἀνθρω-

77 1171 133 1194 no;
149 1151 252 1194 ἅπλῶς,
265 1161 334 1189 ἀλλὰ
346 1162 393 1189 καὶ
406 1161 482 1194 Θεὸς·
504 1162 697 1197 φανερώτερον
722 1161 751 1188 δὲ
767 1161 869 1197 δδήλω-

77 1209 187 1236 ςενπὸτι
207 1209 239 1235 ἐκ
253 1208 320 1235 Θεοῦ
350 1208 432 1235 ιλαὸε
458 1208 489 1235 τὸ
510 1208 670 1241 δοξάζεσθαι
690 1208 737 1234 καὶ
764 1207 869 1241 πάντας

78 1253 258 1288 ἐφέλκεσθαι.

119 1342 197 1376 Εἶτα,
210 1344 271 1371 ἐπεὶ
284 1343 334 1381 τὴν
348 1343 431 1371 αὑτοῦ
444 1344 599 1379 μαρτυρίαν
609 1342 791 1379 προεϐάλοντο
802 1343 871 1379 πρὶς

78 1390 273 1424 ὕποὸισασμδν
285 1390 332 1416 τοῦ
357 1389 489 1425 Χριστοῦ,
513 1390 675 1424 περιτρέπει
695 1389 797 1424 ταύτην
811 1390 870 1416 κατ’

76 1436 185 1468 αὐτῶν,
193 1435 240 1462 καὶ
251 1435 299 1462 ἀπ’
312 1435 398 1469 αὐτῆς
410 1435 510 1470 μᾶλλον
520 1435 659 1462 δείκνυσιν
671 1436 774 1462 ἐκεῖνον
787 1435 871 1469 ὕπερ-

75 1481 221 1517 ιείμενον.
235 1482 318 1516 Λέγει
339 1482 405 1517 γάρ·

561 145 754 178 COMMENT.
774 144 815 176 IN
836 143 1027 176 JOANNEM.
1044 155 1079 162 -·-
1097 143 1177 174 CAP.
1197 144 1243 174 ll[

1087 201 1163 230 CAP.
1195 201 1240 229 IV.
1266 201 1302 228 De
1331 201 1522 237 puriﬁcatione.

951 249 1025 276 Vers.
1054 249 1099 276 25.
1128 248 1209 275 Facta
1239 246 1530 282 est—puriﬁcatione.
1563 243 1643 271 Facta
1661 241 1704 269 est

913 295 1059 328 disputatio
1093 302 1125 321 ex
1147 294 1287 329 discipulis
1310 293 1424 320 Joannis
1449 291 1579 318 adversus
1606 296 1704 323 quem-

914 341 976 369 dam
995 340 1118 368 Judaaum
1136 348 1151 367 a
1164 339 1264 367 Christi
1280 338 1418 373 discipulis
1431 337 1610 371 baptizatum.
1622 335 1702 368 Qum-

915 387 968 414 stio
996 391 1086 413 autem
1102 390 1161 412 erat
1181 386 1215 412 de
1236 384 1436 420 puriﬁcatione,
1454 383 1512 409 sive
1529 381 1704 415 baptismate,

917 438 1044 467 tanquam
1061 432 1194 466 baptisma
1215 439 1310 459 eorum
1326 430 1443 465 amplius
1466 429 1595 464 quiddam
1619 427 1705 454 habe-

916 482 957 504 ret
973 485 1056 512 super
1070 478 1205 512 baptisma
1244 477 1438 511 discipulorum
1475 475 1587 506 Christi.
1621 480 1702 500 acmu-

916 523 1018 550 latione
1059 522 1192 557 siquidem
1238 522 1343 549 accensi
1379 521 1405 548 id
1442 520 1606 555 persuadere
1642 518 1702 553 (ιω)

916 568 1096 596 conabantur.

952 615 1029 642 Vers.
1064 614 1109 640 26.
1139 614 1221 639 Et—
1238 613 1373 646 baptizat.
1405 610 1474 637 Cum
1502 608 1625 636 Judaeum
1646 608 1707 635 vin-

917 667 979 688 cere
1003 667 1058 686 non
1075 663 1197 694 possent,
1223 661 1357 686 venerunt
1383 656 1416 683 ad
1439 656 1604 691 magistrum
1623 662 1704 682 suum

916 713 949 733 ac
979 704 1131 733 dixerunt:
1155 704 1220 737 Ille,
1241 704 1274 730 de
1300 710 1354 737 quo
1379 706 1452 728 tanta
1479 709 1509 728 ac
1542 701 1604 727 talia
1631 700 1708 728 testi-

917 751 1013 778 ﬁcatus
1041 757 1081 783 es,
1105 757 1186 785 quem
1217 755 1263 776 tuo
1281 747 1438 776 testimonio
1463 746 1619 781 gloriﬁcasti
1636 766 1643 778 ,
1662 746 1708 772 hic

918 801 994 823 tuum
1023 804 1123 823 munus
1147 800 1242 822 contra
1273 801 1299 822 te
1331 797 1450 824 exercet.
1483 796 1611 826 tuamque
1638 792 1709 826 rapit

918 841 1041 876 gloriam.
1070 841 1104 868 Et
1127 841 1238 875 insuper
1263 847 1425 874 exasperare
1449 837 1525 867 illum
1553 837 1708 872 cupientes,

918 888 1083 915 addiderunt
1104 895 1111 916 :

956 933 1033 960 Vers.
1052 932 1097 960 26.
1128 932 1207 959 Et—
1223 940 1292 958 eum.
1311 931 1349 959 Te
1366 932 1470 959 relicto.

955 978 1032 1006 Vers.
1047 978 1093 1004 97.
1120 977 1262 1012 Respondit
1279 977 1397 1004 -εωίο,
1429 976 1488 1003 Non
1513 980 1603 1010 potest
1621 975 1705 1001 homo

920 1032 934 1050 a
961 1025 1051 1058 seipso
1066 1023 1118 1050 tale
1138 1023 1276 1057 quippiam
1304 1023 1437 1057 accipere,
1470 1026 1564 1056 utpote
1594 1020 1707 1047 caeleste

920 1078 952 1097 ac
967 1070 1087 1097 divinum
1107 1076 1114 1095 ;
1141 1076 1203 1094 nam
1229 1072 1367 1095 terrenum
1392 1076 1423 1094 ac
1447 1068 1595 1094 humanum
1609 1067 1709 1101 saepius

920 1116 1002 1144 etiam
1027 1123 1041 1142 a
1075 1114 1173 1149 seipsis
1200 1114 1350 1149 accipiunt.
1385 1114 1441 1141 lluc
1468 1118 1557 1141 autem
1600 1113 1706 1144 dicens,

921 1162 1025 1189 occulte
1052 1154 1161 1195 quidem
1189 1160 1317 1193 ostendit,
1343 1159 1480 1188 Christum
1526 1167 1581 1186 non
1606 1159 1710 1193 simpli-

921 1209 990 1235 citer
1018 1208 1155 1234 hominem
1179 1214 1249 1237 esse.
1282 1207 1328 1233 sed
1356 1206 1437 1233 etiam
1465 1206 1548 1233 Deum
1579 1214 1586 1232 :
1614 1205 1704 1232 mani-

921 1245 989 1281 feste
1020 1250 1085 1280 vero
1110 1252 1317 1283 demonstravit.
1348 1253 1419 1286 quod
1451 1260 1464 1278 a
1489 1252 1543 1279 Deo
1568 1254 1711 1286 acceperat

922 1305 951 1328 ut
976 1300 1172 1336 gloriﬁcaretur
1193 1306 1341 1330 omnesque
1361 1297 1522 1325 attralieret.

958 1346 1061 1374 Deinde
1077 1346 1138 1380 quia
1155 1345 1268 1372 Joannis
1289 1344 1473 1371 testimonium
1497 1343 1528 1370 ad
1543 1342 1643 1370 Christi
1661 1343 1712 1369 im-

922 1393 1103 1420 minutionem
1119 1394 1334 1425 assumpserant,
1352 1393 1494 1424 retorquet
1513 1389 1601 1424 ipsum
1616 1394 1711 1415 contra

922 1447 979 1470 eos.
994 1443 1020 1466 et
1031 1438 1065 1466 ab
1080 1446 1113 1466 eo
1129 1438 1214 1474 magis
1228 1436 1348 1464 ostendit
1363 1436 1438 1463 illum
1457 1435 1507 1463 sibi
1524 1435 1711 1471 praepositum.

923 1487 967 1513 Ait
982 1485 1054 1513 enim
1075 1492 1083 1511 τ

115 1510 204 1555 Ᾰὺτοί
220 1543 257 1548 -
280 1510 409 1555 entire-1).
443 1528 663 1564 Ἀπεσταλμένος
685 1528 745 1564 εἰμὶ
764 1510 869 1564 ἔμπρο-

1111 1529 1167 1564 Ipsi
1182 1545 1217 1550 —
1233 1529 1319 1556 illum.
1333 1528 1431 1555 Missus
1457 1536 1517 1555 sum
1547 1532 1611 1554 ante
1624 1527 1710 1558 illum,

81 1575 149 1602 σθεν
161 1574 278 1608 ἐκείνου,
296 1575 355 1609 ἦτοι
371 1575 496 1606 διάκονος
515 1575 563 1601 καὶ
575 1575 718 1610 ὑπηρέτης
733 1575 828 1602 αὑτοῦ.
838 1575 869 1602 Et

82 1619 132 1647 οὖν
154 1619 205 1655 τὴν
223 1620 292 1654 ἐμὴν
318 1619 374 1653 (43)
401 1619 586 1654 προσάλλεσθε
610 1620 775 1655 μαρτυρίαν,
803 1619 871 1656 αὕτη

86 1665 200 1702 μείζονα
213 1666 317 1692 ἐκεῖνον
331 1665 535 1701 ἐμαρτύρησεν.

126 1711 204 1739 '0—
225 1711 321 1739 ἐστίν.
349 1712 446 1744 Αὐτὸς,
468 1711 523 1746 (Η)
543 1713 556 1739 ὁ
585 1711 656 1747 ἔχων
684 1711 734 1747 τὴν
752 1712 872 1748 νύμφην,

85 1758 168 1789 αὑτός
184 1758 242 1784 ἐστι
256 1757 382 1791 νυμφίος,
399 1757 483 1792 ήγουν
503 1757 609 1793 κύριος.
625 1757 729 1793 Νύμφη
760 1757 808 1793 μὲν
827 1758 874 1785 οὖν

85 1805 100 1830 ὁ
119 1802 182 1834 λαὸς
205 1803 260 1830 τῶν
287 1803 432 1837 πιστῶν,ή
464 1803 613 1838 Ἐκκλησία
646 1803 785 1838 μυστικῶς
811 1812 874 1831 συν-

85 1848 229 1884 απτομένη
246 1848 291 1875 διὰ
303 1850 421 1880 πίστεως
433 1858 438 1864 ·
455 1850 573 1884 νυμφίος
583 1849 634 1876 δὲὸ
648 1850 775 1885 Χριστὸς,
788 1850 876 1884 ἀρῤή-

85 1902 142 1925 τως
162 1894 307 1920 συνάπτων
322 1893 409 1928 ἑαυτῷ
425 1894 473 1921 καὶ
486 1894 596 1921 οίκειῶν
614 1894 719 1929 ταύτην
738 1894 876 1927 ὲπιλεγεῐ-

87 1948 149 1967 σαν.
170 1940 246 1967 Ἐπεὶ
270 1941 317 1966 καὶ
342 1940 461 1975 ἀλλαχοῦ
485 1940 592 1975 γάμους
615 1940 673 1975 (45)
687 1941 718 1967 τὸ
731 1942 847 1976 πρᾶγμα
861 1941 875 1966 ὁ

87 1985 185 2021 Σωτὴρ
198 1986 353 2021 ὠνόμασεν.

129 2033 160 2060 '0
178 2030 315 2068 divi-10c
328 2047 364 2053 -
385 2033 528 2068 νυμφίου.
550 2033 694 2069 Ἀνωτέρω
717 2034 767 2069 μὲν
782 2034 876 2061 διάκο-

87 2087 134 2105 νον
152 2079 199 2105 καὶ
219 2078 371 2114 ὑπηρέτην,
393 2078 512 2105 ενταῦθα
526 2079 554 2105 δὲ
565 2078 642 2113 φίλον
657 2079 753 2106 ἑαυτὸν
769 2080 876 2106 ἐκείνου

87 2125 169 2151 καλεῖ
178 2124 228 2151 οὐκ
240 2124 361 2159 ἐπαίρων
373 2125 481 2156 ἑαυτὸν,
496 2125 556 2152 οὐδὲ
568 2125 727 2161 κομπάζων,
743 2126 813 2153 ἀλλὰ
826 2127 876 2162 τὴν

926 1578 983 1606 sive
1000 1577 1123 1605 minister
1133 1585 1165 1604 ac
1177 1584 1273 1603 servus
1296 1576 1365 1610 ejus.
1385 1576 1413 1602 Si
1427 1583 1490 1610 ergo
1506 1581 1594 1601 meum
1610 1573 1712 1608 produ-

925 1624 989 1652 citis
1001 1623 1198 1655 testimonium,
1222 1622 1285 1649 illud
1298 1622 1427 1657 majorem
1446 1621 1518 1648 hunc
1540 1628 1601 1648 esse
1613 1618 1710 1647 testiﬁ-

924 1677 1013 1699 calum
1029 1676 1080 1697 CSI.

961 1715 1038 1742 Vers.
1051 1714 1097 1742 29.
1120 1713 1172 1746 Qui
1187 1728 1217 1734 —
1237 1718 1283 1740 εει.
1301 1714 1371 1748 Ipse,
1401 1713 1445 1748 qui
1467 1720 1595 1747 sponsam
1619 1711 1712 1742 habet,

925 1768 1043 1796 sponsus
1061 1764 1102 1787 est
1116 1760 1156 1786 vel
1173 1759 1311 1786 dominus.
1328 1759 1432 1792 Sponsa
1444 1759 1577 1793 siquidem
1595 1757 1712 1792 populus

925 1813 967 1835 est
979 1806 1108 1837 ﬁdelium.
1127 1805 1184 1832 sive
1194 1804 1313 1832 Ecclesia
1327 1805 1439 1839 mystice
1455 1812 1503 1838 per
1514 1805 1593 1830 ﬁdem
1608 1803 1708 1830 coadu-

926 1857 1001 1884 nata;
1019 1858 1137 1886 sponsus
1149 1857 1212 1877 vero
1227 1850 1364 1880 Christus,
1386 1849 1456 1875 hanc
1471 1848 1645 1874 ineffabiliter
1658 1847 1709 1874 sibi

926 1898 1093 1929 coadunans,
1108 1901 1136 1923 et
1150 1896 1329 1931 approprians
1348 1903 1380 1922 ac
1393 1895 1508 1930 eligens.
1524 1894 1601 1922 Unde
1615 1899 1642 1922 et
1655 1894 1715 1921 Sal.

926 1949 1003 1973 vator
1013 1951 1069 1971 rem
1082 1944 1153 1971 hanc
1164 1942 1272 1977 nuptias
1282 1941 1346 1968 alibi
1359 1940 1514 1975 appellavit.

961 2043 1040 2071 Vers.
1052 2043 1098 2070 29.
1115 2041 1222 2069 Amicus
1241 2045 1372 2067 autem—
1386 2039 1484 2072 sponsi.
1505 2037 1635 2072 Superius
1649 2036 1711 2072 qui-

927 2091 987 2118 dem
1004 2089 1121 2123 scipsum
1135 2091 1243 2114 servum
1258 2094 1289 2113 ac
1305 2085 1469 2115 ministrum.
1483 2084 1527 2110 hic
1542 2088 1632 2110 autem
1644 2082 1715 2109 ami-

928 2136 1069 2165 cumilllus
1081 2139 1178 2162 vocat:
1194 2141 1248 2161 non
1259 2132 1378 2167 seipsum
1393 2130 1527 2158 extollens
1541 2129 1713 2164 autjactans,

87 2170 138 2216 tari.
151 2169 189 2206 τῷ
207 2170 262 2206 (ιϐ)
279 2171 424 2206 πράγματι
435 2171 523 2206 χαρὰν
536 2171 742 2207 ἐνδεικνύμενος
757 2172 802 2199 διὰ
826 2173 869 2206 τῆς

930 2184 977 2211 sed
994 2183 1022 2210 in
1036 2183 1088 2210 hoc
1103 2181 1211 2216 negotio
1227 2179 1355 2215 gaudium
1375 2178 1566 2205 demonstrans
1582 2184 1632 2211 per
1648 2175 1716 2202 ami-

86 2215 136 2245 τοῦ
159 2216 237 2251 φίλου
263 2217 461 2253 προσηγορίας.
479 2218 535 2253 Οὐχ
564 2217 636 2244 οὕτω
668 2218 723 2253 γὰρ
757 2219 781 2245 οἱ
807 2219 877 2255 ὑπη-

88 2262 169 2298 ρέται
196 2262 336 2298 χαίρουσιν
357 2263 387 2290 ὲν
409 2264 466 2294 τοῖς
488 2263 588 2298 γάμοις
606 2263 661 2290 τῶν
678 2263 791 2299 κυρίων,
804 2265 842 2297 ὡς
854 2267 878 2292 oi

88 2315 174 2341 qmot.

130 2354 163 2380 Ὃ
174 2354 204 2380 δὲ
219 2353 294 2388 λέγει
308 2352 430 2380 τοιοῦτόν
446 2354 538 2386 ἐστιν,
555 2354 598 2380 ὅτι
620 2353 740 2384 Ἐκεῖνος
754 2353 805 2389 μιν
818 2355 877 2381 ἑστι

87 2399 206 2434 νυμφίος
219 2400 266 2426 καὶ
276 2399 377 2436 Κύριος
386 2408 393 2415 ·
406 2399 460 2434 εγὼ
477 2400 506 2426 δὲ
523 2399 599 2434 φίλος
607 2399 655 2427 καὶ
677 2401 875 2435 νυμφαγωγὸς,

88 2446 122 2477 ὃς
145 2445 268 2481 ιστηκὼς
299 2446 350 2481 ἢδη
376 2446 415 2478 ὡς
439 2446 541 2477 ἀνύσας
579 2446 629 2482 τὴν
660 2448 874 2482 νυμφαγωγίαν,

89 2492 140 2519 καὶ
166 2492 203 2522 ὡς
221 2491 367 2527 πληρώσας
381 2493 411 2519 τὸ
426 2492 621 2527 ἐντεταλμένον
644 2501 699 2528 μοι,
717 2493 764 2519 καὶ
781 2493 875 2520 λοιπὸν

89 2537 201 2566 ἁκούων
210 2538 292 2565 αὑτοῦ
303 2538 493 2572 διαλεγομένου
502 2539 570 2573 πρὸς
580 2538 629 2574 τὴν
639 2539 749 2574 νύμφην
764 2539 812 2565 καὶ
829 2539 878 2573 ῥυ-

928 2230 951 2257 ci
966 2227 1184 2264 appellationem.
1203 2225 1298 2259 Neque
1315 2223 1388 2250 enim
1408 2223 1445 2250 ita
1455 2222 1574 2258 gaudent
1590 2221 1662 2249 servi
1684 2221 1713 2248 in

928 2275 1028 2309 nuptiis
1040 2273 1211 2301 dominorum
1222 2271 1293 2298 sicut
1308 2269 1399 2296 amici.

961 2362 1039 2396 Quod
1061 2369 1125 2397 ergo
1139 2360 1213 2391 dicit.
1237 2358 1406 2386 tantumdem
1421 2362 1472 2390 est,
1487 2364 1518 2384 ac
1534 2356 1557 2384 si
1581 2357 1684 2384 diceret
1704 2365 1716 2383 .-

927 2408 975 2435 llle
989 2405 1098 2442 quidem
1115 2411 1231 2439 sponsus
1241 2406 1282 2429 est
1297 2409 1328 2429 ac
1343 2401 1481 2434 Dominus;
1498 2408 1548 2436 ego
1569 2408 1633 2428 vero
1647 2399 1718 2427 ami-

929 2460 978 2480 cus
997 2459 1028 2478 ac
1043 2456 1150 2485 sponsa:
1162 2443 1328 2480 ductor.‘qui
1341 2450 1416 2472 stans
1435 2446 1490 2480 jam
1506 2450 1532 2472 et
1557 2444 1660 2478 nuptiis
1676 2444 1717 2470 in-

930 2495 1046 2523 tendens
1079 2490 1261 2528 perﬁciendis,
1285 2489 1412 2524 quodque
1445 2489 1510 2514 mihi
1537 2488 1642 2522 jussum
1677 2491 1718 2513 est

930 2541 1081 2575 adimpleus
1109 2537 1251 2566 etxexinde
1274 2536 1387 2563 audiens
1409 2535 1498 2570 ipsum
1526 2541 1587 2561 cum
1620 2539 1719 2567 sponsa

688 2610 788 2641 Varia:
812 2602 964 2657 lectiones
986 2614 1017 2642 et
1031 2614 1127 2641 notae.

129 2685 185 2720 (42)
214 2685 334 2720 Χριστοῦ
365 2685 564 2720 perspicuitatis
591 2694 672 2714 causa
695 2687 849 2714 addendum
865 2709 873 2721 ,

89 2721 394 2783 qgngChrysostomus
421 2721 503 2748 etiam
532 2721 623 2754 habet.
652 2727 718 2750 tom.
751 2721 816 2756 νιιι,
845 2732 872 2758 p.

91 2757 147 2783 165
160 2757 190 2783 ιτ.

131 2791 187 2826 (45)
206 2792 375 2827 Προὸάλισθε
390 2792 422 2818 Α.

131 2869 187 2905 (dd)
203 2869 234 2897 Id
245 2871 412 2906 pri—suadere.
434 2869 468 2898 Id
480 2876 535 2898 non
556 2872 598 2898 est
617 2869 644 2897 iu
663 2869 765 2898 Graeco.

965 2687 1020 2723 (44)
1038 2687 1074 2723 7'70
1091 2685 1189 2723 omittit
1199 2684 1233 2723 ηις.

975 2715 1020 2755 45')
1036 2722 1121 2749 Veluti
1135 2719 1227 2747 Matth.
1238 2727 1304 2750 χιιι,
1317 2718 1344 2747 2.
1361 2717 1423 2744 coll.
1436 2716 1464 2749 9,
1483 2715 1528 2744 ts.

975 2728 1020 2755 4'0)
1037 2728 1121 2749 Veluti
1135 2728 1227 2747 mauu.
1238 2728 1304 2750 xxu,
1317 2728 1344 2747 Ζ,
1361 2728 1412 2744 cun

964 2728 1020 2793 ξω)
1050 2757 1111 2783 Ἐπὶ
1126 2755 1181 2782 τῶν
1199 2755 1373 2790 πραγμάτων
1384 2755 1416 2779 Α.
