1919 3076
195 121 265 155 1179

799 129 988 160 EUTHYMU
1009 131 1188 163 ZlGABENI

1755 131 1829 165 1180

194 179 402 215 eo'loquentem,
421 182 551 216 illamque
576 188 784 218 componentem
803 192 836 212 ac
852 185 989 213 instruen-

1051 186 1183 220 ’μίζοντος
1197 185 1282 222 αὐτὴν
1296 187 1344 214 καὶ
1359 185 1542 219 παιδεύοντος,
1556 186 1643 222 χαίρω
1653 187 1698 214 διὰ
1707 187 1757 223 τὴν
1766 197 1827 222 φω-

195 229 261 259 tem,
280 227 386 262 gaudeo
406 236 517 263 propter
541 229 612 256 hanc
631 231 690 264 ejus
709 238 815 263 vocem,
833 239 894 266 qua:
916 233 984 259 adeo

195 273 282 302 dulcis
297 278 350 307 est,
371 275 439 302 adeo
449 274 629 308 elﬁeax,adco
638 276 774 304 salutaris.

231 363 308 390 νοτε.
326 364 371 391 29.
387 364 444 392 Hoc
458 380 492 386 —
507 366 641 400 impletum
660 372 709 394 est.
726 367 792 394 Cum
808 367 844 394 illi
858 375 984 402 sponsam

196 405 369 436 tradiderim.
379 414 411 433 ac
423 415 501 434 comn
515 408 598 435 issum
613 409 677 436 mihi
689 409 882 441 ministerium,
900 414 930 436 ut
945 409 985 436 di-

195 457 269 478 ctum
282 455 332 484 est,
346 452 568 486 impleverimJlli
580 463 643 490 ergo
654 456 783 490 putabant
792 460 985 491 praeceptorem

196 504 275 523 suum
295 499 526 533 exasperandum.
558 505 584 527 et
599 501 631 527 ad
651 501 850 529 aemulationem
874 502 985 529 irritan-

195 543 261 570 dum
281 553 288 571 :
307 544 364 579 ipse
399 553 475 578 vero,
490 553 551 573 cum
571 547 696 581 praedicta
712 547 824 578 diceret,
857 549 984 582 ostendit,

196 591 268 623 quod
289 598 344 618 non
365 591 454 619 solum
479 600 532 619 non
551 593 724 621 rmularetnr
751 601 812 621 eum
831 595 875 629 qui
900 595 985 630 gloria

197 640 350 668 superaret.
366 636 413 663 sed
426 637 556 672 gauderet
567 638 658 673 potius
671 642 700 666 ut
715 639 760 674 qui
776 639 828 667 hoc
841 648 986 675 procuras-

198 686 249 708 set.
271 680 374 710 Deinde
389 683 470 710 etiam
489 684 524 711 de
540 683 632 712 futuro
644 686 799 720 prophetat.

239 768 314 800 Vers.
329 773 375 800 30.
387 773 469 800 Illum
489 775 616 802 ——mt‘nut‘.
639 775 721 804 Minui
739 778 987 812 :quemadmodum

199 814 297 842 lucifer
307 821 366 843 orto
381 817 449 844 sole.

235 857 316 887 Vides
327 869 380 894 quo
395 866 473 896 pacto
482 863 612 896 paulatim
624 864 805 899 acingeniose
822 866 931 894 illorunt
947 866 990 893 in-

199 904 298 932 vidiam
311 906 446 940 cohibeat,
455 915 486 935 ac
501 908 679 943 impassibilia
695 914 832 939 tentantes
847 912 989 939 ostendat?

200 949 264 976 Ideo
288 952 360 978 enim
377 953 466 980 adhuc
484 961 517 981 eo
531 955 642 982 vivente
656 960 684 983 et
698 955 855 990 baptizante
869 957 987 993 disposi-

200 997 256 1023 tum
267 998 319 1027 est,
331 1000 359 1022 ut
372 996 408 1023 ita
426 996 516 1028 ﬁeret,
531 1006 585 1032 quo
599 998 687 1033 ipsttm
702 1000 871 1028 excellentiae
888 1001 990 1030 Christi

200 1042 296 1066 testem
313 1040 445 1069 haberent
465 1042 517 1070 ﬁde
536 1043 650 1079 dignum
661 1050 688 1072 et
713 1046 738 1072 in
756 1046 830 1073 nullo
851 1048 991 1074 contradi-

200 1091 262 1111 ενι-ε
281 1090 392 1119 possent
407 1096 413 1114 :
430 1089 501 1116 unde
515 1097 564 1117 nec
580 1098 594 1117 a
609 1090 699 1125 seipso
712 1090 770 1119 haec
786 1091 862 1125 dixit,
876 1093 924 1120 sed
937 1093 990 1120 illis

202 1129 416 1165 impellentibus.

236 1219 315 1248 νει-ε.
342 1222 389 1250 3|.
420 1223 471 1256 Qui
503 1239 537 1246 -
555 1230 602 1253 est.
626 1225 677 1259 Qui
698 1227 815 1255 caelestis
831 1233 881 1262 est,
900 1229 989 1264 major

201 1266 329 1294 (mnibus
343 1274 395 1301 est,
416 1273 444 1296 et
462 1269 523 1297 idco
540 1278 590 1304 ego
606 1280 713 1307 qttoque
728 1272 816 1300 minor
829 1282 899 1302 sum.

237 1309 285 1338 Vel
300 1313 376 1340 aliter
390 1323 396 1340 :
410 1314 460 1348 Qui
476 1316 594 1344 caelestis
602 1322 654 1349 est,
669 1319 744 1345 nttllo
759 1325 830 1355 eget,
845 1324 872 1347 et
890 1321 925 1348 ita
937 1328 990 1349 nec

201 1364 263 1385 meo
280 1364 340 1393 eget
355 1360 512 1389 testimonio
528 1363 585 1397 ipse
604 1363 654 1390 sibi
668 1363 819 1392 sufﬁciens.

239 1459 316 1487 Vers.
337 1460 381 1488 51.
399 1461 452 1494 Qui
466 1477 500 1482 —
515 1469 562 1491 est.
583 1464 658 1492 Sicut
676 1465 742 1493 illud
755 1466 788 1493 de
801 1466 896 1499 illo,ita
917 1468 990 1496 etis—

205 1506 252 1532 tud
273 1507 356 1539 (eelde
369 1508 422 1535 isto
438 1509 513 1542 dicit;
536 1519 596 1537 nam
610 1511 656 1544 qui
672 1520 686 1539 e
701 1517 772 1539 terra
787 1514 925 1546 profectus
936 1520 988 1546 est,

203 1555 330 1580 terrenus
341 1559 393 1583 est.
413 1555 470 1581 sive
483 1555 595 1583 inferior
607 1557 651 1584 illo
667 1567 674 1583 :
687 1557 820 1590 siquidem
833 1560 931 1588 ccelum
945 1569 989 1589 su-

203 1605 318 1630 pernttm
336 1603 378 1625 est
393 1601 580 1633 etexcelsum,
600 1608 670 1630 terra
687 1611 752 1631 vero
769 1605 874 1633 inferna
898 1607 992 1635 ehhu-

205 1643 288 1670 milis.

238 1688 353 1717 νει-εἰμί
378 1691 411 1719 Et
432 1692 463 1719 de
474 1698 543 1721 terra
553 1693 678 1725 loquitur.
695 1697 775 1731 Atqui
792 1698 882 1725 divina
901 1699 994 1734 loque-

204 1735 293 1762 batur.
311 1736 364 1764 Sed
385 1740 614 1772 quemadmodum
645 1741 771 1770 Christus
792 1744 819 1771 in
836 1747 994 1779 preceden-

204 1781 277 1808 tibus
293 1782 370 1810 dixit:
385 1783 414 1810 Si
429 1789 533 1812 terrena
558 1787 614 1813 dixi
629 1788 697 1815 vobis
718 1793 743 1815 et
770 1798 821 1816 non
847 1791 950 1818 creditis
960 1793 993 1824 ⁸⁸,

203 1831 214 1853 t
223 1835 340 1854 rrrenum
350 1836 449 1856 vocans
458 1830 579 1858 divinam
590 1835 823 1868 regenerationem
835 1845 842 1863 :
855 1845 909 1865 non
922 1839 994 1873 quod

203 1875 311 1899 terrena
323 1879 406 1906 esset,
422 1875 469 1902 sed
488 1876 513 1902 itt
529 1879 734 1911 comparatione
757 1887 869 1909 aeterna:
879 1891 994 1917 genera-

203 1917 287 1944 tinnis
313 1927 442 1954 sure,qua2
456 1929 565 1949 omnem
581 1931 692 1951 sensum
709 1933 873 1961 ontnemque
887 1930 996 1956 excedit

205 1962 382 1992 intellectum:
397 1965 431 1992 ita
441 1971 468 1993 et
484 1975 555 1994 nunc
565 1968 682 1997 Joannes
694 1971 727 1998 de
744 1976 813 1998 terra
827 1980 855 2000 se
871 1973 942 2008 loqui
955 1975 996 2002 di-

205 2008 283 2040 eit,in
293 2011 496 2045 comparatione
509 2016 756 2044 supernaturalium
776 2018 874 2046 Christi
890 2027 994 2048 scrm0<

209 2061 287 2084 num:
305 2059 455 2085 ostendens
469 2066 518 2086 sua
532 2068 592 2087 esse
609 2069 691 2095 parva
714 2070 747 2090 ac
768 2064 840 2096 vilia,
857 2065 878 2092 si
904 2066 938 2093 ad
963 2075 995 2094 ea

207 2108 269 2135 qua:
286 2102 359 2129 illius
375 2109 462 2136 erant.
490 2106 675 2134 conferantur.
694 2107 760 2135 Nam
787 2110 857 2137 sicut
870 2119 918 2145 per
940 2120 996 2140 cu:-

210 2146 265 2173 lunt
280 2147 414 2181 signiﬁcat
427 2151 576 2184 excelsum,
593 2152 629 2179 ita
647 2160 694 2187 per
709 2158 808 2181 terram
836 2157 995 2190 depressum

208 2201 239 2220 ac
257 2193 367 2222 humile.

244 2238 320 2266 νει-ς.
337 2240 368 2267 51
396 2240 447 2272 Qui
461 2255 495 2260 —-—
514 2245 562 2268 est.
581 2241 655 2269 Idem
667 2251 777 2271 rursum
799 2244 875 2277 dicit,
892 2253 995 2274 sermo-

213 2295 276 2314 nem
294 2287 467 2314 conﬁrmans.

245 2333 321 2360 Vcrs.
339 2333 384 2360 32.
407 2334 440 2360 Et
459 2349 494 2354 -—
513 2339 666 2364 attestatur.
685 2337 886 2372 Metaphoricus
904 2347 994 2367 sermo

207 2384 251 2406 est
266 2380 299 2406 ab
315 2379 369 2411 bis.
386 2380 430 2414 qui
447 2388 478 2407 ea
494 2389 554 2415 quae
578 2384 768 2416 testiﬁcantur,
783 2385 843 2412 visu
861 2389 886 2413 et
900 2386 994 2413 auditu

207 2430 382 2460 acceperunt.
399 2425 491 2460 Neque
507 2428 579 2454 enim
596 2427 645 2462 ipsi
665 2436 734 2463 opus
746 2435 805 2457 erat
828 2431 995 2465 cognitione,

207 2481 269 2508 qua:
290 2481 305 2500 a
324 2473 382 2500 visu
397 2473 438 2499 vel
454 2474 548 2501 auditu
564 2476 737 2509 procederet,
754 2484 815 2504 eum
831 2482 928 2504 natura
941 2479 995 2505 sci-

210 2524 252 2546 ret
267 2519 368 2551 omnia,
385 2523 478 2554 utpote
490 2519 628 2554 perfectus
645 2521 726 2554 Deus,
746 2523 791 2555 qui
818 2523 894 2550 nullo
921 2524 996 2551 indi-

210 2573 254 2602 get
268 2567 314 2594 sed
331 2567 392 2602 quia
405 2567 524 2602 perfecta
546 2568 572 2595 in
589 2569 668 2597 nobis
683 2570 803 2604 cognitio
817 2570 850 2597 ab
865 2570 907 2598 Itis
931 2579 997 2606 pro-

209 2613 329 2646 ducitur,
345 2618 426 2647 atqtte
440 2613 679 2648 illumjudicamus
694 2615 746 2643 ﬁde
757 2615 878 2651 dignum,
896 2617 940 2652 qui
953 2625 995 2649 ea,

209 2659 244 2686 de
262 2660 360 2695 quibus
375 2659 546 2694 testiﬁcatur,
569 2662 628 2689 visu
649 2662 753 2697 accepit
768 2663 810 2690 vel
836 2663 942 2690 auditu:
959 2664 994 2691 ab

262 2751 286 2768 ¹¹
305 2750 418 2785 Joan.x,
434 2752 461 2785 8,
485 2753 527 2780 12.

1040 232 1089 266 νὴν
1106 232 1199 266 αὐτοῦ,
1214 233 1264 267 τὴν
1278 232 1350 260 οὕτω
1373 233 1513 267 γλυκεῖαν,
1537 232 1588 268 τὴν
1607 232 1695 264 οὕτως
1718 233 1824 270 ἐπερα-

1040 287 1111 312 στον,
1130 278 1178 314 τὴν
1197 278 1268 306 οὕτω
1282 280 1426 315 σωτήριον.

1074 367 1156 400 Αὕτη
1174 381 1207 387 —-
1225 367 1426 402 πεπλήρωται.
1451 367 1622 402 Παρελθόντος
1652 368 1750 404 ἐκείνῳ
1776 368 1826 405 τὴν

1039 413 1159 447 νύμφην,
1177 413 1225 440 καὶ
1240 414 1465 448 πεπληρωκότος.
1485 414 1523 445 ὡς
1537 414 1659 449 εἴρηται,
1673 415 1722 450 τὴν
1735 416 1828 450 ἐγχει-

1041 458 1180 493 ρισθεῖσαν
1196 467 1242 494 μοι
1268 459 1419 486 διακονίαν.
1441 459 1556 486 Ἐκεῖνοι
1588 460 1638 495 μὲν
1664 458 1711 487 οὖν
1739 460 1828 496 (cev-.0

1039 505 1219 539 παρακνίζειν
1243 505 1288 532 τὸν
1304 505 1466 532 διδάσκαλον
1481 507 1595 537 ἑαυτῶν,
1612 507 1658 533 καὶ
1689 508 1729 539 εἰς
1747 507 1829 542 ζηλο-

1039 552 1138 578 τυπίαν
1155 552 1289 587 ἐρεθίζειν
1305 561 1312 568 ”
1325 553 1406 584 αὐτὸς
1420 553 1459 585 δὲ,
1474 553 1507 579 τὰ
1522 553 1639 588 ρηθέντα
1652 553 1746 586 εἰπὼν,
1757 554 1828 581 ἔδει-

1041 597 1084 630 ξεν
1097 596 1181 624 ὅτιού
1196 598 1277 633 μόνον
1298 598 1328 625 οὐ
1352 598 1500 634 ζηλοτυποῖ
1525 599 1827 635 παρευδοκιμούμενος,

1039 644 1097 671 ἀλλ’
1109 645 1150 670 ὅτι
1162 645 1208 671 καὶ
1223 645 1324 679 μᾶλλον
1341 645 1444 680 χαίρει,
1465 645 1514 672 καὶ
1530 645 1573 672 ὅτι
1585 646 1633 671 καὶ
1650 645 1731 677 αὐτὸς
1747 646 1830 673 τοῦτο

1039 690 1216 723 ἐσπούδαζεν.
1243 689 1310 717 Εἶτα
1340 691 1510 726 προφητεύει
1539 691 1588 718 καὶ
1613 691 1678 727 περὶ
1697 692 1743 719 τοῦ
1764 693 1832 727 μὲλ-

1039 735 1141 768 λοντος.

1083 782 1219 809 Ἐκεῖνον
1241 797 1277 803 -
1310 781 1520 811 ἐλαττοῦσθαι.
1559 784 1750 811 Ἐ).αττοῦσθαι
1779 784 1830 817 ὡς,

1040 827 1117 863 ⁴ἡλίου
1135 828 1216 854 ἀνατε
1221 827 1336 864 ἰλαντος,
1354 829 1505 863 ἑωσφόρον.

1077 871 1153 904 Εἶδες
1167 873 1224 904 πῶς
1241 874 1334 909 ἡρέμα
1348 874 1395 900 καὶ
1419 874 1584 910 εὐμηχάνως
1597 875 1647 911 τὴν
1676 875 1832 910 βασκανίαν

1041 919 1133 946 αὐτῶν
1162 920 1344 955 ἐσωφρόνισε,
1375 923 1423 947 καὶ
1454 921 1599 953 ἀδυνάτοις
1620 922 1833 956 ἐπιχειροῦντας

1041 965 1144 999 ἔδειξες
1163 967 1212 993 Διὰ
1228 967 1307 993 τοῦτο
1325 967 1380 1002 γὰρ
1398 967 1445 994 καὶ
1465 967 1641 1002 ᾠκονομὴθη,
1661 968 1700 994 ἔτι
1726 966 1834 999 ζῶντος

1041 1011 1123 1037 αὑτοῦ
1136 1012 1183 1038 καὶ
1201 1012 1390 1047 βαπτίζοντος,
1414 1012 1500 1040 ταῦτα
1521 1014 1658 1048 γενέσθαι,
1681 1014 1724 1041 ῐνα
1747 1015 1835 1041 αύτὸν

1041 1057 1198 1089 ἀξιόπιστον
1213 1058 1342 1094 μάρτυρα
1367 1059 1416 1094 τῆς
1434 1059 1572 1095 ὑπεροχῆς
1589 1059 1683 1095 ἔχωσι,
1713 1061 1761 1087 καὶ
1778 1070 1836 1096 μη-

1041 1103 1123 1138 δεμία
1148 1103 1254 1136 τούτοις
1279 1105 1421 1140 ἀντιλογία
1451 1105 1652 1142 περιλειφθείη.
1680 1107 1748 1133 Ούδὲ
1775 1107 1837 1142 γὰρ

1041 1150 1089 1184 ἀφ’
1109 1150 1208 1176 ἑαυτοῦ
1238 1151 1326 1178 ταῦτα
1354 1150 1442 1185 εἶπεν,
1465 1152 1522 1179 ἀλλ’
1549 1153 1662 1180 ἐκείνων
1686 1162 1822 1189 παρορμη

1041 1195 1157 1223 σάντων.

1082 1241 1159 1267 Ὀ-
1173 1242 1270 1269 ἐστίν.
1292 1239 1322 1269 '0
1337 1243 1500 1278 ἐπουράνιος
1522 1243 1623 1278 μείζων
1636 1243 1747 1270 πάντων
1759 1244 1836 1276 ἐστὶ,

1040 1287 1084 1313 διὰ
1100 1288 1178 1314 τοῦτο
1190 1288 1269 1321 κάγὼ
1285 1289 1404 1315 ἐλάττων
1417 1289 1510 1317 αὐτοῦ.

1077 1334 1111 1360 Ἥ
1131 1335 1177 1360 καὶ
1194 1335 1295 1368 ἑτέρως
1314 1343 1322 1351 ·
1343 1335 1372 1361 '0
1399 1336 1565 1370 ἐπουράνιος
1590 1336 1743 1372 ἀπροσδεὴς
1760 1336 1837 1363 πᾶν·

1040 1388 1094 1406 των
1109 1380 1178 1412 ἐστὶ,
1198 1380 1242 1406 διὰ
1258 1381 1338 1406 τοῦτο
1353 1380 1413 1407 οὐδὲ
1428 1381 1478 1415 τῆς
1493 1381 1562 1416 ἐμῆς
1582 1382 1743 1416 προσδεῖται
1762 1391 1837 1418 μαρ-

1040 1426 1147 1460 τυρίας,
1163 1425 1243 1457 αὐτὸς
1256 1427 1346 1461 ἑαυτῷ
1362 1427 1466 1461 ἀρχῶν.

1081 1471 1114 1499 '0
1129 1487 1163 1492 —-
1175 1471 1270 1499 ἐστίν.
1288 1473 1394 1506 Ὥσπερ
1409 1473 1498 1499 ἐκεῖνο
1521 1474 1586 1508 περὶ
1611 1473 1727 1504 ἐκείνου,
1757 1473 1836 1500 οὕτω

1042 1517 1088 1544 καὶ
1102 1517 1181 1544 τοῦτο
1196 1518 1259 1552 περὶ
1276 1517 1331 1551 (47)
1346 1517 1445 1543 ἑαυτοῦ
1463 1517 1547 1551 λέγει,
1563 1518 1603 1544 ὄτι
1627 1519 1641 1544 ὁ
1666 1518 1703 1544 ὢν
1723 1519 1755 1544 ὲκ
1778 1518 1836 1552 τῆς

1044 1562 1094 1597 γῆς
1109 1563 1141 1589 ἐκ
1165 1563 1214 1597 τῆς
1225 1562 1276 1597 γῆς
1292 1564 1376 1594 ἐστιν,
1396 1563 1481 1597 ἤγουν
1498 1564 1626 1590 ὑποκάτω
1643 1564 1760 1590 ἐκείνου.
1777 1564 1839 1590 Καὶ

1043 1609 1099 1644 γὰρ
1113 1609 1160 1636 καὶ
1174 1610 1188 1635 6
1205 1609 1318 1644 οὐρανὸς
1341 1608 1390 1643 μὲν
1416 1610 1510 1636 ἐπάνω
1523 1610 1570 1636 καὶ
1582 1609 1694 1644 ὑψηλὸς,
1724 1610 1741 1645 ἡ
1755 1610 1790 1643 γῆ
1806 1610 1837 1636 δὲ

1045 1655 1174 1682 ὑποκάτω
1189 1656 1235 1681 καὶ
1251 1655 1376 1690 ταπεινή.

1080 1700 1133 1727 Καὶ
1147 1700 1180 1726 ὲκ
1192 1699 1246 1733 τῆς
1263 1699 1319 1734 γῆς
1333 1699 1432 1726 λαλεῖ.
1445 1699 1499 1726 Καὶ
1512 1699 1564 1735 μὴν
1576 1699 1635 1726 θεῖα
1650 1699 1740 1726 ἐλάλει
1752 1707 1760 1715 ·
1774 1699 1837 1726 ἀλλ’

1044 1745 1139 1780 ὥσπερ
1159 1746 1172 1772 ὁ
1189 1745 1308 1778 Χριστὸς
1331 1745 1477 1780 προλαὸὼν
1499 1745 1631 1780 εἴρηκεν·
1657 1746 1690 1772 El
1705 1745 1740 1771 τὰ
1768 1746 1838 1772 ἐπί-

1044 1797 1109 1824 γεια
1129 1787 1216 1816 εἷπον
1234 1790 1316 1824 ὑμῖν,
1343 1790 1392 1817 καί
1411 1791 1446 1817 οὐ
1461 1791 1637 1817 πιστεύετε·
1653 1790 1776 1824 ἐπίγειον
1790 1791 1838 1817 λέ-

1045 1844 1102 1870 γων
1118 1835 1167 1870 τὴν
1193 1835 1269 1861 θείαν
1298 1836 1478 1871 ἁναγέννησιν
1493 1844 1500 1850 ·
1520 1837 1571 1862 οὐκ
1594 1836 1689 1871 ἐπειδὴ
1713 1837 1838 1870 ἐπίγειος

1044 1879 1089 1917 ἦν,
1103 1881 1171 1908 ἀλλὰ
1186 1881 1254 1915 πρὸς
1271 1881 1417 1917 σύγκρισιν
1433 1882 1484 1917 τῆς
1508 1883 1675 1916 προαιωνίου
1698 1884 1746 1909 καὶ
1765 1883 1838 1918 ὑπὲρ

1046 1928 1109 1954 νοῦν
1123 1927 1265 1961 καὶ-λόγον
1292 1929 1448 1963 γεννήσεως
1470 1928 1553 1955 αὐτοῦ
1565 1936 1572 1944 ·
1599 1928 1672 1955 οὕτω
1687 1930 1734 1954 καὶ
1756 1929 1807 1956 νῦν
1825 1931 1838 1956 6

1052 1973 1180 2008 Ἰωάννης
1197 1974 1228 2000 ὲκ
1239 1973 1288 2008 τῆς
1299 1975 1350 2008 γῆς
1363 1974 1454 2000 λαλεῖν
1471 1974 1568 2000 ἑαυτὸν
1585 1974 1659 2007 λέγει
1674 1974 1744 2007 πρὸς
1767 1974 1836 2008 σύγ-

1047 2027 1138 2053 κρισιν
1154 2019 1209 2045 τῶν
1227 2019 1377 2054 ὑπερφυῶν
1389 2019 1479 2053 λόγων
1494 2020 1540 2045 τοῦ
1554 2019 1685 2055 Χριστοῦ,
1702 2019 1837 2046 δεικνύων

1047 2064 1087 2090 ὅτι
1102 2064 1136 2090 τὰ
1153 2063 1251 2091 ἑαυτοῦ
1272 2065 1359 2099 μικρὰ
1372 2065 1419 2091 καὶ
1433 2065 1529 2100 εὐτελῆ
1551 2067 1607 2096 τοῖς
1625 2066 1730 2092 ἐκείνου
1744 2074 1838 2100 παρα-

1047 2110 1210 2144 ϐαλλόμενα.
1232 2110 1369 2145 Καθάπερ
1380 2111 1434 2147 γὰρ
1447 2111 1492 2138 διὰ
1504 2110 1549 2137 τοῦ
1563 2111 1678 2146 οὐρανοῦ
1689 2111 1719 2137 τὸ
1733 2111 1838 2147 ὑψηλὸν

1048 2158 1190 2192 ἐμφαίνει,
1219 2157 1291 2184 οὕτω
1301 2158 1409 2185 καὶτδιὰ
1423 2158 1473 2193 τῆς
1487 2159 1539 2192 γῆς
1554 2158 1583 2185 τὺ
1600 2160 1739 2185 ταπεινᾶν.

1085 2248 1117 2276 '0
1130 2263 1165 2269 —
1187 2248 1266 2275 ἐστί.
1289 2249 1327 2275 Τὸ
1345 2248 1412 2275 αὐτὸ
1439 2248 1514 2283 λέγει
1536 2248 1628 2282 πάλιν,
1648 2248 1767 2283 βεϐαιῶν
1789 2249 1837 2276 τὸν

1043 2294 1133 2328 λόγον.

1081 2339 1136 2366 Καὶ
1152 2355 1186 2361 -
1195 2339 1349 2374 μαρτυρεῖ.
1368 2339 1562 2375 Μεταφορικδς
1578 2339 1592 2365 ὁ
1608 2339 1688 2373 λόγος
1705 2339 1759 2366 duo
1781 2339 1836 2366 τῶν

1044 2386 1105 2421 ὕψει
1120 2386 1167 2412 καὶ
1194 2386 1262 2422 ἀκοῇ
1289 2386 1517 2420 παραλαϐόντων,
1535 2385 1554 2413 ἃ
1582 2385 1781 2420 μαρτυροῦσιν.
1798 2386 1835 2412 οὗ

1045 2432 1100 2466 γὰρ
1115 2431 1196 2463 αὐτὸς
1207 2431 1294 2458 ἐδεῖτο
1309 2431 1449 2465 γνώσεως.
1465 2432 1515 2465 τῆς
1529 2432 1559 2464 ὶξ
1572 2431 1696 2465 ὁράσεως
1717 2430 1735 2465 ἢ
1750 2431 1837 2465 ἀκοῆς

1046 2477 1237 2512 ἐγγινομένης,
1251 2477 1333 2512 φύσει
1348 2477 1439 2504 πάντα
1466 2476 1556 2509 εἰδὼς,
1576 2476 1614 2508 ὡς
1632 2476 1765 2511 ἀνενδεὴς
1788 2476 1837 2502 καὶ

1045 2523 1149 2554 τέλειος
1178 2522 1266 2554 Θεός’
1296 2523 1354 2550 ἀλλ’
1387 2523 1540 2558 ἐπειδήπερ
1571 2523 1639 2557 ἡμῖν
1668 2522 1684 2557 ἡ
1715 2522 1839 2557 ἀκριϐὴς

1047 2569 1149 2605 γνῶσις
1162 2569 1194 2596 ἐκ
1210 2569 1315 2596 τούτων
1326 2569 1478 2603 ἐγγίνεται,
1492 2570 1539 2596 καὶ
1563 2568 1722 2601 ἀξιόπιστον
1743 2569 1841 2603 κρίνο-

1051 2625 1101 2652 μεν
1113 2616 1158 2644 τὸν
1172 2617 1187 2653 ἢ
1207 2617 1268 2652 ὄψει
1281 2617 1297 2653 ἢ
1313 2618 1383 2652 ἀκοῇ
1399 2618 1602 2652 παραλαϐόντα,
1617 2617 1682 2652 περὶ
1694 2612 1734 2643 ὧν
1747 2617 1842 2650 ἀπαγ-

1049 2663 1154 2698 γέλλει,
1174 2663 1227 2691 ἀπὸ
1244 2663 1299 2690 τῶν
1328 2664 1394 2700 παρ’
1416 2665 1482 2700 ἡμῖν
1502 2664 1551 2691 καὶ
1577 2663 1613 2691 τὰ
1638 2664 1705 2699 περὶ
1731 2663 1840 2691 ἐκείνου

807 2788 906 2819 Varite
917 2787 1070 2820 lectiones
1086 2792 1116 2820 et
1135 2793 1228 2821 notte.

251 2838 308 2873 (67)
328 2839 393 2873 Περὶ
408 2839 490 2866 αὐτοῦ
506 2840 537 2866 Δ.
