1919 3076
18 150 79 182 ιιει

477 148 669 180 COMMENT.
689 147 730 178 ΙΝ
750 146 939 178 JOANNEM.
958 159 992 165 —
1010 147 1089 178 CAP.
1114 146 1172 178 III.

1572 144 1643 179 1182

18 206 168 234 πιστοῦται.
189 207 279 235 Είπων
291 204 349 238 οὖν,
360 206 374 234 ὃ
389 205 496 242 ἑώρακε
511 206 559 233 καὶ
569 205 582 231 ὂ
594 205 705 241 ἧκουσε,
721 204 800 231 τοῦτο

866 207 897 233 νίς
913 213 974 241 qua:
986 206 1058 241 apud
1072 212 1123 233 nos
1141 209 1216 237 sunt,
1227 203 1388 239 comprobat
1402 202 1484 230 etiam
1498 209 1558 238 quae
1577 206 1643 230 sunt

18 254 162 288 ις’·ητυοεζ·
178 247 314 285 tantum;
332 253 381 288 μὲν
406 251 468 279 εἷπε
481 252 524 279 διὰ
534 250 583 286 τὴν
592 250 732 277 ἀσθένειαν
744 250 798 276 τῶν

866 250 933 277 ilius.
956 250 1053 277 Dicens
1073 257 1148 285 ergo,
1176 249 1254 282 Quod
1272 248 1350 280 vidit,
1379 247 1505 282 quodque
1524 246 1640 278 audivit.

18 281 224 331 dxpowpé-WTI:
250 281 363 331 curasti...
383 281 571 331 uirum“...
595 295 613 321 ἢ
640 293 682 318 ὅτι
708 295 797 331 ἀληθῆ

18 327 162 360 μαρτυρεῖ.
175 327 229 354 Καὶ
241 329 297 363 γὰρ
315 329 362 356 καὶ
376 330 432 365 (48)
445 332 538 366 ἡμεῖς,
564 332 629 359 ὅταν
648 332 704 368 (49)
719 327 801 368 uti”;

851 297 903 324 hoc
914 300 1070 324 attestatur:
1084 296 1177 323 humili
1194 295 1274 322 modo
1287 298 1398 329 propter
1418 293 1573 320 auditorum
1589 291 1641 318 im-

855 342 1032 370 becillitatem
1052 342 1159 368 locutus
1183 345 1235 371 est.
1263 346 1358 367 verum
1373 338 1443 365 nihil
1468 337 1540 364 aliud
1556 336 1645 362 innuit

18 371 235 423 μεν-βεϐαιῶσαι
253 375 318 410 περί
345 385 418 408 τινος
433 377 475 404 ὅτι
494 377 581 414 ἀληθῆ
606 378 692 413 λέγει,
711 386 801 415 φαμι..

866 396 932 423 ίυαω
945 388 967 415 si
980 387 1108 415 dixisset:
1121 386 1188 414 Vera
1199 385 1370 414 testiﬁcatur.
1386 384 1527 418 Siquidem
1543 383 1640 408 volen-

18 418 58 444 ὅτι
73 417 87 444 ὃ
104 418 212 454 ἑώρακε
230 421 277 448 καὶ
297 421 353 457 (50)
374 423 488 457 ἥκουσι,
502 424 584 452 τοῦτο
597 427 747 461 μαρτυρεῖ.

51 495 152 522 Λοιπὸν
179 495 237 528 οὖν,
252 496 318 524 ὅταν
345 498 449 535 ἀκούῃς
478 497 633 529 καὶαύτοῦ
656 502 803 537 λέγοντος¹

18 540 119 573 Καθὼς
132 541 242 576 ἀκούω,
257 543 348 577 κρίνω
360 553 368 560 ·
386 547 434 573 καὶ
454 546 549 574 πάλιν·
569 547 600 575 Ἠ
616 548 672 583 ἐμὴ
696 548 804 584 διδαχὴ

18 588 70 612 οὐκ
85 587 171 614 ἔστιν
195 588 264 623 ἐμὴ,
284 589 366 618 ἀλλὰ
400 592 453 618 τοῦ
476 592 654 628 πέμψαντός
676 603 715 630 με
730 603 736 609 ·
755 595 805 623 καὶ

18 632 112 665 αὖθις·
135 635 168 661 Ἃ
188 634 309 669 ἥιιουσα
336 639 405 672 παρ’
428 639 534 670 αὑτοῦ.
552 641 646 668 ταῦτα
659 643 738 677 λέγω
760 643 805 674 είς

18 679 69 705 τὸν
88 679 215 714 κόσμον,
233 682 280 707 καὶ
296 682 346 710 ὅσα
362 684 490 711 τοιαῦτα·
512 686 631 720 γίνωσκε
644 688 686 714 ὅτι
701 689 805 716 οίκονο-

18 725 107 760 μικῶς
132 726 168 753 τὰ
185 728 300 755 τοιαῦτα
330 737 424 764 φησιν,
455 732 498 758 ἵνα
528 733 609 768 μόνον
636 733 699 770 δόξῃ
717 735 805 770 ἀληθῆ

18 771 116 805 λέγειν,
132 772 176 800 διὰ
191 774 221 800 τδ
240 775 326 810 μήπω
346 777 393 812 τὴν
408 779 605 814 προσήκουςαν
634 781 699 815 ’περὶ¹
721 781 806 808 αὑτοῦ

18 817 96 849 δόξαν
110 817 183 854 ἔχειν
199 821 263 852 τοὺς
280 822 431 857 ἀκροατάς.

857 438 893 459 δια
907 434 941 461 de
956 434 1044 468 alique
1060 432 1205 465 afﬁrmare,
1220 432 1291 466 quod
1312 438 1374 457 vera
1391 430 1472 461 dicat,
1486 428 1645 459 asserimns,

855 479 918 498 eum
929 479 954 499 '-|
971 478 1122 509 testiﬁcari.
1144 477 1216 511 quod
1232 477 1300 504 vidit
1317 479 1345 502 et
1362 475 1475 502 audivit.

891 517 1006 550 Quando
1024 525 1105 556 igitur
1126 525 1215 559 ipsum
1237 523 1357 550 audieris
1381 522 1518 548 dicentem
1536 527 1542 544 ε
1571 518 1644 545 Sicut

856 562 1035 597 ααάίοίαάίεο
1044 563 1076 596 ⁵⁷;
1088 573 1110 590 ιι
1125 575 1233 595 rursum
1246 575 1253 593 :
1269 565 1328 593 Mea
1340 564 1459 592 doctrina
1468 569 1519 590 non
1527 566 1563 589 est
1577 569 1646 594 mea,

855 604 900 638 εὲιί
916 609 973 644 ejus
987 609 1032 644 qui
1049 609 1120 636 misit
1133 614 1220 646 me";
1238 617 1265 640 et
1283 613 1382 640 iterum
1397 619 1405 637 :
1424 610 1490 642 Qum
1509 608 1598 635 audivi
1614 609 1648 633 ab

857 661 886 680 eo
902 653 957 680 haec
981 653 1071 688 loquar
1087 653 1114 680 in
1129 653 1300 689 mundun-,1",
1329 661 1357 683 et,
1382 660 1553 691 qumeunque
1585 654 1650 678 sunt

858 697 967 730 similia,
984 699 1053 726 scito
1072 698 1135 726 talia
1159 699 1358 733 dispensatone
1378 701 1491 731 dixisse.
1518 698 1605 725 solum
1619 700 1650 723 ut

858 745 983 772 videatur
999 752 1063 772 vera
1077 745 1215 776 dicere,eo
1228 745 1300 779 quod
1323 752 1470 779 congruam
1484 745 1518 771 de
1538 751 1571 770 eo
1588 742 1650 777 opi-

858 791 968 818 nionem
982 791 1103 818 nandum
1118 791 1252 818 haberent
1268 790 1418 817 auditores.

51 865 171 915 [faiu—
205 868 360 915 νλαμϐάνει.
393 870 488 903 Οὐδεὶς
517 871 571 898 τῶν
608 873 805 904 ἀπιστούντων.

896 883 973 911 νοη-
985 882 1030 910 32.
1045 882 1238 915 Et—atcipit.
1251 879 1348 908 Nullus
1362 880 1521 907 inﬁdelium.
1535 879 1591 907 lloc
1604 887 1653 906 au-

18 911 103 937 Τοῦτο
115 911 143 938 δὲ
160 913 291 947 περὶτῶν
307 916 481 952 ἀναισθήτων
510 918 645 946 Ἰουδαίων
665 920 779 955 είρηκεν
792 922 806 948 ό

21 956 150 992 Ἰωάννης
163 966 170 975 ·
191 959 341 994 ἐξαιρέτως
355 961 383 988 δὲ
398 963 464 998 περὶ
481 964 534 990 τῶν
545 964 642 991 ἑαυτοῦ
665 966 805 1002 μαθητῶν,

18 1003 70 1029 τῶν
91 1003 144 1030 ὑπὸ
160 1004 314 1039 φιλοδοξίας
328 1007 375 1034 καὶ
391 1006 544 1043 βασκανίας
562 1010 744 1045 παρακνίζειν
758 1011 808 1038 αὑ-

18 1049 62 1075 τὸν
79 1050 310 1085 ἐπιχειρούντων.

60 1095 93 1122 '0
118 1097 221 1124 λαϐὼν
244 1112 280 1118 -—-
305 1099 384 1127 ἐστι.
411 1100 626 1138 Ἐσφράγισεν,
644 1103 727 1138 ἤγουν
747 1103 808 1130 ὲϐε-

18 1142 147 1175 ϐαίωσεν,
163 1143 263 1176 ἔδειξεν
276 1145 346 1172 ὄτιὸ
373 1146 468 1183 Πατὴρ
491 1147 597 1184 ἀληθής
626 1150 710 1176 ἐστιν.
739 1148 807 1177 Εἶτα

18 1189 223 1222 κατασκευάζει
235 1191 265 1217 τὸ
278 1191 373 1226 ῥηθέν.

56 1236 112 1261 ‘Or
125 1235 180 1270 γὰρ
198 1253 228 1260 -
243 1237 343 1266 λαλεῖ.
362 1238 440 1265 Ἐπεὶ
456 1239 522 1275 γὰρ,
539 1240 747 1276 ἀπεσταλμένος
757 1241 807 1273 ὢν,

18 1281 52 1308 τὰ
69 1282 181 1316 ῥήματα
197 1281 245 1309 τοῦ
259 1282 328 1309 Θεοῦ
338 1283 426 1315 λαλεῖ,
438 1284 532 1312 λοιπὸν
549 1286 562 1312 ὁ
575 1286 626 1321 μὲν
650 1286 742 1313 λαϐὼν
756 1287 807 1314 αὐ-

18 1327 65 1353 τοῦ
81 1328 131 1362 τὴν
144 1328 299 1363 μαρτυρίαν
326 1330 375 1357 καὶ
391 1331 530 1358 πιστεύων
544 1333 618 1368 αὑτῷ
632 1333 808 1367 ἐϐεϐαίωσεν,

18 1372 120 1404 ἔδειξεν
135 1372 176 1399 ὅτι
192 1375 205 1401 ὁ
224 1373 290 1406 Θεὸς
306 1375 410 1411 ἀληθής
435 1377 525 1410 ἐστιν,
545 1378 560 1404 ὁ
584 1378 749 1410 ἀποστείλας
761 1379 805 1405 αὐ»

18 1420 74 1452 τὸν,
99 1417 204 1453 οὗτινός
219 1421 272 1448 είσι
290 1421 325 1449 τὰ
350 1423 463 1459 ῥήματα
477 1423 494 1451 ἃ.
513 1424 609 1452 λαλεῖθ
625 1426 640 1453 ὀ
660 1426 688 1452 δὲ
705 1426 744 1462 μὴ
759 1426 808 1453 λα.-

18 1466 75 1492 ϐὼν
97 1466 192 1501 αὐτὴν,
212 1469 259 1494 καὶ
280 1469 404 1495 ἀπιστῶν
434 1470 518 1506 αὐτῷ,
538 1471 697 1498 τούναντίον
725 1472 808 1504 ποιεῖ,

18 1514 67 1540 καὶ
83 1513 159 1540 οὐδὲν
173 1513 268 1550 ἕτερον
284 1515 300 1550 ἢ
315 1516 459 1551 προδήλως
475 1516 617 1553 θεομαχεῖ.

54 1604 130 1638 ’Ὅρα
153 1603 212 1635 πῶς
240 1604 340 1635 αὐτοὺς
370 1604 496 1632 ἰντεῦθεν
520 1606 640 1642 ἐφόϐησε
672 1607 720 1634 καὶ
741 1617 808 1642 κατ-

18 1649 133 1684 έπληξε,
149 1650 284 1685 μαθόντας
298 1651 338 1677 ὅτι
348 1652 362 1678 ὁ
375 1652 542 1687 παρακούων
556 1653 639 1681 αὐτοῦ
656 1655 808 1689 παρακούει

18 1697 65 1723 τοῦ
86 1696 153 1723 Θεοῦ
174 1697 221 1723 τοῦ
240 1697 398 1740 πέμψαντος
416 1699 509 1726 αὐτόν.
538 1700 634 1734 Δείξας
649 1701 739 1728 τοίνυν
758 1702 808 1736 τὴν

18 1742 198 1770 διδασκαλίαν
222 1743 306 1770 αὑτοῦ
334 1743 491 1778 ἀξιόπιστον
527 1747 582 1774 ἀπὸ
605 1747 653 1773 τοῦ
689 1748 808 1783 Πατρὸς,

18 1789 158 1816 δείκνυσιν
189 1789 273 1826 αὐτὴν
305 1790 464 1823 ἀξιόπιστον
501 1793 548 1820 καὶ
571 1793 626 1820 ἀπὸ
655 1793 703 1820 τοῦ
731 1794 808 1829 ἁγίου

19 1835 92 1863 Πνεύ
97 1845 191 1872 ματος.

59 1883 101 1908 οὺ
117 1896 151 1901 -
170 1882 303 1917 Πνεῦμα.
321 1884 358 1910 Οὐ
382 1886 597 1921 μεμετρημένην
614 1886 723 1914 δίδωσιν
735 1886 810 1922 αὑτῷ

18 1929 33 1954 ὁ
51 1927 149 1963 Πατὴρ
160 1928 210 1963 τὴν
232 1929 279 1954 τοῦ
298 1929 459 1964 Πνεύματος
475 1932 629 1966 ἐνέργειαν,
645 1932 740 1966 ὥσπερ
754 1934 810 1964 τοῖς

19 1975 113 2006 ἄλλοις
128 1973 229 2008 ἁγίοις,
247 1975 306 2002 ἀλλ’
319 1977 475 2013 ἀμέτρητον
486 1978 542 2013 ἔχει
556 1978 658 2014 ταύτην
673 1979 720 2006 καὶ
734 1979 809 2014 ὅλην,

18 2020 59 2052 ὡς
72 2020 192 2055 ὁμοφυῆ.
211 2020 323 2056 Πνεῦμα
336 2022 391 2058 γὰρ
418 2023 467 2050 νῦν
496 2024 572 2059 λέγει
598 2025 647 2059 τὴν
661 2025 709 2052 τοῦ
725 2026 810 2052 πνεύ-

21 2075 110 2102 ματος
124 2066 278 2101 ἐνέργειαν.
297 2068 334 2095 Τὸ
358 2069 474 2104 Πνεῦμα
503 2071 553 2105 μὲν
571 2071 626 2108 γὰρ
642 2072 809 2108 ἀμέτρητον⁸

19 2115 35 2148 ὴ
51 2112 180 2147 ἐνέργεια
196 2113 225 2139 δὲ
243 2113 326 2140 αὐτοῦ
343 2117 481 2151 μετρεῖται
499 2117 548 2144 καὶ
574 2117 734 2153 διανέμεται
749 2120 811 2145 κατ’

18 2158 103 2190 ἀξίαν
117 2158 172 2185 τῶν
188 2158 385 2194 λαμϐανόντων
403 2163 501 2198 αὑτήν.

61 2249 168 2281 Ἔδειεε
195 2249 224 2276 δὲ
253 2250 303 2286 τὴν
333 2251 512 2281 διδασκαλίαν
531 2254 615 2282 αὐτοῦ
653 2255 811 2289 ἀξιόπιστον

19 2295 77 2322 ἀπὸ
93 2294 140 2321 τοῦ
154 2296 261 2331 Πατρὺς
278 2298 325 2323 καὶ
351 2298 398 2324 τοῦ
415 2299 496 2331 ἁγίου
525 2301 696 2337 Πνεύματος,
712 2304 761 2339 οὐχ
774 2305 812 2337 ὡς

19 2339 152 2385 δεομένου
166 2343 216 2376 τῆς
228 2342 335 2370 ἐκεῖθεν
358 2343 533 2379 ἀξιοπιστίας
546 2354 552 2361 ·
565 2348 648 2383 ἀρκεῖ
662 2349 717 2385 γὰρ
730 2351 812 2383 αὐτὸς

19 2384 124 2418 ἐαυτῷ,
136 2386 186 2419 τῆς
200 2386 285 2421 αὐτῆς
301 2389 394 2420 αὐτοῖς
407 2389 444 2416 ὣν
459 2391 570 2425 φύσεως
588 2393 635 2419 καὶ
647 2384 740 2426 ἀξίας*
753 2395 812 2422 ἀλλ’

20 2429 119 2465 ἐπειδὴ
132 2430 178 2456 τὸν
195 2432 244 2465 μὲν
261 2433 370 2469 Πατέρα
387 2436 548 2470 ἐγίνωσκον,
565 2439 612 2465 καὶ
634 2439 676 2466 ὅτι
694 2441 810 2476 Πνεῦμά

20 2479 99 2504 ἐστιν
114 2477 274 2512 ἠπίσταντο,
294 2480 340 2507 τὸν
363 2482 426 2511 Υῑὸν
441 2484 470 2510 δὲ
484 2485 612 2520 ἠγνόουν,
638 2487 685 2514 ἀπ’
699 2488 811 2516 ἐκείνων

82 2566 105 2582 ⁵⁷
119 2565 199 2593 Joan.
222 2576 247 2602 v,
259 2568 304 2596 ‘50.
373 2569 486 2604 ",Joan.
501 2580 548 2601 vn.
562 2572 606 2600 16.

860 934 914 957 tem
929 929 963 956 de
979 928 1126 956 insensatis
1152 927 1254 956 Judmis
1269 927 1338 954 dixit
1353 926 1483 957 Joannes,
1498 925 1652 961 przesertim

858 979 950 1002 autem
963 975 995 1002 de
1007 974 1151 1009 discipulis
1166 974 1234 1006 suis,
1252 974 1298 1008 qui
1313 981 1376 1000 eum
1394 974 1420 1001 in
1433 972 1610 1000 ambitionem
1624 975 1653 1000 et

859 1021 987 1049 invidiam
1005 1021 1147 1055 impellere
1161 1020 1344 1047 conabantur.

893 1112 972 1140 νοτε.
1002 1112 1048 1139 55.
1075 1110 1126 1143 Qui
1150 1111 1246 1144 accepit
1267 1124 1304 1130 —
1325 1110 1368 1137 sit.
1395 1108 1565 1144 Obsiguavit,
1593 1109 1650 1135 sive

860 1157 1039 1190 conﬁrmavit.
1061 1157 1268 1187 demonstravit.
1296 1156 1368 1190 quod
1393 1155 1475 1182 Pater
1498 1163 1580 1183 verax
1605 1154 1651 1182 sit.

861 1203 963 1232 Deinde
977 1203 1048 1238 quod
1062 1203 1163 1230 dictum
1180 1207 1231 1233 est.
1247 1202 1353 1237 probat.

900 1250 1024 1278 Vers.55.
1041 1249 1068 1276 Is
1079 1250 1148 1276 enim
1165 1257 1241 1284 quem
1254 1263 1290 1268 —-
1307 1248 1431 1283 loquitur.
1448 1246 1588 1281 Siquidem
1602 1244 1652 1280 (ea)

860 1305 894 1325 ex
910 1304 964 1331 quo
983 1295 1005 1323 is
1019 1295 1068 1330 qui
1082 1295 1182 1323 missus
1199 1299 1251 1324 est.
1267 1294 1350 1321 verba
1370 1293 1415 1320 Dei
1433 1292 1566 1327 loquitur,
1585 1298 1653 1318 con-

862 1349 979 1378 sequens
1007 1346 1050 1369 est
1075 1346 1106 1369 ut
1131 1341 1176 1376 qui
1201 1340 1390 1368 testimonium
1416 1340 1477 1373 ejus
1506 1336 1653 1372 sumpserit

860 1390 940 1424 eique
960 1387 1116 1419 crediderit.
1141 1388 1286 1414 conﬁrmet
1310 1393 1342 1413 ac
1373 1385 1554 1413 demonstret.
1580 1381 1652 1417 quod

862 1436 933 1463 Deus
948 1442 1029 1462 verax
1043 1434 1088 1467 sit.
1110 1433 1156 1469 qui
1180 1434 1268 1468 ipsum
1291 1433 1366 1459 misit
1388 1436 1417 1458 et
1431 1431 1510 1464 cujus
1535 1434 1600 1456 sunt
1619 1436 1653 1456 ea

861 1489 921 1516 qua:
937 1481 1057 1516 loquitur
1078 1481 1169 1507 verba.
1185 1478 1235 1511 Qui
1253 1483 1343 1505 autem
1369 1484 1423 1503 non
1445 1475 1560 1510 suscipit
1575 1481 1650 1506 eum,

861 1536 913 1556 nec
925 1527 1055 1558 creditei.
1066 1526 1233 1554 contrarium
1244 1525 1308 1552 facit
1323 1533 1330 1550 :
1348 1531 1399 1550 nec
1411 1522 1484 1550 aliud
1499 1522 1554 1557 agit
1570 1528 1652 1555 quam

863 1573 1006 1601 manifeste
1023 1577 1116 1600 contra
1133 1572 1215 1598 Deum
1232 1574 1344 1604 pugnat.

896 1620 965 1648 Vide
986 1618 1125 1654 quomodo
1154 1617 1218 1644 hinc
1241 1623 1288 1644 eos
1312 1619 1425 1645 terreat.
1452 1620 1514 1640 cum
1536 1613 1653 1644 discant,

862 1666 935 1702 quod
949 1665 996 1700 qui
1010 1664 1049 1691 illi
1064 1663 1224 1690 inobediens
1239 1666 1290 1693 est,
1304 1660 1359 1687 Deo
1371 1659 1534 1687 inobedicns
1546 1663 1587 1684 est
1603 1658 1651 1691 qui

863 1712 937 1739 misit
963 1710 1061 1744 ipsum.
1094 1708 1242 1742 Postquam
1273 1713 1336 1741 ergo
1362 1704 1561 1733 demonstravit
1593 1703 1653 1737 ejus

863 1756 1014 1784 doctrinam
1029 1762 1089 1782 esse
1106 1754 1157 1781 ﬁde
1169 1753 1289 1786 dignam.
1304 1752 1385 1783 idque
1398 1759 1412 1778 a
1433 1751 1524 1783 Patre,
1537 1750 1651 1776 demon-

863 1807 931 1830 strat
946 1808 1020 1828 nunc
1036 1800 1106 1827 idem
1120 1803 1148 1826 et
1160 1806 1177 1826 a
1192 1797 1296 1833 Spiritu
1316 1802 1421 1824 sancto.

899 1892 977 1919 Vers.
995 1891 1039 1918 δι.
1054 1889 1113 1917 Non
1132 1903 1167 1909 -
1182 1888 1320 1922 Spiritum.
1332 1886 1392 1913 Non
1408 1888 1592 1912 mensuratam
1604 1883 1651 1910 dat

864 1939 915 1974 ipsi
929 1938 1009 1965 Pater
1023 1936 1143 1972 Spiritus
1155 1935 1294 1964 virtutem.
1306 1933 1377 1960 sicut
1387 1932 1449 1959 aliis
1462 1931 1565 1958 sanctis
1579 1938 1586 1956 :
1601 1929 1650 1957 sed

865 1985 936 2013 hanc
950 1983 1009 2011 sine
1024 1989 1153 2010 mensura
1168 1980 1250 2008 habet
1265 1987 1297 2006 ac
1312 1984 1408 2008 totam.
1428 1982 1556 2011 tanquam
1574 1977 1650 2010 ejus-

864 2031 926 2058 dem
946 2034 1049 2056 natura:
1064 2028 1114 2063 (ﬂ).
1129 2026 1261 2062 Spiritum
1271 2025 1343 2052 enim
1358 2031 1430 2051 nunc
1441 2023 1518 2055 dicit,
1531 2022 1652 2056 Spiritus

866 2076 1010 2104 elﬁcaciam
1036 2081 1067 2101 ac
1095 2074 1235 2100 virtutem.
1257 2070 1395 2105 Siquidem
1418 2076 1571 2096 mensuram
1595 2075 1650 2094 non

866 2126 955 2157 potest
971 2120 1087 2155 Spiritus
1100 2127 1106 2146 :
1126 2119 1212 2145 virtus
1225 2121 1315 2144 autem
1332 2115 1418 2150 ipsius
1433 2117 1607 2141 mensuratur
1619 2119 1651 2139 ac

866 2167 1004 2197 dividitur.
1017 2166 1092 2201 juxta
1103 2171 1210 2195 eorum,
1225 2161 1271 2197 qui
1285 2161 1358 2188 illam
1372 2159 1548 2195 participant.
1562 2157 1651 2192 digni-

832 2224 854 2252 D
869 2219 961 2241 tatem.

899 2258 1103 2287 Demonstravit
1128 2264 1192 2292 ergo
1218 2254 1372 2283 doctrinam
1400 2253 1475 2280 illius
1505 2258 1566 2278 esse
1598 2249 1651 2276 ﬁde

861 2305 969 2341 dignam
983 2311 997 2330 a
1010 2304 1089 2331 Patre
1104 2307 1133 2330 et
1143 2301 1244 2336 Spiritu
1260 2303 1354 2328 sancto
1371 2307 1378 2331 ;
1393 2305 1448 2325 non
1472 2295 1551 2331 quasi
1578 2295 1654 2321 illinc

861 2355 938 2387 egeat
953 2350 1062 2377 testium
1077 2347 1283 2384 approbatione.
1300 2345 1346 2380 qui
1363 2344 1415 2372 soli
1432 2343 1487 2370 sibi
1514 2340 1651 2369 suﬁiciens

864 2400 917 2427 est.
935 2395 1057 2430 ejusdem
1073 2402 1134 2421 cum
1150 2393 1190 2420 eis
1202 2392 1341 2428 dignitatis
1355 2395 1383 2417 et
1402 2395 1514 2420 naturae,
1533 2387 1579 2415 sed
1589 2387 1652 2422 quia

865 2442 972 2469 Patrem
987 2440 1197 2476 cognoscebant,
1212 2443 1238 2466 et
1252 2437 1323 2473 quod
1336 2436 1453 2471 Spiritus
1468 2438 1541 2461 esset
1555 2433 1652 2460 crede-

866 2487 1041 2522 bant,Fiiium
1055 2491 1146 2514 autem
1166 2485 1336 2521 ignorabant,
1353 2482 1510 2517 opinionem
1524 2477 1655 2514 quamde

661 2574 684 2590 '°
697 2574 776 2602 Juan.
796 2583 854 2608 vtn,
865 2576 910 2603 26.

566 2653 666 2698 Varius
686 2653 838 2686 lectiones
857 2660 888 2687 et
910 2659 1005 2687 notae.

58 2730 117 2769 (ιδ)
144 2731 210 2769 Egi,
225 2736 286 2766 post
303 2733 366 2769 γάρ,
381 2733 460 2761 abest
476 2733 507 2762 Β.

58 2765 117 2800 (49)
142 2765 263 2802 Θέλομεν
285 2765 318 2795 AL

58 2841 110 2876 (ee)
133 2841 176 2869 Ita
187 2847 212 2884 ξι
229 2844 310 2884 istud.
333 2850 385 2873 etc.
401 2846 437 2872 Ita
466 2850 494 2884 et
521 2846 574 2874 hoc
604 2847 638 2875 de
657 2855 696 2875 se.
711 2848 808 2883 Siqui-

24 2878 94 2910 Jem,
113 2883 164 2907 etc.
184 2876 253 2911 Quia
271 2888 353 2915 enim,
368 2889 429 2909 cutn
445 2882 546 2910 missus
559 2884 603 2918 sit,
620 2883 701 2912 verba
722 2876 782 2912 Dei.

901 2738 957 2775 (50)
973 2739 1029 2766 Καὶ
1040 2738 1054 2765 ὃ
1065 2739 1177 2774 ἤκουσε.
1198 2737 1229 2764 Δ.

897 2849 934 2884 (ω
948 2848 1074 2884 Ejusdem
1085 2851 1197 2875 natura.
1212 2846 1304 2882 Forte,
1317 2846 1398 2875 simul
1414 2852 1520 2876 natam.
