1919 3076
235 155 303 188 118³1

229 211 378 247 discipulos
392 209 581 245 exspectabat,
595 207 641 244 qui
657 208 781 236 abierant
798 212 829 236 ut
843 209 919 237 cibos
941 216 1018 236 eme-
1032 215 1054 242 Α

227 262 299 285 rent.
323 256 390 284 Vide
422 261 514 283 autem
536 254 709 290 evangelistae
730 254 895 290 diligentiam
913 263 920 284 :
935 262 1024 289 neque

228 304 301 331 enim
327 303 413 330 dixit:
442 301 513 329 liora
545 305 605 329 erat
632 305 733 335 sexta,
761 302 808 329 sed
834 302 915 337 ferme
938 307 1023 333 sexta,

228 350 366 376 instruens
375 356 435 379 nos,
445 355 480 375 ne
494 348 577 375 etiam
595 348 705 374 minima
723 347 965 383 parvipcndamus,
975 345 1023 373 sed

227 396 254 422 in
270 395 312 421 his
322 401 381 429 quae
398 401 460 421 sese
479 394 600 420 oiIerunt
612 394 755 420 veritatem
769 398 917 421 sectemur.
934 393 1024 427 Siqui-

227 441 287 467 dem
304 447 338 466 ne
354 439 512 466 alﬁrmando
528 443 644 472 erraret,
669 439 818 466 dictionem
842 438 973 472 correxit,
992 441 1021 465 et

227 485 450 520 coniecturaliter
464 484 572 512 locutus
588 489 643 512 est.

264 575 340 602 Vers.
357 574 382 602 7.
405 574 528 600 Venit—
541 582 653 609 aquam.
675 573 740 600 inde
762 573 837 601 enim
861 572 1024 600 hauriebam

228 629 324 656 aquam
340 629 371 648 ac
387 621 531 653 bibebant,
547 621 593 656 qui
607 621 708 648 dictam
725 621 864 647 civitatem
879 619 1024 647 inhabita-

226 668 303 698 bant,
319 675 352 695 eo
365 669 436 703 quod
452 667 532 702 pauci
545 667 621 701 juxta
638 667 728 694 locum
745 670 842 694 essent
858 666 946 701 putei.

257 713 333 740 Vers.
351 714 376 740 7.
393 713 462 739 Dicit
475 728 509 732 —
521 717 549 739 ut
563 713 659 739 bibam.
671 712 902 745 Quemadmodum
918 712 944 738 in
959 711 1022 744 ﬁcu,

226 766 287 793 quae
299 759 404 785 exaruit
413 759 445 790 ",
459 757 524 785 ﬁcus
535 758 692 792 requirebat
704 765 758 784 non
771 761 883 793 propter
894 758 1022 789 esuriem,

227 805 276 831 sed
299 804 500 838 dispensatorie
526 811 620 838 agens,
637 808 667 830 ut
685 807 799 837 accepta
821 803 966 830 occasione
989 802 1024 829 ad

228 850 390 877 miraculum
404 849 560 884 perveniret
576 858 583 875 :
602 849 640 876 ita
654 853 682 876 et
695 856 770 876 nunc
785 848 818 875 de
832 847 908 875 fonte
922 855 1021 882 aquam

227 895 357 930 postulat,
381 902 436 921 non
464 895 526 922 sitis
553 902 646 927 causa,
670 895 717 922 sed
738 893 952 929 dispensatorie,
967 901 1021 928 quo
1038 894 1060 923 ιι

231 943 331 966 nactus
361 939 534 965 occasionem
565 945 627 965 cum
653 937 770 964 muliere
793 937 1020 972 colloqueretur;

229 983 388 1018 praescielial
417 984 490 1010 enim
517 983 603 1017 ipsam
631 982 797 1009 credituram
821 981 1022 1016 multorumque

227 1028 289 1055 ﬁdei
305 1035 415 1055 causam
429 1027 548 1054 futuram
566 1035 573 1054 :
593 1026 710 1062 ideoque
726 1030 821 1054 exorta
837 1026 1023 1054 eollocutione

227 1081 326 1108 aquam
344 1072 465 1106 reliquit.

262 1117 340 1145 Vers.
355 1117 382 1144 8.
400 1117 528 1151 Discipuli
542 1132 580 1137 —
592 1122 620 1145 ut
634 1122 757 1145 emerent.
776 1117 917 1152 Siquidem
940 1118 1023 1145 viati-

228 1172 290 1191 cum
316 1171 372 1190 non
395 1164 585 1196 contulerant,
604 1164 695 1192 edocti
719 1168 842 1191 ventrem
868 1164 1021 1199 despicere,

227 1217 279 1236 nec
301 1210 398 1236 anxius
427 1209 514 1244 ipsius
543 1217 638 1245 gerere
669 1209 855 1244 obsequium,
881 1210 929 1237 sed
958 1215 1022 1238 tunc

230 1256 319 1282 solum
348 1255 435 1290 ipsius
451 1255 552 1283 habere
575 1263 681 1289 curam,
700 1263 763 1284 cum
788 1256 822 1283 ad
846 1256 899 1283 hoc
924 1261 1022 1283 natura

228 1306 350 1337 cogeret.

262 1347 317 1374 Cur
326 1350 417 1373 autem
429 1351 495 1374 tunc
508 1347 670 1374 miraculum
687 1353 818 1383 operatus
830 1355 883 1375 non
895 1351 936 1375 est
949 1347 1021 1375 circa

227 1393 303 1420 cibos
319 1393 514 1428 discipulorum
528 1393 540 1419 ’ἶ
552 1393 632 1426 Quia,
651 1394 673 1421 si
690 1396 786 1422 omnia
806 1400 934 1429 tanquam
950 1394 1021 1422 Deus

228 1439 389 1466 mirabiliter
402 1443 531 1472 operatus
543 1438 651 1470 fuisset,
667 1447 839 1474 nequaquam
857 1439 940 1466 homo
959 1447 1020 1466 esse

227 1484 347 1512 creditus
357 1484 453 1512 fuisset
465 1493 473 1517 ',
486 1485 715 1519 quemadmodum
728 1493 743 1512 e
752 1485 873 1518 diverso,
883 1485 905 1512 si
915 1486 1018 1518 omnia,

227 1534 357 1565 tanquam
373 1531 454 1558 homo
471 1531 592 1563 iecisset,
606 1531 696 1558 Deum
709 1538 771 1558 esse
783 1531 858 1558 nullo
869 1531 950 1558 modo
962 1539 1021 1558 ere-
1042 1558 1044 1560 ,

227 1563 372 1604 didisseiit.
408 1577 472 1604 ldec
502 1577 668 1611 quandoque
698 1581 728 1603 ut
763 1577 847 1605 homo
878 1563 1056 1612 operatur,c

227 1623 387 1654 ostendens,
406 1623 479 1656 quod
501 1623 582 1649 homo
599 1622 635 1649 sit
653 1630 661 1655 ;
684 1623 823 1650 interdum
841 1630 920 1656 vero,
944 1623 1022 1658 quasi

230 1667 304 1695 Deus
315 1667 451 1695 mirabilia
464 1672 605 1702 operatur.

266 1713 346 1740 Solus
359 1717 450 1740 autem
465 1714 578 1741 sedebat
594 1713 666 1741 circa
680 1713 795 1746 fontem,
816 1720 849 1742 ex
868 1714 921 1742 hoc
938 1715 1021 1741 etiam

228 1759 387 1792 ostendens,
401 1760 473 1795 quod
488 1765 561 1787 esset
576 1768 592 1786 a
605 1759 675 1787 fastu
692 1760 808 1787 alienus.

263 1805 340 1832 Vers.
356 1805 382 1832 9.
398 1804 717 1833 Dicit—Samaritana.
736 1805 794 1832 Non
823 1804 1021 1833 commercium

227 1853 340 1885 habent,
354 1852 413 1879 sive
433 1859 486 1879 non
506 1852 720 1885 communicant,
734 1852 808 1887 ipsos
822 1852 1021 1884 abominantes,

227 1905 355 1934 tanquam
372 1900 460 1927 solum
472 1899 499 1927 in
515 1904 592 1934 parte
604 1900 787 1935 judaizantes.
855 1896 859 1899 ’

259 1946 312 1973 Sed
334 1946 405 1972 unde
423 1945 546 1973 Judaeum
569 1953 630 1973 esse
647 1945 796 1980 cognovit?
811 1946 853 1973 Ab
867 1945 961 1973 habitu
975 1950 1022 1972 aut

227 1991 308 2018 etiam
330 1999 345 2017 a
362 1991 482 2025 loquela.
513 1990 580 2018 Nam
608 1991 737 2019 Christus
761 1992 870 2026 quidem
891 1997 1020 2026 tanquam

227 2036 439 2071 nonvulgariter
453 2036 572 2069 Judzcus,
591 2037 639 2064 sed
654 2038 736 2063 etiam
754 2037 839 2071 Deus,
857 2042 1019 2073 contempta

229 2083 386 2117 hujusmodi
406 2083 591 2115 observantia,
610 2083 737 2118 captabat
758 2090 813 2110 non
833 2083 1019 2111 Samaritano-

228 2134 287 2153 rum
305 2131 409 2153 tantum
425 2126 651 2159 familiaritatem,
666 2128 713 2155 sed
735 2131 762 2154 et
777 2133 941 2156 cunctarum
958 2129 1020 2156 nbi-

228 2180 282 2207 que
306 2173 438 2208 gentium.
474 2173 648 2200 Samaritana
674 2181 740 2201 vero
764 2174 926 2202 existimans
954 2181 1017 2201 eum

228 2227 353 2254 peccare,
377 2219 553 2253 corripienlis
579 2227 656 2248 more
676 2220 711 2247 ad
733 2220 892 2247 memoriam
913 2220 1019 2248 reducit
1031 2234 1058 2264 Ι)

229 2265 462 2292 observationem.

267 2309 345 2337 Vers.
363 2310 407 2338 10.
425 2311 567 2347 Respondit
581 2328 615 2333 —-
631 2313 730 2340 vivam.
751 2311 823 2340 Hinc
834 2313 915 2348 plane
931 2314 1015 2341 mani-

228 2356 327 2384 festum
340 2362 381 2384 est
397 2358 471 2392 quod
488 2357 560 2384 sitim
577 2357 761 2391 simulaverit,
774 2363 804 2385 ut
825 2359 858 2385 ad
876 2365 905 2385 se
922 2366 1019 2385 erran-

229 2408 284 2430 tem
314 2404 483 2436 attraheret,
501 2411 533 2432 ac
554 2404 701 2432 locutionis
718 2404 768 2432 reti
791 2409 945 2432 venaretur.
975 2404 1019 2431 Si—

228 2449 313 2477 tiebat
337 2455 421 2482 certe.
453 2450 501 2477 sed
522 2450 671 2478 errantium
699 2450 917 2483 conversionem,
935 2457 1016 2484 quam

228 2495 355 2522 etiamin
382 2503 510 2530 processu
536 2504 616 2524 suum
644 2501 723 2524 vocat
754 2497 856 2529 cibum,
884 2496 978 2524 dicens
1005 2505 1013 2523 :

227 2537 304 2566 Meus
316 2539 387 2566 cibus
401 2545 450 2572 est,
464 2544 493 2566 ut
508 2541 607 2576 faciam
627 2542 790 2567 voluntatem
805 2541 872 2574 ejus,
883 2540 928 2574 qui
943 2541 1013 2567 misit

227 2591 269 2611 me
287 2584 311 2600 "
326 2593 334 2618 ;
349 2593 423 2612 nunc
437 2593 501 2613 vero
523 2587 561 2613 ait
576 2594 583 2612 :
599 2585 628 2613 Si
642 2587 723 2613 scires
738 2587 836 2613 donum
849 2585 909 2618 Dei,
924 2586 947 2613 si
967 2594 1013 2613 co-

225 2639 381 2666 gnosceres,
404 2633 534 2668 quidnam
551 2632 596 2666 sit,
609 2633 681 2668 quod
697 2633 779 2661 donat
799 2634 880 2661 Deus.
901 2633 1015 2660 Dicebat

279 2701 302 2717 ⁸³
321 2700 549 2737 Mattli.xxt,18;
567 2703 650 2731 Mare.
663 2712 703 2737 ιι,
719 2704 765 2731 12.
819 2703 842 2720 ⁸⁸
854 2703 933 2732 Joan.
950 2711 988 2737 ιν,
1003 2703 1048 2731 54.

847 152 1039 184 ΕΗΤΗΥΜῙΙ
1059 152 1222 184 ZIGABEN
1226 152 1238 183 Ι

1806 150 1878 183 11$

1070 219 1116 237 ται
1130 210 1186 237 τῶν
1207 207 1388 244 ἀνθρωπίνων
1416 207 1572 244 σωμάτων1
1591 207 1650 242 ἅμα
1679 207 1709 234 δὲ
1740 208 1791 235 καὶ
1809 210 1879 240 τοὺς

1076 257 1202 293 μαθητὰς
1217 256 1350 291 ἀνέμενεν
1366 253 1535 285 ἀπελθόντας
1556 254 1596 285 εἰς
1618 254 1723 289 ἀγορὰν
1742 254 1876 291 τροφῶν.

1075 304 1147 340 Ὅρα
1161 303 1190 329 δὲ
1207 303 1254 329 τοῦ
1274 301 1470 336 εὐαγγελιστοῦ
1499 302 1550 335 τὴν
1574 300 1719 336 ἀκρίϐειαν
1732 309 1740 317 ·
1764 302 1798 327 οὐ
1817 301 1877 336 γὰρ

1075 348 1162 382 εἶπεν,
1177 350 1248 385 Ὦρα
1256 346 1290 384 ἦν
1301 348 1380 383 ἕκτη,
1391 347 1449 375 ἀλλ’
1458 347 1530 373 ὡσεὶ
1541 347 1612 380 ἕκτη
1624 355 1633 363 ’
1645 347 1784 374 παιδεύων
1797 349 1877 382 ἡμᾶς

1075 395 1137 430 μηδ’
1151 394 1199 421 ἐπὶ
1213 395 1271 426 τοῖς
1295 393 1451 428 ἐλαχίστοις
1478 393 1650 426 ἀδιαφορεϊν,
1670 393 1739 420 ἀλλά
1758 394 1811 420 καὶ
1842 394 1872 419 ἐν

1074 442 1131 472 τοῖς
1147 439 1277 476 τυχοῦσιν
1301 437 1475 472 ἐπιτηδεύειν
1505 438 1647 472 ἀλήθειαν.
1665 438 1724 464 Ἵνα
1754 439 1813 474 γὰρ
1834 439 1873 473 μὴ

1075 486 1294 520 ἀποφαινόμενος
1302 485 1370 516 ἴσως
1384 483 1521 519 ἀποτύχῃ,
1530 484 1645 510 ἐκόλασε
1655 484 1705 519 τὴν
1717 484 1805 517 λέξιν,
1823 485 1874 511 καὶ

1076 531 1264 566 noxae-1mm;
1281 530 1383 562 ἔλεξεν.
1526 527 1529 531 ’

1111 578 1247 612 Ἔρχεται
1262 591 1296 598 -
1308 576 1396 610 ὕδωρ.
1421 575 1545 602 Ἐκεῖθεν
1561 574 1615 610 γὰρ
1640 575 1666 601 οἱ
1683 575 1732 610 τῆς
1749 576 1874 612 εερημέ-

1074 634 1124 661 νης
1137 624 1242 655 πόλεως
1258 623 1412 657 ὑδρεύοντο,
1427 621 1471 648 διὰ
1485 622 1516 648 τὸ
1529 621 1566 656 μὴ
1580 622 1664 656 συχνὰ
1676 621 1786 656 φρέατα
1803 622 1874 658 περὶ

1074 673 1121 698 τὸν
1133 672 1218 698 τόπον
1232 668 1316 696 εἶναι.

1110 717 1195 752 Λέγει
1207 731 1243 736 —
1257 716 1347 743 πιεῖν.
1368 715 1474 750 Ὦτπερ
1490 715 1535 741 ἐπὶ
1552 713 1603 749 τῆς
1618 714 1801 749 ξηρανθείσης
1823 722 1873 741 συ-

1076 765 1126 800 κῆς
1150 764 1180 790 οὐ
1206 762 1306 789 πεινῶν
1329 761 1420 796 ἐζήτει
1446 761 1527 793 σῦκα,
1549 761 1608 788 ἀλλ’
1630 760 1802 794 οἰκονομῶν,
1829 761 1872 786 ἵνα

1076 810 1240 844 εὐαφὸρμως
1255 807 1303 834 ἐπὶ
1317 807 1366 843 τὴν
1386 807 1611 842 θαυματουργίαν
1628 806 1693 843 ἔλθῃ
1705 814 1714 824 ·
1731 806 1808 832 οὕτω
1824 807 1872 833 καὶ

1075 857 1123 883 νῦν
1139 856 1186 882 ἐπὶ
1199 856 1249 890 τῆς
1265 854 1356 889 πηγῆς
1371 854 1401 880 οὺ
1414 853 1498 888 διψῶν
1514 853 1606 888 ἐζήτει
1625 853 1710 888 ὕδωρ,
1721 851 1783 880 ἀλλ’
1799 853 1873 880 οἰκο-

1075 901 1176 936 νομῶν,
1190 900 1234 927 ἵνα
1248 899 1413 934 εὑαφόρμως
1425 900 1457 934 τῇ
1473 899 1583 932 γυναικὶ
1595 897 1735 933 διαλεχθῇ.
1750 899 1873 933 [[90:72—

1073 955 1163 974 νωσκε
1180 947 1234 982 γὰρ
1254 945 1339 981 αὐτὴν
1359 945 1560 971 πιστεύσουσαν
1577 945 1625 971 καὶ
1642 944 1753 976 πολλοῖς
1771 945 1870 971 αἰτίαν

1075 994 1193 1024 πίστεως
1209 993 1402 1028 γενησομένην
1415 999 1422 1006 ·
1437 992 1478 1018 διὸ
1490 992 1549 1025 καὶ,
1566 991 1616 1026 τῆς
1635 990 1781 1023 nauem;
1799 991 1873 1026 ἀψά.

1075 1048 1167 1075 μενος,
1182 1039 1272 1074 ἀφῆκε
1287 1039 1318 1065 τὸ
1332 1038 1388 1074 (58)
1405 1038 1488 1074 ὓδωρ.

1111 1120 1144 1146 οι
1171 1118 1226 1154 γὰρ
1250 1117 1436 1153 μαθηταὶ-
1457 1117 1660 1153 ἀγοράσωσιν.
1680 1117 1736 1144 οὐκ
1763 1118 1870 1153 ἐπεφέ-

1075 1174 1152 1202 ροντο
1178 1166 1234 1201 (59)
1259 1165 1313 1200 γὰρ
1331 1164 1436 1199 ἐφόδια,
1462 1164 1655 1195 παιδευθέντες
1680 1166 1868 1199 καταφρονεῖν

1072 1211 1204 1247 γαστρὸς,
1221 1211 1270 1237 καὶ
1286 1210 1324 1245 μὴ
1345 1209 1584 1244 περισπούδαστον
1598 1209 1727 1244 ἡγεῖσθαι
1744 1210 1796 1244 τὴν
1813 1210 1868 1236 λε.-

1072 1257 1204 1293 τουργιαν
1231 1257 1328 1291 αὐτῆς,
1353 1255 1422 1282 ἀλλὰ
1447 1255 1508 1282 τότε
1538 1254 1619 1290 μόνον
1648 1255 1867 1290 ἐπιστρέφεσθαι

1071 1303 1184 1340 ταύτης,
1199 1303 1245 1330 ὅτι
1261 1302 1383 1337 λοιπὸνή
1400 1301 1482 1336 φύσις
1496 1301 1616 1335 ἐπείγοι.

1107 1350 1171 1381 Πῶς
1200 1347 1248 1376 οὖν
1280 1349 1332 1375 οὐχ
1357 1346 1606 1382 ὲθαυματούργησε
1633 1346 1680 1373 καὶ
1708 1346 1772 1373 τότε
1798 1347 1867 1382 περὶ

1072 1397 1122 1428 τὰς
1133 1396 1237 1432 τροφὰς
1251 1395 1306 1421 τῶν
1321 1393 1470 1429 memet;
1484 1394 1558 1420 Διότι
1574 1393 1623 1420 ιὰν
1639 1393 1730 1421 πάντα
1743 1392 1782 1424 ὡς
1798 1393 1866 1424 Θεὸς

1072 1441 1283 1478 ὲτερατούργει,
1308 1440 1447 1476 ἠπιστήθη
1476 1439 1508 1466 ἂν
1534 1439 1576 1467 ὅτι
1604 1439 1750 1475 ἄνθρωπός
1775 1441 1865 1471 ἐστιν,

1072 1490 1168 1525 ὥσπερ
1192 1488 1274 1516 πάλιν
1298 1489 1346 1514 ἐὰν
1369 1487 1459 1515 πάντα
1484 1487 1523 1519 ὼς
1547 1485 1692 1522 ἄνθρωπος
1715 1486 1864 1522 ἔπραττεν,

1071 1534 1230 1572 ὴπιστήσθη
1247 1534 1281 1561 ἂν
1295 1533 1338 1560 ὅτι
1351 1533 1418 1563 Θεός
1433 1533 1502 1559 ἐστι.
1516 1533 1566 1559 Διὰ
1580 1533 1660 1559 τοῦτο
1674 1533 1741 1559 ποτὲ
1759 1532 1812 1567 μὲν
1826 1532 1865 1564 di;

1073 1582 1219 1617 ἅνθρωπος
1247 1579 1377 1615 πράττει,
1407 1578 1526 1614 βεϐαιῶν
1551 1579 1593 1605 ὅτι
1617 1578 1762 1614 ἄνθρωπός
1786 1580 1863 1605 ἐστι’

1073 1627 1141 1655 ποτε
1170 1627 1199 1654 δὲ
1226 1626 1264 1658 ὡς
1293 1625 1361 1657 Θιδς
1386 1626 1576 1661 τερατουργιῑ,
1611 1625 1795 1660 πιστούμενος
1823 1625 1864 1651 ὅτι

1073 1674 1139 1705 Θεός
1158 1674 1228 1700 ἐστι.

1108 1720 1196 1752 Μόνος
1210 1719 1239 1746 δὲ
1257 1719 1404 1751 ἐκαθέζετο
1422 1717 1498 1753 παρὰ
1511 1719 1544 1753 τῇ
1565 1718 1640 1753 πηγῇ
1658 1717 1796 1745 παιδεύων
1815 1717 1863 1744 καὶ

1072 1765 1105 1792 ἐκ
1121 1765 1215 1792 τούτου
1231 1765 1261 1791 τὸ
1276 1765 1389 1799 ἄτυφον.

1107 1812 1193 1847 Λέγει
1208 1826 1243 1831 ——-
1256 1811 1463 1846 Σαμαρείταις.
1477 1810 1514 1837 Οὐ
1529 1809 1713 1845 συγχρῶνται,
1728 1810 1817 1845 ἡγουν
1831 1812 1861 1838 οὺ

1073 1857 1246 1890 κοινωνοῦσι,
1274 1857 1481 1893 βδελυττόμενοι
1499 1858 1611 1890 τούτους
1629 1856 1667 1888 ὡς
1684 1856 1713 1891 ιξ
1730 1857 1862 1892 ήμισιξας

1074 1905 1270 1936 ἰουδαΐζοντας.

1114 1951 1196 1977 Ἀλλὰ
1221 1950 1303 1977 πόθεν
1329 1950 1400 1985 ἔγνω
1431 1949 1472 1976 ὅτι
1508 1949 1634 1981 Ἰουδαῖός
1663 1950 1760 1982 sanxi;
1797 1949 1862 1976 ’Δπὸ

1071 1996 1118 2024 τοῦ
1143 1998 1293 2032 σχήματος,
1314 1995 1331 2031 ἢ
1350 1995 1397 2022 καὶ
1421 1995 1475 2022 ἀπὸ
1497 1995 1547 2030 τῆς
1570 1995 1726 2028 διαὶέξεως.
1755 1995 1787 2022 '0
1814 1995 1862 2030 μὲν

1070 2043 1118 2070 οὖν
1142 2042 1270 2078 Χριστὸς.
1301 2039 1344 2068 οἷα
1371 2041 1409 2077 μὴ
1434 2041 1527 2072 ἁπλῶς
1556 2042 1696 2073 Ἰουδαῖος,
1716 2041 1789 2068 ἀλλὰ
1816 2042 1862 2068 καὶ

1070 2088 1146 2122 Θεὸς,
1162 2087 1272 2122 παρεῖδε
1285 2088 1335 2122 τὴν
1350 2087 1480 2122 τοιαύτην
1494 2087 1696 2122 παρατήρησιν,
1714 2095 1861 2122 προοιμια-

1069 2135 1182 2170 ζόμενος
1198 2133 1247 2169 τὴν
1263 2134 1417 2165 οἱκείωσιν,
1434 2133 1464 2159 οὺ
1487 2134 1568 2168 μόνον
1585 2132 1640 2158 τῶν
1660 2132 1858 2167 Σαμαρειτῶν,

1069 2179 1137 2207 ἀλλὰ
1149 2178 1196 2204 καὶ
1209 2177 1265 2204 τῶν
1278 2175 1437 2212 ἁπανταχοῦ
1452 2176 1503 2211 γῆς
1517 2176 1612 2203 ἐθνῶν.
1637 2175 1668 2202 Ἦ
1682 2175 1710 2202 δὲ
1723 2175 1861 2210 Σαμαρεῖο

1070 2234 1122 2258 τις,
1147 2224 1257 2259 οἰομένη
1279 2223 1375 2250 τοῦτον
1397 2222 1577 2257 ἁμαρτάνειν,
1600 2221 1756 2257 διορθοῦται
1777 2221 1860 2257 δῆθεν

1071 2269 1321 2303 ὑπομιμνήσκουσα
1337 2267 1402 2302 περὶ
1418 2266 1468 2301 τῆς
1486 2267 1716 2302 παρατηρήσεως.

1109 2314 1267 2349 Ἀπεκρίθη
1282 2316 1318 2333 -‘—
1334 2312 1400 2343 ζὼν.
1431 2311 1572 2340 Ἐντεῦθεν
1596 2312 1715 2348 μάλιστα
1739 2313 1858 2348 φανερὴν

1067 2360 1104 2392 ὡς
1119 2360 1253 2396 ὑπεκριθη
1270 2359 1330 2386 τότε
1348 2359 1396 2395 τὴν
1416 2358 1515 2393 δίψαν,
1534 2359 1577 2385 ῐνα
1600 2359 1683 2393 ἐγγὺς
1696 2359 1792 2394 ἀγάγῃ
1809 2359 1855 2395 τὴν

1067 2405 1259 2441 πλανωμένην,
1274 2406 1322 2432 καὶ
1332 2404 1455 2440 θηρεύσῃ
1469 2405 1509 2440 τῷ
1519 2405 1619 2439 δικτύῳ
1632 2405 1683 2439 τῆς
1696 2404 1854 2438 διαλέξεως.

1075 2450 1169 2485 Ἐδιψα
1203 2450 1252 2485 μὲν
1280 2450 1352 2486 γὰρ,
1386 2449 1455 2477 ἀλλὰ
1481 2451 1530 2486 τὴν
1558 2450 1611 2477 τῶν
1639 2450 1856 2485 πεπλανημένων

1069 2496 1238 2531 ἐπιστροφήν
1253 2504 1261 2512 ·
1285 2496 1348 2522 ἐπεὶ
1361 2496 1408 2522 καὶ
1425 2496 1544 2531 προῖὼν,
1559 2496 1624 2523 ἴδιον
1640 2496 1741 2532 βρῶμα
1755 2496 1856 2532 ταύτην

1068 2541 1155 2574 καλεῖ,
1169 2540 1263 2576 ἀλέγων
1275 2549 1282 2557 ·
1313 2540 1404 2575 Ἐμὸν
1419 2540 1526 2576 ,ϐρῶμά
1543 2541 1639 2574 ἐστιν,
1659 2542 1711 2568 ἵνα
1734 2541 1812 2569 ποιῶ
1825 2542 1856 2569 τὸ

1067 2587 1182 2623 θέλημα
1207 2587 1261 2615 τοῦ
1286 2586 1462 2622 πέμψαντός
1488 2596 1537 2622 με.
1561 2587 1619 2614 Νὗν
1644 2588 1672 2614 δέ
1698 2596 1802 2623 φηςιν·
1825 2588 1856 2614 ει

1067 2634 1151 2669 ᾕδεις
1162 2634 1219 2668 τὴν
1240 2633 1355 2668 δωρεὰν
1374 2633 1428 2660 τοῦ
1445 2633 1538 2661 Θεοῦ·
1558 2634 1582 2660 si
1604 2633 1755 2669 ἐγίνωσκες
1779 2635 1855 2661 ὀποῖα

817 2785 916 2817 Variae
931 2784 1088 2819 lectiones
1097 2788 1128 2817 et
1138 2788 1234 2816 notae.

265 2863 324 2899 (58)
343 2865 472 2892 Τοιοῦτον
487 2866 636 2901 interponit
654 2867 685 2895 Δ.

1104 2869 1160 2906 (59)
1179 2868 1344 2903 Ἐπεφέρετο
1364 2869 1397 2896 Δ.
