1919 3076
201 151 271 187 ἳ191

819 156 1011 188 EUTHYMII
1030 157 1212 188 ZIGABENI

1760 155 1834 191 11⁸32

195 211 288 246 Jacab,
299 212 344 248 qui
354 213 425 240 dedit
437 212 510 240 nobis
518 217 625 248 puteum
637 212 713 240 hunc
725 218 778 241 tam
791 214 938 247 celebrem,
953 222 981 242 ιιι

1040 215 1124 250 ἡμῶν
1143 215 1251 243 Ἰακὼό
1259 236 1266 248 ,
1283 215 1318 248 ὃς
1330 216 1442 244 ἔδωκεν
1456 215 1530 250 ἡμῖν
1544 216 1578 244 τὸ
1592 216 1685 252 φρέαρ
1701 217 1787 245 τουτί
1802 218 1836 245 τὸ

198 256 337 285 meliorem
357 258 444 292 possis
454 258 518 285 dare
529 258 646 293 aquam?
662 258 741 291 Quod
757 264 848 286 autem
861 259 983 287 additur.

196 300 231 328 Et
250 302 304 336 ipse
316 309 348 328 ex
365 310 394 328 eo
415 301 490 335 bibit,
514 307 537 329 et
556 302 606 336 ﬁlii
629 303 685 337 ejus
704 308 728 330 et
752 312 848 338 pecora
864 304 932 338 ejus,
951 304 985 331 ad

197 347 285 382 ipsius
306 348 379 382 putei
398 348 504 375 laudent
523 349 627 376 dictum
647 354 700 376 est.
716 349 783 376 Nam
802 350 824 376 si
842 350 984 378 meliorem

195 394 278 420 alium
301 394 453 427 habuisset,
477 403 649 430 nequaquam
671 404 732 423 cum
754 400 808 423 tota
827 396 930 423 familia
951 404 984 424 ex

195 441 247 468 hoc
260 441 383 467 bibisset.
397 440 542 475 Reliquum
559 446 600 468 est
615 441 708 477 igitur,
723 449 765 474 ut,
782 442 804 469 si
814 442 905 477 possis
919 443 984 471 dare

195 486 348 519 meliorem,
370 488 455 521 major
477 488 516 513 sis
529 486 624 515 Jacob.

231 532 292 559 Haec
321 535 412 567 itaque
438 532 607 561 Samaritana
624 535 658 561 de
674 533 758 562 Jacob
775 542 836 562 cum
854 543 886 563 co
904 535 979 570 loqui

197 582 358 613 perseverat
379 578 445 613 (gg),
469 582 580 614 optans,
604 580 676 614 quod
700 580 808 615 quaerit,
827 581 953 608 invenire
976 589 983 608 :

192 624 279 651 Judaei
306 633 370 652 vero
395 625 477 652 etiam
503 625 625 659 lapidare
651 633 715 652 eum
738 626 892 658 tentabant,
916 627 982 654 dum

195 671 331 698 Abraham
357 671 458 698 iaceret
484 671 663 698 mentionem.
695 672 839 704 Quomodo
862 681 926 708 ergo
948 681 986 700 ae-

197 725 282 751 quum
314 721 398 750 esset,
424 721 453 744 ut
478 717 635 752 lmjusmodi
663 718 808 752 repelleret
840 719 983 746 mulierem

197 763 361 796 studiosam,
383 763 507 790 discendi
524 763 644 798 avidam,
661 771 694 791 ac
706 764 796 799 juvari
816 764 984 800 cupientem.

230 852 308 879 Vers.
327 852 368 879 l5.
386 852 528 887 Respondit
543 853 691 881 —-iterum.
709 854 759 881 Siti
775 862 861 890 aqua.

232 897 311 925 Vers.
326 898 366 926 14.
379 898 502 933 Quisquis
517 914 552 919 ~—-
567 905 703 928 wternum.
719 900 896 936 Nequaquam
908 901 984 930 sitiet

196 950 315 976 unquam
334 943 534 971 incredulitatis
551 945 606 973 siti.

234 987 310 1015 νει-ε.
332 988 375 1014 14.
395 987 447 1015 Sed
464 1003 498 1009 -——
515 997 602 1023 aqua.
619 989 670 1017 Per
688 989 791 1018 fontem
817 991 983 1027 signiﬁcavit

195 1033 407 1069 perpetuitatem
424 1041 456 1060 ac
469 1034 651 1069 integritatem
675 1036 830 1070 hujusmodi
843 1045 930 1072 aquae.

234 1079 308 1106 Vers.
331 1080 372 1106 Η.
394 1079 519 1106 Salientis
538 1094 574 1099 —
590 1085 728 1108 aeternam.
749 1081 930 1110 Scaturientis
948 1083 982 1110 ad

195 1124 278 1150 vitam
302 1129 442 1156 aeternam,
466 1132 498 1151 co
516 1124 588 1158 quod
605 1125 686 1152 vitam
705 1126 823 1159 pra-beat
839 1132 981 1155 aeternam.

197 1169 264 1196 Vide
286 1174 388 1202 autem,
414 1170 498 1204 quod,
524 1178 584 1197 cum
610 1172 706 1198 mulier
726 1172 848 1206 dixisset,
866 1173 937 1200 Num
955 1179 983 1201 m

196 1215 283 1249 major
306 1223 332 1241 es
356 1220 431 1249 patre
461 1219 550 1242 nostra
570 1215 663 1248 Jacob,
685 1224 740 1243 non
761 1217 828 1245 dixit
849 1227 855 1245 :
880 1219 980 1254 Utique

196 1260 283 1294 major
308 1268 384 1293 sum;
407 1261 546 1288 videretur
568 1261 642 1288 enim
664 1263 784 1297 seipsum
803 1264 917 1298 jactare,
935 1265 983 1292 sed

196 1305 230 1331 ab
255 1305 297 1332 his
324 1313 384 1339 quae
415 1305 496 1337 dixit,
523 1305 575 1332 hoc
603 1305 704 1333 intulit.
731 1306 799 1335 Nam
827 1308 982 1337 dill'erentia

196 1357 328 1384 aquarum
344 1350 527 1377 dill'erentiam
541 1349 623 1377 infert
639 1351 818 1386 praebentium
834 1353 904 1385 illas,
919 1362 981 1381 cum

197 1395 360 1421 naturaliter
378 1402 448 1430 aqua.
463 1394 508 1422 illa
528 1399 716 1429 consumatur,
730 1396 787 1425 haec
801 1402 892 1425 autem
917 1406 980 1433 per-

197 1445 279 1475 petuo
300 1445 418 1467 titaneat.

233 1485 309 1513 νει-ε.
327 1487 369 1513 15.
397 1487 464 1514 Dicit
487 1503 523 1508 —
543 1489 577 1515 ad
599 1489 784 1517 hauriendum.
801 1490 934 1518 Paulatim
947 1491 981 1519 ad

1037 261 1204 296 περιϐόητον
1216 282 1223 295 ,
1239 261 1282 288 ἵνα
1304 263 1351 288 καὶ
1363 261 1430 298 δύνῃ
1444 261 1536 289 δοῦναι
1552 263 1677 299 κρεῖττον
1690 261 1782 298 ὖδωρ;
1795 263 1835 290 Τδ

1035 307 1064 332 δὲ
1075 327 1082 339 ,
1097 307 1153 334 Καὶ
1167 307 1259 340 αὐτὸς
1275 307 1308 339 ἐξ
1323 307 1416 334 αὑτοῦ
1431 308 1500 335 ἔπιε
1510 329 1518 340 ,
1530 308 1579 335 καὶ
1597 309 1624 335 οι
1638 308 1696 336 vlol
1710 308 1808 336 αὐτοῦ
1822 327 1832 341 ,

1037 353 1086 379 καὶ
1100 352 1136 379 τὰ
1149 353 1299 387 θρέμματα
1308 352 1412 385 αὐτοῦ,
1430 353 1497 388 πρὸς
1515 353 1624 382 ἔπαινον
1636 354 1683 381 τοῦ
1702 355 1831 382 τοιούτου

1036 398 1155 434 φρέατος
1171 398 1283 433 εῐρηται
1294 418 1302 432 ,
1313 398 1354 424 ὅτι
1369 398 1416 425 ἐὰν
1430 396 1502 434 εἶχεν
1515 399 1608 435 ἕτερον
1622 401 1745 435 κρεῖττον
1755 421 1763 432 ,
1779 401 1832 428 οὐκ

1036 443 1070 470 ἃν
1083 444 1114 470 ἐκ
1128 443 1225 470 τούτου
1243 443 1302 470 ἔπιε
1318 445 1440 472 πανοικί.
1453 444 1553 471 Λοιπὸν
1569 444 1627 476 οὖν,
1646 447 1671 472 εἱ
1687 446 1719 474 σὺ
1732 446 1830 474 δύναιο

1036 489 1130 516 δοῦναι
1144 490 1279 523 κρεῖττον,
1297 490 1399 524 μείζων
1413 487 1440 516 εἴ
1450 490 1497 516 τοῦ
1522 491 1631 519 Ἰακώ6.

1077 533 1110 559 'H
1127 533 1176 568 μὲν
1190 533 1236 560 οὖν
1249 535 1415 569 Σαμαρεῖτις
1427 534 1496 570 αὕτη
1511 536 1656 571 πρσσηνῶς
1674 536 1748 572 αὐτῷ
1762 537 1831 573 περὶ

1036 578 1086 605 τοῦ
1116 579 1215 606 Ἰακὼὸ
1238 580 1406 615 διαλέγεται,
1433 581 1479 608 καὶ
1504 582 1676 616 παραμένει,
1704 583 1830 610 ποθοῦσα

1036 625 1126 660 εὑρεῖν
1139 625 1170 652 τὸ
1185 625 1368 662 ζητούμενον·
1389 628 1414 654 οι
1434 628 1463 654 δὲ
1485 628 1608 654 Ἰουδαῖοι
1633 630 1679 656 καὶ
1705 629 1830 662 λιθάζειν

1037 671 1120 698 αὑτὸν
1138 672 1337 707 ἐπεχείρησαν,
1354 672 1399 698 ὅτε
1412 672 1458 699 τοῦ
1480 672 1608 708 ’Δὸραὰμ
1624 674 1830 708 ἐμνημόνευσε.

1037 716 1099 749 Πῶς
1120 715 1166 744 οὗν
1183 718 1255 750 εικδς
1269 716 1304 753 ἦν
1326 718 1540 753 ἀποστραφῆναι
1561 719 1692 754 τοιαύτην
1708 722 1833 754 γυναῖκα

1038 764 1187 792 σπουδαίαν
1220 765 1268 792 καὶ
1304 764 1442 801 φιλομαθῆ
1475 765 1523 792 καὶ
1554 765 1721 802 γλιχομένην
1752 766 1831 802 ὡφε-

1036 809 1164 845 ληοῆναι.

1080 856 1236 891 Ἀπεκρίθη
1253 872 1288 877 -
1301 857 1404 885 πάλιν.
1422 858 1508 893 Δίψαν
1524 858 1632 891 ὓδατος.

1074 902 1126 934 ’ος
1153 915 1189 921 -—
1216 902 1320 930 αἰῶνα.
1347 903 1385 930 Οὐ
1417 903 1455 940 μὴ
1483 904 1584 941 διψήσῃ
1615 905 1690 938 ποτε,
1722 905 1773 942 τὴν
1797 907 1830 940 ἐξ

1036 945 1167 978 ἀπιστίας
1180 947 1270 982 δίψαν.

1070 990 1166 1019 Ἀλλὰ
1178 1007 1213 1012 -
1226 993 1344 1027 ὕδατος.
1359 995 1409 1020 Διὰ
1420 995 1469 1030 τῆς
1487 996 1624 1031 πηγῆςντὺ
1644 997 1757 1024 ἀένναον
1777 998 1829 1026 καὶ

1035 1038 1180 1070 ἀνελλιπὲς
1193 1039 1242 1066 τοῦ
1256 1041 1378 1067 τοιούτου
1394 1041 1488 1073 ὓδατος
1498 1043 1637 1078 ἐνέφηνεν.

1078 1084 1263 1118 Ἆλλομένου
1277 1101 1311 1105 -
1326 1086 1458 1114 αἰώνιον.
1478 1088 1686 1122 ’Δναὸλύζοντος
1709 1089 1764 1125 (64)
1781 1090 1828 1117 διὰ

1035 1127 1110 1163 ζωὴν
1127 1129 1253 1163 αἰώνιον,
1272 1131 1312 1162 εις
1326 1131 1356 1157 τὸ
1373 1132 1505 1168 παρέχειν
1528 1133 1601 1169 ζωὴν
1616 1133 1736 1161 αἰώνιον.
1753 1134 1830 1169 Ὅρα

1034 1175 1063 1200 δὲ
1089 1175 1147 1206 πῶς
1170 1175 1312 1211 εἰρηκυίας
1332 1177 1381 1212 τῆς
1396 1178 1537 1212 γυναικὸς,
1559 1180 1607 1214 Μὴ
1621 1181 1662 1206 σὺ
1675 1180 1781 1214 μείζων
1800 1179 1831 1208 εἶ

1036 1219 1090 1246 τοῦ
1110 1221 1223 1255 πατρὸς
1246 1221 1331 1256 ἡμῶν
1350 1223 1470 1256 Ἰακὼϐ,
1490 1225 1542 1251 οὐκ
1558 1223 1620 1252 εἶπε
1647 1226 1703 1252 Καὶ
1724 1227 1828 1262 μείζων

1034 1266 1092 1300 είμί
1103 1274 1109 1280 ·
1126 1267 1199 1299 ἔδοξε
1215 1268 1270 1303 γὰρ
1293 1268 1326 1295 ἂν
1341 1271 1495 1304 κομπάζειν
1509 1279 1515 1285 ·
1534 1271 1581 1306 ἀφ’
1596 1269 1634 1298 ὧν
1656 1272 1686 1298 δὲ
1709 1272 1806 1307 εἴρηκε
1817 1291 1828 1306 ,

1033 1312 1114 1338 τοῦτο
1135 1313 1348 1341 κατεσκεύασεν.
1381 1315 1412 1342 Ἦ
1431 1315 1549 1352 διαφορὰ
1571 1317 1625 1353 γὰρ
1645 1318 1701 1345 τῶν
1719 1318 1828 1346 ὑδάτων

1033 1357 1083 1391 τὴν
1114 1357 1245 1394 διαφορὰν
1282 1358 1337 1385 τῶν
1368 1362 1543 1395 παρεχόντων
1575 1362 1644 1389 αὐτὰ
1664 1362 1795 1398 κηρύττει
1817 1372 1826 1380 ·

1033 1403 1130 1438 ἐκείνῳ
1154 1404 1205 1439 μὲν
1232 1405 1286 1440 γὰρ
1299 1405 1338 1440 τῷ
1349 1405 1425 1433 ὕδατι
1441 1407 1522 1442 φύσις
1533 1408 1704 1436 δαπανᾶσθαι
1717 1428 1724 1442 ,
1737 1409 1784 1436 τού
1791 1417 1829 1442 ιφ

1033 1449 1062 1475 δὲ
1079 1450 1216 1484 πηγάζειν
1229 1451 1284 1478 ἀεί.

1069 1495 1156 1530 Λέγει
1176 1511 1210 1516 -
1232 1497 1367 1527 ἀντλεῖν.
1391 1499 1469 1526 Κατὰ
1488 1501 1586 1535 μικρὸν
1606 1501 1738 1536 ἀνάγεται
1756 1503 1828 1537 πρὸς

196 1530 351 1566 dogmatum
362 1532 551 1560 celsitudinem
567 1535 742 1568 provehitur.
758 1536 799 1563 Ab
809 1544 886 1571 aqua;
897 1537 981 1571 enim,

1040 1542 1065 1568 τὸ
1079 1542 1135 1568 τῶν
1150 1542 1293 1578 δογμάτων
1309 1544 1389 1579 ὕψος.
1426 1530 1496 1573 Ἀπδ
1507 1530 1556 1582 τῆς
1571 1530 1708 1583 ὑπεροέῆς
1723 1530 1826 1584 γὰρ.ρῇ

199 1584 280 1611 quam
312 1577 416 1610 tribuit,
453 1579 621 1612 praestantia,
656 1580 730 1608 hunc
757 1589 819 1609 esse
851 1584 984 1617 majorem

195 1620 279 1649 Jacob
293 1623 388 1655 credit,
405 1624 532 1659 quodque
553 1625 753 1653 excellentioris
766 1631 871 1655 natura:
884 1637 982 1663 aquam

198 1666 310 1698 tribuat,
329 1667 458 1702 intelligit
473 1676 480 1694 :
497 1669 617 1696 nondum
628 1675 718 1697 autem
734 1671 855 1706 perfecte
868 1681 985 1708 cognos-

198 1712 246 1743 cit,
262 1718 307 1738 aut
319 1713 381 1746 quis
396 1713 441 1746 sit,
461 1713 508 1748 qui
532 1714 602 1741 hanc
624 1715 717 1749 donet,
735 1722 782 1744 aut
799 1718 864 1753 quid
889 1719 932 1746 illa
948 1720 984 1747 sit

198 1764 279 1791 aqua,
302 1759 432 1792 percipit;
451 1759 607 1794 suspicatur
631 1765 721 1788 tamen
744 1763 770 1790 id
797 1764 870 1799 quod
891 1764 982 1799 datur,

198 1803 250 1830 tale
276 1804 413 1838 quippiam
440 1812 512 1838 esse,
537 1806 609 1840 quod
633 1807 706 1834 sitim
728 1808 799 1836 hanc
825 1810 983 1837 sensibilem

197 1850 321 1884 perimat.
342 1850 401 1877 Non
424 1856 466 1878 est
492 1859 558 1886 ergo
583 1852 648 1880 levis
671 1853 730 1882 haec
755 1855 865 1889 mulier,
893 1864 982 1892 neque

198 1902 270 1921 enim
303 1901 440 1930 utcunque
468 1897 589 1932 suscepit
608 1906 640 1925 ea
659 1907 719 1934 qua:
742 1901 913 1935 dicebantur,
935 1902 983 1930 sed

199 1943 259 1974 post
272 1939 377 1975 longam
395 1942 636 1978 interrogationem
649 1953 656 1977 ;
671 1953 759 1980 neque
774 1954 882 1974 rursum
895 1948 984 1975 inore.

198 1985 260 2011 dula
273 1993 304 2012 ac
320 1988 504 2014 contentiosa.
516 1988 582 2016 Nam
599 1998 660 2017 cum
672 1992 803 2026 majorem
821 2001 884 2021 eum
905 1994 982 2022 iuve-

198 2030 294 2063 niSset,
320 2039 401 2066 quam
423 2032 518 2066 Jacob,
540 2042 595 2062 non
608 2038 758 2068 permansit
772 2038 799 2065 in
815 2045 982 2076 praesumpta

198 2077 341 2110 opinione.
356 2079 438 2112 Atqui
453 2078 555 2107 Judaeis
568 2081 635 2108 dixit
653 2082 778 2110 Christus
805 2092 811 2111 :
836 2084 887 2117 Qui
912 2088 982 2114 venit

199 2125 234 2150 ad
250 2132 300 2155 me,
315 2133 366 2151 non
383 2127 478 2152 esuriat
494 2134 503 2153 :
517 2133 541 2154 et
555 2129 599 2162 qui
611 2129 688 2155 credit
703 2130 730 2155 in
746 2138 797 2164 me,
809 2139 860 2158 non
873 2133 943 2160 sitiet
955 2136 983 2161 in

200 2174 328 2197 wternum
343 2171 365 2186 “
378 2180 385 2203 ;
400 2172 437 2198 illi
451 2177 542 2200 autem
556 2182 608 2200 non
621 2175 710 2201 solum
726 2183 781 2203 non
796 2178 981 2212 crediderunt,

199 2217 247 2244 sed
262 2224 288 2243 el.
303 2218 498 2245 ollendlculum
514 2227 546 2246 ex
559 2227 592 2246 eo
607 2222 679 2254 passi
692 2227 765 2249 sunt.

235 2262 313 2290 νοτε.
339 2264 380 2290 lii.
405 2264 479 2291 Dixit
498 2279 532 2284 —
548 2267 607 2293 huc.
626 2266 693 2294 Cum
712 2268 826 2296 instaret
843 2274 871 2298 et
888 2279 984 2307 appro.

200 2309 318 2336 hcndere
347 2310 437 2343 vellet,
462 2311 500 2338 ait
514 2320 521 2338 ι
540 2313 600 2346 Abi,
626 2321 689 2340 voca
703 2315 787 2341 virum
804 2320 877 2343 tuum
890 2323 914 2344 et
929 2320 985 2346 veni

199 2354 259 2384 huc,
276 2355 417 2388 simulans,
433 2357 505 2390 quod
517 2358 598 2384 etiam
617 2359 692 2386 illum
710 2368 772 2387 cum
786 2369 817 2388 ea
831 2366 985 2392 commutti—

199 2407 262 2427 care
287 2406 425 2435 oporteret
438 2403 464 2429 in
480 2404 562 2430 dono.
586 2405 669 2440 Atqui
690 2413 806 2434 noverat
818 2415 878 2435 eam
897 2410 984 2438 virum

200 2446 349 2481 legitimum
361 2456 414 2475 non
424 2449 534 2482 habere,
546 2455 639 2484 utpote
649 2452 738 2478 omnia
748 2453 837 2480 sciens
845 2455 889 2487 ;_id
898 2460 985 2484 tamen

200 2493 306 2520 volebat
335 2495 421 2529 ipsam
443 2495 545 2527 dicere.
574 2501 602 2523 ut
629 2498 799 2532 apprehensa
828 2502 986 2536 occasione,

198 2546 260 2574 quse
276 2539 347 2568 circa
364 2549 424 2568 eam
447 2541 612 2576 acciderant,
634 2544 823 2578 proplielaret,
843 2546 986 2583 ipsamque

253 2621 276 2636 "
296 2620 374 2648 Joan.
395 2630 432 2654 νι,
448 2621 492 2649 35.

1035 1586 1142 1614 δίδωσιν
1168 1587 1275 1620 ὕδατος,
1298 1590 1410 1625 μείζονα
1432 1592 1527 1620 τοῦτον
1549 1593 1597 1620 τοῦ
1631 1594 1729 1621 ’ἰακὼὸ
1754 1593 1827 1622 εἶναι

1035 1631 1212 1666 πεπίστευκε,
1227 1634 1275 1661 καὶ
1290 1635 1333 1662 ὅτι
1350 1636 1402 1671 μὲν
1420 1637 1517 1673 ἑτέρας
1534 1638 1642 1673 φύσεως
1657 1639 1730 1676 ὓδωρ
1745 1640 1829 1667 δίδω-

1036 1685 1078 1704 σιν
1095 1678 1264 1716 ὑψηλοτέρας
1280 1681 1392 1717 ἐνόησεν
1403 1689 1410 1697 '
1430 1683 1507 1711 οὔπω
1523 1683 1551 1710 δὲ
1570 1685 1600 1712 τὸ
1614 1685 1716 1712 τέλειον
1732 1686 1806 1720 ἔγνω
1817 1695 1826 1703 -

1035 1723 1096 1750 οὔτε
1121 1725 1176 1761 γὰρ
1192 1726 1233 1757 τίς
1253 1727 1327 1754 ἐστιν
1348 1728 1362 1754 ὸ
1381 1728 1461 1755 τοῦτο
1487 1729 1585 1762 διδοὺς,
1609 1731 1682 1765 οὔτε,
1702 1732 1728 1758 τί
1750 1733 1826 1759 ἐστιν

1035 1768 1124 1802 τοῦτο,
1142 1771 1300 1799 κατέλαϐεν.
1323 1772 1458 1801 ’Υπέλαὸε
1471 1774 1499 1801 δὲ
1512 1775 1543 1802 τὸ
1559 1775 1698 1811 διδόμενον
1713 1778 1828 1813 ἀναιρε-

1035 1814 1111 1840 τικὸν
1138 1816 1284 1851 τυγχάνειν
1309 1817 1411 1854 ταύτης
1437 1819 1486 1854 τῆς
1504 1819 1583 1856 δίψης
1605 1820 1656 1855 τῆς
1679 1822 1827 1857 αἰσθητῆς.

1035 1859 1103 1887 Οὔτε
1120 1860 1167 1887 οὖν
1181 1861 1293 1894 εὔκολος
1310 1864 1328 1898 ὴ
1347 1864 1416 1900 γυνὴ
1431 1864 1502 1900 αὕτη
1514 1874 1521 1881 ·
1540 1867 1570 1892 οὺ
1585 1866 1640 1902 γὰρ
1656 1867 1751 1899 ἁπλῶς
1766 1868 1830 1895 ἑδέ-

1036 1905 1099 1938 ξατο
1117 1906 1152 1933 τὰ
1171 1906 1305 1942 λεγόμενα
1316 1928 1324 1942 ,
1340 1909 1407 1936 ἀλλὰ
1422 1910 1493 1945 μετὰ
1508 1911 1609 1946 πολλῆς
1627 1913 1806 1948 συζητήςεως
1819 1921 1827 1928 ·

1033 1951 1095 1979 οὗτε
1125 1953 1240 1989 ἀπειθὴς
1273 1957 1320 1982 καὶ
1350 1956 1519 1991 φιλόνεικον
1547 1958 1667 1993 εὑροῦσα
1696 1962 1753 1996 γὰρ
1780 1961 1829 1988 τὸν

1035 1998 1147 2033 μείζονα
1162 1999 1209 2026 τοῦ
1236 2000 1349 2033 Ἰακὼϐ,
1371 2002 1420 2028 οὐκ
1447 2003 1610 2039 ἐναπέμεινε
1626 2007 1659 2040 τῇ
1678 2005 1828 2040 προλήψει.

1034 2044 1132 2072 Καίτοι
1144 2046 1192 2072 καὶ
1207 2046 1344 2079 Ἰουδαίοις
1358 2046 1445 2083 εἶπεν,
1461 2051 1503 2076 ὃτι
1522 2050 1554 2076 Ὀ
1570 2050 1730 2086 ἐρχόμενος
1748 2053 1828 2086 πρός

1031 2099 1070 2125 με
1088 2093 1124 2118 οὺ
1135 2092 1178 2126 μὴ
1190 2092 1322 2128 πεινάσῃ
1337 2102 1344 2110 -
1359 2095 1409 2121 και
1425 2097 1441 2122 ὁ
1453 2097 1600 2124 πιστεύων
1618 2098 1661 2130 εἰς
1670 2097 1723 2132 ἐμὲ
1735 2098 1771 2124 οὐ
1781 2099 1826 2132 μὴ

1033 2137 1151 2172 διψήσῃ
1177 2138 1296 2166 πώποτε
1309 2148 1316 2155 ·
1340 2140 1398 2166 ἀλλ’
1415 2142 1446 2168 οὐ
1472 2142 1552 2177 μόνον
1574 2143 1625 2169 οὐκ
1640 2143 1826 2177 ἐπίστευσαν,

1034 2185 1103 2212 ἀλλὰ
1121 2186 1168 2213 καὶ
1180 2187 1441 2224 ἐσκανδαλίσθησαν.

1068 2277 1155 2311 Λέγει
1168 2292 1204 2298 -
1220 2277 1337 2307 ἐνθάδε.
1355 2279 1536 2317 Ἐγκειμὲνης
1552 2283 1599 2309 καὶ
1617 2283 1756 2319 ζητούσης
1775 2284 1824 2311 λα-

1034 2322 1102 2356 ϐεῖν,
1119 2323 1206 2357 λέγει.
1223 2324 1350 2360 "librare,
1365 2326 1501 2354 κάλεσον
1515 2329 1568 2355 τὸν
1581 2329 1676 2363 ἄνδρα
1687 2338 1758 2362 σου,
1775 2331 1827 2358 καὶ

1033 2368 1103 2396 ἐλθὲ
1113 2370 1466 2407 ἐνθάδε,προσποιούμενος
1476 2374 1516 2400 ὅτι
1527 2375 1578 2409 χρὴ
1592 2376 1717 2402 κάκεῖνον
1729 2385 1829 2403 κοινω-

1034 2414 1114 2448 νῆσαι
1129 2415 1216 2451 ταύτῃ
1232 2416 1278 2443 τοῦ
1290 2417 1387 2453 δώρου.
1410 2419 1463 2445 Καὶ
1479 2420 1520 2446 ὅτι
1537 2421 1587 2455 μὲν
1601 2422 1651 2448 οὐκ
1667 2421 1724 2456 ἔχει
1741 2422 1828 2457 ἄνδρα

1037 2461 1152 2495 νόμιμον
1180 2461 1353 2495 ἐγίνωσκεν,.
1374 2464 1412 2496 ὡς
1445 2465 1535 2492 πάντα
1565 2466 1642 2497 εἰδώς
1697 2467 1829 2495 ἐϐούλετο

1036 2506 1064 2533 δὲ
1090 2506 1193 2542 ταύτην
1214 2510 1301 2536 εἰπεῖν
1324 2510 1365 2537 ὅτι
1389 2511 1439 2537 οὐκ
1458 2511 1514 2546 ἔχει
1537 2512 1632 2548 ἄνδρα,
1656 2513 1700 2540 ἵνα
1720 2513 1828 2546 λοιπὸν,

1040 2555 1202 2589 προφάσεως
1220 2555 1398 2591 δραξάμενος,
1420 2557 1599 2594 προφητεύσει
1611 2559 1646 2586 τὰ
1661 2560 1724 2586 κατ’
1739 2560 1829 2596 αὐτὴν

794 2663 893 2695 Variae
912 2666 1065 2698 lectiones
1080 2671 1111 2699 et
1123 2673 1219 2700 notua.

235 2740 292 2782 ψει)
314 2741 528 2782 Prteposiliones
548 2744 588 2777 εἰς
614 2752 641 2775 et
665 2748 710 2775 διὰ
726 2751 781 2778 suis
808 2751 873 2779 locis
895 2758 984 2782 motas

201 2775 328 2805 arbitror.
344 2775 394 2804 Διᾶ
408 2784 481 2806 certe
502 2780 546 2808 his
573 2775 661 2810 locum
677 2775 872 2815 νίίᾞξὼὲὶῖ

1037 2754 1118 2796 Forte
1133 2757 1284 2796 lientenius
1300 2760 1404 2789 invenit
1416 2769 1424 2789 :
1435 2761 1644 2796 1Αναὸλύζοντος

1682 2765 1724 2797 είς
1749 2765 1828 2802 ζωὴν

1034 2790 1143 2819 αἰώνιον
1158 2793 1202 2820 διὰ
1216 2795 1246 2821 τὸ
1264 2798 1404 2831 παρέχειν.

238 2863 291 2898 (gg)
310 2864 394 2900 Loqui
403 2874 562 2901 perseverat.
579 2869 741 2900 Humaniter
760 2873 924 2909 colloquitur
937 2880 962 2903 et
979 2883 1129 2911 permanet.
