1919 3076
96 153 170 188 12ῡὲ

594 157 788 191 COMMENT.
811 160 849 189 IN
870 159 1058 190 JOANNEM.
1079 173 1113 179 —
1131 159 1209 190 CAP.
1232 159 1266 191 V.

1665 157 1733 190 1210

140 213 293 248 Ἀπεκρίθη
312 229 347 234 -
369 216 551 243 καταϐαίνει.
576 215 772 243 ’Υπώπτευπεν
789 217 829 243 ὅτι
847 217 877 243 δι.

978 216 1054 244 Vers.
1071 217 1098 243 7.
1114 216 1268 250 R’SpOtldil.
1303 231 1337 236 —
1362 216 1504 245 descendit.
1537 216 1733 252 Suspicabatur

92 260 177 287 τοῦτο
190 261 271 286 αὑτὸν
297 260 422 296 ἠρώτησε
448 261 594 291 τοῦτο,ἴνα
620 263 718 297 ἐλέγξῃ
739 263 783 289 διὰ
805 262 886 298 ῥᾳθυ-

93 307 161 342 μίαν
178 308 340 343 προϊέμενον
355 307 404 342 τὴν
419 308 501 340 τισιν,
516 309 532 344 ἢ
549 310 590 336 ὅτι
605 309 767 345 βουλόμενος
791 318 888 345 χρησι-

94 354 197 388 μεῦσαι
214 354 280 389 πρὸς
298 354 327 380 το
344 354 435 388 βαλεῖν
448 355 529 381 αὐτὴν
551 356 591 386 εἰς
606 355 655 391 τὴν
679 356 885 391 κολυμοὴοραν.

91 400 140 425 Διὸ
158 400 204 426 καὶ
219 400 397 434 ἀπολογεῖται
413 401 454 427 ὅτι
470 401 546 436 παρὰ
563 401 592 427 τὸ
607 401 644 438 μὴ
656 401 728 437 ἔχειν
742 401 886 437 ἄνθρωπον

91 447 113 472 ἀ
118 454 219 480 ποτυγχ
223 447 288 474 dust.

130 492 221 517 Εἰπὼν
236 492 274 523 δὲ,
290 492 331 518 ὅτι
359 493 406 519 Ἐν
422 490 446 526 ᾧ
466 495 588 528 ἔρχομαι
615 493 683 529 ἐγὼ,
707 494 802 527 ἄλλος
829 495 886 529 πρὸ

91 538 170 572 ἐμοῦ
195 539 385 566 καταϐαίνει·
410 540 496 573 ἔδειξε
529 541 579 575 τὴν
618 542 767 576 καρτερίαν
790 541 883 572 αὑτοῦ,

91 585 154 616 πῶς
170 586 197 612 ὲν
218 585 359 617 τοσούτοις
375 586 464 613 ἑτεπιν
478 587 679 622 ἀποτυγχάνων
690 587 729 614 ἔτι
746 589 885 622 παρέμενε

90 632 141 657 καὶ
154 630 202 657 οὐκ
225 631 370 664 ἀφίστατο,
383 633 430 659 καὶ
441 632 526 659 ταῦτα
541 633 571 659 οὐ
583 633 715 668 ῥᾳθυμῶν
730 633 798 660 ἀλλὰ
813 642 885 669 παρ-

89 677 314 712 αγκωνιζόμενός
323 686 353 704 τε
380 679 428 704 καὶ
440 678 663 714 ὲπηρεαζόμενος
678 681 725 707 καὶ
740 680 799 706 οὐδὲ
811 680 882 707 οὕτω

86 722 212 756 ναρκῶν.

134 769 227 802 Ἡμεῖς
239 769 277 802 δὲ,
288 768 391 805 βραχύν
403 779 466 797 τινα
489 771 585 807 καιρὸν
602 771 830 807 προσεδρεύοντες
845 771 883 806 τῷ

85 814 151 849 Ε)εῷ
165 815 326 853 σπονδαίως,
348 817 395 843 ἐὰν
424 816 462 853 μὴ
489 817 627 853 τύχωμεν,
641 817 774 852 ὀκνοῦμεν
789 818 882 844 λοιπὸν

85 861 140 887 καὶ.
159 861 362 897 ἀπιιφοιτῶμεν,
373 863 419 889 καὶ
435 864 636 899 ἀναπεπτομεν.
652 864 724 890 Ἀλλ’
739 864 879 897 ἐπίπονον,

86 907 213 943 φησὶν,ή
231 908 358 943 διηνεκὴς
384 911 601 946 προσεοχή·κα¹ι
630 911 694 937 ποία
722 911 806 947 ἁρετὴ
832 911 881 937 οὐκ

67 969 71 973 ~
83 953 233 986 ἰπίπονος;
245 954 317 981 Διότι
326 955 353 982 δὲ
367 955 507 988 ἐπίπονος,
518 955 562 982 διὰ
570 956 650 982 τοῦτο
660 956 708 983 καὶ
722 955 879 991 ἐπικερδής.

127 1041 211 1075 Λέγει
226 1057 260 1061 -
275 1042 438 1076 περιπάτει.
452 1044 488 1069 οὗ
505 1043 585 1077 μόνον
593 1045 746 1080 ἀνίστησιν,
756 1045 823 1072 ἀλλὰ
834 1046 880 1072 καὶ

82 1086 135 1112 τον
157 1086 311 1121 κράϐεατον
327 1085 393 1122 ἆραι
415 1088 530 1120 κελεύει,
544 1089 588 1115 ἵνα
606 1090 726 1125 πιστωοῇ
741 1091 770 1116 τὸ
788 1090 880 1125 θαῦμα

83 1131 138 1158 καὶ
154 1133 191 1167 μὴ
209 1132 270 1168 δόξῃ
295 1134 431 1168 φαντασία
455 1143 508 1166 τις.
527 1134 556 1161 Ei
570 1136 623 1170 γὰρ
639 1136 675 1170 μὴ
693 1137 831 1171 συνεπάγη
847 1138 880 1164 τὰ

83 1177 160 1214 μέλη
175 1178 304 1213 βεϐαίως,
316 1180 366 1207 οὐκ
379 1180 411 1207 ἂν
427 1181 472 1207 τὸν
481 1181 637 1217 κράῦὄατον
646 1182 761 1216 ἠδύνατο
773 1183 877 1218 φέρειν.

125 1267 209 1294 Τοῦτο
226 1267 253 1295 δὲ
267 1268 402 1303 πολλαχοῦ
426 1270 586 1305 πεποίηκεν,
601 1270 786 1307 ἐπιστομίζων
815 1273 878 1304 τοὺς

79 1314 277 1348 ἀναισχυντεῖν
287 1314 538 1350 βον).ομένους.Καὶ
552 1316 606 1352 γὰρ
623 1318 670 1344 καὶ
683 1317 730 1344 ἐπὶ
741 1318 787 1344 τοῦ
803 1318 879 1353 παρά

78 1358 128 1394 τῷ
143 1359 274 1395 Ματοκὶῳ
294 1361 450 1396 παραλὺτου
475 1362 576 1397 ὁμοίως
591 1363 736 1398 πεποιήκει
748 1372 754 1379 -
771 1363 816 1390 καὶ
831 1364 877 1390 ἐπὶ

78 1403 142 1429 τὼν
159 1404 249 1439 ἀρτων
275 1405 320 1432 διὰ
337 1406 416 1433 τοῦτο
433 1406 549 1442 λείψανα
565 1407 651 1434 πολλὰ
670 1409 878 1443 παρεσκεύασεν

80 1449 95 1475 ὑ
109 1449 304 1485 πολειφθῆναι·
323 1452 370 1479 καὶ
389 1452 427 1487 τῷ
442 1453 638 1489 καθαρισθὲντι
666 1454 760 1490 λεπρῴ
785 1463 874 1490 προσ-

76 1493 166 1527 έ-ιαξε
174 1495 259 1528 δεῖξαι
272 1496 368 1524 ἑαυτὸν
384 1497 423 1532 τῷ
437 1499 519 1534 ἱερεῖ·
533 1500 579 1526 καὶ
595 1500 624 1526 τδ
642 1497 714 1535 ὕδωρ
727 1496 798 1527 οῐνον
816 1508 876 1528 ποι-

939 262 1011 296 quod
1031 263 1083 289 hoc
1105 268 1250 298 propterea
1266 263 1355 297 ipsum
1376 263 1571 298 interrogabat,
1591 267 1620 289 ut
1633 271 1732 298 argue-

939 312 979 334 ret
991 309 1062 342 quod
1073 316 1126 342 pra:
1134 308 1248 343 segnitie
1264 308 1441 336 frustraretur
1452 308 1587 336 sanitate:
1601 313 1648 335 aut
1659 306 1731 342 quod

938 354 966 381 in
983 355 1034 381 hoc
1053 355 1182 388 prodesse
1195 354 1246 382 sibi
1261 355 1350 387 vellet,
1366 359 1395 382 ut
1412 362 1474 382 eum
1489 355 1516 381 in
1533 354 1664 389 piscinam
1679 354 1729 380 im-

938 400 1061 427 mitteret
1074 409 1081 426 :
1096 400 1157 427 idco
1173 401 1254 427 etiam
1266 400 1424 436 respondet,
1440 400 1511 435 quod
1525 400 1558 427 ob
1574 400 1600 427 id
1615 399 1729 427 salutem

938 452 991 471 non
1003 450 1227 480 consequeretur.
1241 446 1304 480 quia
1320 446 1458 473 hominem
1471 454 1526 473 non
1549 446 1670 472 haberet.
1706 456 1710 460 ε

974 491 1071 518 DEcens
1086 496 1176 519 autem
1196 501 1203 519 :
1223 492 1289 519 Dum
1300 493 1373 519 venio
1386 500 1443 527 ego,
1458 492 1528 519 alius
1551 497 1613 518 ante
1627 499 1667 517 me
1683 491 1730 518 de-

937 538 1047 569 scendit,
1067 545 1143 565 suam
1160 539 1281 566 ostendit
1292 538 1522 574 perseverantiam
1531 545 1583 572 qua
1599 542 1637 564 tot
1650 538 1729 564 annis

937 583 1093 616 frustratus,
1108 584 1196 613 adhuc
1212 590 1302 612 tamen
1319 585 1508 621 perseverabal
1524 589 1552 611 et
1562 591 1616 611 non
1628 584 1726 618 despc-

937 631 1023 663 rabat,
1047 631 1128 666 idque
1141 640 1196 659 non
1215 633 1316 666 segnis,
1338 632 1384 659 sed
1407 632 1534 659 detrusus
1549 636 1576 658 et
1596 630 1728 662 oll'ensus,

937 684 987 704 nec
1001 677 1040 704 sic
1058 677 1237 713 negligentior
1251 677 1429 705 efﬁciebatur.

970 769 1024 798 Nos
1040 775 1129 798 autem
1149 772 1226 799 brevi
1244 771 1335 806 aliquo
1354 777 1478 807 tempore
1501 771 1648 806 diligenter
1673 770 1728 798 Deo

935 821 1066 849 astantes,
1085 818 1108 844 si
1122 825 1177 844 non
1191 818 1365 852 assequimur
1384 818 1456 852 quod
1475 821 1612 852 optamus,
1630 817 1722 844 statim

934 863 1087 890 omittimus
1103 871 1134 893 ac
1149 864 1315 896 recedimus,
1328 864 1517 899 pigrioresque
1532 862 1682 890 reddimur.
1694 862 1727 888 At

935 909 1101 936 laboriosum
1122 913 1174 942 est,
1197 910 1319 945 inquies,
1345 910 1476 937 continue
1493 916 1583 936 orare.
1609 907 1642 934 Et
1665 915 1727 942 quae

933 954 1020 982 virtus
1032 963 1085 982 non
1095 959 1135 982 est
1144 954 1297 982 laboriosa?
1309 953 1410 982 Verum
1420 954 1492 982 sicut
1504 954 1624 981 laborem
1634 953 1725 985 habet,

932 1001 970 1028 ita
987 1006 1014 1028 et
1030 1001 1136 1028 lucrum
1153 1001 1243 1028 allert.
1367 1032 1376 1045 ’

968 1047 1044 1074 Vers.
1057 1047 1084 1074 8.
1103 1047 1145 1073 Ait
1161 1062 1196 1068 —
1212 1047 1331 1074 ambula.
1355 1047 1413 1074 Non
1431 1047 1519 1073 solum
1535 1045 1626 1080 erigit,
1641 1045 1688 1072 sed
1700 1047 1728 1071 et

931 1092 1089 1128 grabbatum
1102 1092 1291 1128 tollerejubet,
1303 1097 1331 1119 ut
1342 1092 1501 1119 miraculum
1516 1098 1577 1118 esse
1588 1092 1725 1123 credatur,

931 1144 959 1167 et
973 1147 1028 1166 non
1042 1144 1169 1174 appareat
1182 1140 1323 1174 phantasia
1335 1139 1434 1173 aliqua.
1449 1138 1505 1165 Nisi
1516 1139 1588 1165 enim
1603 1137 1724 1164 membra

932 1185 1045 1213 firmiter
1066 1190 1207 1220 compacta
1233 1185 1334 1217 forent,
1360 1192 1533 1220 nequaquam
1562 1185 1722 1220 grabbatum

932 1231 1003 1259 ferre
1017 1235 1138 1266 possent.

965 1275 1024 1303 lloe
1035 1281 1126 1303 autem
1147 1275 1250 1311 pluries
1264 1275 1338 1306 fecit,
1360 1283 1456 1302 eorum
1474 1275 1520 1309 qui
1545 1274 1722 1309 impudentes

930 1329 990 1349 esse
1013 1321 1124 1352 vellent,
1141 1329 1188 1348 ora
1206 1322 1362 1349 obstrueus.
1381 1321 1448 1348 Nam
1461 1325 1489 1348 et
1513 1320 1540 1347 in
1561 1319 1719 1355 paralytico,

930 1370 963 1395 de
972 1375 1026 1403 quo
1035 1367 1108 1402 apud
1120 1367 1275 1394 Mattliaum
1287 1368 1321 1399 ⁸ο,
1330 1367 1455 1394 similiter
1469 1367 1533 1394 fecit
1544 1375 1552 1398 ς
1563 1372 1590 1393 et
1602 1366 1629 1393 in
1642 1365 1724 1401 pani-

929 1414 981 1442 bus
991 1414 1085 1442 eadem
1098 1415 1132 1441 de
1148 1421 1242 1446 causa,
1253 1418 1283 1441 ut
1296 1414 1412 1449 plurima
1423 1414 1572 1448 fragmenta
1586 1413 1722 1446 relinque-

929 1466 1034 1493 rentur,
1055 1461 1234 1494 ordinavit";
1253 1465 1280 1488 et.
1300 1461 1324 1488 ei
1336 1461 1382 1495 qui
1396 1469 1411 1488 a
1423 1461 1496 1494 lepra
1511 1460 1657 1487 mundatus
1669 1464 1724 1492 est,

927 1508 1019 1542 jussit,
1031 1512 1060 1534 ut
1073 1515 1101 1534 se
1116 1506 1250 1534 sacerdoti
1266 1506 1471 1538 ostenderet“;
1486 1510 1586 1532 etcum
1602 1512 1633 1532 ex
1649 1512 1720 1539 aqua

78 1541 167 1576 ἡσας,
177 1540 253 1568 εἶπεν
267 1543 400 1578 ἀντλῆσαι
413 1545 460 1571 καὶ
475 1546 597 1579 ἐνεγκεῖν
611 1545 649 1581 τῷ
663 1547 857 1583 ἀρχιτρικλίνῳ
866 1556 872 1563 ·

937 1555 1021 1581 riuum
1037 1555 1157 1586 fecisset,
1175 1554 1304 1589 praecepit
1330 1557 1359 1580 ut
1386 1553 1538 1584 haurirent,
1560 1551 1719 1586 ferrentque

83 1589 133 1614 καὶ
150 1589 247 1624 νεκρὸν
271 1590 439 1625 ἀναστήσας,
462 1592 615 1618 ἐνετείλατο
628 1591 719 1619 δοῦναι
733 1593 808 1628 αὐτῷ
823 1603 876 1628 φα-

83 1635 158 1668 γεῖν·
173 1634 217 1661 διὰ
229 1634 283 1662 τῶν
298 1635 427 1663 τοιούτων
445 1637 556 1663 πάντων
581 1637 684 1664 πείθων
707 1638 771 1670 τοὺς
796 1640 877 1675 ἀνοή-

84 1691 151 1714 τους
183 1683 224 1709 ὃτι
251 1683 301 1710 οὐκ
330 1683 404 1710 ἔστιν
422 1683 562 1716 ἀπατεὼν,
578 1684 646 1711 ἀλλὰ
664 1685 759 1720 Σωτὴρ
773 1685 878 1721 ἀληθὴς

85 1728 138 1763 τῆς
156 1729 248 1765 κοινῆς
261 1729 316 1757 τῶν
329 1731 481 1765 ἀνθρώπων
497 1732 615 1766 φύςεως.

123 1777 178 1803 Καὶ
203 1790 229 1795 -
246 1778 425 1810 περιεπάτει.
441 1778 472 1804 Ἀ
479 1786 517 1813 μα
529 1787 557 1804 τε
571 1779 684 1814 ἢκουσε,
697 1781 744 1807 καὶ
756 1780 814 1816 ἃμα
828 1781 877 1814 τῆς

87 1821 182 1854 ὑγείας
196 1821 357 1856 αἰσθόμενος
373 1823 489 1858 ἠγέρθη,
500 1825 546 1851 καὶ
561 1824 654 1851 λοιπὸν
677 1827 761 1860 μηδὲν
780 1827 877 1853 ὑπολο-

83 1868 234 1902 γισάμενος
249 1866 299 1903 ἦρε
317 1869 362 1895 τὸν
377 1870 533 1905 κράὸὃατον
547 1872 630 1899 αὑτοῦ
643 1874 688 1899 καὶ
702 1874 875 1909 περιεπάτει.

121 1911 177 1941 Ἦν
189 1915 388 1948 ο-περιπάτει.
409 1916 481 1950 Ὅρα
494 1919 650 1953 παῤῥηςιαν
661 1927 668 1934 ο
679 1920 709 1945 οὺ
726 1920 807 1953 μόνον
820 1921 876 1956 γὰρ

83 1960 136 1986 οᾶκ
161 1959 275 1996 ἐπείσθη
292 1961 408 1993 τούτοις,
441 1962 511 1988 ἀλλὰ
530 1964 576 1989 καὶ
593 1964 638 1990 τὸν
662 1965 812 2001 εὐεργέτην
828 1966 876 1992 ἀν-

83 2006 214 2041 εκήρυξε,
231 2007 278 2033 καὶ
289 2008 488 2043 προτιμότερον
504 2009 613 2036 πάντων
624 2010 760 2044 ἀπέφηνε.
771 2011 857 2046 λέγων
867 2020 873 2028 ·

92 2053 210 2085 Ἐκεῖνός
230 2062 275 2088 μοι
295 2052 383 2085 εἶπεν,
396 2055 492 2090 ἐκείνῳ
507 2055 648 2091 πείθομαι.
663 2057 717 2083 Καὶ
731 2057 785 2092 γὰρ
802 2060 874 2084 ἐκεῖ-

83 2099 130 2130 νός
152 2108 186 2134 με
204 2099 361 2134 ἰασάμενος,
376 2101 481 2127 ἐκεῖνον
496 2101 610 2136 μείζονα
629 2103 738 2130 πάντων
753 2105 875 2139 νομίζειν

84 2153 305 2180 παρεσκευασεν.

128 2191 300 2226 Ἠρώτησαν
315 2209 350 2214 -
366 2193 456 2227 τόπῳ.
479 2193 555 2228 ’Λμα
571 2194 610 2229 τῷ
637 2195 805 2230 θεραπεῦσαι
828 2197 875 2223 τὸν

83 2237 239 2272 ἄνθρωπον,
248 2238 372 2271 ἐξένευσε
385 2239 429 2265 διὰ
439 2239 485 2265 τον
497 2239 587 2274 ὄχλον,
597 2240 676 2266 τοῦτο
691 2241 741 2276 μὲν
764 2242 874 2276 φεύγων

84 2284 131 2309 τὸν
148 2284 223 2319 παρὰ
247 2283 301 2310 τῶν
326 2284 589 2320 εὐγνωμονεοτέρων
608 2285 729 2318 ἔπαινον,
752 2287 831 2314 τοῦτο
845 2287 874 2314 δὲ

85 2329 262 2363 περικόπτων
278 2329 323 2356 τὸν
342 2330 418 2364 παρὰ
432 2329 486 2356 τῶν
503 2330 753 2367 ἁγνωμονεστέρων
767 2332 873 2367 φθίνον.

84 2376 172 2401 Εῖωθε
188 2377 242 2412 γὰρ
262 2377 393 2410 πολλάκις
418 2377 478 2413 ὄψις
509 2379 590 2414 μόνον
615 2379 662 2406 τοῦ
685 2380 871 2416 φθονουμένου

84 2420 187 2455 πολλὴν
202 2422 302 2448 ἐνιέναι
317 2422 416 2456 φλόγα.

123 2468 205 2495 Μετὰ
217 2469 310 2496 ταῦτα
321 2485 355 2490 -
369 2470 499 2504 γένηται.
514 2471 752 2506 Παρακμάσαντος
763 2473 814 2508 ἤδη
826 2476 874 2500 καὶ

84 2515 132 2542 τοῦ
151 2514 288 2550 θαύματος
304 2517 351 2542 καὶ
367 2516 413 2542 τοῦ
432 2517 518 2552 θυμοῦ
536 2518 589 2544 τῶν
613 2519 756 2550 Ἰουδαίων,
777 2519 874 2553 ὲντὺγ-

84 2562 163 2597 χάνει
182 2561 272 2587 λοιπὸν
288 2560 326 2596 τῷ
343 2561 550 2596 θεραπευθέντι,
567 2564 652 2590 θέλων
666 2563 811 2599 βελτιώσαι
825 2563 872 2590 καὶ

83 2608 135 2643 τὴν
161 2607 249 2642 ψυχὴν
280 2606 336 2642 (88)
364 2607 458 2634 αὑτοῦ.
483 2608 613 2643 Εὑρίσκει
629 2609 656 2635 δὲ
670 2609 751 2635 αὐτὸν
777 2610 828 2635 οὐκ
843 2610 872 2635 ὲν

84 2654 175 2680 ἀνέσει
191 2653 238 2679 καὶ
253 2652 386 2688 ρᾳῗυμιᾳ,
400 2653 457 2679 ἀλλ’
472 2654 500 2680 ἐν
517 2654 555 2689 τῷ
567 2654 633 2690 ἱερῷ
643 2655 872 2690 προσευχόμενον,

138 2741 161 2757 δ’
175 2741 268 2769 Matth.
288 2751 323 2775 ις,
340 2742 367 2770 6.
412 2743 433 2759 ἰ
463 2740 557 2770 Matth.
574 2750 630 2776 xw,
662 2742 708 2771 20.

763 2742 786 2759 ⁸·
805 2743 899 2771 Matth.
932 2752 987 2776 vul,
1004 2745 1031 2772 ι.

929 1600 1163 1632 architriclino";
1180 1604 1206 1627 et
1216 1608 1276 1627 eum
1287 1604 1423 1626 mortuam
1438 1600 1608 1630 suscitassct,
1621 1605 1723 1633 pra‘ce-

929 1647 970 1682 pit
991 1651 1018 1673 ut
1035 1647 1131 1674 darent
1148 1646 1183 1673 illi
1196 1646 1268 1681 quod
1283 1646 1406 1673 ederet“
1423 1655 1429 1672 :
1445 1646 1589 1673 insenSatis
1601 1644 1719 1672 suadens

931 1699 980 1726 per
996 1691 1087 1718 omnia
1104 1691 1271 1726 huiusmodi,
1285 1698 1314 1718 se
1329 1699 1382 1718 non
1395 1698 1456 1717 esse
1469 1690 1655 1725 imposton-m,
1672 1688 1719 1716 sed

930 1744 1024 1763 verum
1040 1736 1210 1764 Salvatorem
1227 1737 1380 1764 communis
1398 1737 1538 1763 Immitiqu
1556 1740 1669 1762 natura.

964 1782 1042 1814 γει-5,
1060 1782 1087 1809 9.
1111 1782 1144 1810 Et
1165 1798 1197 1805 -
1215 1782 1379 1809 ambulabat.
1410 1782 1540 1808 Simuch
1563 1781 1675 1812 audivit,
1693 1785 1721 1808 et

928 1831 1073 1857 sanitatem
1100 1830 1222 1856 sentiens
1241 1833 1350 1856 erectus
1361 1833 1421 1855 est:
1439 1827 1530 1861 itaque
1545 1827 1647 1854 nullius
1668 1827 1719 1853 ha-

927 1876 984 1903 bita
1001 1874 1188 1905 ratione,tulit
1206 1875 1306 1901 lectum
1326 1881 1405 1900 suum
1421 1877 1448 1900 et
1463 1873 1630 1899 ambulabat.

965 1921 1043 1948 Vers.
1062 1921 1078 1948 9
1095 1920 1162 1947 Erat
1177 1934 1211 1940 —
1229 1919 1306 1947 Vers.
1324 1918 1503 1946 ll.Ambula.
1527 1917 1595 1945 Vide
1608 1918 1720 1945 liberta-

929 1972 983 1995 tem
1009 1976 1016 1994 :
1039 1974 1126 2001 neque
1141 1966 1215 1993 enim
1231 1965 1317 1994 solum
1329 1972 1385 1992 non
1402 1964 1523 1991 obedivit
1538 1964 1600 1996 illis,
1618 1963 1664 1991 sed
1690 1968 1719 1990 et

928 2013 1050 2041 beneﬁcii
1079 2017 1219 2040 auctorem
1238 2010 1405 2047 pradieavit,
1440 2018 1473 2038 ac
1500 2010 1628 2037 omnibus
1649 2018 1719 2045 pra:-

927 2057 1086 2085 stantiorem
1096 2057 1295 2084 demonstravit
1308 2055 1412 2083 dicens.
1430 2056 1487 2090 Ipse
1497 2055 1564 2082 mihi
1574 2055 1653 2086 dixit,
1667 2054 1718 2089 ipsi

926 2104 1031 2131 obedivi
1045 2112 1052 2130 :
1071 2103 1202 2138 siquidem
1217 2110 1279 2130 eum
1296 2102 1341 2137 qui
1353 2109 1396 2129 me
1405 2108 1501 2130 sanum
1514 2100 1718 2136 fecitmajorcm

926 2149 1032 2176 cunctis
1042 2149 1141 2175 ducere
1153 2148 1274 2175 decrevi.

966 2193 1040 2221 Vers.
1057 2194 1098 2221 12.
1116 2192 1480 2228 luterroyaverunt—Vers.
1491 2192 1570 2219 Loco.
1587 2191 1672 2218 Simul
1683 2195 1714 2217 ut

893 2232 912 2258 υ
928 2240 1066 2267 hominem
1079 2245 1231 2269 sanaverat.
1243 2240 1450 2267 subduxeratse
1464 2243 1575 2274 propter
1585 2238 1690 2266 turbam
1706 2245 1714 2264 :

928 2287 1025 2322 partim
1048 2286 1157 2320 quidem
1182 2285 1300 2319 fugitans
1320 2285 1427 2312 laudem
1445 2292 1598 2320 aequorum,
1615 2284 1714 2319 partim

928 2341 993 2360 vero
1021 2333 1149 2360 invidiam
1179 2338 1325 2368 amputans
1347 2334 1514 2368 iniquorum.
1544 2331 1620 2360 Solet
1641 2332 1715 2359 enim

928 2380 1084 2414 frequenter
1098 2379 1173 2407 solus
1192 2379 1252 2414 eius
1274 2385 1448 2414 conspectus,
1461 2379 1504 2407 cui
1519 2379 1580 2414 quis
1597 2378 1713 2410 invidet,

928 2425 1041 2452 multam
1057 2424 1200 2452 infundere
1218 2425 1354 2452 ﬂammam
1374 2425 1432 2452 irae.

964 2471 1041 2498 Vers.
1056 2471 1099 2498 Η.
1113 2470 1232 2498 Post/uec
1249 2486 1284 2491 —
1302 2472 1448 2506 contingat.
1467 2470 1534 2498 Cum
1546 2469 1601 2504 jam
1619 2473 1647 2496 et
1663 2468 1715 2494 mi-

928 2516 1011 2544 raculi
1038 2523 1131 2543 rumor
1158 2515 1303 2543 defecisset
1319 2522 1347 2543 et
1374 2521 1463 2543 tumor
1484 2515 1651 2544 Judzeorum,
1667 2521 1715 2540 oe-

927 2563 1014 2589 currit
1032 2562 1055 2589 ei
1067 2563 1113 2597 qui
1137 2566 1250 2590 sanatus
1264 2562 1361 2594 fuerat,
1375 2562 1470 2590 volens
1498 2561 1617 2588 animam
1643 2567 1714 2594 quo-

926 2616 978 2643 que
990 2609 1060 2636 illius
1086 2609 1226 2635 meliorem
1261 2609 1385 2640 reddere,
1410 2608 1511 2643 reperit
1533 2614 1595 2634 eum
1616 2613 1671 2632 non
1684 2613 1712 2632 .n

926 2655 981 2682 otio
996 2658 1023 2681 et
1042 2655 1169 2690 segnitie,
1182 2657 1229 2682 sed
1248 2655 1275 2682 in
1303 2654 1403 2690 templo
1437 2658 1571 2686 orantem,
1593 2657 1623 2680 ut
1652 2651 1713 2686 opi-

1085 2744 1109 2760 ⁸⁸
1128 2744 1207 2773 Joan.
1226 2753 1255 2778 Il,
1274 2745 1299 2773 8.
1316 2745 1337 2772 ι’
1352 2744 1417 2772 Lue.
1429 2753 1435 2762 '
1447 2753 1486 2778 ιιι,

698 2837 798 2869 Variae
812 2837 964 2871 lectiones
982 2843 1012 2871 et
1033 2843 1128 2871 notae.

123 2890 178 2921 (88)
198 2889 308 2916 Ἑαυτοῦ
323 2889 352 2917 Β.
