1919 3076
55 132 120 169 1233

536 140 731 172 COMMENT.
752 141 793 171 IN
810 141 1000 173 JOANNEM.
1019 155 1054 163 —
1071 143 1151 174 CAP.
1170 144 1202 174 V.

1564 166 1567 169 .
1608 141 1676 174 12ἳᾶ

55 198 92 231 μὴ
107 195 292 231 ὑπολπωσιν,
310 197 352 225 ὅτι
379 198 525 233 φιλοδοξῶν
551 199 627 235 λέγει
656 209 690 227 τα
715 200 839 232 τοιαῦτα,

902 199 1041 226 )itcrnam.
1062 199 1177 231 Deinde,
1190 206 1225 226 nc
1254 198 1462 234 suspicarentur
1489 199 1562 235 quod
1581 207 1675 227 amore

54 242 135 276 φησιν
146 251 152 258 ·

90 287 232 320 Δόξαν-
247 289 399 323 λαμϐάνω.
422 290 459 317 Οὐ
488 291 569 324 φιλῶ,
589 290 633 318 οἷα
664 292 701 327 μὴ
728 291 837 328 χρῄζων

55 332 155 367 αὐτῆς·
173 333 233 359 οὐδὲ
255 333 309 368 γὰρ
334 335 347 360 ό
375 334 450 369 ἥλιος
472 335 558 362 δεῖται
583 335 722 371 λυχνιαίου
738 336 837 370 φωτός.

57 379 110 404 Καὶ
127 377 201 409 alvo;
218 378 312 405 ἕνεκεν
327 380 361 405 τὰ
383 380 495 407 τοιαῦτα
513 380 623 415 ἕλεγεν;
640 381 698 408 Ἵνα
715 390 838 408 παντοίο-

56 423 162 457 τρόπως
173 424 359 459 ἐπισπάσηται
372 425 470 457 αὐτοὺς
479 426 520 458 είς
534 426 626 454 πίστιν
638 427 672 454 δι’
684 425 716 464 ἧς
727 427 838 461 ἔμελλον

55 469 124 502 ἔχειν
141 469 214 504 ζωὴν
230 469 350 497 αἰώνιον.

91 515 172 541 Ἀλλ’
189 529 226 535 —
244 515 372 549 ἑαυτοῖς.
396 516 493 552 Ὑμεῖς
519 517 579 553 μὲν,
596 519 689 554 φησιν,
704 518 742 550 ὡς
759 519 839 554 δῆθεν

52 561 213 594 ἀγαπῶντες
227 562 273 588 τὸν
287 563 365 596 Θεὸν,
377 563 530 591 ἀπωθεῖσθέ
548 574 592 600 με,
608 566 649 592 ὅτι
668 566 737 593 ποιῶ
755 567 841 601 ἐμαυ-

52 607 99 630 τὸν
117 606 173 632 ἴσον
184 606 223 641 τῷ
238 607 298 642 Θεῷ
308 615 315 623 ·
332 609 476 644 ἐλέγχεσθε
493 610 521 637 δὲ
534 611 694 646 ψευδόμενοι
705 620 713 628 ο
732 612 840 646 ἔγνωκα

52 653 107 687 γὰρ
122 653 197 688 ὑμᾶς
215 654 256 680 ὅτι
280 655 330 682 οὐκ
353 655 480 690 ἀγαπᾶτε
506 657 551 684 τὸν
565 657 643 684 Θεόν.
672 658 753 691 Πῶς;
778 659 841 685 ’Ότι

52 699 119 733 περὶ
135 696 165 726 οὗ
181 700 285 732 ἐκεῖνος
300 703 436 737 μαρτυρεῖ
452 703 499 730 καὶ
514 703 558 731 διὰ
572 704 619 731 τοῦ
635 704 774 738 Ἰωάννου,
792 705 841 732 καὶ

50 745 97 772 διὰ
109 744 162 772 τῶν
176 745 275 780 ἔργων,
289 747 336 773 καὶ
345 748 390 774 διὰ
400 748 453 775 τῶν
465 749 592 784 Γραφῶν,
609 744 704 777 τοῦτον
717 751 798 785 ὑμεῖς
810 751 840 777 οὐ

53 791 212 825 προσίεσθε.
226 792 333 827 Ὠσπερ
343 792 389 821 οὖν
405 795 539 830 πρότερον
550 796 708 832 νομίζοντες
721 795 791 824 εἶναί
806 805 840 833 με

53 836 187 868 ἀντίθεον,
204 838 351 873 ὴλαύνετε¹
370 840 441 867 οὕτω
460 841 518 874 νῦν,
541 842 593 868 ὑπὸ
613 843 663 869 τῶν
687 843 840 878 εἰρημένων

56 883 216 918 μαρτυριῶν
243 885 453 922 ἀποδειχθείσης
469 887 518 920 τῆς
537 887 677 922 ἀληθείας,
708 888 839 923 ὠφείλετε

53 930 254 965 προσδραμεῖν.
269 931 351 959 Ἀλλὰ
372 934 462 969 μάτην
484 935 642 969 κομπάζετε
670 935 703 961 Et’
731 935 841 971 ἀγάπην

51 975 101 1002 τοῦ
123 975 191 1003 θεοῦ
217 977 441 1014 ἀποστρέφεσθαι
468 988 513 1015 με.
539 980 589 1007 Διὰ
609 981 760 1016 βασκανίαν
786 982 840 1018 γὰρ

50 1023 131 1050 τοῦτο
151 1025 302 1057 ποιοῦντες,
312 1027 471 1059 συσκιάζειν
487 1027 591 1064 ταύτην
608 1030 785 1064 ἐπιχειρεῖτε.

86 1070 159 1105 Ἐγὼ
186 1085 222 1091 -
235 1080 284 1106 με.
304 1087 340 1092 -
360 1073 408 1100 Ἐν
430 1073 470 1105 τῷ
499 1071 620 1108 ὀνόματι
644 1075 697 1102 τοῦ
726 1076 841 1109 Πατρός

51 1124 123 1150 μου,
139 1116 223 1152 ἧγουν
249 1119 415 1151 ἀποσταλεὶς
435 1121 510 1154 παρὰ
533 1121 579 1147 τοῦ
600 1121 706 1156 Πατρός
725 1130 788 1156 μου,
803 1122 841 1154 ὡς

51 1162 137 1193 αὐτός
148 1171 177 1189 τε
194 1166 328 1199 μαρτυρεῖ
339 1165 417 1199 κάγὼ
425 1166 561 1200 ὁμολογῶ,
573 1168 619 1194 καὶ
631 1168 660 1193 οὐ
672 1168 784 1202 δέχεσθε
796 1177 839 1203 με.

88 1208 164 1235 Ἐὰν
177 1224 206 1229 -
231 1209 380 1244 λήψεσθε.
407 1211 474 1247 Περὶ
492 1212 539 1238 τοῦ
555 1211 741 1248 Ἀντιχρίστου
763 1212 842 1239 τοῦτό

51 1264 88 1288 φη
95 1263 148 1287 σιν,
161 1255 190 1286 ὃς
205 1253 345 1283 ἐλεύσεται
356 1257 385 1283 ὲν
398 1256 437 1291 τῷ
446 1258 558 1292 ὀνόματι
571 1258 609 1292 τῷ
625 1258 691 1293 ἰδίῳ,
701 1259 842 1285 τουτέστιν

49 1300 99 1334 ἀφ’
118 1301 214 1328 ἑαυτοῦ
230 1302 266 1334 ὡς
281 1302 362 1337 δῆθεν
377 1296 459 1335 αὐτὸς
473 1303 511 1330 ὢν
532 1305 546 1330 ό
561 1305 607 1331 ἐπὶ.
630 1305 738 1332 πάντων
764 1305 840 1336 Θεός.

50 1345 230 1373 Καθάπτεται
250 1346 297 1374 οὖν
319 1349 369 1384 τῆς
388 1349 581 1384 ἀναισχυντίας
605 1350 661 1377 τῶν
696 1350 842 1384 Ἰουδαίων,

49 1392 89 1423 ὡς
115 1392 195 1419 αὐτὸν
218 1393 268 1428 μὲν
293 1394 338 1421 τὸν
363 1395 476 1429 λέγοντα
501 1396 601 1423 ειδέναι.
623 1396 669 1423 τὸν
693 1397 760 1424 Θεὸν
794 1399 843 1424 καὶ

47 1438 238 1473 ὁμολογοῦντα
249 1440 417 1468 ἀπεστάλθαι
430 1442 497 1478 παρ’
508 1442 602 1475 αὐτοῦ,
621 1443 668 1470 καὶ
680 1444 718 1479 μὴ
735 1444 844 1479 ἐλεγχό-

50 1494 136 1520 μενον
151 1486 271 1513 ἀντίθεον
287 1488 491 1524 ἀποσειομένων
503 1497 510 1504 ·
528 1489 573 1516 τὸν
588 1490 618 1517 δὲ
642 1491 781 1524 φάσκοντα
805 1492 842 1526 μὴ

890 245 983 279 gloriae
993 245 1056 273 talia
1066 245 1180 278 diceret,
1197 245 1236 272 ait
1248 253 1254 271 :

926 291 1003 319 Vers.
1018 292 1062 319 Η.
1079 291 1197 320 Gloriam
1213 291 1368 326 —accipio.
1393 291 1452 319 Non
1481 299 1576 319 amans
1604 299 1677 325 earn,

890 339 937 362 aut
950 343 982 363 ea
999 336 1142 371 indigens:
1161 343 1249 370 neque
1274 336 1347 363 enitn
1369 335 1409 362 sol
1430 336 1548 363 lucernae
1575 336 1678 363 lumine

890 380 1005 416 indiget.
1015 381 1116 408 Verum
1134 389 1215 416 quam
1229 381 1264 408 ob
1280 389 1389 409 causam
1406 380 1464 408 haec
1477 381 1585 408 dicebat
1600 381 1612 407 ἶ)
1644 381 1676 408 Ut

890 426 965 453 omni
979 425 1059 453 modo
1076 425 1109 452 ad
1123 425 1202 452 [idem
1220 432 1268 452 eos
1285 425 1446 457 attraheret,
1468 433 1516 460 per
1531 433 1611 460 quam
1626 427 1676 452 ba-

891 471 973 498 bituri
989 476 1083 499 essent
1109 472 1193 498 vitam
1209 476 1350 498 aeternam.

927 517 1004 545 Vers.
1033 517 1078 545 ω.
1103 517 1298 546 Sed—vobis.
1329 517 1393 548 Vos.
1418 518 1517 553 inquit,
1548 522 1678 552 tanquam

892 563 978 591 Deum
992 563 1137 599 diligentes
1152 572 1195 591 me
1214 563 1356 599 repellitis,
1371 564 1443 598 quod
1458 571 1501 591 me
1526 564 1614 598 ipsum
1640 563 1680 590 [ου

891 610 961 637 ciant
977 610 1031 637 Deo
1040 611 1191 645 aequalem;
1215 611 1263 638 sed
1284 610 1419 638 mendacii
1438 610 1607 645 arguintini:
1627 617 1677 644 ego

890 656 964 685 enim
976 656 1039 684 novi
1051 664 1108 688 vos,
1123 657 1195 691 quod
1209 657 1295 684 Deum
1308 664 1368 683 non
1378 656 1506 691 diligatis.
1519 656 1681 689 Quomodo?

892 702 962 735 Quia
983 703 1016 730 de
1040 710 1095 738 quo
1110 703 1155 730 ille
1172 702 1358 730 testimonium
1371 702 1508 737 perhibet,
1524 707 1551 729 ct
1565 709 1613 737 per
1632 701 1679 729 ιο-

893 756 1004 780 annem,
1025 753 1052 775 et
1068 756 1117 783 per
1131 756 1226 783 opera.
1243 753 1270 775 et
1287 756 1336 783 per
1349 748 1520 783 Scripturas.
1538 748 1612 775 hunc
1633 757 1681 775 vos

893 801 948 821 non
962 794 1094 828 recipitis.
1110 794 1352 827 Quemadmodum
1377 802 1443 830 ergo
1461 795 1581 829 primum
1606 794 1681 820 arbi-

895 840 968 872 trati,
993 839 1063 874 quod
1090 847 1180 867 essem
1203 839 1260 867 Deo
1284 840 1450 875 contrarius,
1472 847 1516 866 me
1536 840 1684 875 repellebu‘

894 885 927 913 tis
944 894 951 912 :
970 886 1009 913 ita
1028 893 1112 918 nunc,
1126 885 1311 913 demonstrata
1323 894 1339 913 a
1356 885 1435 913 dictis
1462 885 1577 913 testibus
1609 886 1682 912 veri-

893 936 958 964 tate,
991 931 1156 960 debuissctis
1178 939 1334 960 accurrere.
1363 932 1415 959 Sed
1444 932 1544 959 frustra
1562 932 1682 967 iactatis,

892 977 964 1012 quod
981 978 1028 1004 Dei
1048 978 1108 1005 zelo
1125 986 1168 1005 me
1183 977 1361 1005 aversamini.
1375 977 1442 1005 Nam
1460 986 1522 1005 cutn
1540 978 1565 1005 id
1580 978 1681 1005 invidia

892 1023 1008 1056 faciatis,
1019 1024 1070 1051 hoc
1085 1023 1166 1050 modo
1184 1024 1264 1050 istam
1279 1024 1418 1051 occultare
1432 1024 1563 1051 nitimini.

928 1069 1006 1098 νει-ε.
1024 1070 1068 1097 45.
1089 1069 1145 1105 Ego
1156 1078 1250 1097 -—-me.
1266 1070 1423 1098 —Nomine
1437 1070 1528 1097 Patris
1541 1071 1602 1102 mei,
1625 1071 1682 1097 sive

893 1115 993 1143 missus
1011 1123 1026 1143 ο
1048 1115 1131 1143 Patre
1147 1124 1220 1149 meo,
1249 1117 1321 1144 sicut
1340 1117 1399 1152 ipse
1429 1121 1545 1144 testatur
1573 1121 1600 1144 et
1632 1125 1682 1152 ego

893 1162 1035 1193 conﬁteor,
1045 1166 1073 1190 et
1086 1169 1141 1189 non
1150 1162 1290 1197 suscipitis
1308 1170 1363 1190 me.

930 1208 1007 1236 Vers.
1019 1208 1061 1236 45.
1071 1223 1106 1229 -
1115 1207 1144 1236 Si
1157 1209 1293 1244 recipietis.
1308 1209 1345 1236 De
1359 1209 1530 1237 Antichristo
1541 1210 1593 1237 hoc
1604 1210 1681 1243 dicit,

893 1254 939 1290 qui
950 1254 1043 1282 veniet
1058 1255 1169 1282 nomine
1178 1255 1301 1290 proprio,
1319 1255 1377 1283 sive
1391 1263 1405 1282 a
1415 1263 1445 1283 se
1461 1256 1533 1290 ipso.
1550 1260 1680 1291 tanquam

895 1302 953 1338 ipse
979 1303 1050 1331 Deus
1065 1309 1154 1336 esset,
1168 1304 1214 1338 qui
1231 1311 1313 1338 super
1324 1311 1420 1331 omnes
1433 1309 1484 1331 est.
1502 1304 1587 1331 Taxat
1617 1312 1682 1339 ergo

895 1348 1094 1382 impudentiam
1112 1348 1282 1379 Iudaeorum,
1305 1348 1378 1382 quod
1406 1356 1469 1375 eum
1496 1348 1676 1383 repellerent,

895 1402 957 1422 cum
972 1402 1002 1421 se
1013 1394 1118 1422 diceret
1129 1402 1211 1422 nosse
1228 1395 1313 1422 Deum
1328 1394 1402 1421 etab
1421 1402 1455 1422 eo
1471 1394 1586 1422 missum
1609 1402 1682 1426 esse,

894 1449 946 1468 nec
957 1441 1166 1469 convinceretur
1174 1441 1228 1469 Deo
1243 1448 1304 1468 esse
1317 1441 1480 1468 contrarius
1495 1449 1501 1468 :
1516 1441 1592 1468 illum
1607 1449 1683 1473 vero,

895 1488 941 1524 qui
955 1495 984 1515 se
998 1488 1101 1515 diceret
1117 1494 1173 1514 non
1189 1494 1269 1514 nosse
1282 1487 1376 1518 Deum.
1393 1491 1421 1514 et
1435 1494 1450 1513 a
1466 1487 1557 1522 seipso
1589 1487 1685 1514 venire

49 1531 157 1559 εἰδέναι
179 1533 283 1560 ἐκεῖνον
291 1534 339 1560 καὶ
346 1534 524 1569 κομπάζοντα
532 1535 578 1569 ἀφ’
592 1536 690 1563 ἑαυτοῦ
697 1537 776 1572 ἥκειν
798 1538 840 1563 καὶ

902 1542 927 1562 se
940 1534 1069 1569 iactaret,
1099 1541 1131 1561 ac
1147 1532 1373 1560 manifestissime
1393 1532 1604 1568 dignosceretur
1620 1540 1682 1560 esse

48 1578 240 1613 προδηλότατα
249 1579 495 1615 διαγινωσκόμενον
507 1581 629 1608 ἀντίθεον
636 1584 840 1617 προσιεμένων.

89 1621 159 1649 Εἶτα
172 1623 264 1658 τίθησι
282 1625 329 1651 καὶ
351 1625 401 1660 τὴν
416 1625 506 1652 αἰτίαν
525 1626 575 1660 τῆς
597 1627 725 1659 ἀπιστίας
740 1628 840 1661 αὐτῶν,

49 1670 94 1696 ὅτι
126 1670 170 1696 διὰ
196 1671 350 1705 φιλοδοξίαν
378 1671 408 1697 οὐ
443 1672 614 1699 πιστεύουσι.
646 1673 692 1708 Μὴ
721 1674 843 1705 θέλοντες

49 1717 111 1751 γὰρ
127 1718 331 1753 προτιμηθῆναι
344 1718 432 1745 αὐτῶν
448 1718 499 1745 ὑπὸ
517 1715 574 1754 (28)
593 1718 640 1746 τοῦ
662 1720 780 1755 πλήθους
796 1721 843 1747 τὸν

51 1763 185 1798 Χριστὸν,
201 1763 352 1798 ὲκώφευον,
371 1765 418 1792 καὶ
438 1765 521 1800 Ep.ro
537 1765 697 1798 ἐθελουσίως
712 1768 780 1802 προς
794 1768 844 1802 τὴν

53 1809 198 1844 ἀλήθειαν,
211 1811 258 1837 καὶ
272 1811 361 1838 πάντα
378 1812 489 1838 ἐποίουν
508 1812 578 1847 ὑπὲρ
599 1812 646 1839 τοῦ
664 1813 702 1849 μὴ
717 1814 843 1841 ἐκπεσεῖν

49 1855 105 1889 τῆς
118 1855 196 1890 δόξης
208 1855 241 1887 ἢν
258 1853 331 1890 εἶχον
348 1857 423 1891 παρὰ
438 1857 485 1883 τοῦ
499 1857 630 1892 πλήθους.

89 1900 158 1934 Πῶς
169 1902 434 1937 -λαμϐιὶνοντεω
448 1904 606 1939 Ἐμποδίζει
622 1905 677 1940 γὰρ
691 1898 774 1942 αὕτη.

90 1991 148 2020 Καὶ
163 2008 198 2011 -
215 1992 342 2027 (Insita;
360 1994 412 2020 Ἦν
431 1993 514 2030 μόνην
527 1995 580 2021 ἔδει
592 1995 694 2031 ζητεῖν,
706 1996 757 2031 τῆς
769 1997 844 2032 παρὰ

50 2038 211 2074 ἀνθρώπων
237 2040 487 2075 καταφρονοῦντας,
508 2042 532 2068 εἰ
559 2041 607 2068 καὶ
634 2042 714 2076 ὑμεῖς
730 2043 844 2069 τούναν-

50 2085 114 2111 τίον
129 2085 241 2110 ποιεῖτε.
254 2084 425 2118 Πανταχόθεν
436 2085 525 2111 τοίνυν
539 2086 719 2120 ἐπιστομίσας
734 2085 843 2119 αὐτοὺς,

50 2130 106 2158 καὶ
123 2129 269 2162 ἀποδείξας
287 2130 378 2165 πάσης
403 2130 570 2165 συγγνώμης
594 2131 731 2164 ἀναξίους,
752 2131 845 2158 λοιπὸν

51 2175 201 2210 ἐφίστησιν
221 2176 312 2207 αὐτοῖς
333 2177 486 2212 κατήγορον
504 2177 585 2203 αὐτὸν
605 2177 650 2204 τὸν
667 2177 786 2204 Μωῦσέα
799 2178 845 2205 τὸν

49 2221 209 2257 νομοθέτην
226 2221 327 2248 αὐτῶν.

90 2269 143 2301 Μὴ
159 2284 192 2289 --
208 2268 332 2304 πατέρα.
359 2269 428 2296 Κατ’
446 2269 582 2304 ἐρώτησιν
602 2269 702 2306 ¹ὴθικὴν
725 2272 739 2297 ὁ
752 2272 842 2306 λόγος,

48 2319 96 2345 ὅτι
117 2316 146 2343 Εἰ
165 2316 211 2343 καὶ
233 2315 287 2342 ἔδει
304 2324 338 2351 με
357 2315 437 2342 τοῦτο
461 2317 582 2352 ποιῆσαι,
602 2317 659 2343 ἀλλ’
677 2318 707 2344 οὺ
727 2319 843 2354 ποιήσω,

49 2362 217 2394 ἁνεξίκακος
232 2363 281 2391 ὢν.

93 2452 201 2477 ’Ἑσιιν
219 2451 406 2485 -Μωῦσῆςκ
439 2451 482 2483 Ὡς
507 2452 694 2479 ἀπιστούντων
719 2451 760 2486 οἷς
785 2455 849 2490 napi.

48 2497 127 2533 ἐμοῦ
144 2497 246 2532 ἔγραψε
258 2517 265 2529 ,
286 2498 331 2523 καὶ
347 2498 433 2529 οὕτως
445 2499 632 2526 ἀπειθούντων
647 2500 731 2535 αὐτῷ.

93 2541 148 2574 Εἷς
165 2557 200 2561 —
213 2542 369 2575 ἠλπίκατε.
390 2542 434 2574 Ὠς
457 2544 497 2574 εὶς
520 2543 685 2578 δημαγωγὸν
712 2546 758 2571 καὶ
779 2555 847 2580 προ-

48 2589 162 2622 στάτην
178 2589 224 2613 καὶ
240 2588 354 2623 μεσὶτην
376 2587 410 2614 τὰ
427 2588 494 2622 πρὸς
515 2589 592 2616 Θεόν.
612 2590 717 2625 Ὥσπερ
732 2591 760 2617 δὲ
783 2592 848 2626 περὶ

46 2635 111 2661 τῶν
126 2633 241 2668 Γραᾳῶν
252 2633 343 2668 ἔλεγε·
352 2633 469 2660 Δοκεῖτε
479 2633 513 2660 ἐν
523 2635 625 2668 αὐταῖς
638 2636 713 2669 ζωὴν
727 2637 848 2665 αἰώνιον

897 1581 954 1607 Deo
969 1579 1135 1612 contrarius,
1152 1580 1318 1614 reciperent.

928 1626 1033 1653 Deinde
1049 1625 1126 1661 ponit
1140 1629 1168 1653 et
1180 1633 1290 1652 causam
1304 1624 1474 1653 inﬁdelitatis
1486 1632 1593 1656 eorum,
1610 1625 1684 1659 quod

894 1675 1009 1705 propter
1024 1670 1118 1705 gloria
1142 1677 1262 1697 amorem
1289 1678 1343 1696 non
1365 1669 1529 1697 crederent:
1559 1670 1686 1697 nolentes

894 1715 1120 1743 enimeristum
1150 1724 1234 1751 supra
1262 1716 1436 1743 seltonorari
1467 1715 1685 1747 atnultiludine,

894 1762 1138 1795 obsurdescehant,
1153 1767 1181 1790 et
1193 1770 1273 1789 aures
1287 1762 1360 1789 ultro
1370 1762 1535 1789 claudebant
1547 1762 1580 1788 ad
1612 1761 1686 1788 veri-

895 1812 995 1836 tatem:
1012 1807 1160 1842 omniaque
1174 1808 1322 1839 faciebant,
1337 1815 1372 1834 ne
1387 1815 1402 1834 a
1422 1807 1510 1842 gloria
1535 1815 1617 1842 quam
1635 1807 1685 1834 ha-

895 1855 996 1883 bebant
1011 1855 1083 1890 apud
1099 1853 1304 1881 multitudinetn
1322 1853 1493 1881 exciderent.

931 1901 1009 1929 Vers.
1019 1901 1064 1928 Η.
1075 1900 1210 1932 Quomodo
1220 1915 1255 1920 —
1263 1900 1405 1934 accipitis?
1416 1899 1482 1927 Nam
1493 1900 1551 1935 ipsa
1565 1900 1684 1935 impedi-

895 1953 988 1975 mento
998 1954 1049 1975 est.

929 1995 1008 2023 νοτε.
1024 1995 1067 2022 44.
1086 1994 1118 2021 Et
1133 2010 1168 2015 —
1185 1995 1303 2029 (Ιιιίω-ἱιὶε
1319 1995 1330 2020 ?
1345 1994 1431 2027 Quam
1444 1993 1530 2021 solam
1553 2001 1677 2028 quaerere

895 2045 1014 2076 oportet.
1030 2049 1061 2068 ca
1076 2048 1136 2076 quze
1147 2046 1190 2068 est
1207 2041 1241 2067 ab
1268 2040 1425 2068 hominibus
1443 2040 1609 2074 posthabita,
1634 2040 1686 2066 etsi

896 2093 946 2112 vos
955 2085 1126 2112 contrarium
1141 2085 1260 2113 faciatis.
1272 2084 1419 2119 Postquam
1432 2093 1495 2120 ergo
1507 2085 1629 2119 undique
1641 2085 1682 2112 si-

897 2131 1010 2158 lentium
1027 2131 1080 2158 illis
1091 2131 1230 2166 imposuit,
1244 2131 1375 2165 omniqttc
1391 2131 1470 2157 venia
1484 2131 1612 2165 indignos
1627 2137 1688 2157 esse

896 2177 1104 2210 demonstravit,
1120 2183 1308 2205 accusatorem
1332 2178 1463 2212 deinceps
1480 2177 1536 2205 illis
1562 2177 1685 2209 adhibet,

858 2213 885 2243 D
899 2229 962 2261 puta
976 2226 1064 2260 ipsum
1083 2225 1183 2252 Mosem
1199 2225 1385 2260 legislatorcm
1399 2232 1509 2252 eorum.

932 2271 1071 2299 VersJiS.
1100 2270 1342 2305 Num—patrem.
1378 2271 1458 2298 Juxta
1497 2272 1625 2298 usitatam
1656 2277 1688 2298 ac

897 2320 1055 2344 consuetam
1070 2317 1128 2351 (pp)
1146 2317 1389 2350 interrogationem
1405 2321 1447 2342 est
1466 2315 1510 2343 hic
1527 2324 1629 2347 sermo.
1656 2323 1688 2343 ac

899 2363 921 2390 si
937 2363 1012 2390 dicat
1033 2371 1040 2389 :
1060 2362 1118 2389 Etsi
1139 2371 1181 2389 mc
1198 2362 1224 2389 id
1247 2363 1392 2397 oportebat
1404 2361 1508 2393 facere,
1525 2370 1579 2389 non
1596 2366 1688 2389 tamen

898 2409 1007 2441 faciam,
1022 2409 1086 2444 quia
1097 2409 1218 2436 clemens
1233 2416 1306 2435 sum.

934 2456 1012 2483 Vers.
1030 2456 1075 2483 45.
1094 2456 1142 2483 Est
1156 2470 1191 2474 —
1211 2455 1305 2483 Moses.
1328 2454 1428 2490 Utpote
1456 2463 1509 2482 non
1544 2454 1688 2482 credentes

898 2503 942 2530 bis
953 2510 1014 2537 qua:
1028 2502 1062 2530 de
1081 2510 1124 2530 me
1136 2502 1244 2537 scripsit
1258 2511 1264 2528 ε
1280 2507 1308 2529 et
1325 2502 1361 2528 ita
1374 2509 1426 2528 nec
1443 2501 1480 2527 illi
1495 2501 1652 2528 credentes.

934 2549 1014 2576 Vers.
1030 2549 1074 2577 45.
1094 2549 1169 2576 ln—-
1182 2549 1305 2584 speratis.
1324 2547 1466 2582 Tanquam
1499 2547 1526 2572 in
1547 2545 1687 2572 ductorem

897 2595 1003 2629 populi,
1036 2599 1156 2622 tutorem
1192 2602 1226 2621 ac
1252 2593 1430 2620 mudiatorcm
1458 2592 1484 2619 in
1514 2591 1557 2617 bis
1574 2598 1634 2624 qua:
1652 2590 1687 2617 ad

902 2640 987 2668 Deum
1018 2646 1092 2668 sunt.
1122 2641 1199 2668 Sicut
1216 2644 1305 2668 autem
1323 2639 1356 2666 de
1382 2637 1531 2672 Scripturis
1555 2637 1687 2663 diccbat:

665 2732 766 2763 Varias
791 2733 946 2768 lectiones
961 2741 990 2768 et
1009 2740 1103 2768 notae.

89 2768 150 2806 (‘28)
171 2769 331 2805 Προτιθὲναι
350 2770 431 2796 αὐτὸν
452 2770 503 2797 ὑπό
522 2771 554 2798 Α.

93 2848 306 2889 (ρρλυείιαιᾳηι
325 2860 357 2878 ac
383 2857 542 2879 (artano/am.
569 2850 712 2880 Moralam.
738 2851 915 2889 Interrogatio
941 2852 1025 2889 ἠθικὴ
1053 2858 1093 2880 cst
1121 2860 1163 2886 ea,
1192 2859 1250 2887 qum
1277 2859 1367 2879 plores
1381 2857 1408 2879 et
1438 2851 1576 2886 ingenium
1603 2850 1689 2878 intcr-

49 2886 181 2923 rogantis
193 2885 328 2921 exprimit.
