1919 3076
64 123 136 155 1237

538 119 730 151 COMMENT.
755 119 792 150 [Ν
812 120 1001 151 JOANNEM.
1019 131 1051 137 -
1073 119 1151 150 CAP.
1169 119 1220 151 VI.

1626 73 1642 86 Ι

1621 121 1690 154 1238

62 181 131 216 τοῖς
151 180 208 216 (50)
221 201 229 213 ,
249 181 289 208 οὐ
318 181 422 214 χρείαν
443 179 571 214 ἔχουσιν
603 179 764 207 ἀπελθεῖν-ν
786 179 853 207 δότε

914 180 942 206 ξὶε
955 188 963 207 :
977 179 1037 206 Non
1050 184 1086 206 est
1107 179 1160 207 illi:
1177 185 1276 206 necesse
1290 178 1388 214 egredi,
1403 178 1464 206 date
1479 187 1520 205 vos
1547 179 1598 206 illis
1623 181 1691 215 quod

61 228 170 261 αὐτοῖς
189 228 274 263 ὑμεῖς
289 227 406 262 φαγεῖν.

107 274 197 300 Τοῦτο
211 288 246 293 --
258 273 287 299 τί
301 273 410 308 ἔμελλε
424 272 531 300 ποιεῖν.
556 274 631 300 Ἐκεῖ
643 273 690 300 καὶ
711 274 776 308 περὶ
791 281 853 300 του-

62 327 114 345 του
131 319 342 353 διασεσάφηται.
368 319 390 344 Τ
391 319 461 351 δ’δὲ,
476 319 620 353 πειράζων
631 319 734 352 αὑτὸν,
749 319 854 355 ἀνθρω-

64 364 221 400 ποπρεπῶς
235 364 285 399 μὲν
302 366 402 391 νοεῖται
423 365 495 392 κατὰ
507 365 556 399 τὴν
570 367 629 392 ἐκεῖ
646 365 775 401 ῥηθεῖσαν
793 365 853 401 ἑξή-

64 419 160 445 γησιν,
176 411 335 445 θεοπρεπῶς
356 411 394 442 δὲ.
411 411 472 438 ἀντὶ¹
486 410 545 442 τοῦ,
561 412 599 442 είς
613 412 732 446 ἀπορίαν
750 411 854 446 ἐμϐαλ-

63 457 123 484 λων
136 457 229 488 αὐτὸν,
240 457 295 488 ἵνα,
304 456 353 491 τὴν
369 456 488 491 ἀπορίαν
500 457 681 492 ὁμολογήσας,
692 457 854 492 ἀκριεέστες

69 512 120 538 ρον
145 503 292 538 καταμάθῃ
306 503 353 530 τοῦ
371 503 514 538 μέλλοντος
529 503 655 537 γενέσθαι
671 502 810 538 θαύματος
826 504 856 531 τὺ

65 548 196 582 μέγεθος.
211 548 241 574 Et
257 548 311 584 γὰρ
325 548 419 579 ἁπλῶς
434 547 553 582 ἐγένετο,
568 549 619 575 οὐκ
631 548 665 576 ἂν
682 550 767 585 ἑφανη
779 550 855 586 τηλι-

63 592 165 619 κοῦτον
174 601 181 608 ·
196 593 234 624 ὡς
243 593 309 625 Θεὸς
321 593 375 629 γὰρ
387 592 530 628 ἐγίνωσκε,
541 593 566 620 τί
578 593 690 629 ἔμελλεν
702 595 716 622 ὁ
724 595 856 628 Φίλιππος

63 638 265 675 ἀποκριθῆναι.

104 726 174 752 Φασὶ
196 726 224 752 δέ
239 735 312 758 τινες
329 726 370 752 ὅτι
393 726 502 760 λέγεται
517 728 531 754 ὁ
546 727 612 760 Θεὸς
634 730 776 764 πειράζειν
795 730 856 757 τινὰ

65 771 142 798 κατὰ
153 770 200 797 δύο
214 771 368 806 τρόπους,ῆ
386 771 428 798 ἵνα
444 771 560 808 [ἐλέγξῃ
576 773 633 809 (51)
650 774 698 809 τὴν
713 774 855 802 ἀσθένειαν

65 817 154 844 αὑτοῦ
177 817 272 853 ὥσπερ
291 817 339 845 νῦν
363 818 409 844 ἐπὶ
427 819 476 846 τοῦ
498 820 645 854 Φιλίππου,
669 821 685 855 ἢ
705 821 766 858 ἴνα]
781 822 854 858 δείξῃ

907 226 987 252 edant
1007 226 1028 252 ‘.

942 270 1018 298 Vers.
1036 271 1062 298 6.
1084 271 1138 298 Hoc
1152 286 1186 291 -—
1203 272 1265 305 quid
1275 275 1340 298 esset
1352 271 1482 306 facturus.
1514 271 1553 298 lbi
1580 279 1690 306 quoque

907 316 940 343 de
957 316 1008 344 hoc
1023 316 1188 352 disputatum
1212 321 1263 344 est.
1279 316 1356 349 Quod
1389 320 1480 343 autem
1505 316 1543 344 ait
1559 336 1566 349 ,
1587 321 1691 344 lentam

907 369 976 393 eum,
991 361 1110 388 humano
1134 361 1243 396 quidem
1260 361 1340 389 modo
1368 361 1526 396 intelligitur
1539 361 1615 396 juxta
1642 362 1690 389 da-

909 410 963 433 tam
987 406 1024 433 ibi
1054 407 1276 436 enarrationem:
1305 407 1397 435 divino
1423 411 1512 434 autem
1545 407 1635 440 modo,
1663 412 1692 434 ut

909 452 1076 479 tantumdem
1093 453 1138 486 sit,
1155 460 1186 481 ac
1201 453 1223 480 si
1235 452 1342 480 dicatur
1366 463 1372 480 :
1387 453 1416 480 In
1435 453 1651 487 desperationem
1660 453 1693 480 de

909 498 1029 525 remedio
1046 506 1108 526 eum
1125 499 1289 533 conjiciens,
1301 504 1329 525 ut
1345 499 1564 534 desperationem
1593 500 1691 532 fassus,

908 544 1063 580 diligentius
1078 550 1262 579 cognosceret,
1275 545 1358 572 fuisse
1372 545 1542 577 miraculum,
1552 546 1623 581 quod
1636 547 1693 580 ipse

909 589 1032 617 facturus
1048 595 1125 624 erat;
1143 599 1205 617 nam
1225 590 1248 618 si
1263 595 1403 625 utcunque
1414 591 1516 618 factum
1532 596 1614 621 esset.
1641 599 1691 618 ne-

909 643 1045 671 quaquam
1060 637 1112 664 tale
1133 636 1312 671 apparuisset.
1325 636 1464 672 Siquidem
1482 642 1609 672 tanquam
1622 637 1693 664 Deus

909 687 1033 716 noverat,
1049 683 1113 717 quid
1130 691 1309 718 responsurus
1324 689 1397 711 esset
1411 684 1562 718 Philippus.

945 729 1029 757 Aiunt
1049 735 1140 757 autem
1163 730 1286 765 quidam,
1302 731 1374 765 quod
1394 730 1465 757 Deus
1480 731 1597 765 aliquem
1630 735 1692 758 ten-

911 781 970 803 tare
988 776 1089 803 dicitur
1104 776 1211 804 duobus
1233 776 1339 803 modis:
1365 777 1408 804 vel
1425 781 1454 803 ut
1480 777 1693 804 imbecillitatem

910 823 971 857 ejus
981 827 1086 857 arguat,
1101 823 1171 850 sicut
1195 831 1269 850 nunc
1302 823 1328 850 in
1350 823 1498 858 Philippo;
1517 823 1558 850 vel
1575 828 1603 850 ut
1622 823 1695 850 illius

64 863 119 898 τὴν
131 863 257 898 ἀνδρείαν
273 864 367 897 αὑτοῦ,
385 864 479 900 ὥσπερ
495 866 578 893 πάλαι
592 866 638 893 ἐπὶ
652 866 700 893 τοῦ
721 866 853 903 Ἀδραάμ.

914 869 1097 896 fortitudinem
1105 869 1242 903 ostendat,
1253 869 1482 904 quemadmodum
1494 869 1556 896 olim
1567 869 1593 895 in
1609 868 1694 896 Abra-

64 908 226 943 Γέγραπται
238 908 292 943 γὰρ
300 909 340 935 ὅτι
351 910 396 935 καὶ
405 910 549 945 ἐπείραζεν
557 911 570 937 ὁ
581 910 647 942 θεὸς
658 911 702 937 τὸν
718 910 856 947 Ἀϐραὰμ,

68 955 118 981 ὅτε
134 954 234 989 δηλαδὴ
250 955 408 989 ἀνενεγκεῖν
424 955 497 991 αὐτῷ
512 956 558 982 τὸν
573 956 630 983 υἱὸν
647 956 730 984 αὑτοῦ
746 959 785 990 εὶς
798 958 857 984 ὀλο-

66 1001 214 1034 κάρπωσιν
227 1001 378 1027 ἐνετέλλετο
396 1002 462 1037 (39).

111 1046 271 1080 Ἀπεκρίθη
286 1061 321 1066 --
344 1046 433 1081 λάϐῃ.
464 1046 537 1082 Ὀρα
566 1047 615 1083 τὴν
642 1049 786 1076 ἀσθένειαν
808 1050 857 1084 τῆς

67 1091 191 1122 διανοίας
206 1091 254 1117 τοῦ
269 1091 404 1118 Φιλίππου
426 1093 463 1127 μὴ
485 1093 645 1128 δυνηθέντος
664 1094 790 1130 ἐννοῆσαι
808 1095 857 1131 τὴν

66 1136 186 1171 δύναμιν
200 1137 250 1171 τῆς
266 1136 393 1171 θεότητος
408 1138 503 1165 αὑτοῦ.

106 1182 192 1217 Λέγει
207 1198 242 1203 -
259 1183 441 1218 τοσούτουςξί
468 1184 512 1210 Ἐν
533 1185 570 1220 τῷ
584 1186 700 1222 εἰκοστῷ
719 1187 790 1221 ἕκτῳ
811 1197 857 1214 κε-

67 1228 180 1263 φαλαίῳ
198 1228 246 1254 τοῦ
262 1228 402 1255 Ματθαιου
420 1229 477 1263 (55)
496 1230 544 1256 καὶ
560 1231 625 1265 περὶ
641 1231 737 1258 τούτου
755 1232 856 1268 διείλη-

69 1283 150 1300 πται.
168 1274 353 1310 Ὑψηλοτέραν
366 1275 417 1310 μὲν
432 1275 478 1302 οὖν
493 1276 555 1311 ἔσχε
568 1277 688 1304 διάνοιαν
705 1279 719 1304 ὁ
730 1279 858 1315 Ἀνδρέας

71 1320 149 1355 παρὰ
161 1320 207 1346 τὸν
221 1321 363 1347 Φίλιππον·
383 1322 434 1349 οὐκ
454 1322 556 1357 ἔφθασε
568 1324 597 1350 δὲ
618 1324 686 1359 πρὸς
699 1325 729 1351 ἰδ
744 1325 857 1354 τέλειον.

77 1367 203 1401 Ἐνόμισε
230 1367 285 1403 γὰρ
311 1368 352 1394 ὅτι
381 1369 437 1395 ἀπὸ
468 1369 517 1404 μὲν
548 1370 698 1398 ἐλαττόνων
728 1371 857 1399 ἐλάττονα

69 1413 190 1446 ποιήσει,
203 1414 256 1440 ἀπὸ
276 1414 304 1440 δὲ
321 1414 452 1442 πλειόνων
477 1416 587 1442 πλείονα
613 1417 680 1452 (54).
705 1417 755 1444 Διὰ
778 1417 858 1445 τοῦτο

68 1457 251 1493 προσέθηκεν·
273 1458 366 1487 Ἀλλὰ
380 1460 472 1488 ταῦτα
483 1461 512 1487 τι
524 1461 610 1488 ἐστιν
621 1463 664 1494 εὶς
676 1463 857 1497 τοσούτους;

105 1548 179 1577 Eine
196 1565 231 1570 —
245 1551 495 1585 πεντακισχίλιοι.
512 1543 556 1577 Ἐν
579 1551 617 1587 τῷ
641 1552 788 1587 δηλωθέντι
811 1562 859 1580 κε-

68 1596 181 1631 φαλαίῳ
195 1595 365 1631 πλατύτερον
387 1596 452 1632 περὶ
472 1596 575 1623 τούτων
590 1597 708 1632 εἴρηται.
723 1598 780 1625 Οὺκ
798 1599 858 1625 ἐθο-

70 1643 230 1678 ρυϐήθησαν
244 1642 272 1668 δὲ
292 1644 316 1668 oi
335 1641 473 1678 μαθηταὶ,
488 1641 545 1669 ἀλλ’
562 1643 662 1670 αὐτίκα
692 1643 801 1677 γνόντες
817 1645 857 1671 ὅτι

69 1688 314 1724 θαυματουργῆσαι
333 1688 435 1723 μέλλει,
453 1688 623 1721 ἀδιστάκτως
642 1689 810 1724 ὑπήκουσαν.

110 1780 216 1807 Ἐλαὸε
232 1795 267 1800 -
285 1779 408 1815 ἤθελον.
432 1780 477 1808 Ἐν
489 1780 586 1817 ἐκείνῳ
607 1782 654 1808 καὶ
667 1781 732 1817 περὶ
755 1783 856 1810 τούτων

69 1828 211 1863 εὑρήσεις.

112 1874 159 1907 Ὡς
172 1888 208 1894 -—-
221 1874 421 1908 βεϐρωκόσιν.
447 1874 562 1909 Ὁμοίως
582 1875 629 1902 καὶ
655 1875 719 1910 περὶ
741 1876 855 1904 τούτων.

69 1918 215 1946 Ἐκὲλέυσε
252 1920 281 1946 δὲ
308 1921 471 1954 συναγαγεῖν
496 1921 531 1947 τὰ
556 1922 788 1956 περισσεύσαντα,
806 1923 856 1949 οὐκ

70 1966 226 1999 ἐπιδείξεως
241 1966 410 1999 ἓνεκεν,ἀλλ¹
425 1967 470 1993 ἵνα
486 1967 524 2002 μὴ
539 1967 604 2004 δόξῃ
619 1969 755 2002 φαντασία
769 1978 811 2001 τις
825 1969 856 1996 τὸ

69 2013 228 2047 γενόμενον.
250 2011 297 2044 Ἐξ
318 2012 504 2047 ὑποκειμένης
525 2013 552 2039 δὲ
573 2012 639 2048 ὕλης
656 2014 792 2050 ἐπλήθυνε
808 2015 856 2042 καὶ

68 2059 133 2091 τοὺς
155 2059 253 2093 ἄρτους
273 2059 320 2084 καὶ
351 2058 413 2090 τοὺς
434 2058 528 2093 ἰχθύας
541 2078 548 2091 ,
566 2059 600 2085 δι’
621 2059 688 2085 αὑτό
708 2068 738 2086 τε
763 2060 854 2094 τοῦτο,

69 2105 116 2131 καὶ
125 2105 169 2131 ¹ἰνοι
178 2105 307 2140 ἑμφραγῇ
315 2104 350 2130 τὰ
359 2104 481 2139 στόματα
491 2104 545 2130 τῶν
557 2105 774 2139 Μαρκιωνιστῶν
784 2105 854 2141 (55),

67 2151 169 2182 οἵτινες
189 2150 361 2177 διαϐάλλουσι
381 2150 431 2185 τὴν
454 2150 554 2183 κτίσιν,
579 2151 729 2186 ληροῦντες
748 2152 790 2182 ὅτι
803 2153 855 2179 οὐκ

68 2197 144 2224 ἔστιν
158 2196 229 2233 αὕτη
244 2197 351 2232 ποίημα
367 2197 414 2224 τοῦ
429 2196 508 2225 Θεοῦ.

109 2290 141 2316 οι
155 2303 191 2308 —
205 2289 330 2322 κόσμον.
345 2287 377 2314 Ὢ
394 2287 530 2323 προδήλου
548 2289 786 2323 γαστριμαργίαςῐ
805 2298 856 2324 μυ-

69 2336 115 2371 ρία
136 2336 185 2370 μὲν
200 2335 333 2371 πρότερον
348 2335 560 2370 θαυμαστότερα
576 2335 673 2362 τούτου
689 2336 853 2370 θεασάμενοι

67 2382 145 2409 οὐδὲν
166 2382 288 2409 τοιοῦτον
307 2382 504 2417 ὠμολόγησανιθ
531 2383 575 2408 ὅτε
601 2381 630 2408 δὲ
652 2382 852 2418 ἐνεπλήοησαν,

67 2428 129 2454 τότε
144 2427 239 2454 τοῦτον
259 2425 329 2454 εἶναι
353 2427 400 2454 τὸν
419 2427 562 2462 προφήτην
584 2427 689 2462 ἔλεγον,
705 2428 751 2454 τὸν
766 2437 850 2463 προσ-

67 2472 222 2508 δοκώμενον
238 2472 329 2504 αὐτοῖς
347 2473 400 2500 ἀπὸ
414 2474 462 2508 τῆς
477 2473 616 2505 Μωῦσέως
634 2473 813 2508 ἐπαγγελίας.

121 2554 130 2569 ⁸
142 2552 238 2580 Matth.
249 2560 303 2585 xlv,
316 2551 360 2580 16.
414 2552 425 2568 ⁷
434 2552 502 2580 Gen.
517 2561 583 2586 xm,
597 2554 620 2580 l.

910 915 973 942 ham
991 923 998 947 ;
1025 915 1155 950 scriptum
1182 920 1225 942 est
1254 915 1337 947 enim,
1357 914 1429 949 quod
1448 915 1530 943 etiam
1548 915 1695 942 lentaverit

910 961 982 988 Deus
994 961 1139 993 Abraham,
1158 970 1220 989 cum
1235 961 1335 989 oﬂ‘erre
1357 961 1380 988 ei
1400 961 1486 989 [ilium
1499 969 1578 989 suum
1591 961 1617 988 in
1645 961 1694 988 ho-

908 1007 1061 1036 locaustum
1071 1009 1203 1043 praecepit
1220 1010 1229 1024 ⁷

945 1054 1022 1081 Vcrs.
1047 1055 1073 1081 7.
1099 1053 1404 1088 Respondit—accipiat.
1427 1052 1494 1079 Vide
1518 1051 1691 1079 imbecillita-

910 1105 963 1128 tem
981 1101 1080 1127 mentis
1094 1101 1221 1135 Philippi,
1235 1100 1280 1135 qui
1306 1099 1435 1127 virtutem
1464 1098 1617 1125 divinitatis
1632 1097 1692 1132 ejus

910 1146 1062 1181 intelligere
1077 1154 1131 1173 non
1146 1149 1265 1180 poterat.

918 1190 1023 1220 'Yers.
1052 1192 1080 1220 8.
1108 1191 1313 1219 Dicit—Vers.
1344 1190 1370 1218 9.
1399 1191 1519 1217 mullos?
1557 1189 1694 1217 Vieesimo

909 1244 986 1268 sexto
1002 1237 1238 1274 capiteEvangelii
1261 1238 1336 1273 juxta
1365 1237 1521 1264 Matthaaum
1548 1236 1629 1263 etiam
1657 1236 1692 1262 de

909 1287 961 1313 hoc
980 1285 1147 1320 disputatum
1172 1289 1223 1312 est.
1243 1283 1427 1311 Excelsiorcm
1458 1282 1549 1317 itaque
1574 1285 1694 1308 mentem

908 1332 1026 1359 habebat
1053 1331 1175 1359 Andreas
1204 1338 1287 1365 quam
1298 1329 1465 1364 Philippus:
1493 1328 1525 1355 ad
1546 1328 1571 1355 id
1589 1331 1693 1357 tamen.

909 1379 982 1414 quod
1015 1379 1168 1414 perfectum
1201 1382 1270 1408 erat,
1300 1385 1354 1404 non
1374 1375 1533 1411 attingebat.
1553 1374 1694 1409 Cogitabat

909 1425 981 1452 enim
995 1424 1068 1459 quod
1103 1431 1136 1451 ex
1157 1423 1332 1458 paucioribus
1366 1421 1494 1456 pauciora
1522 1420 1633 1451 faceret,
1659 1426 1694 1446 ex

908 1468 1036 1506 pluribus
1056 1474 1146 1498 autem
1166 1471 1255 1505 plura.
1282 1469 1346 1496 ldeo
1367 1468 1449 1495 etiam
1467 1467 1608 1495 addebat:
1641 1465 1692 1493 Sed

909 1517 973 1549 Ιιατ,
989 1517 1052 1552 quid
1061 1521 1122 1544 sunt
1138 1516 1205 1543 inter
1218 1519 1271 1542 lant
1289 1515 1386 1542 multos
1401 1516 1413 1542 Ζ)

947 1562 1024 1590 Vers.
1045 1563 1088 1590 10.
1113 1561 1189 1588 Dixit
1202 1577 1236 1581 —
1250 1561 1387 1596 quinquies
1401 1559 1484 1587 mille.
1499 1557 1632 1586 Prtedicto
1647 1564 1693 1584 ca-

907 1609 965 1643 pite
981 1608 1062 1635 latius
1077 1608 1111 1635 de
1130 1608 1172 1634 his
1188 1607 1290 1635 dictum
1306 1610 1356 1633 est.
1371 1606 1430 1632 Non
1446 1610 1511 1632 sunt
1527 1608 1617 1631 autem
1635 1607 1693 1630 tur—

908 1654 961 1681 bati
979 1654 1118 1688 diseipuli,
1133 1653 1180 1680 sed
1198 1652 1322 1687 protinus
1336 1650 1446 1686 cognito
1473 1649 1546 1684 quod
1576 1649 1694 1675 miracu-

907 1700 963 1727 lum
978 1705 1144 1734 operaturus
1159 1703 1242 1730 essut.
1258 1698 1362 1733 absque
1379 1697 1432 1724 ulla
1451 1694 1605 1723 haesitantia
1624 1694 1692 1721 obe-

907 1745 1045 1772 diverunt.

944 1790 1021 1818 νοτε.
1042 1791 1085 1817 Η.
1113 1789 1254 1823 Accepit—
1264 1788 1395 1816 volebant.
1413 1788 1440 1814 In
1456 1795 1489 1815 eo
1503 1787 1594 1822 capite
1609 1786 1690 1814 etiam

908 1837 942 1864 de
956 1837 998 1863 his
1013 1836 1147 1863 invenies.

944 1883 1021 1910 Vers.
1045 1883 1085 1910 19..
1141 1881 1352 1910 Ul—VersJS.
1392 1881 1436 1914 qui
1463 1878 1693 1906 coniedcrant.Si-

906 1930 1009 1957 militer
1025 1929 1095 1956 etde
1115 1927 1265 1956 hisJussit
1289 1933 1380 1955 autem
1405 1927 1494 1962 colligi
1518 1934 1578 1961 qua:
1597 1933 1693 1960 super-

907 1976 1028 2007 fuerant,
1045 1983 1100 2002 non
1115 1975 1308 2002 ostentationis
1319 1973 1418 2009 gratia,
1434 1973 1481 2000 sed
1497 1980 1531 2000 ne
1549 1973 1692 2007 phantasia

906 2025 1059 2056 appareret,
1074 2021 1146 2055 quod
1171 2020 1274 2047 [aetum
1307 2024 1376 2046 erat.
1388 2019 1427 2045 Ex
1455 2018 1576 2053 subjecta
1601 2020 1692 2044 autem

906 2067 1016 2094 materia
1031 2067 1084 2102 (qq)
1104 2072 1132 2094 et
1147 2074 1230 2101 panes
1248 2065 1438 2100 multiplicavit
1451 2069 1478 2091 et
1501 2065 1591 2100 pisces
1611 2072 1618 2090 :
1636 2070 1692 2090 non

905 2114 977 2148 quod
1005 2113 1117 2140 materia
1148 2112 1290 2148 indigeret,
1320 2112 1391 2138 sicut
1408 2119 1497 2146 neque
1515 2115 1577 2145 post
1605 2117 1693 2136 resur-

905 2159 1053 2188 rectionem
1077 2167 1146 2194 opus
1167 2159 1204 2186 illi
1227 2158 1279 2186 fuit
1295 2157 1418 2190 materia,
1446 2157 1494 2183 sed
1509 2160 1538 2182 ut
1559 2162 1607 2182 ora
1621 2153 1694 2180 Mar-

869 2198 891 2224 D
905 2205 1082 2232 cionistarum
1110 2205 1274 2236 Obstrueret,
1292 2204 1337 2239 qui
1359 2208 1511 2230 creaturam
1526 2200 1693 2229 ealumnian-

908 2255 951 2276 tur
965 2249 1123 2281 delirantes,
1139 2249 1286 2277 asscrendo
1299 2257 1354 2276 non
1370 2256 1432 2276 esse
1443 2255 1458 2275 a
1475 2247 1531 2275 Deo
1548 2246 1658 2274 iactam.

942 2293 1021 2321 Vers.
1037 2294 1081 2321 14.
1095 2293 1316 2321 Illi—mundum.
1332 2293 1354 2320 0
1369 2292 1543 2320 manifestam
1559 2291 1692 2327 gulosita-

906 2337 985 2365 tem!
1014 2345 1077 2364 cum
1106 2338 1252 2364 innumera
1286 2337 1362 2372 prius
1379 2336 1524 2368 vidissent,
1553 2343 1614 2370 qua:
1641 2334 1693 2361 hoc

905 2388 984 2411 erant
1006 2384 1184 2416 mirabiliora,
1211 2384 1280 2411 nihil
1306 2384 1360 2411 tale
1381 2382 1501 2411 confessi
1519 2387 1583 2410 sunt
1604 2391 1611 2408 :
1630 2389 1691 2409 eum

906 2436 997 2458 autem
1011 2430 1114 2465 impleti
1130 2437 1204 2463 sunt,
1223 2435 1288 2458 tunc
1301 2431 1373 2458 hunc
1390 2437 1450 2458 esse
1465 2428 1636 2464 prophetam-
1650 2427 1692 2454 di-

906 2481 1015 2510 xerunt,
1033 2477 1082 2512 qui
1094 2485 1128 2504 ex
1143 2477 1226 2505 Mosis
1242 2476 1424 2512 promissione
1440 2475 1474 2503 ab
1495 2474 1536 2502 eis
1549 2476 1691 2506 exspecta-

907 2523 996 2551 batur.

659 2588 758 2618 Vario:
778 2588 932 2620 lectiones
953 2594 982 2621 et
1005 2595 1100 2622 notae.

114 2650 158 2684 ao)
188 2651 268 2685 Αὐτῷ
281 2652 312 2678 Α.

114 2687 157 2721 51)
173 2684 276 2722 Inclusa
292 2684 452 2713 exciderunt
464 2685 496 2713 Α.
515 2686 573 2713 Mox
605 2686 703 2722 legitur
730 2686 845 2720 ibidem,

66 2721 181 2754 δείξειθι
195 2721 314 2755 ἀνδρίαν.

102 2757 157 2792 (32)
177 2756 345 2783 Ἐντὲλλεται
359 2757 390 2784 Λ.

937 2654 993 2686 (55)
1027 2655 1081 2681 Τοῦ
1098 2655 1167 2681 κατὰ
1182 2654 1318 2681 Ματθαῖον
1337 2654 1369 2680 Α.

936 2689 991 2725 (ξι)
1029 2690 1138 2725 Ποιήσει
1154 2689 1229 2717 addit
1245 2688 1277 2715 Α.

935 2724 989 2759 (53)
1002 2725 1212 2759 Μαρκιανιστῶν
1225 2725 1256 2751 Α.

113 2815 155 2850 qq)
176 2816 233 2856 [you
249 2817 317 2856 quod
330 2831 365 2856 _—
383 2816 504 2843 materia.
522 2814 553 2843 Et
568 2819 677 2851 propter
699 2815 748 2844 hoc
767 2815 912 2850 ipsummet
924 2820 953 2843 ut
971 2824 1017 2843 ora
1079 2816 1136 2843 Alia
1151 2815 1195 2843 hic
1210 2815 1237 2842 ir.
1255 2822 1305 2843 suo
1331 2814 1447 2848 codices,
1474 2814 1544 2842 haud
1558 2813 1682 2843 absurda.

69 2850 172 2879 videtur
183 2851 321 2880 invenisse
332 2851 476 2890 interpres.
