1919 3076
87 119 153 153 1241

548 123 743 156 COMMENT.
762 124 805 155 IN
822 124 1014 155 JOANNEM.
1036 139 1064 144 —
1088 126 1167 157 CAP.
1189 129 1239 159 VI.

1645 127 1715 160 1242

87 181 128 207 δτι
153 179 206 206 Kal
231 180 340 207 σκοτία
360 180 418 215 ἤδη
439 181 581 216 ἐγεγόνει,
597 183 646 209 καὶ
663 184 719 210 οὐκ
734 183 874 217 ἐληλύθει

933 184 999 211 sicut
1011 185 1055 212 hic
1072 186 1179 220 scripsit
1195 195 1202 219 ;
1217 191 1243 214 et
1257 186 1284 214 in
1302 186 1346 214 illa
1363 188 1472 222 quidem
1493 187 1713 216 deambulatione

88 223 162 257 πρὸς
187 223 299 257 αὐτοὺς
324 225 341 250 ὁ
366 225 496 258 Ἰησοῦς.
511 227 558 253 καὶ
577 227 612 253 τὰ
638 226 721 253 λοιπὰ
744 227 874 260 γενέσθαι

87 270 178 302 καθὼς
188 267 265 302 οὗτος
280 270 395 306 ἔγραψε.
409 271 464 298 Καὶ
479 272 526 298 ἐπὶ
537 272 587 306 μὲν
606 273 713 300 ἐκείνου
730 272 778 299 τοῦ
792 281 874 308 περι-

89 317 174 344 πάτου
185 318 248 348 τοὺς
264 317 389 352 μαθητὰς
403 317 573 352 φοϐηθέντας
588 318 769 354 ἀνακραγεῖν·
785 319 832 345 επὶ
845 319 874 345 δὲ

89 363 183 389 τούτου
200 363 356 398 φοϐηθῆναι
379 364 470 398 μόνον,
489 364 631 396 ἐλάττονος
650 364 734 398 φόϐου
755 365 874 399 γενομέο

88 417 133 434 νου
150 409 193 434 διὰ
208 408 257 443 τὴν
271 408 321 444 ἤδη
339 409 501 444 συνήθειαν·
518 410 566 436 καὶ
587 411 647 436 ἐκεῖ
668 410 718 445 μὲν
733 411 873 442 εἰπόντος·

94 455 166 488 Ἐγώ
180 456 249 489 εΙμι,
267 455 309 490 μὴ
330 455 481 490 φοϐεῖσθε,
497 456 573 482 οὔπω
588 456 873 493 ὲπληροφορήθησαν·

87 500 127 526 διὸ
139 501 185 526 καὶ
200 501 214 526 ὁ
230 501 333 536 Πέτρος
343 500 448 535 ἔλεγεν,
463 502 564 536 Κύριε,
578 504 604 528 εί
617 503 658 530 σὺ
671 501 708 537 εἴ,
725 502 876 530 κέλευσόν

86 555 123 581 με
139 547 213 580 πρὸς
238 548 276 572 σὲ
303 547 404 574 ἐλθεῖν
433 547 482 574 ἐπὶ
508 548 544 575 τὰ
566 549 678 575 ὕδατα·
707 548 827 576 ἐνταῦθα
846 549 875 575 δὲ

86 592 189 623 εὐθέως
205 591 482 628 ὲπληροῳορήθησαν,
493 593 588 625 ἐθάδες
604 594 701 622 λοιπὸν
715 595 873 629 γενόμενοι·

88 638 134 664 καὶ
148 638 210 664 τότε
229 638 278 673 μὲν
297 638 349 665 οὐκ
364 639 502 666 ἐκόπασεν
517 640 531 666 ὸ
553 640 656 674 ἄνεμος
672 637 803 676 ἄχριςᾶν
818 641 876 667 είσ-

87 684 169 718 ἦλθεν
194 685 233 715 είς
253 684 285 710 τὸ
311 685 420 711 πλοῖον·
448 685 496 712 νῦν
520 686 549 712 δὲ
576 686 753 721 φωνήσαντος
782 686 874 721 μόνον,

88 730 195 764 γαλήνη
220 729 334 763 γέγονε·
360 730 409 757 καὶ
426 731 486 757 οὐδὲ
507 731 633 766 εἰσῆλθεν
657 732 696 763 είς
721 731 752 757 τὸ
771 731 875 764 πλοῖον,

87 776 155 802 ἀλλὰ
186 775 321 802 θελόντων
343 776 436 803 λαὸεῖν
451 777 543 810 αὑτὸν,
568 777 635 804 αὐτό
650 786 680 804 τε
696 779 735 809 είς
752 777 802 813 τὴν
820 777 874 812 γῆν

87 821 184 855 ἐξῆλθε
195 841 202 853 ,
218 821 266 848 καὶ
283 821 365 853 αὐτὸς
381 823 470 849 ὀπίσω
484 823 581 850 αὑτοῦ.

126 868 166 901 Τῇ
177 869 323 902 ἐπαύριον
334 884 365 889 -
376 869 511 904 Ἰησοῦν.
526 869 625 904 Ὀχλον
638 869 773 905 ἑστηκότα
789 870 876 904 πέραν

87 915 137 949 τῆς
154 914 292 949 θαλάσσης
308 915 381 949 λέγει
413 916 477 948 τοὺς
494 916 624 948 ἐλθόντας
644 917 769 952 ἁρπάσαι
783 916 875 950 αὑτὸν,

89 959 133 986 ἵνα
158 961 311 995 ποιήσωσιν
336 961 419 988 αὑτὸν
445 961 572 996 βασιλέα.
601 963 647 998 Μὴ
674 963 802 998 εὑρόντες
821 962 876 997 γὰρ

87 1006 181 1040 αὑτὸν,
201 1007 309 1034 ἵσταντο
330 1009 359 1035 ἐν
383 1007 422 1042 τῷ
452 1009 578 1044 αἰγιαλῷ,
607 1009 824 1044 διαλογιζόμενοι
849 1009 878 1035 τί

88 1053 198 1087 γέγονε.
224 1054 306 1080 Δοκεῖ
332 1052 379 1080 οὖν
404 1054 541 1082 ἐλλείπειν
567 1056 581 1082 ὁ
605 1055 694 1090 λόγος.
713 1057 804 1089 Μήπω
823 1056 877 1091 γὰρ

88 1099 252 1130 ἀναπαύσας
269 1100 365 1126 τοῦτον
381 1101 395 1126 ὸ
413 1100 627 1135 εὖαγγελιστὴς,
646 1099 724 1132 αὖθις
742 1101 878 1136 ἑτέρωθεν

86 1144 200 1179 ἤρξατο,
224 1144 324 1170 εξπών·
341 1144 411 1171 Ὅτε·
423 1143 480 1173 οὖν
497 1143 577 1172 εἶδεν
594 1147 610 1172 ὀ
638 1145 731 1180 ὄχλος
753 1146 798 1173 ὅτι
819 1146 878 1180 Ἰη-

89 1190 166 1223 σοῦς
188 1191 242 1217 οὐκ
257 1191 343 1217 ἐστιν
355 1190 434 1224 ἐκεῖ,
451 1190 499 1217 καὶ
515 1190 550 1217 τὰ
569 1191 643 1226 ἑξῆς.
659 1191 759 1226 Σχῆμα
775 1191 803 1217 δέ
819 1191 878 1217 ἐστι

88 1237 169 1263 τοῦτο
189 1237 347 1271 συντομίας.

127 1283 162 1308 Τὸ
175 1282 219 1315 δὲ,
234 1284 327 1309 Ἄλλο
343 1282 377 1309 δὲ
392 1281 466 1318 ἦλθε
490 1283 631 1318 πλοιάρια
653 1284 687 1310 ἐκ
715 1283 881 1318 Τιϐεριάδος

86 1329 180 1363 ἐγγὺς
202 1329 255 1355 τοῦ
274 1329 378 1360 τόπου,
402 1329 479 1356 ὅπου
507 1329 620 1364 ἔφαγον
636 1331 691 1356 τὸν
710 1331 811 1364 ἄρτον,
829 1331 880 1358 εὐ-

89 1374 332 1410 χαριστήσαντος
346 1375 399 1402 τοῦ
411 1375 522 1409 Κυρίου
532 1376 599 1412 (59),
612 1376 794 1410 μεταξυλογία
807 1376 880 1403 ἐστὶν

88 1422 130 1451 εἰς
149 1420 265 1455 δήλωσιν
280 1421 327 1446 τοῦ
348 1421 463 1456 ὕστερον
480 1421 569 1448 ἐλθεῖν
593 1422 674 1448 αὐτὰ.
691 1422 767 1454 Τέως
786 1422 810 1448 δ’
834 1420 881 1449 οὖν

89 1466 309 1502 ἑξαπορηθὲντες
326 1467 513 1495 ὑπώπτευσαν
532 1469 573 1495 ὅτι
599 1467 749 1501 ἐπέζευσεν
764 1469 811 1495 ἐπὶ
832 1469 881 1504 τῆς

926 233 1070 260 exterritos
1083 233 1231 268 discipulos
1246 234 1425 266 exclamasse,
1442 235 1469 261 in
1485 234 1536 262 hac
1565 241 1631 261 vero
1665 241 1712 261 so-

926 278 982 305 lum
1004 278 1138 311 timuisse,
1154 280 1226 314 quod
1245 280 1326 307 timor
1337 280 1392 315 jam
1418 280 1596 308 assuetudine
1622 280 1714 308 minor

927 323 1017 351 fuerit.
1037 324 1070 352 Et
1083 325 1119 352 ibi
1139 333 1200 353 cum
1214 325 1346 353 dixisset:
1364 325 1418 361 Ego
1437 334 1506 358 sum,
1532 326 1612 352 nolite
1636 327 1714 352 time-

926 378 954 396 re
967 371 1001 402 ",
1017 371 1140 398 nondum
1159 372 1290 400 certiores
1305 371 1391 400 factos
1407 372 1504 404 fuisse,
1517 372 1634 407 ideoque
1661 371 1714 398 Pe-

927 419 984 443 trus
994 416 1102 444 dicebat
1116 425 1123 444 :
1139 417 1256 450 Domine,
1272 419 1332 444 situ
1348 426 1386 449 es,
1399 418 1462 452 jube
1491 422 1519 444 ut
1541 426 1586 452 ego
1612 417 1715 444 veniam

927 463 962 489 ad
991 467 1014 489 te
1035 471 1114 498 super
1142 464 1280 498 aquas“;
1311 463 1355 490 hic
1381 469 1471 491 autem
1503 464 1629 498 protinus
1655 471 1715 490 cer-

928 507 1010 535 tiores
1028 508 1115 536 l'actos
1132 516 1203 541 esse,
1228 511 1300 544 quod
1328 509 1385 544 jam
1413 511 1516 537 assueti
1545 513 1650 537 essent.
1680 509 1714 536 Et

927 557 993 581 tunc
1022 562 1077 581 non
1109 555 1214 589 quievit
1252 560 1350 582 ventus
1380 555 1467 583 donec
1493 556 1633 590 ingressus
1669 563 1716 582 es-

927 604 969 628 set
993 601 1021 628 in
1041 601 1157 634 navim;
1187 609 1260 628 nunc
1287 609 1353 629 vero
1386 602 1430 628 ubi
1468 606 1572 629 tantum
1608 602 1716 629 loeutus

926 649 978 678 est,
999 645 1069 672 facta
1085 651 1127 673 est
1146 646 1340 681 tranquillitas,
1357 651 1383 673 el
1398 654 1432 673 ne
1442 647 1532 673 navim
1548 647 1658 681 quidem
1675 647 1717 673 in-

927 699 1037 726 gressus
1051 696 1106 724 est,
1137 691 1184 719 sed
1209 700 1271 719 cum
1286 692 1388 719 vellent
1402 700 1464 719 eum
1479 692 1506 718 in
1527 692 1618 719 navim
1637 692 1713 720 acci-

926 745 1002 772 pere,
1016 743 1128 773 repente
1136 738 1214 766 navis
1227 738 1391 773 pervenitad
1403 742 1516 771 terram,
1528 743 1556 766 et
1574 739 1632 773 ipse
1655 743 1717 774 post

927 783 1011 812 illam.

889 858 914 888 Β
963 871 1041 898 Vers.
1057 871 1105 898 22.
1122 870 1247 906 Sequenti
1261 871 1345 898 die—
1357 869 1434 897 Vers.
1451 869 1497 897 24.
1514 869 1616 896 Jcsum.
1646 869 1718 896 Tar-

928 919 1002 951 bam,
1020 925 1080 953 quae
1090 917 1180 945 stabat
1193 917 1227 944 ad
1239 924 1326 949 mare,
1341 916 1408 944 dicit
1420 923 1468 943 eos
1487 916 1534 950 qui
1571 920 1717 948 venerant,

928 970 959 993 ut
975 969 1085 1000 raptum
1103 965 1193 999 ipsum
1209 967 1337 990 crearent
1353 970 1444 998 regem
1459 971 1466 990 :
1489 969 1552 989 nam
1568 969 1628 989 eum
1642 961 1720 989 illum

928 1019 984 1040 non
1001 1011 1182 1042 invenissent,
1202 1009 1311 1037 stabant
1326 1010 1354 1037 in
1365 1009 1457 1035 littore
1477 1011 1639 1044 cogitantes,
1655 1007 1720 1041 quid

928 1062 1019 1085 aetum
1031 1059 1114 1083 esset.
1132 1054 1249 1082 Videtur
1263 1062 1328 1089 ergo
1345 1061 1460 1082 mancus
1476 1061 1537 1081 essa
1553 1053 1597 1080 hic
1607 1060 1697 1080 sermo
1710 1060 1718 1084 ;

929 1111 992 1130 nam
1005 1110 1067 1130 cum
1084 1102 1160 1129 illum
1176 1101 1298 1128 nondum
1316 1100 1458 1134 quiescere
1485 1099 1581 1126 fecerit
1602 1106 1721 1134 evange-

930 1149 1002 1181 lista,
1019 1155 1115 1175 rursus
1127 1146 1238 1174 aliunde
1253 1145 1357 1180 incepit
1371 1145 1466 1172 (licens
1479 1154 1486 1172 :
1503 1145 1550 1172 Ubi
1564 1152 1624 1179 ergo
1654 1143 1720 1170 vidit

931 1195 1020 1223 turba.
1032 1193 1102 1230 quod
1116 1193 1194 1220 Iesus
1207 1201 1260 1219 non
1268 1197 1332 1219 esset
1347 1192 1394 1225 ibi,
1411 1196 1440 1219 et
1451 1195 1558 1218 uetera.
1570 1189 1618 1217 Est
1628 1194 1720 1216 autem

932 1241 1020 1268 forma
1034 1239 1093 1267 iure
1109 1237 1332 1266 abbreviationis.

967 1287 1046 1320 Quod
1065 1290 1158 1313 autem
1175 1283 1302 1319 sequitur
1319 1291 1326 1309 :
1346 1282 1413 1309 Alite
1437 1289 1496 1308 vero
1515 1282 1720 1315 supervenerant

932 1333 1058 1362 navicula:
1073 1341 1088 1359 ιι
1113 1331 1252 1359 Tiberiade
1270 1331 1350 1365 juxta
1371 1329 1468 1361 locum,
1489 1327 1533 1354 ubi
1553 1326 1721 1353 comederunt

931 1388 1036 1416 panem,
1058 1383 1196 1414 postquam
1223 1376 1324 1412 gratias
1346 1379 1434 1410 egerat
1457 1373 1594 1406 Dominus,
1608 1371 1721 1398 interlo-

932 1427 1006 1456 cutio
1023 1430 1065 1453 est
1089 1425 1123 1452 ad
1144 1423 1365 1458 signiﬁcandum,
1383 1420 1456 1456 quod
1481 1417 1654 1454 postmodum
1669 1416 1722 1444 ille

932 1473 1076 1501 venerint:
1093 1469 1201 1497 tandem
1214 1468 1286 1495 enim
1303 1467 1480 1502 desperantes
1500 1462 1631 1498 suspicati
1646 1464 1720 1493 sunt,

92 1513 246 1548 Θαλάσσης,
274 1515 324 1540 Διὰ
344 1514 425 1541 τοῦτο
443 1516 498 1549 γὰρ
528 1515 577 1542 καὶ
599 1514 680 1549 ἦλθον
704 1517 745 1547 εἰς
768 1516 878 1551 Καπερ-

935 1518 1007 1555 quod
1025 1515 1147 1553 pedestri
1164 1515 1263 1541 itinere
1278 1513 1351 1540 circa
1371 1518 1447 1539 mare
1465 1510 1580 1537 abiisset
1595 1517 1603 1541 ;
1619 1507 1681 1534 ideo
1694 1510 1722 1533 et

92 1559 181 1594 ναοὺμ
207 1560 351 1595 ζητοῦντες
375 1561 473 1586 αὐτόν·
501 1561 560 1587 ἐκεῖ
583 1560 637 1596 γὰρ
661 1561 695 1587 τὰ
717 1561 803 1588 πολλὰ
824 1561 880 1587 δια-

90 1603 199 1639 τρίὸειν
215 1603 319 1630 εἰώθει.

127 1648 181 1676 Καὶ
195 1649 336 1682 εὑρόντες
348 1664 383 1668 -
400 1649 544 1683 feros-aq;
564 1649 620 1676 Οὐκ
640 1642 788 1686 ηρὼτησαν
800 1651 881 1678 αὐτὸν

93 1694 152 1725 πῶς
164 1695 253 1728 διέῦη,
268 1694 311 1721 ἵνα
326 1696 355 1720 τὸ
367 1695 526 1730 τηλικοῦτον
544 1697 658 1731 σημεῖον
671 1697 807 1731 μάθωσιν,
821 1698 882 1725 οὐδὲ

93 1740 158 1775 περὶ
184 1740 235 1774 τῆς
258 1740 398 1775 βασιλείας
423 1739 512 1775 εἶπον,
540 1742 609 1769 ἀλλὰ
632 1742 718 1769 ταῦτα
746 1744 882 1779 παρέντες

91 1785 212 1821 ἧρξαντο
233 1787 406 1819 κολακεύειν,
421 1787 564 1822 λέγοντες·
585 1789 662 1816 Πότε
681 1787 738 1817 οὖν
752 1789 808 1825 (ιο)
824 1787 882 1818 ὧδε

91 1832 313 1866 παραγέγονας,
341 1833 432 1860 λαθὼν
461 1834 535 1869 ἡμᾶς
561 1835 627 1866 τοὺς
655 1836 882 1871 ἐκκρεμαμένους

95 1887 160 1912 σου;
183 1879 360 1905 Ἔκολάκευον
383 1879 426 1911 δὲ,
454 1880 498 1907 ἵνα
517 1881 598 1907 πάλιν
621 1882 764 1916 τράπεζαν
789 1883 883 1915 αὐτοῖς

93 1926 260 1961 παραθήσει.
285 1927 376 1958 Ἃπαξ
399 1927 452 1962 γὰρ
473 1927 688 1962 ἐμπλησθέντες,
717 1931 765 1957 καὶ
788 1930 882 1957 λοιπδν

92 1971 313 2006 λιχνευσὰμενοι,
335 1971 419 1998 τᾶλλα
441 1973 531 1999 πάντα
547 1973 665 2010 δεύτερα
689 1975 825 2010 ἐνόμιζον.
843 1977 881 2002 Οὐ

94 2018 193 2048 πάντες
208 2017 236 2043 δὲ
257 2015 327 2052 ἦσαν
341 2018 376 2044 τὰ
391 2018 503 2045 τοιαῦτα
518 2019 766 2054 ἐξαμαρτάνοντες.
783 2022 881 2056 Πέραν

93 2065 121 2091 δὲ
135 2063 244 2097 λέγεται
267 2064 397 2098 ἑκάτερον
413 2065 466 2090 τῶν
482 2065 524 2091 ἐπ’
549 2066 658 2098 εὐθείας
680 2068 881 2103 ἀντικειμένων

93 2109 222 2144 περάτων
249 2110 299 2144 τῆς
324 2109 478 2145 θαλάσσης,
513 2111 657 2146 δηλοῦντος
686 2113 734 2139 τοῦ
757 2113 880 2141 τοιούτου

93 2155 226 2190 ὀνόματος
242 2155 289 2182 νῦν
305 2156 355 2191 μὲν
368 2157 457 2189 τοῦτο,
471 2157 518 2184 νῦν
533 2157 560 2184 δὲ
575 2159 672 2186 ἐκεῖνο.

138 2247 295 2283 Ἀπεκρίθη
319 2263 355 2268 -
374 2248 586 2283 ἐχορτάσθητε.
613 2250 649 2276 Τὸ
676 2252 812 2286 προσηνὲς
835 2255 884 2281 καὶ

93 2294 195 2328 ὁμαλὴν
210 2294 240 2321 οὑ
253 2294 394 2330 πανταχοῦ
417 2295 564 2330 χρήσιμον,
581 2295 639 2322 ἀλλ’
654 2297 717 2323 ὅταν
729 2298 743 2323 ὁ
761 2299 885 2335 μαθητὴς

96 2340 185 2375 παχὺς
202 2339 245 2375 εἴη
261 2341 310 2367 καὶ
328 2341 429 2375 νωθὴς,
445 2340 507 2367 τότε
525 2341 639 2375 κέντρου
658 2343 743 2376 χρεία
758 2344 796 2379 τῷ
810 2346 883 2372 διδα-

96 2383 198 2417 σκάλῳ,
216 2384 263 2409 καὶ
291 2383 372 2417 λόγου
398 2384 625 2419 πληκτικωτέρου
654 2386 722 2420 πρὸς
748 2387 778 2414 τὺ
802 2388 884 2415 καθι-

95 2428 194 2454 κέσθαι
212 2429 259 2455 καὶ
274 2429 408 2465 διεγεῖραι
423 2430 515 2462 αὑτὸν,
530 2431 599 2466 ὅπερ
613 2432 627 2457 ὁ
646 2432 750 2466 Ἰησοῦς
766 2435 884 2462 ἐνταῦθα

97 2475 259 2508 πεποίηκεν,
277 2475 333 2509 ἅμα
347 2475 396 2510 μὲν
413 2477 588 2511 ἐπιπλήττων
602 2478 694 2510 αὐτοῖς
707 2479 744 2510 ὡς
762 2480 882 2513 κόλαξιν,

97 2519 155 2555 ἅμα
175 2520 203 2546 δὲ
227 2521 273 2545 καί
297 2520 346 2554 τὴν
364 2521 477 2556 γνώμην
498 2523 588 2549 αὐτῶν
614 2524 816 2551 ἀνακαλύπτων
836 2527 883 2552 καὶ

96 2564 293 2599 ἀμφοτέρωθεν
323 2566 421 2597 αὐτοὺς
442 2566 644 2603 διορθούμενος.
661 2570 743 2604 Λέγει
759 2571 824 2604 γὰρ,
841 2571 881 2597 ὅτι

151 2655 172 2671 ¹³
184 2655 277 2682 Matth.
292 2663 347 2687 xlv,
364 2655 408 2682 Ξῖ.
466 2655 488 2671 ”
500 2655 568 2683 Ibid.
582 2656 627 2683 28.

934 1551 986 1600 ipsi
1000 1551 1136 1591 venerunt
1150 1560 1321 1595 Capernaum
1341 1561 1496 1593 quaerentes
1507 1563 1570 1583 eum
1587 1561 1594 1581 :
1610 1561 1672 1580 nam
1684 1551 1722 1580 ibi

933 1609 1080 1646 plurimum
1095 1605 1228 1634 diversari
1244 1605 1359 1632 solebat.

969 1655 1046 1683 Vers.
1065 1654 1111 1681 25.
1127 1652 1244 1688 Cumque
1264 1651 1422 1678 invenissent
1434 1646 1665 1676 —-vem'sti?Non
1681 1645 1723 1672 in-

933 1704 1140 1735 terrogaverunt
1165 1706 1226 1726 eum
1243 1697 1380 1732 quomodo
1404 1696 1535 1728 venisset,
1561 1698 1590 1720 ut
1616 1696 1720 1720 tantum

933 1749 1041 1783 signum
1067 1746 1215 1777 discerent,
1233 1751 1322 1779 neque
1345 1743 1379 1770 de
1401 1750 1486 1778 regno
1508 1741 1647 1771 dixerunt,
1672 1738 1721 1765 sed

934 1794 978 1822 his
1003 1792 1107 1820 relictis
1124 1793 1268 1826 emperunt
1289 1789 1423 1816 assentari
1446 1787 1570 1814 dicentes
1586 1793 1594 1813 :
1610 1784 1722 1817 Quando

934 1840 984 1866 huc
1004 1837 1106 1868 venisti,
1134 1837 1273 1871 ignorans,
1293 1834 1365 1869 quod
1384 1840 1434 1860 nos
1448 1840 1462 1859 a
1476 1837 1501 1859 te
1514 1829 1723 1866 penderemus?

933 1884 1152 1913 Assentabantur
1167 1885 1269 1912 autem,
1287 1884 1316 1907 ut
1329 1886 1451 1906 mensam
1467 1878 1565 1905 iterum
1578 1876 1618 1903 eis
1634 1882 1721 1909 appo-

934 1935 1014 1960 neret
1030 1940 1036 1957 :
1060 1936 1122 1956 nam
1146 1926 1230 1955 semel
1245 1925 1344 1957 satiati,
1363 1929 1391 1952 et
1407 1921 1585 1960 'ligurienu-s,
1618 1919 1725 1948 caeteris

935 1977 1063 2006 omnibus
1073 1975 1123 2010 (ιτ)
1133 1974 1188 2009 jam
1208 1971 1389 2006 consumptis,
1403 1970 1438 1997 de
1460 1967 1630 1996 secundariis
1648 1966 1724 2001 cogi-

935 2023 1027 2051 tabant
1045 2030 1053 2048 :
1081 2026 1237 2055 quanquam
1262 2025 1316 2044 non
1339 2023 1434 2043 omnes
1451 2015 1479 2042 in
1500 2013 1635 2041 similibus
1655 2010 1724 2038 deli-

934 2072 1061 2104 querant.
1082 2067 1173 2101 Πέραν
1185 2071 1249 2092 vero
1266 2063 1349 2099 (sicut
1366 2066 1394 2089 et
1409 2066 1483 2088 trans
1502 2059 1609 2094 Latine)
1622 2057 1723 2085 dieitur

935 2103 970 2142 de
985 2117 1100 2147 utroque
1113 2109 1291 2138 terminorum
1307 2106 1390 2134 maris
1401 2106 1504 2133 directe
1521 2103 1722 2138 oppositurum,

936 2159 1105 2196 signiﬁcante
1129 2154 1287 2191 huiusmodi
1306 2153 1438 2181 vocabulo
1464 2158 1538 2178 nunc
1563 2150 1615 2177 hoc
1633 2148 1723 2180 littus,

900 2203 922 2230 D
937 2213 1009 2234 nunc
1024 2212 1088 2231 vero
1102 2203 1178 2230 illud.

972 2252 1049 2279 Vers.
1065 2250 1112 2277 ‘26.
1135 2249 1276 2284 Respondit
1295 2244 1457 2273 —saturati
1478 2243 1552 2270 estis.
1564 2241 1623 2269 Non
1639 2247 1722 2275 expc-

936 2299 985 2332 dit,
1004 2297 1105 2332 ubique
1134 2300 1306 2323 mansuetum
1329 2300 1390 2320 esse
1409 2299 1442 2318 ac
1466 2290 1567 2320 lenem.
1595 2287 1641 2315 sed
1661 2293 1723 2314 cunt

936 2343 1086 2378 discipulus
1099 2349 1208 2369 crassus
1221 2348 1254 2368 ac
1266 2340 1357 2375 segnis
1372 2337 1465 2369 fuerit,
1487 2342 1552 2363 tunc
1562 2333 1724 2370 praeceptori

937 2399 1007 2426 opus
1023 2393 1065 2417 est
1087 2388 1198 2415 stimulo
1217 2395 1249 2414 ac
1271 2393 1397 2414 sermone
1411 2382 1598 2418 objurgatorio
1615 2381 1647 2407 ad
1666 2384 1726 2406 tan-

938 2424 1055 2471 gendum
1082 2438 1109 2461 et
1140 2433 1314 2460 excitandum
1332 2431 1417 2461 illum,
1443 2429 1514 2463 quod
1527 2427 1571 2454 hic
1585 2426 1650 2453 fecit.
1677 2424 1724 2450 Je-

937 2489 985 2508 sus
1000 2490 1007 2507 :
1028 2480 1109 2507 simul
1125 2479 1233 2514 quidem
1257 2479 1402 2512 increpans
1419 2482 1466 2502 eos
1487 2479 1614 2507 tanquam
1628 2477 1726 2497 assen-

938 2531 1058 2557 tatores,
1085 2525 1166 2552 simul
1191 2525 1273 2552 etiam
1300 2527 1420 2550 mentem
1448 2526 1542 2546 eorum
1572 2517 1722 2550 detegens,

938 2577 965 2599 et
980 2571 1106 2606 utrinque
1132 2571 1192 2598 illos
1220 2569 1370 2604 corrigens.
1398 2566 1441 2592 Ait
1467 2565 1565 2592 enim:
1594 2560 1724 2594 Qumritis

694 2691 790 2722 Variae
805 2693 958 2723 .ectiones
975 2696 1005 2723 et
1020 2696 1112 2723 uotae.

134 2774 190 2810 (59)
218 2774 316 2810 Ἰησοῦ,
332 2781 383 2810 pro
414 2773 526 2808 Κυρίου,
545 2775 572 2800 Α.

977 2775 1022 2810 40)
1039 2772 1091 2801 υῦν
1116 2775 1192 2801 abest
1208 2774 1240 2800 Α.

135 2854 183 2889 ("ri
202 2853 309 2881 σωῐίιὶτε
329 2855 453 2882 omnibus
475 2855 504 2883 Et
525 2865 542 2882 εἰ
554 2856 625 2890 liqua
638 2857 728 2884 omnia
755 2855 883 2887 seunnla,
898 2854 934 2889 (id
953 2853 1006 2888 est)
1021 2853 1148 2881 inferiora
1165 2851 1326 2880 censebant.
1339 2850 1393 2879 Nec
1410 2856 1500 2879 tamen
1515 2858 1620 2879 omnes.
