1919 3076
194 109 266 142 1143

812 109 1005 140 EUTIIYMII
1024 109 1207 141 ZlGABENI

1755 108 1828 140 1244

192 175 248 196 me.
272 174 328 195 non
352 167 424 202 quod
450 167 527 203 signa
546 166 627 195 vobis
646 165 827 198 ostenderim,
845 166 892 193 sed
911 165 984 200 quod

1050 165 1148 200 ῐητεῖτέ
1169 175 1214 200 με,
1230 165 1279 200 οὐχ
1294 165 1332 197 ὡς
1347 164 1450 200 σημεῖα
1464 162 1590 195 δείξαντα
1615 161 1690 197 ὺμϊν,
1709 163 1770 190 ἀλλ’
1790 166 1830 195 ὡς

192 219 242 240 vos
263 213 383 247 paverim
401 220 433 240 ac
446 212 647 240 saturaveriln:
669 219 736 245 non,
756 215 787 238 ut
804 211 868 238 visis
897 211 983 245 signis

194 257 322 291 credatis,
339 258 386 286 sed
397 262 424 285 ut
441 257 516 285 cibos
531 257 646 284 edentes
664 257 840 289 saturemini,
855 255 926 291 quod
941 259 984 283 est

194 303 392 338 mancipiorum
410 303 515 330 ventris
528 311 560 330 ac
575 303 745 338 gulosorum.
763 302 874 330 Leniter
889 306 982 330 autem

194 353 223 375 et
241 355 321 382 parce
339 348 399 375 illos
421 349 520 383 arguit,
539 355 590 376 nec
612 348 640 375 in
661 348 875 384 reprehensione
888 347 984 381 instat,

195 393 243 420 sed
259 393 352 420 statim
370 393 523 421 doctrinam
539 394 673 430 adjungit.

231 485 308 513 Vcrs.
326 486 370 513 27.
389 485 537 522 Operemim'
560 503 594 508 —-—
610 493 748 516 wtcrnam.
763 488 862 516 Curam
875 489 984 521 habete,

196 541 250 559 non
265 533 316 559 cibi
332 534 529 568 corruptibilis,
544 534 593 561 sed
609 534 826 569 incorruptibilis
841 543 849 566 ;
870 542 924 562 non
938 534 986 569 qui

194 586 306 606 carnem
334 585 439 613 pascat,
463 580 511 607 sed
532 581 651 607 animam
677 581 804 608 nutriat:
825 581 870 608 hic
894 585 986 607 autem

194 629 236 651 est
254 624 331 657 tides,
345 630 372 652 ut
387 626 414 652 in
429 634 573 661 progressu
588 627 710 654 dicturus
723 632 776 654 est.
792 626 985 662 Operationem

195 679 261 698 vero
277 673 418 706 pereuntis
433 673 487 699 cibi
517 673 568 700 hoc
585 673 611 700 in
630 674 689 700 loco
705 674 823 708 appellat
843 681 914 705 eam,
925 680 986 708 quae

194 717 349 748 necessaria
365 726 420 744 non
443 724 483 746 est
500 719 549 746 sed
574 719 725 754 superﬂua,
742 720 799 747 sive
822 727 988 754 permanen-

197 768 250 791 tem
263 765 454 792 etcontinuam
468 765 678 793 sollicitudinem
693 766 745 793 cibi
758 766 912 799 sensibilis;
925 773 986 793 nam

195 818 256 845 qua:
286 812 441 839 necessaria
460 816 511 843 est,
540 820 595 839 non
619 812 791 846 prohibetur.
816 812 880 839 Ideo
905 812 986 839 etiam

195 856 297 884 Paulus
312 857 339 884 in
352 858 445 885 multis
464 858 645 893 Epistolarum
659 858 726 887 locis
752 865 808 885 non
823 858 910 885 solum
926 866 989 893 per—

197 903 272 930 misit
291 903 409 938 propriis
423 904 531 938 operari
552 903 690 934 manibus,
710 911 805 930 verum
819 903 902 930 etiam
916 911 988 938 prae-

196 948 270 984 cepit
280 949 375 976 dicens
389 958 395 975 :
411 949 441 976 Si
454 949 574 984 quianon
586 949 638 976 vult
654 950 772 985 operari.
786 951 808 976 is
822 958 868 976 nec
879 950 940 977 edat
954 950 987 976 ιδ.

234 993 312 1021 Sicut
325 1001 389 1028 ergo
406 994 440 1021 de
466 994 570 1022 Martha
586 995 680 1023 dicens
701 995 829 1023 Christus
846 1005 853 1023 :
869 996 987 1028 Martha,

197 1039 317 1071 Mart/ia.
346 1040 460 1067 sollicita
481 1049 508 1068 es
534 1050 566 1068 ac
597 1042 771 1068 tumultuaria
797 1042 868 1068 circa
892 1042 988 1076 multa,

198 1085 272 1119 atqui
282 1093 363 1112 unum
376 1090 411 1112 est
424 1087 601 1113 necessarium
614 1087 645 1118 ’⁸,
656 1094 709 1114 non
717 1086 858 1122 prohibuit
867 1087 989 1121 hospita-

197 1131 313 1164 litatcm,
330 1132 377 1159 sed
392 1133 542 1168 praeposuit
556 1133 711 1161 divinorum
733 1141 891 1161 sermonum
906 1133 987 1161 audi-

197 1177 299 1204 tionem
315 1186 322 1209 ;
339 1178 375 1205 ita
394 1183 421 1206 et
438 1187 512 1207 nunc
527 1179 621 1207 dicens
636 1189 643 1207 :
658 1179 805 1214 Operenu‘ni
822 1188 874 1206 non
902 1179 986 1206 cibum

198 1223 242 1256 qui
252 1224 330 1258 perit,
345 1225 390 1251 sed
399 1225 443 1259 qui
459 1230 546 1252 manet
558 1226 585 1252 in
596 1226 675 1252 vitam
688 1230 828 1258 cateruam,
844 1233 899 1253 non
914 1233 987 1260 pra:-

197 1268 265 1303 cipit
285 1274 391 1297 tantum
408 1271 518 1305 operari
540 1271 629 1299 cibum
645 1272 754 1304 animat,
775 1279 931 1306 quanquam
953 1271 989 1299 sit

197 1315 286 1349 magis
304 1317 486 1349 necessarius,
497 1317 545 1344 sed
556 1317 699 1344 admonuit
713 1317 883 1351 corporalem
897 1316 988 1344 cibum

197 1361 288 1388 obiter
305 1369 414 1395 curare,
433 1363 531 1390 animat
542 1371 608 1391 vero
626 1368 683 1390 toto
698 1363 801 1391 studio.
819 1363 987 1398 Operemini,

198 1406 297 1441 inquit,
314 1412 370 1435 toto
386 1409 488 1442 animo,
504 1409 578 1436 omni
597 1417 674 1441 cura,
689 1410 840 1437 continue:
861 1417 919 1437 non
931 1409 989 1444 jam

200 1453 263 1486 hoc,
274 1454 330 1489 jam
346 1454 424 1487 illud,
441 1455 490 1483 sed
509 1455 562 1483 hoc
584 1455 712 1491 amplius,
746 1455 813 1483 illud
840 1463 906 1484 vero
937 1455 989 1482 mi-

202 1506 264 1526 nus.

237 1631 316 1659 Vers.
329 1631 375 1658 27.
394 1630 477 1664 Quem
496 1645 532 1650 —
553 1632 638 1658 dabit.
661 1632 746 1665 Quem
762 1639 812 1667 ego
826 1632 897 1660 dabo
913 1633 991 1660 vobis

202 1677 236 1705 ad
262 1677 442 1711 operandum,
458 1685 539 1713 quem
559 1678 617 1713 ipse
633 1678 826 1706 demonstrabo
844 1679 990 1714 acquiren-

202 1723 279 1752 dum.
306 1723 346 1750 Ne
369 1727 460 1750 autem
484 1723 589 1758 jactare
614 1731 644 1751 se
664 1724 800 1758 videatur,
821 1732 932 1752 rursum
957 1725 990 1753 ad

203 1769 311 1797 Patrem
329 1769 456 1802 recurrit,
472 1769 590 1797 dicens:

239 1816 315 1843 Vers.
339 1815 385 1842 27.
413 1815 489 1842 Hunc
508 1831 543 1837 —-
571 1814 650 1843 Deus.
677 1815 866 1852 Consignavit,
888 1817 946 1845 sive
965 1818 993 1845 in

204 1861 256 1888 hoc
268 1861 394 1896 apposuit
410 1862 468 1897 (ss),
485 1866 516 1890 ut
535 1863 608 1890 hunc
623 1862 715 1890 cibum
730 1863 808 1890 daret
825 1863 912 1890 vobis.
932 1863 991 1897 Vel,

205 1908 415 1940 demonstravit,
425 1915 530 1943 suoque
544 1908 701 1936 testimonio
718 1909 911 1937 nranifestavit.
926 1909 994 1937 Nam

204 1957 233 1980 et
258 1953 402 1981 ostendere
424 1962 532 1988 quooue
551 1954 650 1982 dicitur
664 1954 771 1989 signare
785 1955 806 1970 "
824 1962 856 1983 ac
879 1955 901 1983 si
918 1956 995 1983 vidc-

205 1998 268 2026 lieet
277 1999 388 2034 (It),suo
399 2000 551 2028 testimonio
565 1999 712 2034 signaverit
725 2008 819 2028 verum
828 2008 887 2029 esse
899 2001 994 2029 Deum.

244 2078 321 2117 Versl
338 2090 384 2118 28.
408 2090 537 2118 Dixerunt
563 2106 596 2111 —
618 2091 690 2119 Dei?
714 2091 803 2126 Opera
821 2091 870 2119 Dei
885 2096 995 2126 vocant,

1036 211 1176 246 θρέψαντα
1203 211 1250 238 καὶ
1274 212 1446 246 χορτάσαντα
1470 210 1559 244 ὑμᾶς·
1582 209 1632 244 οὺχ
1654 209 1698 235 ἵνα
1720 211 1830 243 σημεῖα

1035 256 1181 291 βλέποντες
1205 260 1374 292 πιστεύητε,
1393 256 1451 283 ἀλλ’
1468 256 1510 282 ἵνα
1530 254 1665 290 βρώματα
1690 255 1830 286 ἐσθίοντες

1036 301 1218 337 χορτάζησθε,
1244 302 1313 337 ὅπερ
1338 301 1398 328 ἐστὶ
1422 301 1612 328 κοιλιοδούλων
1638 301 1686 327 καὶ
1709 309 1831 336 γαστρι-

1038 348 1165 383 μάργων.
1193 348 1341 384 Πρθσηνῶς
1366 348 1395 375 δὲ
1417 348 1465 375 καὶ
1481 347 1552 382 μετὰ
1573 347 1682 381 φειδοῦς
1706 347 1829 382 ἐλέγχει,

1036 395 1083 420 καὶ
1098 394 1148 429 οὐχ
1168 395 1276 421 ἵσταται
1301 394 1385 430 μέχρι
1406 394 1461 420 τῶν
1480 394 1612 428 ἐλέγχων,
1633 393 1700 419 ἀλλὰ
1725 394 1773 419 καὶ
1788 393 1826 419 δι·

1035 439 1184 467 δασκαλίαν
1199 440 1388 476 προστίθησιν,

1079 484 1254 518 Ἐργὰζεσθε
1269 498 1303 504 -
1318 485 1449 512 αἰώνιον.
1465 484 1624 520 Φροντίζετε
1639 484 1677 520 μὴ
1689 484 1739 519 τῆς
1756 484 1829 518 βρώ-

1038 539 1107 562 σεως
1124 531 1174 566 τῆς
1190 530 1385 566 φθειρομένης,
1401 531 1471 558 ἀλλὰ
1486 532 1536 566 τῆς
1552 530 1703 565 ἀφθάρτου,
1724 530 1761 565 μὴ
1778 532 1829 564 τῆς

1036 576 1192 612 τρεφούσης
1205 576 1253 612 τὴν
1267 576 1366 611 σάρκα,
1386 577 1455 603 ἀλλὰ
1470 576 1519 611 τῆς
1535 576 1692 611 τρεφούσης
1713 575 1762 610 τὴν
1777 575 1831 608 ψυ-

1037 625 1098 659 χήν.
1117 624 1191 658 Αὕτη
1206 624 1233 650 δέ
1249 626 1323 651 ἐστιν
1340 626 1356 659 ἡ
1375 625 1478 656 πίστις,
1500 624 1538 655 ὡς
1556 624 1658 658 προῖὼν
1673 624 1743 658 ἐρεῖ.
1767 623 1830 658 Ἐρ-

1038 669 1135 704 γασίαν
1156 670 1210 705 γὰρ
1228 670 1276 697 νῦν
1293 670 1368 703 λέγει
1391 669 1422 696 οὐ
1440 669 1489 704 τὴν
1509 668 1673 702 ἀναγκαίαν,
1693 668 1763 695 ἀλλὰ
1778 669 1830 703 τὴν

1038 715 1184 750 περιττὴν,
1208 716 1268 751 ἤτοι
1288 716 1337 751 τὴν
1356 715 1475 750 ἔμμονον
1499 715 1546 741 καὶ
1563 714 1676 750 διηνεκῆ
1696 713 1832 749 φροντίδα

1039 761 1088 796 τῆς
1105 761 1234 797 βρώσεως
1250 763 1300 796 τῆς
1324 761 1472 797 αἰσθητῆς·
1489 762 1506 796 ἡ
1521 761 1659 794 ἀναγκαία
1681 760 1734 795 γὰρ
1750 761 1831 786 ἀχώ-

1039 806 1128 838 λυτος.
1145 808 1191 834 Διὸ
1205 809 1253 835 καὶ
1269 809 1282 835 ὁ
1299 807 1406 839 Παῦλος
1425 806 1560 842 πολλαχοῦ
1574 806 1627 833 τῶν
1647 805 1831 838 Ἐπιστολῶν,

1039 853 1070 879 οὐ
1089 853 1170 887 μόνον
1186 853 1337 889 ἐπέτρεψεν
1359 852 1528 888 ἐργάζεσθαι
1545 853 1608 883 ταῖς
1625 852 1703 883 ἰδίαις
1720 851 1832 886 χερσὶν,

1039 898 1107 925 ἀλλὰ
1122 899 1170 926 καὶ
1190 899 1344 936 magapr
1356 899 1520 933 ἐνετείλατο,
1535 899 1576 925 ὅτι
1587 898 1625 925 El
1636 907 1681 931 τις
1697 898 1733 925 οὐ
1748 897 1834 924 θέλει

1038 944 1223 978 ἐργάζεσθαι,
1237 945 1314 979 μηδὲ
1328 945 1462 973 ἐσθιέτω.

1077 992 1183 1028 Ὥσπερ
1209 992 1256 1019 οὖν
1276 993 1322 1019 ἐπὶ
1338 993 1389 1027 τῆς
1411 992 1526 1027 Μάρθας
1543 991 1628 1018 εἰπὼν
1654 993 1668 1018 ὁ
1694 990 1833 1025 Χριστό;”

1037 1037 1159 1071 Μάρθα,
1197 1038 1316 1072 Μάρθα,
1344 1036 1491 1073 μεριμνᾷς
1528 1037 1577 1064 καὶ
1607 1035 1731 1071 τυρϐάζῃ
1763 1035 1835 1070 περ),

1043 1083 1158 1111 πολλά·
1175 1085 1245 1117 ἐνὸς
1259 1084 1294 1111 δέ
1308 1084 1374 1111 ἐστι
1395 1084 1480 1117 χρεία
1491 1091 1498 1098 ·
1514 1084 1566 1110 οὐκ
1580 1082 1699 1109 ἐκώλυσε
1723 1081 1774 1117 τὴν
1789 1091 1836 1116 φι-

1041 1129 1176 1164 λοξενίαν,
1202 1130 1270 1157 ἀλλὰ
1291 1129 1463 1165 προετίμησε
1486 1129 1536 1164 τὴν
1551 1128 1605 1154 τῶν
1622 1128 1702 1154 θείων
1726 1127 1832 1160 λογίων

1039 1173 1190 1209 ἀκρόασινῇ
1204 1174 1276 1201 οὓτω
1287 1174 1334 1200 καὶ
1348 1174 1396 1200 νῦν
1407 1172 1493 1199 εἰπών
1504 1181 1512 1189 ι
1532 1172 1704 1206 Ἐργάζεσθε
1716 1170 1760 1205 μὴ
1775 1170 1837 1204 τὴν

1036 1217 1155 1250 ,βρῶσιν
1172 1219 1230 1252 τὴν
1245 1217 1473 1252 ἀπολλυμένην,
1501 1216 1580 1243 ἀλλὰ
1599 1215 1657 1248 τὴν
1671 1215 1838 1250 μένουσαν

1037 1269 1081 1300 εὶς
1104 1266 1181 1300 ζωὴν
1212 1265 1349 1292 αἰώνιον·
1377 1266 1428 1293 οὐκ
1453 1265 1576 1292 ἐκώλυσε
1606 1263 1637 1289 τὸ
1662 1261 1837 1297 ἐργάζεσθαι

1038 1310 1088 1346 τὴν
1105 1310 1207 1346 βρῶσιν
1231 1310 1279 1344 τῆς
1296 1309 1414 1344 σαρκός·
1436 1308 1575 1343 ἀναγκαία
1589 1307 1658 1341 γάρ·
1677 1305 1746 1332 ἀλλὰ
1763 1314 1837 1340 προ-

1039 1358 1156 1393 ετίμησε
1172 1356 1202 1382 τὸ
1215 1355 1382 1391 ἐργάζεσθαι
1393 1355 1442 1390 τὴν
1451 1355 1501 1389 τῆς
1511 1354 1599 1389 ψυχῆς
1608 1362 1614 1368 ·
1628 1353 1840 1387 ἀναγκαιοτέρα

1039 1404 1094 1440 γάρ
1106 1412 1114 1420 ο
1132 1403 1179 1430 καὶ
1192 1403 1346 1438 παρῄνεσεν
1365 1401 1437 1437 ἔχειν
1455 1402 1594 1436 πάρεργον
1611 1400 1660 1434 μὲν
1675 1399 1724 1435 τὴν
1739 1407 1840 1433 σωμα.

1039 1450 1119 1485 τιιὴν
1142 1449 1264 1484 βρῶσιν,
1285 1448 1366 1484 ἔργον
1381 1447 1410 1474 δὲ
1437 1446 1486 1480 τὴν
1501 1446 1632 1481 ψυχικήν.
1655 1445 1837 1480 Ἐργὰζεσϐε,

1004 1516 1026 1545 C
1042 1496 1138 1531 φησιν,
1168 1495 1320 1530 ὀλοψύχως,
1350 1493 1603 1545 παντοιοτροπωςκ
1621 1490 1764 1545 διηνεκιὲς.
1795 1491 1838 1526 μὴ

1041 1543 1111 1576 τόδε,
1126 1542 1194 1569 ἀλλὰ
1206 1542 1283 1568 τόδε⁶
1298 1540 1396 1577 μᾶλλον
1424 1540 1473 1575 μὲν
1487 1538 1533 1566 οὖν
1550 1538 1606 1575 (Μ)
1623 1539 1711 1570 τοῦτο,
1721 1537 1838 1564 ἔλαττον

1042 1588 1070 1615 δὲ
1083 1589 1184 1614 ἐκεῖνο.
1208 1606 1211 1610 ι

1080 1634 1134 1661 Ἦν
1149 1648 1185 1653 -—
1199 1632 1300 1659 δώοῖει.
1321 1632 1372 1658 Ἦν
1397 1630 1452 1665 ἐγὼ
1475 1631 1555 1657 δώσω
1571 1631 1635 1664 ὑμῖν
1649 1629 1836 1664 ἐργάζεσθαι,

1042 1679 1076 1714 ἣν
1093 1678 1174 1709 αὐτὸς
1186 1677 1317 1708 ὑποδείξω
1329 1675 1456 1703 κτᾶσθαι.
1474 1675 1534 1701 "iv:
1547 1674 1578 1700 δὲ
1595 1674 1633 1709 μὴ
1644 1673 1707 1709 δόξῃ
1722 1673 1837 1708 κομιά-

1043 1724 1110 1758 ζειν,
1130 1723 1177 1751 ἐπὶ
1189 1723 1235 1750 τὸν
1248 1722 1358 1756 Πατέρα
1374 1721 1455 1748 πάλιν
1470 1721 1626 1755 ἀνατρέχει,
1638 1720 1725 1754 λέγων
1735 1727 1743 1735 ·

1082 1816 1193 1845 Τοῦτον
1216 1830 1251 1836 -
1272 1814 1352 1847 Θεός.
1371 1828 1404 1836 --
1425 1812 1636 1847 Ἐσφράγισεν,
1657 1813 1741 1847 ἤγουν
1767 1821 1837 1847 προ-

1044 1862 1200 1899 εχειρίσατο
1215 1862 1256 1893 είς
1268 1861 1360 1892 τοῦτο,
1372 1861 1413 1892 εἰς
1427 1861 1458 1886 τὸ
1472 1859 1684 1894 διδόναι-ταύτην
1699 1860 1776 1893 ὑμῖν.
1795 1859 1835 1885 Ἢ

1045 1909 1198 1942 ἀπέδειξεν,
1221 1908 1379 1943 ὲφανέρωσε
1401 1907 1446 1934 διὰ
1468 1907 1518 1942 τῆς
1540 1906 1638 1934 ἑαυτοῦ
1664 1905 1835 1941 μαρτυρίας.

1046 1955 1211 1992 Σφραγίζειν
1238 1956 1292 1991 γὰρ
1316 1955 1428 1989 λέγεται
1448 1955 1498 1981 καὶ
1518 1954 1550 1980 τὺ
1572 1952 1776 1985 ἀποδεικνύειν,
1797 1951 1838 1983 ὡς

1045 2002 1090 2029 τό·
1112 2002 1138 2027 ’0
1151 2000 1252 2028 λαϐὼν
1273 2000 1366 2027 αὑτοῦ
1381 1999 1439 2034 τὴν
1447 1998 1621 2034 μαρτυρίαν,
1636 1997 1837 2032 ἐσφράγισεν,

1048 2049 1092 2076 ὅτι
1103 2050 1119 2075 ὁ
1132 2049 1205 2080 Θεὸς
1221 2048 1279 2082 (42)
1297 2046 1414 2081 ἀληθής
1427 2046 1503 2073 ἐστι.

1083 2092 1225 2122 Εἷπον-
1241 2093 1334 2125 Θεοῦ;
1360 2093 1451 2127 Ἔργα
1471 2091 1520 2118 τοῦ
1542 2090 1610 2117 Θεοῦ
1638 2089 1753 2118 καλοῦσι
1785 2089 1839 2124 τὴν

207 2143 268 2170 qua:
286 2135 340 2163 Deo
357 2141 470 2171 accepta
487 2140 561 2164 sunt.
579 2137 751 2172 Interrogant
769 2142 872 2169 autem.
893 2145 949 2165 non
966 2146 983 2165 u

1050 2141 1230 2175 εὐαρέστησιν
1245 2139 1292 2166 τοῦ
1309 2139 1390 2166 Θεοῦ.
1417 2137 1556 2173 Ἐρωτῶσι
1571 2137 1610 2169 δὲ,
1626 2138 1675 2172 οὐχ
1690 2137 1734 2164 ἵνα
1750 2137 1838 2171 ὲργάς

208 2190 241 2209 ca
258 2186 422 2217 operentur,
437 2183 485 2210 sed
502 2187 532 2210 ut
546 2183 626 2210 etiam
643 2184 695 2218 ipsi
706 2183 851 2211 videantur
861 2183 984 2220 discipuli

1050 2195 1149 2214 σωνται
1163 2186 1244 2218 αὐτὰ,
1258 2185 1327 2212 ἀλλὰ
1340 2183 1536 2215 κολακεύοντες
1547 2183 1591 2211 ἵνα
1604 2183 1702 2216 δόξωσι
1715 2182 1838 2217 μαθηταὶ

207 2234 235 2256 et
249 2229 288 2256 ita
305 2229 339 2257 ad
355 2230 410 2257 cibi
437 2229 687 2265 suppeditationem
707 2230 855 2258 attrahant.

244 2321 324 2349 γει-ε.
340 2321 386 2348 29.
410 2320 555 2355 Respondit
569 2336 605 2341 —
625 2321 682 2348 ille.
700 2321 767 2349 Nam
783 2321 860 2357 prius
874 2322 957 2350 variis
971 2322 998 2350 in

209 2365 277 2393 locis
294 2365 398 2398 dicuit,
415 2365 488 2399 quod
505 2373 520 2392 a
534 2366 591 2393 Deo
606 2366 707 2394 missus
720 2371 803 2394 esset.

244 2410 322 2439 Veis.
348 2411 383 2439 50
410 2410 541 2438 Dixerunt
560 2426 596 2433 —
617 2413 757 2446 operai-is?
773 2413 924 2441 Considera
940 2422 999 2441 ma-

211 2465 291 2493 gnam
312 2457 479 2486 dementiam
495 2465 502 2486 :
519 2458 601 2493 paulo
614 2462 678 2486 ante
695 2459 758 2486 cibo
774 2460 910 2486 saturavit
925 2459 996 2493 illos,

267 2526 289 2544 ”
305 2525 325 2553 ll
341 2526 485 2561 Thessm,
498 2527 542 2555 10.
590 2527 611 2544 ⁸⁸
632 2526 699 2556 Luc.
716 2537 743 2563 κ,
761 2530 805 2556 41.

1047 2235 1093 2262 καὶ⁸
1109 2234 1196 2266 αὑτοὶ,
1213 2234 1262 2260 καὶ
1286 2232 1374 2263 οὕτως
1391 2230 1598 2258 ἐπισπάσωνται
1611 2230 1667 2267 (45)
1682 2231 1751 2266 πρὸς
1769 2238 1839 2265 χορ-

1047 2280 1129 2317 ηγίαν
1146 2280 1258 2314 τροφῆς.
1729 2304 1734 2309 .

1089 2325 1247 2359 Ἀπεκρίθη
1259 2339 1292 2346 -—
1306 2324 1432 2358 ἐκεῖνος.
1453 2323 1614 2360 Προεδίδαξε
1629 2322 1683 2358 γὰρ
1698 2322 1840 2357 διαφόρως

1048 2371 1090 2398 ὅτι
1103 2371 1180 2406 παρὰ
1195 2370 1242 2397 τοῦ
1259 2370 1327 2397 Θεοῦ
1340 2370 1521 2397 ἀπέσταλται.

1089 2414 1185 2443 Εἶπον
1201 2430 1237 2435 -—
1256 2414 1384 2450 ἐργάζῃ;
1417 2414 1490 2451 Ὅρα
1516 2414 1618 2450 πολλὴν
1641 2413 1750 2441 ἄνοιαν.
1783 2413 1841 2448 "pb

1053 2462 1170 2497 βραχέος
1186 2462 1333 2497 ἓχὸρτασεν
1348 2462 1445 2493 αὐτοὺς
1461 2461 1575 2497 τροφῆς,
1590 2460 1637 2487 καὶ
1650 2459 1698 2487 τοῦ
1712 2459 1842 2487 τοιούτου

863 2529 883 2546 ³⁷
901 2529 982 2556 Joan.
1006 2537 1047 2562 tu,
1059 2531 1106 2558 55.

812 2609 912 2641 Varia:
933 2610 1089 2642 lectiones
1104 2613 1136 2641 et
1152 2617 1248 2643 notae.

252 2694 307 2729 (Η)
323 2692 376 2720 Οὗν
390 2694 468 2722 abest
480 2695 512 2721 A.

251 2730 306 2764 (42}
327 2730 436 2762 Ὀθεός
454 2730 531 2758 abest
546 2729 578 2757 AL

257 2807 303 2844 (ss)
316 2807 451 2844 Apposuit.
473 2809 539 2840 lmo,
554 2808 643 2844 elegit.
659 2807 737 2844 dedit
748 2807 781 2834 ad
796 2807 859 2844 hoc,
880 2809 919 2833 ut.

257 2841 300 2871 (ui
316 2843 352 2869 Ac
372 2844 395 2869 si
410 2843 537 2873 videlicet.
551 2841 609 2873 etc?
625 2844 660 2872 Ut
674 2843 739 2870 illud
753 2851 759 2870 :
776 2842 821 2871 nui
837 2842 895 2873 eius
922 2841 994 2869 tcsli~

1088 2695 1145 2731 (45)
1161 2694 1212 2722 Τὸν
1228 2694 1355 2730 Χριστόν.

1057 2805 1178 2832 monium
1202 2805 1315 2840 accepit,
1333 2803 1454 2833 ostendit
1468 2803 1660 2840 (conﬁrmavit)
1673 2803 1759 2832 Deum
1784 2811 1847 2833 esse

1049 2848 1184 2870 VCI'EICCIH.
