1919 3076
76 130 150 164 1245

557 133 750 165 COMMENT.
773 133 816 163 ΙΝ
834 133 1020 164 JOANNEM.
1038 147 1073 153 -
1091 134 1171 165 CAP.
1190 134 1242 166 VI.

1637 135 1703 167 1216

76 185 217 221 Θαύματος
242 187 341 214 αὐτίκα
361 187 554 223 ἐπιλαθόμενοι
582 190 698 224 σημεῖον
719 189 866 222 ἐπιζητοῦ-

930 194 946 217 ὲ(
960 190 1089 223 protinus
1101 190 1177 218 obliti
1201 191 1270 218 tanti
1287 189 1411 218 miraculi
1430 190 1539 226 signum
1553 191 1707 226 requirunt,

78 239 137 259 σιν·
156 229 216 258 εἶτα
235 233 282 258 καὶ
297 232 328 258 τὺ
349 230 419 263 εἶδος
441 232 551 266 λέγουσι
574 233 622 259 τοῦ
646 231 866 267 ἐπιζητουμένων

80 277 208 312 σημείου.

110 325 142 350 Ol
165 323 293 358 πατέρες
312 339 341 344 -
355 324 473 359 φαγεῖν.
498 324 657 359 Γέγραπται
680 324 710 351 ἐν
727 325 760 360 τῇ
775 323 860 359 βίϐλῳ

77 370 131 397 τῶν
147 370 284 405 Ψαλμῶν.
313 371 424 398 Πολλῶν
451 371 480 398 δέ
507 371 630 406 σημείων
650 372 802 406 γεγονότων
820 371 867 397 ἐπὶ

77 424 93 442 τ
104 417 108 435 ῐ
118 424 132 442 ν
145 415 271 449 πατέρων
285 415 386 448 αὐτῶν,
399 415 495 443 τούτου
521 417 641 451 μάλιστα
662 416 866 452 μνημονεύουσι

78 462 122 487 διὰ
135 462 182 496 τὴν
201 463 249 496 τῆς
263 462 383 496 γαστρὸς
393 462 550 497 τυραννίδα,
565 461 721 497 νομίζοντες
733 462 867 497 ἐρεθίζειν

79 508 160 534 αὑτὸν
181 509 221 540 εἰς
246 509 276 534 τὸ
301 508 413 543 ποιῆσαι
439 509 486 535 καὶ
500 510 582 536 αὐτον
598 509 720 535 τοιοῦτον
742 511 866 544 σημεῖον,

79 554 146 586 iipr
173 553 285 587 ἔμελλεν
304 553 457 588 ἐμπλήσειν
482 554 582 586 αὐτοὺς
608 554 721 589 τροφῆς.
747 551 865 586 Ἀλλ’,ὧ

78 600 239 633 αμνὴμονες
256 599 304 625 καὶ
319 600 478 634 ἀχάριστοιῑ
495 600 524 626 οὐ
542 600 589 627 καὶ
604 601 682 627 αὐτοὶ
698 600 752 634 πρὸ
767 601 867 635 μικροῦ

78 646 178 679 ἄρτους
202 645 250 670 καὶ
280 645 376 680 ἰχθύας
406 646 446 676 είς
462 647 542 682 κόρον
570 647 688 681 ἐφάγετε
713 647 742 672 ἐν
772 647 869 682 ἐρήμῳ

76 692 153 726 τόπῳ
162 699 169 723 ;

114 736 168 762 Καὶ
184 737 340 772 παρειτήρει
357 745 402 771 μοι
419 736 558 764 κὰνταῦθα
576 736 625 772 τὴν
645 737 793 764 κολακείαν
815 737 866 764 αὺ-

76 781 143 808 τῶν.
167 781 235 807 ἀλλὰ
258 781 306 807 καὶ
332 782 475 816 πονηρίαν.
491 781 548 807 Οὐκ
563 778 638 807 εἷπον
656 781 711 816 γὰρ
734 780 796 807 οὔτε
825 781 867 807 ὅτι

76 829 90 854 ὁ
106 827 163 862 (Η)
179 828 298 862 Μωῦσῆς
311 828 425 863 ἐποίησε
436 829 467 854 τὸ
480 829 604 862 σημεῖον,
620 828 740 862 οἰόμενοι
755 826 869 862 πλήξειν

919 235 1018 263 deinde
1031 244 1117 272 genus
1132 238 1214 264 etiam
1232 236 1356 272 requisiti
1372 237 1443 274 signi
1458 237 1573 264 addunt.

953 329 1021 356 Vers
1040 329 1084 356 5i.
1104 329 1199 356 Patres
1220 344 1254 349 —
1281 331 1315 356 ad
1338 329 1478 356 edendum.
1498 327 1636 363 Scriptum
1669 333 1712 355 est

920 375 948 403 in
974 375 1043 403 libro
1066 375 1234 403 Psaimorum
1254 375 1286 402 ’⁸.
1315 375 1383 402 Cum
1409 379 1500 402 autem
1526 374 1609 401 multa
1635 374 1711 409 signa

920 429 1012 450 coram
1030 423 1152 457 patribus
1165 422 1286 456 ipsorum
1301 421 1371 448 facta
1383 425 1486 453 essent,
1500 421 1582 455 hujus
1596 420 1712 447 maxime

920 467 1104 494 meminerunt
1136 472 1247 502 propter
1276 467 1383 494 ventris
1409 466 1592 501 tyrannidem,
1619 466 1711 493 existi-

921 518 1026 540 mantes
1056 513 1117 540 fore
1141 518 1171 539 ut
1191 514 1278 547 ipsum
1302 520 1410 548 quoque
1425 513 1457 540 ad
1487 512 1575 539 simile
1602 513 1710 547 signum

920 559 1076 587 faciendum
1106 559 1256 591 irritarent,
1283 564 1347 594 puta
1362 563 1390 586 ul
1415 563 1442 586 ct
1465 566 1494 585 se
1511 558 1572 585 cibo
1588 558 1711 585 satiaret.

922 606 984 638 Sed,
998 613 1014 633 ο
1025 605 1148 633 obliviosi
1164 613 1195 633 ac
1210 605 1323 641 ingrati!
1341 613 1434 632 nonne
1453 605 1534 640 paulo
1549 609 1612 631 ante
1626 612 1711 639 panes

922 657 949 679 et
967 653 1056 688 pisces
1071 652 1105 680 ad
1122 652 1275 680 satietatem
1288 652 1315 679 in
1325 652 1385 680 loco
1399 652 1508 679 deserto
1523 651 1642 678 edistis?

958 737 1045 764 Simul
1066 744 1176 771 qucque
1201 736 1268 763 mihi
1293 736 1336 763 hic
1351 735 1464 763 observa
1482 740 1509 762 et
1525 735 1710 761 adulationem

924 782 1046 816 ipsorum
1067 787 1094 809 et
1120 782 1238 808 invidam
1267 781 1407 808 malitiam.
1425 780 1520 814 Neque
1543 779 1618 806 enim
1636 779 1712 806 dixe-

922 833 996 861 runt,
1012 828 1085 862 quod
1108 827 1196 854 Moses
1219 827 1285 854 illud
1304 826 1416 853 fecisset
1441 826 1559 861 signum,
1577 833 1612 852 ne
1636 826 1710 853 hunc

76 873 172 906 αὐτὸν,
190 873 214 900 εἰ
229 873 274 899 τὸν
290 873 410 900 Μωῡσέα
426 872 513 906 τούτῳ
531 872 734 908 συγκρινοῦσιν,
751 871 813 898 οὔτε
828 873 870 898 ὅτι

930 873 1076 908 leprimere
1094 873 1261 903 viderentur,
1287 872 1309 899 si
1329 872 1431 899 Mosem
1455 872 1480 899 ei
1494 875 1707 906 compararent:

75 919 90 944 ὁ
104 918 170 950 Θεὸς
181 918 247 944 αὐτὸ
260 918 423 953 πεποίηκεν,
439 918 484 944 ἵνα
502 919 539 953 μὴ
559 918 674 949 δόξωσιν
688 916 796 949 ἐξισοῦν
821 917 870 942 αὐ-

75 964 123 992 τὸν
138 964 177 1000 τῷ
196 963 265 999 Θεῷ.
278 965 328 991 Διὰ
344 964 425 991 τοῦτο
437 964 581 995 ἁπολύτως
599 963 686 990 εἷπον·
704 963 732 990 σι
743 962 871 996 πατέρες

78 1010 168 1045 ἡμῶν
182 1011 215 1037 τὸ
231 1010 332 1046 μάννα
346 1010 461 1045 ἔφατον
475 1010 532 1046 (45)
548 1010 583 1037 ἐν
595 1009 631 1044 τῇ
643 1009 753 1044 ἐρήμῳ.
770 1009 802 1035 Τί
824 1006 871 1035 οὖν

77 1058 93 1084 d
111 1056 277 1091 οἰκονομῶν
299 1056 370 1089 τοὺς
384 1056 495 1091 λόγους
517 1055 612 1083 αὐτοῦ
624 1056 659 1082 ἐν
681 1056 779 1089 κρίσει
790 1063 799 1087 ;
812 1056 871 1081 Οὺκ

76 1102 185 1137 ἐλέγχει
208 1102 333 1133 τούτους,
362 1101 421 1128 ἀλλ’
454 1101 563 1136 ὁμαλῶς
591 1101 781 1135 ἀποκρίνεται.
808 1101 869 1135 Χρὴ

76 1146 144 1180 γὰρ,
159 1146 196 1177 ὡς
213 1147 386 1181 προείρηται,
406 1144 472 1171 ποτὲ
489 1144 538 1179 μὲν
555 1144 686 1179 ἐλέγχειν,
701 1144 767 1170 ποτὲ
778 1143 806 1170 δὲ
824 1143 871 1170 ἀν-

77 1192 219 1224 εξικακεῑν
232 1190 424 1224 οἰκονομικῶς.

114 1235 208 1263 Εἷπθν
221 1251 255 1256 -
269 1235 410 1270 οὐρανοῦ.
430 1235 508 1262 Ἐπεὶ
523 1234 715 1269 ὑπελάμϐανον
739 1234 769 1260 τὸ
782 1235 872 1269 μάννα

75 1282 161 1315 ἄρτον
173 1281 241 1308 εἶναι
255 1283 287 1308 ἐκ
298 1281 345 1308 τοῦ
358 1281 459 1316 κυρίως
468 1274 585 1316 οὺρανοῦ
597 1281 642 1307 διὰ
654 1281 683 1307 τὸ
691 1280 849 1316 γεγράφθαι
861 1287 869 1294 ⁸

78 1328 189 1362 ’Ἄρτον
199 1328 234 1355 ἐκ
248 1328 301 1354 τοῦ
312 1327 454 1360 οὐρανοῦ·
469 1325 625 1362 διορθοῦται
635 1326 684 1361 τὴν
696 1325 872 1360 ἐσφαλμὲνην

77 1372 217 1407 ὑπόληψιν
235 1372 336 1399 αὐτῶν.
355 1372 479 1406 Οὐρανὸν
505 1371 560 1406 γὰρ
577 1371 636 1397 ἐκεῖ
654 1371 700 1397 τὸν
716 1371 786 1406 ἀέρα
809 1368 871 1396 εἶπε

76 1418 308 1455 καταχρηστικῶς
323 1419 339 1454 ὴ
353 1418 461 1454 Γραφή·
489 1418 526 1450 ὼς
542 1418 590 1444 καὶ
604 1418 670 1444 ὅταν
685 1417 753 1453 λέγῃ
769 1416 804 1444 τὰ
820 1424 870 1442 πε-

75 1466 156 1492 τεινὰ
174 1465 221 1491 τοῦ
233 1465 361 1500 οὐρανοῦ·
379 1464 426 1491 καὶ
437 1463 530 1496 πάλιν,
555 1462 613 1490 Καὶ
628 1463 812 1497 ἐϐρόντησεν
837 1462 872 1495 ἐξ

76 1511 210 1546 οὐρανού
235 1513 252 1539 ό
269 1512 387 1545 Κύριος.

116 1545 200 1593 tit-tisi»;
218 1557 275 1591 οὖν,
291 1558 332 1584 ὅτι
350 1557 387 1584 Οὐ
409 1556 532 1592 Μωῡσῆς
543 1556 644 1583 δέδωκε
657 1556 718 1583 τότε
736 1555 776 1591 τῷ
797 1556 872 1591 γένει
886 1545 908 1574 c

77 1605 159 1640 ὑμῶν
175 1605 220 1631 τὸν
239 1605 321 1639 ἄρτον
336 1604 369 1629 ἐκ
386 1603 434 1629 τοῦ
463 1602 566 1637 κυρίως
585 1602 704 1636 οὐρανοῦ
733 1601 802 1636 (46ὶι
818 1597 875 1629 ἀλλ’

76 1653 92 1679 ὁ
109 1651 205 1686 Πατήρ
234 1659 285 1685 μου
303 1649 350 1676 νῦν
371 1649 428 1685 (47)
449 1648 557 1675 δίδωσιν
573 1648 636 1683 ὑμῖν
665 1648 710 1674 τὸν
730 1648 814 1683 ἄρτον
843 1650 876 1674 ἐκ

80 1698 132 1725 τοῦ
145 1698 248 1734 κυρίως
270 1696 398 1732 οὐρανοῦ.
415 1696 521 1730 Ὥσπερ
532 1695 587 1729 γὰρ
602 1695 615 1720 ὁ
630 1694 725 1729 Πατὴρ
737 1694 874 1729 οὐράνιος,

79 1744 153 1772 οὕτω
165 1743 212 1770 καὶ
222 1743 237 1770 ὀ
251 1744 313 1774 Υἱὸς
327 1743 463 1777 οὐράνιος,
479 1742 526 1768 καὶ
543 1741 648 1775 κυρίως
661 1740 741 1776 ἄρτος
754 1739 804 1776 [ὡς
817 1740 875 1776 (48)

84 1789 222 1824 στηρίζων
235 1788 348 1824 καρδίαν
365 1787 523 1823 ἀνθρώπου.

123 1835 177 1862 Τὸν
197 1835 354 1869 ἀληθινόν.
370 1835 490 1864 Ἐκεῖνος
504 1834 558 1869 γὰρ
568 1834 582 1860 ὁ
595 1832 690 1869 ἄρτος]
702 1831 817 1864 τυπικδς
830 1829 875 1868 ἦν,

82 1881 242 1916 προτυπῶν,
258 1882 352 1915 φησιν,
369 1880 418 1916 ἐμὲ
433 1881 479 1906 τὸν
508 1879 706 1914 αὑτοαλήοειιιν
724 1879 780 1913 (49)
800 1878 875 1905 ὄντα.

82 1926 218 1960 Καθάπερ
234 1927 288 1961 γὰρ
305 1927 408 1957 ἐκεῖνος
426 1925 529 1952 ἄνωθεν
549 1925 673 1956 καταϐὰς
699 1925 799 1959 ἔτρεφε
828 1923 876 1950 καὶ

83 1973 223 2010 ἐρρώννυε
237 1973 300 2003 τοὺς
318 1972 590 2007 μεταλαμὸάνοντας,
605 1971 678 1997 οὕτω
699 1970 787 2004 κάγώ.
806 1969 875 1996 Ἀλλ’

83 2020 188 2049 ἐκεῖνος
201 2017 249 2053 μὲν
268 2017 312 2054 [ἐκ
325 2017 380 2052 (50)
394 2018 442 2044 τοῦ
458 2018 551 2053 ἀέρος.
571 2016 627 2051 ἐγὼ
641 2016 670 2052 ᾷέ
686 2017 718 2043 ἐκ
730 2016 777 2042 τοῦ
791 2016 876 2047 ὅντως

82 2064 212 2099 οὐρανοῦ.
241 2064 373 2095 Κάκεῖνος
393 2063 454 2099 μὲν]
469 2063 568 2098 ἔτρεφε
591 2062 638 2089 καὶ
660 2061 798 2098 ἐρῤώννυε
823 2060 876 2087 σώ-

85 2118 171 2142 ματα,
192 2109 248 2142 ἐγὼ
263 2109 291 2135 δὲ
307 2108 406 2144 ψυχάς.
425 2107 531 2143 Προϊὼν
545 2107 572 2134 δὲ
586 2107 661 2141 λέγει
679 2108 728 2133 καὶ
754 2107 804 2138 τὴν
823 2115 874 2132 κτι-

84 2156 269 2191 οολικωτέραν
284 2155 418 2190 διαφορὰν
431 2155 478 2181 τοῦ
495 2162 523 2181 τε
539 2153 657 2181 τυπικοῦ
670 2154 753 2188 ἄρτου
769 2153 816 2179 καὶ
828 2151 875 2178 τοῦ

83 2201 226 2235 ἀληθινοῦ.

137 2247 158 2275 0
176 2247 229 2281 γὰρ
244 2245 334 2280 ἄρτος
357 2260 392 2265 -
407 2244 519 2279 κόσμῳ.
552 2244 581 2270 '0
598 2244 700 2278 κυρίως
722 2243 804 2277 ἄρτος
827 2243 874 2268 τοῦ

83 2293 164 2325 Θεοῦ,
191 2292 278 2318 εἴτουν
303 2292 317 2317 ὁ
339 2291 411 2322 οεῖος
435 2291 517 2326 ἄρτος
535 2290 608 2317 ἐστὶν
641 2290 654 2316 ὁ
681 2290 714 2315 ἐκ
729 2289 775 2315 τοῦ
792 2288 877 2320 ὅντως

83 2338 203 2374 οὐρανοῦ
218 2337 340 2368 καταϐὰς
359 2337 404 2364 καὶ
419 2336 491 2372 ζωὴν
502 2336 611 2362 αἰώνιον
623 2335 712 2366 διδοὺς
727 2334 765 2370 τῷ
781 2334 877 2370 κόσμῳ

83 2384 125 2419 τῷ
138 2384 303 2411 πιστεύοντι.
326 2383 446 2414 Ἐκεῖνος
461 2382 516 2418 γὰρ
530 2381 601 2417 ζωὴν
626 2381 796 2417 πρόσκαιρον
824 2381 876 2406 ἐδί-

84 2431 143 2461 δου,
165 2430 211 2456 καὶ
228 2430 258 2456 οὐ
273 2429 310 2463 τῷ
325 2429 432 2465 κότμῳ,
449 2429 518 2455 ἀλλὰ
538 2428 630 2463 μόνοις
647 2429 704 2459 τοῖς
725 2427 875 2462 Ἐῦραιοις.

85 2475 164 2510 Ζωὴν
179 2474 207 2500 δὲ
233 2474 341 2501 αἰώνιον
367 2474 422 2500 νόει
443 2475 480 2510 μὴ
506 2474 555 2509 τὴν
583 2473 675 2505 ἁπλῶς
696 2473 729 2508 ἢν
763 2472 877 2507 ζήσουσι

85 2521 184 2552 κοινῶς
202 2521 301 2551 πάντες
329 2519 480 2555 ἅνθρωποι,
497 2521 565 2547 ἀλλὰ
580 2517 630 2555 τὴν
659 2519 814 2554 μακαρίαν,
830 2517 879 2552 τὴν

85 2569 117 2593 ὲν
132 2567 280 2593 ἀπολαύσει
297 2565 424 2600 διηνεκεῖ.

142 2624 164 2640 ³⁸
177 2623 248 2651 Psal.
262 2631 366 2656 Lxxvu,
384 2623 429 2650 24.

921 927 1020 954 neque,
1042 920 1114 954 quod
1130 919 1201 946 Deus
1221 919 1310 953 ipsum
1336 918 1478 950 edidisset,
1508 925 1542 944 ne
1566 917 1640 944 hunc
1655 917 1712 944 Deo

921 969 1080 1000 aequarent;
1107 964 1155 992 sed
1178 964 1302 992 absolute
1325 963 1455 990 dixerunt
1474 970 1481 989 :
1504 961 1601 989 Patres
1629 962 1713 988 nostri

922 1012 1091 1039 comederunt
1119 1019 1218 1038 ntanna
1239 1011 1267 1037 in
1294 1010 1405 1037 deserto.
1430 1008 1499 1041 Quid
1524 1015 1589 1043 ergo
1616 1007 1649 1040 is,
1665 1008 1711 1042 qui

922 1059 1034 1093 disponit
1046 1065 1178 1085 sermones
1191 1064 1250 1083 suos
1259 1057 1287 1082 in
1302 1056 1403 1089 iudicio
1415 1055 1457 1081 "?
1474 1054 1533 1081 Non
1549 1054 1638 1089 arguit
1653 1061 1711 1086 eos,

922 1104 970 1131 sed
983 1102 1081 1131 blande
1100 1101 1263 1136 respondet.
1298 1099 1415 1135 Oportet
1437 1099 1524 1132 enim,
1550 1104 1580 1126 ut
1597 1099 1713 1134 prtedic-

922 1154 979 1177 tum
993 1153 1046 1181 est,
1059 1148 1198 1175 interdum
1213 1146 1326 1182 quidem
1346 1153 1471 1181 arguere,
1493 1145 1630 1172 interdum
1649 1151 1713 1172 vero

922 1194 1106 1229 dispensative
1124 1194 1288 1221 clementem
1303 1200 1376 1221 esse.

958 1241 1027 1269 Vers
1046 1241 1091 1268 52.
1110 1241 1183 1267 Dixit
1201 1255 1235 1260 —
1252 1239 1326 1272 εωίο.
1349 1238 1418 1272 Quia
1445 1238 1587 1274 putabant.
1613 1245 1713 1265 manna

923 1295 983 1315 esse
1002 1295 1098 1322 panem
1118 1287 1151 1314 ab
1166 1294 1199 1314 eo
1215 1285 1287 1321 quod
1305 1285 1415 1320 proprie
1434 1285 1532 1312 ccelum
1551 1284 1712 1319 appellatur,

923 1342 956 1362 eo
964 1333 1038 1368 quod
1054 1333 1187 1368 scriptum
1201 1337 1291 1360 esset:
1303 1331 1407 1359 Panem
1417 1332 1448 1358 de
1457 1331 1520 1358 caelo
1536 1331 1607 1357 dedit
1617 1331 1655 1357 eis
1668 1330 1690 1346 "
1705 1338 1713 1356 :

923 1380 1190 1416 corrigiterroneam
1203 1386 1299 1406 eorum
1316 1377 1486 1413 opinionem.
1504 1376 1570 1404 Nam
1586 1376 1621 1403 ibi
1638 1375 1715 1404 Seri-

925 1431 1004 1462 ptura
1030 1433 1121 1452 aerem
1138 1424 1286 1460 improprie
1307 1423 1414 1451 vocavit
1439 1423 1537 1451 ccelum
1559 1431 1566 1450 :
1583 1423 1716 1457 quemad-

898 1509 901 1511 γ
925 1473 1037 1500 modum
1048 1472 1131 1499 etiam
1147 1471 1276 1498 dicuntur
1298 1469 1423 1497 volucres
1441 1469 1514 1497 caeli.
1531 1468 1566 1495 Et
1582 1476 1692 1496 rursum
1706 1476 1715 1496 :

924 1517 1042 1545 Intonuit
1058 1517 1089 1544 de
1106 1515 1168 1543 coelo
1182 1515 1308 1542 Dominus
1327 1515 1361 1542 “.

964 1564 1010 1591 Ait
1026 1571 1091 1598 ergo
1105 1571 1112 1590 :
1127 1562 1188 1590 Non
1212 1561 1300 1589 Moses
1316 1561 1391 1588 dedit
1407 1564 1471 1588 tunc
1495 1559 1600 1587 nationi
1620 1564 1715 1587 vestra:

928 1616 1026 1644 panem
1049 1608 1095 1643 qui
1124 1607 1234 1643 proprie
1258 1606 1292 1633 de
1315 1606 1385 1633 cmlo
1408 1605 1453 1637 sit,
1479 1605 1527 1632 sed
1545 1604 1625 1631 Pater
1640 1611 1717 1631 meus
1738 1632 1740 1635 ,

930 1662 1002 1682 nunc
1021 1654 1069 1681 dat
1094 1653 1171 1681 vobis
1195 1659 1293 1687 panem
1308 1651 1342 1679 ab
1358 1659 1390 1678 co
1403 1651 1476 1686 quod
1493 1651 1603 1686 proprie
1616 1650 1716 1677 cwlum

928 1701 1091 1734 appellatur.
1102 1699 1169 1726 Nam
1184 1699 1257 1726 sicut
1268 1698 1348 1725 Pater
1357 1697 1467 1733 proprie
1476 1697 1577 1725 dicitur
1587 1697 1717 1729 caelestis,

929 1747 966 1774 ita
983 1749 1011 1773 et
1034 1745 1119 1772 Filius
1132 1745 1262 1776 caelestis,
1278 1749 1306 1772 et
1322 1745 1433 1779 proprie
1451 1744 1540 1779 panis,
1559 1749 1656 1779 utpote
1671 1751 1719 1771 cor

928 1791 1047 1820 hominis
1066 1790 1246 1819 conﬁrmans.

967 1837 1045 1865 Vers.
1060 1837 1104 1864 52.
1122 1835 1189 1863 Eum
1205 1836 1250 1871 qui
1264 1843 1340 1862 verus
1361 1840 1409 1862 est.
1428 1835 1567 1869 Siquidem
1584 1834 1627 1861 ille
1641 1834 1721 1869 panis

929 1883 1088 1919 ﬁgurativus
1112 1886 1182 1913 erat,
1210 1888 1265 1912 me,
1285 1880 1385 1915 inquit,
1404 1880 1582 1915 praeﬁgurans
1598 1880 1644 1914 qui
1659 1887 1721 1907 sum

927 1929 987 1964 ipsa
1007 1928 1123 1955 Veritas.
1136 1926 1374 1961 Quemadmodum
1389 1926 1463 1953 enim
1480 1925 1526 1952 ille
1539 1925 1657 1960 desuper
1670 1925 1722 1952 de-

928 1975 1075 2007 scendens,
1096 1982 1144 2002 eos
1158 1974 1205 2009 qui
1225 1973 1436 2009 participabant,
1457 1971 1589 2008 pascebat
1614 1979 1647 1998 ac
1670 1979 1722 1998 ro-

929 2022 1055 2054 borabat,
1079 2021 1116 2048 ita
1130 2025 1158 2048 et
1172 2028 1233 2056 ego.
1249 2019 1303 2047 Sed
1321 2019 1366 2046 ille
1381 2019 1415 2046 ab
1439 2026 1514 2051 aere,
1533 2025 1583 2053 ego
1597 2023 1688 2045 autem
1706 2025 1721 2044 a

929 2076 995 2096 vero
1011 2067 1080 2095 caelo
1096 2075 1103 2093 :
1120 2066 1166 2094 ille
1181 2066 1292 2101 quidem
1309 2072 1424 2100 corpora
1448 2064 1576 2099 pascebat
1589 2071 1622 2091 ac
1637 2063 1721 2090 robo-

930 2115 1016 2146 rabat,
1046 2120 1097 2148 ego
1122 2119 1187 2140 vero
1218 2112 1334 2139 animas.
1362 2110 1391 2137 In
1417 2109 1599 2144 sequentibus
1630 2113 1722 2136 autem

931 2160 1008 2196 ponit
1029 2158 1227 2195 generalinrem
1251 2156 1432 2184 diﬂercnliam
1450 2156 1521 2182 inter
1547 2155 1722 2189 ﬁgurativum

860 2241 872 2246 _
891 2215 913 2242 υ
929 2214 1036 2243 panem,
1053 2209 1080 2232 et
1098 2212 1161 2232 eum
1175 2203 1220 2239 qui
1242 2211 1323 2231 verus
1339 2207 1391 2230 est.

963 2252 1039 2280 Vers.
1049 2251 1094 2279 55.
1104 2251 1185 2278 Panis
1192 2251 1260 2277 enim
1273 2264 1307 2271 —
1319 2249 1427 2276 mundo.
1439 2248 1553 2283 Proprie
1574 2247 1654 2282 panis
1665 2245 1723 2274 Dei.

929 2299 986 2326 sive
1006 2298 1115 2325 divinus
1134 2300 1187 2330 est,
1212 2296 1257 2331 qui
1284 2303 1347 2324 vere
1363 2295 1397 2322 de
1412 2294 1481 2322 caelo
1506 2293 1667 2326 descendit,
1696 2297 1725 2320 et

929 2345 1012 2373 vitam
1027 2349 1158 2372 mtcrnam
1167 2343 1214 2370 dat
1225 2343 1327 2370 mundo
1338 2342 1462 2371 credenti
1477 2349 1557 2369 :cnm
1576 2341 1621 2368 ille
1640 2340 1725 2367 vitam

928 2392 962 2419 ad
984 2395 1091 2426 tempus
1107 2391 1195 2421 daret,
1211 2396 1267 2416 non
1283 2388 1385 2415 mundo
1399 2407 1406 2420 ,
1432 2387 1480 2414 sed
1504 2386 1569 2413 solis
1587 2385 1722 2412 llebratis.

933 2435 1022 2463 Vitam
1047 2439 1139 2462 autem
1163 2438 1294 2461 azternam
1316 2433 1450 2468 intelligc,
1475 2439 1529 2460 non
1551 2430 1723 2465 simpliciter,

933 2489 987 2516 qua
1013 2481 1105 2508 vivent
1126 2479 1309 2507 communiter
1322 2486 1419 2505 omnes
1439 2477 1576 2509 homines,
1594 2475 1643 2503 sed
1658 2475 1724 2503 bea-

936 2532 1000 2560 tam,
1018 2534 1079 2562 quce
1093 2526 1145 2553 erit
1158 2526 1184 2552 in
1200 2524 1329 2553 continua
1343 2524 1438 2559 requie
1448 2523 1519 2558 (αα).

487 2623 508 2638 ¹⁹
524 2623 596 2650 Psal.
609 2630 664 2654 cn,
680 2622 707 2649 5.
723 2622 746 2637 ¹⁰
762 2621 834 2648 Psal.
853 2629 955 2655 Lxxvn,
970 2623 1015 2654 24,
1055 2624 1076 2638 ἰ
1090 2622 1161 2649 Psal.
1188 2629 1256 2652 xvn,
1274 2620 1317 2648 ii.

703 2669 801 2699 Variae
817 2668 970 2701 lectiones
981 2675 1011 2700 et
1026 2672 1121 2700 notae.

125 2721 181 2756 (Μ)
215 2723 244 2749 '0
256 2722 333 2749 abest
347 2724 380 2749 Α.

128 2757 184 2791 (45)
200 2759 321 2792 Ἐςραγον
335 2757 364 2784 τὸ
379 2757 465 2792 μάννα
488 2757 521 2783 Α.

125 2793 180 2827 (46)
210 2792 332 2827 Οὐρανοῦ
348 2792 450 2827 κυρίως
468 2793 501 2818 Λ.

127 2828 181 2862 (οἳ)
199 2828 263 2860 LBV,
280 2836 329 2863 pro
355 2828 414 2860 νῦν,
433 2827 463 2854 Β.

970 2719 1027 2754 (48)
1042 2719 1147 2746 Inclusa
1164 2716 1310 2754 omittitA.

970 2751 1026 2789 (49)
1043 2754 1101 2789 ,Τὸν
1113 2753 1193 2780 αὑτὸν
1210 2751 1337 2789 ἀλήθειαν
1353 2752 1386 2778 Α.

968 2787 1023 2824 (⁷50)
1040 2788 1146 2816 Inclusa
1159 2788 1260 2815 absunt
1276 2787 1306 2813 Α.

128 2877 185 2911 (nu)
201 2875 307 2910 lquuic.
332 2874 377 2902 Sic
389 2873 526 2902 bic.lnira
543 2873 576 2901 ad
606 2880 674 2901 vers.
700 2872 733 2900 59
760 2870 872 2900 reddidit

930 2870 1054 2903 ςόλαυτιν,
1070 2869 1232 2904 fruitionem,
1253 2865 1304 2893 nisi
1323 2864 1478 2894 ἀνάπαυσιν
1491 2866 1594 2902 legerit.
