1919 3076
192 107 265 142 124⁸1

810 117 1001 148 EUTHYMII
1021 117 1203 149 ZIGABENI

1747 116 1821 148 1258

225 163 303 191 Vers.
317 164 362 192 54.
379 165 508 194 Dixerunt
523 181 556 187 --
579 167 675 202 ipsum.
690 167 788 196 Adhuc
817 170 975 197 sensibilem

1062 169 1158 198 Εἶπον
1176 186 1210 192 —
1228 171 1346 198 τοῦτον.
1365 171 1426 198 Ἔτι
1449 169 1578 206 αἰσθητὸν
1601 169 1759 206 νομίζοντες
1772 172 1823 198 τδν

190 208 373 245 intelligentes
387 211 543 247 hujusmodi
559 221 657 247 panem
670 222 725 248 prae
735 215 842 242 ventris
857 215 978 250 ingluvie

191 252 266 280 hunc
289 255 431 289 petebant,
455 264 512 283 non
533 258 628 290 semel,
646 259 692 286 sed
710 267 819 295 semper
841 261 977 296 accipere.

226 298 295 327 Vers
310 300 354 327 55.
367 301 410 327 Ait
422 317 456 321 —
471 302 541 330 vilic.
564 303 648 331 Panis
664 304 816 337 viviﬁcans,
832 309 861 333 et
876 306 934 340 qui,
950 310 980 333 ut

191 344 293 372 dictum
309 350 361 379 est,
381 346 430 373 dat
449 347 531 374 vitam
557 354 688 377 aeternam
704 359 711 383 ;
730 359 793 378 nam
816 359 847 379 ea
870 353 980 386 proprie

191 390 292 417 dicitur
307 391 371 425 vita,
390 399 451 426 quae
465 397 567 421 aeterna
587 399 647 429 est;
662 404 722 430 qua:
736 397 808 424 enim
824 397 856 424 ad
874 402 979 432 tempus

191 436 282 468 durat,
297 445 352 464 non
365 437 419 465 vita
436 444 488 471 est.
505 441 552 468 sed
573 441 634 468 vita
656 442 755 477 imago.
770 443 871 471 Panem
888 449 979 472 autem

193 482 253 509 vitae
282 491 358 510 suam
372 489 452 513 vocat
467 486 657 516 divinitatem:
673 489 806 523 siquidem
821 490 879 525 ipsa
900 491 980 525 panis

191 534 244 561 est,
264 531 309 565 qui
337 531 371 558 de
397 533 467 560 coelo
483 533 634 561 descendit.
658 535 780 562 Tandem
806 544 872 564 vero
897 538 981 565 etiam

192 583 293 609 corpus
308 585 386 605 suum
403 583 484 606 vocat
499 587 610 615 panem.

228 622 305 650 νει-ς.
317 624 361 651 55.
379 624 430 656 Qui
440 640 476 645 ——
486 634 612 660 unquam.
627 627 708 654 Venit
728 628 862 663 quispiam
872 629 905 656 ad
918 638 980 658 eum

193 675 244 703 per
258 668 338 696 ﬁdem
352 678 359 697 :
374 670 432 705 ipsa
444 672 517 698 enim
531 676 573 700 est
587 673 630 699 via
644 673 677 700 ad
693 674 778 701 illum.
796 674 854 702 Non
868 677 981 710 esuriet,

194 715 294 751 inquit,
309 716 381 743 fame
397 725 458 752 quae
482 719 516 746 ab
540 719 698 747 inﬁdelitate
723 721 857 755 procedit,
882 726 909 749 et
927 730 981 749 non

194 762 269 789 sitiet
285 771 403 798 unquam
421 765 476 797 siti,
493 773 554 800 qua:
569 766 603 793 ab
632 767 825 796 incredulitate
847 771 981 802 nascitur,

195 807 243 834 sed
260 808 346 843 gratia
361 809 450 836 divina
468 811 598 845 repletus,
622 816 650 838 et
662 812 721 847 ipse
735 813 864 849 deinceps
880 815 982 842 nullius

196 853 342 888 indigebit,
360 855 407 882 sed
427 856 489 883 aliis
505 856 597 891 potius
614 858 770 886 necessaria
791 860 982 888 subministra-

195 898 245 930 bit,
259 899 361 928 docens
382 908 415 929 ac
429 902 558 930 erudiens
573 903 644 931 illos.

232 944 309 972 Vers.
341 946 386 973 56.
410 946 464 974 Sed
487 963 524 968 —
538 950 694 978 credidistis.
716 950 829 979 Vidistis
850 961 904 985 me,
927 954 985 983 sive

195 991 363 1025 cognovistis
377 994 440 1026 quis
461 1001 511 1030 ego
526 995 590 1028 sim,
604 1000 631 1023 et
652 1004 667 1023 a
683 998 843 1026 testimonio
855 999 983 1034 Joannis,

198 1039 226 1063 ct
247 1043 262 1063 a
280 1037 364 1072 signis
389 1046 449 1073 quae
465 1041 548 1070 edidi.
566 1047 593 1068 et
616 1050 631 1069 a
649 1044 809 1072 testimonio
830 1045 985 1081 Scriptura-

198 1087 271 1113 rum,
295 1090 364 1117 quas
392 1085 469 1112 vobis
497 1087 602 1121 aperui,
639 1089 687 1116 sed
709 1090 862 1118 voluntarie
883 1093 984 1120 malum

198 1133 345 1160 operantes
366 1137 422 1157 non
447 1132 569 1160 creditis.
602 1133 718 1166 Quando
740 1141 830 1164 autem
855 1138 907 1165 hoc
933 1138 986 1166 illis

198 1172 266 1200 dixit
283 1174 459 1205 7Verisimile
474 1179 584 1213 quidem
596 1185 641 1208 est
655 1181 707 1209 hoc
721 1182 824 1210 dictum
845 1192 916 1216 esse.
934 1186 986 1213 etsi

199 1221 330 1257 scriptum
355 1232 409 1252 non
427 1225 472 1253 sit.

235 1267 374 1297 Vel-5.57.
400 1271 485 1299 Omne
513 1288 549 1294 —
569 1277 666 1304 veniet.
695 1276 752 1304 Hoc
772 1285 900 1306 sermone
937 1278 987 1307 de-

199 1319 344 1348 monstrat,
361 1317 433 1350 quod
447 1318 527 1346 Pater
551 1321 662 1348 adducit
680 1322 705 1349 ei
722 1323 866 1351 credentes
880 1333 886 1351 :
901 1325 987 1357 siqui-

200 1358 262 1386 dem
278 1360 344 1388 dicit
355 1367 383 1390 et
397 1362 497 1391 Paulus
510 1374 518 1393 :
529 1366 581 1393 Per
595 1375 670 1402 quem
686 1370 771 1396 vocati
783 1371 844 1397 estis
859 1371 886 1397 in
905 1372 989 1398 socie-

200 1410 282 1434 tatem
305 1407 370 1435 Filii
385 1417 443 1444 ejus
464 1412 498 1438 ".
521 1411 566 1439 Ait
588 1420 673 1449 ergo:
699 1414 783 1442 Omne
800 1416 868 1443 illud
890 1418 925 1444 ad
949 1426 989 1444 me

201 1454 284 1480 ueniet
304 1458 372 1490 quod
385 1456 430 1483 dat
444 1458 508 1484 mihi
523 1458 615 1492 Pater,
634 1461 685 1488 hoc
697 1466 748 1493 est,
766 1461 861 1489 Omnis
878 1464 924 1497 qui
941 1464 989 1491 da-

201 1502 246 1525 tus
261 1499 344 1528 fuerit
361 1502 453 1530 millia
470 1503 560 1537 Patre,
578 1507 668 1533 omnis
693 1507 740 1541 qui
754 1507 889 1535 deductus
906 1509 940 1536 ab
955 1517 988 1537 eo

201 1542 297 1575 fuerit,
321 1544 366 1572 hic
382 1546 474 1573 veniet
492 1547 525 1575 ad
538 1556 592 1581 me,
607 1549 652 1576 hic
666 1550 760 1577 credet
772 1550 799 1577 in
821 1559 876 1584 me,
890 1556 918 1578 et
933 1559 988 1580 non

202 1588 318 1622 quilibet
334 1590 504 1625 simpliciter.
532 1592 597 1621 lude
620 1599 710 1622 autem
736 1596 891 1629 conﬁrmat,
917 1598 990 1632 quod

203 1634 264 1662 vult
277 1635 359 1663 Pater
378 1641 409 1664 ut
434 1639 545 1666 credant
562 1639 590 1666 in
612 1647 684 1667 eum.
707 1641 811 1676 itaque,
827 1642 872 1677 qui
885 1642 912 1669 in
928 1650 991 1670 eum

203 1688 259 1708 non
270 1682 367 1714 credit,
388 1682 548 1711 adversatur
567 1685 614 1713 Dei
633 1687 776 1714 voluntati.
793 1687 844 1715 Dat
858 1692 949 1715 autem
964 1692 992 1716 et

203 1725 286 1754 Pater
316 1727 397 1762 Filio,
415 1729 520 1757 ducens
540 1738 588 1758 eos
607 1731 640 1758 ad
664 1732 745 1759 ﬁdem
760 1733 820 1767 ejus
838 1741 846 1766 ;
864 1737 892 1761 et
906 1733 992 1762 Filius

203 1771 288 1807 Patri,
300 1773 440 1803 adducens
459 1783 506 1804 eos
520 1777 554 1804 ad
572 1777 646 1805 illum
661 1786 711 1813 per
725 1779 817 1807 ﬁdem.

240 1875 353 1909 Verum,
365 1877 388 1906 si
399 1878 475 1906 venit
494 1880 518 1907 is
534 1880 566 1908 ad
586 1880 697 1913 Filium,
716 1882 762 1916 qui
778 1882 857 1910 datur
872 1891 886 1911 a
900 1884 991 1918 Patre,

204 1921 283 1958 culpa
294 1931 359 1959 ergo
374 1924 490 1957 carebit,
503 1926 548 1960 qui
563 1934 616 1953 non
633 1927 719 1959 venit,
737 1932 829 1962 utpote
845 1936 900 1956 non
913 1930 993 1957 datus

205 1975 220 1995 a
247 1968 337 1996 Patre.
363 1969 416 1997 Sed
447 1970 526 1998 Pater
545 1971 606 1998 illos
624 1972 679 2004 dat,
703 1973 729 1999 in
746 1973 846 2006 quibus
865 1974 995 2008 praecedit

205 2014 278 2042 bona
298 2015 424 2044 voluntas
438 2025 445 2043 :
470 2024 559 2051 neque
573 2018 646 2044 enim
662 2017 722 2045 haec
734 2025 784 2053 per
799 2025 828 2045 se
840 2018 928 2046 facere
945 2027 995 2054 po-

207 2065 271 2094 test,
287 2066 318 2089 ut
339 2063 464 2096 credant,
484 2064 597 2092 absente
624 2064 670 2091 Dei
698 2065 876 2097 adminiculo,
905 2074 995 2100 neque

206 2108 271 2136 illud
291 2109 433 2142 auxilium,
453 2110 508 2138 nisi
528 2117 650 2146 praesens
668 2111 704 2138 sit
718 2115 746 2138 et
769 2111 840 2138 bona
858 2111 993 2139 voluntas.

1028 217 1148 244 τοιοῦτον
1159 218 1242 254 ἄρτον
1261 218 1327 253 (5i),
1345 218 1397 244 ὑπὸ
1421 218 1588 253 λαιμαργίας
1605 217 1743 253 ἐζήτησαν
1772 219 1824 244 αὐ-

1028 264 1086 295 τὸν,
1102 264 1151 299 ούχ
1164 265 1239 297 ἅπαξ
1253 265 1355 296 λασεῖν,
1372 264 1439 290 ἀλλά
1454 265 1581 291 πάντοτε.

1065 309 1139 337 Εἷπε
1151 325 1188 331 -
1209 310 1294 345 ζωῆς.
1316 311 1345 337 '0
1365 311 1447 345 ἄρτος
1461 312 1475 337 ὁ
1497 311 1616 345 ζωηρδς,
1631 311 1645 337 ὁ
1661 310 1734 345 ξωῆν
1753 310 1825 336 atrii-

1029 365 1086 383 νιον
1096 356 1196 389 διδοὺς,
1208 356 1246 387 ὡς
1257 357 1376 391 είργηται.
1393 357 1454 391 Ζωὴ
1465 357 1520 391 γὰρ
1543 356 1646 392 κυρίως
1665 357 1681 391 ἡ
1699 357 1822 387 αἰώνιος·

1030 402 1047 436 ἡ
1061 402 1115 437 γὰρ
1132 403 1298 436 πρόσκαιρος
1315 403 1345 429 οὺ
1356 403 1459 437 κυρίω;
1475 402 1543 437 ζωὴ,
1561 401 1620 428 ἀλλ’
1636 402 1718 428 εἰκὼν
1734 402 1822 436 ζωῆς.

1033 449 1132 484 Ἄρτον
1143 449 1171 475 δὲ
1191 448 1248 483 (52)
1263 448 1335 483 ζωῆς
1362 450 1411 483 τὴν
1425 449 1540 483 θεότητα
1557 448 1654 474 ἑαυτοῦ
1672 449 1745 482 λέγει
1762 449 1821 474 νῦν·

1031 495 1101 529 αὕτη
1116 497 1169 529 γὰρ
1183 495 1266 530 ἄρτος
1280 495 1312 520 ἐκ
1328 494 1373 520 τοῦ
1397 493 1513 529 οὐρανοῦ
1534 493 1670 524 καταϐάς.
1691 493 1763 528 Πρὸς
1781 493 1821 527 τῷ

1031 538 1102 564 τέλει
1117 538 1145 564 δὲ
1161 540 1207 565 καὶ
1225 538 1256 564 τὸ
1272 538 1370 565 ἑαυτοῦ
1399 539 1480 572 σῶμα
1490 538 1573 574 ἄρτον
1590 538 1678 564 καλεῖ.

1074 623 1106 650 ⁷ο
1122 637 1159 643 -—
1174 623 1304 649 πώποτε.
1323 622 1455 657 Ἔρχεταί
1471 631 1512 654 τις
1526 622 1593 658 πρὸς
1617 622 1697 648 αὑτὸν
1712 622 1757 648 διὰ
1774 623 1826 656 τῆς

1033 670 1162 701 πίστεως·
1188 669 1256 704 αὓτη
1274 670 1329 703 γὰρ
1346 669 1362 704 ή
1379 668 1434 704 (55)
1453 668 1512 699 ὁδὸς
1526 669 1594 703 πρὸς
1614 668 1706 695 αὐτόν.
1731 669 1769 694 Οὐ
1787 668 1826 703 μή

1033 716 1162 751 πεινάσῃ,
1176 715 1254 750 φησὶ,
1271 716 1321 750 τὴν
1334 715 1388 741 ἀπὸ
1402 715 1451 748 τῆς
1467 715 1596 746 ἀπιστίας
1611 716 1718 741 πεῖναν
1731 716 1780 741 καὶ
1793 716 1825 740 οὐ

1035 763 1073 798 μὴ
1101 762 1201 797 διψήσῃ
1223 761 1334 788 πώποτε
1364 762 1414 796 τὴν
1433 761 1487 788 ἀπὸ
1511 761 1562 795 τῆς
1586 761 1716 793 ἀπιστίας
1732 761 1826 796 δίψαν-

1034 808 1102 835 and;
1117 808 1249 842 πλησθεὶς
1263 808 1313 842 τῆς
1329 808 1404 839 θείας
1414 808 1525 843 χάριτος
1537 808 1618 839 αὐτὸς
1627 817 1657 834 τε
1669 808 1829 844 ἀπροσδεὴς

1034 854 1111 881 ἔσται
1125 854 1229 886 λοιπὸν,
1245 854 1292 881 καὶ
1310 854 1415 889 ἑτέροις
1437 854 1536 890 μᾶλλον
1564 854 1724 889 ἐπαρκέσει,
1752 854 1828 881 διδά-

1035 910 1108 928 σκων
1122 902 1171 928 καὶ
1185 900 1312 937 κατηχῶν
1327 901 1437 932 αὐτούς.

1076 947 1153 975 Ἀλλ’
1167 962 1204 968 —
1217 948 1386 975 πιστεύετε.
1405 947 1562 983 Ἑωράκατέ
1581 957 1626 983 με,
1642 949 1726 983 ἤγουν
1740 947 1830 981 ἐγνώ-

1036 1001 1102 1020 κατε
1115 993 1157 1026 τίς
1181 993 1239 1028 εἰμι
1259 993 1312 1020 ἀπό
1327 1002 1355 1020 τε
1373 994 1421 1028 τῆς
1439 994 1592 1029 μαρτυρίας
1612 993 1735 1020 Ἰωάννου
1748 1014 1756 1025 ,
1774 993 1830 1019 ἀπό

1036 1047 1066 1065 τε
1076 1038 1131 1064 τῶν
1145 1038 1267 1074 σημείων
1280 1035 1317 1065 ὧν
1333 1038 1460 1073 ἐποίησα,
1473 1039 1521 1065 καὶ
1539 1038 1594 1064 ἀπὸ
1606 1038 1655 1072 τῆς
1672 1039 1832 1072 μαρτυρίας

1036 1085 1091 1111 τῶν
1103 1085 1230 1120 Γραφῶν,
1244 1085 1277 1116 ἃς
1289 1085 1354 1120 ὑμῖν
1370 1084 1517 1117 ἁνέπτυξα·
1533 1085 1589 1111 ἀλλ’
1601 1084 1832 1116 mammam;

1037 1131 1068 1158 οὐ
1096 1131 1249 1158 πιστεύετε.
1276 1132 1345 1159 Πότε
1358 1132 1386 1158 δὲ
1412 1132 1492 1158 τοῦτο
1515 1129 1591 1158 εῐπεν
1617 1131 1726 1164 comis;
1747 1131 1831 1163 Εἰκὸς

1037 1178 1117 1204 τοῦτο
1126 1177 1242 1213 ῥηθῆναι
1257 1178 1317 1213 μὲν,
1336 1179 1374 1214 μὴ
1386 1180 1526 1214 γραφῆναι
1538 1178 1577 1206 δέ.

1075 1271 1141 1299 Πᾶν
1165 1286 1201 1292 -
1224 1270 1302 1305 ἣξει.
1331 1271 1417 1298 Τοῦτο
1426 1271 1589 1307 παρίστησιν
1609 1271 1624 1297 6
1651 1271 1740 1305 λόγος,
1759 1271 1802 1297 ὅτι
1818 1272 1833 1297 ὁ

1041 1319 1136 1355 Πατὴρ
1152 1320 1286 1355 προσάγει
1303 1319 1378 1355 αὐτῷ
1390 1320 1454 1350 τοὺς
1469 1318 1656 1349 πιστεύοντας.
1685 1318 1755 1352 Φησὶ
1775 1318 1832 1352 γὰρ

1040 1365 1088 1391 καί⁸
1100 1365 1215 1396 Παῦλος·
1225 1365 1264 1391 Δι’
1273 1363 1309 1393 οὗ
1318 1365 1466 1399 ἐκλήθητε
1473 1366 1515 1398 εις
1527 1365 1686 1391 κοινωνίαν
1694 1363 1747 1390 τοῦ
1760 1363 1830 1390 Υἱοῦ

1040 1411 1143 1439 αὑτοῦ.
1159 1412 1240 1446 Λέγει
1253 1411 1352 1444 τοίνυν,
1368 1412 1409 1438 ὅτι
1419 1411 1483 1439 Πᾶν
1494 1411 1592 1438 ἐκεῖνο
1606 1411 1680 1445 πρὸς
1687 1410 1741 1444 ἐμὲ
1752 1410 1832 1443 ἣξει,

1041 1459 1057 1486 ὃ
1073 1458 1181 1486 δίδωσί
1193 1468 1243 1494 μοι
1263 1460 1280 1486 ὁ
1295 1458 1408 1492 Πατὴρ,
1424 1458 1558 1491 τουτέστι,
1574 1459 1629 1489 πᾶς
1644 1458 1673 1489 ὃς
1699 1457 1763 1492 δοθῇ
1785 1465 1833 1491 μοι

1002 1527 1024 1556 c
1042 1505 1117 1541 παρὰ
1131 1505 1178 1532 τοῦ
1192 1505 1258 1531 Θεοῦ
1280 1504 1347 1540 (54),
1375 1505 1405 1556 8-;
1423 1504 1541 1540 ὁδηγηθῇ
1560 1503 1626 1556 τιαρ¹
1654 1503 1737 1530 αὐτοῦ
1750 1502 1832 1556 ’(ὅέἶ),

1041 1549 1119 1583 οὗτος
1135 1552 1195 1588 ἥξει
1220 1552 1290 1588 πρός
1308 1561 1352 1588 με,
1368 1550 1445 1584 οὗτος
1474 1551 1615 1578 πιστεύσει
1632 1559 1688 1586 μοι,
1714 1550 1762 1576 καὶ
1782 1550 1834 1585 οὐχ

1043 1598 1136 1630 ἁπλῶς
1146 1598 1160 1624 ὁ
1171 1599 1271 1634 τυχών.
1295 1599 1437 1625 Ἐντεῦθεν
1446 1599 1474 1625 δὲ
1489 1596 1692 1628 κατασκευάζει
1703 1597 1745 1623 ὃτι
1759 1596 1834 1622 θέλει

1042 1644 1056 1670 ὁ
1070 1644 1165 1680 Πατὴρ
1192 1644 1236 1671 ἵνα
1253 1644 1438 1672 πιστεύσωσιν
1457 1644 1496 1675 εἰς
1523 1643 1615 1675 αὐτὸν,
1633 1643 1678 1669 καὶ
1710 1642 1805 1668 λοιπον
1821 1643 1836 1668 ὁ

1045 1691 1082 1726 μὴ
1099 1690 1237 1717 πιστεύων
1248 1690 1289 1722 εἰς
1303 1690 1386 1717 αὑτὸν
1397 1689 1567 1716 ἐναντιοῦται
1583 1689 1621 1723 τῷ
1638 1688 1774 1723 Θελήματι
1785 1688 1834 1714 τοῦ

1043 1734 1122 1761 Θεοῦ.
1137 1734 1234 1761 Δίδωσι
1244 1734 1330 1761 δὲκαὶ
1342 1735 1356 1761 ὀ
1371 1734 1465 1770 Πατὴρ
1476 1733 1515 1769 τῷ
1530 1734 1597 1769 Υἱῷ,
1611 1733 1716 1768 ὁδηγῶν
1731 1733 1836 1764 αὐτοὺς

1043 1781 1083 1812 είς
1097 1781 1148 1816 τὴν
1162 1781 1253 1808 πίστιν
1270 1781 1365 1808 αὑτοῦ·
1383 1781 1431 1808 καὶ
1443 1782 1457 1807 ὸ
1471 1780 1534 1812 Υἱὸς
1548 1781 1587 1816 τῷ
1613 1780 1713 1815 Πατρὶ,
1727 1781 1834 1815 προσά-

1044 1836 1100 1862 γων
1114 1828 1212 1859 αὐτοὺς
1227 1827 1302 1862 αὐτῷ
1316 1827 1361 1854 διὰ
1378 1826 1429 1862 τῆς
1443 1827 1574 1858 πίστεως.

1086 1875 1156 1902 Ἀλλ’
1168 1876 1191 1902 εἰ
1208 1875 1313 1906 ἐκεῖνος
1332 1874 1444 1910 ἔρχεται
1468 1874 1536 1909 πρὸς
1553 1874 1600 1901 τὸν
1616 1874 1692 1905 Υἱδν,
1713 1875 1729 1900 ὁ
1747 1874 1837 1904 δοθεὶς

1045 1923 1121 1955 παρὰ
1135 1921 1181 1947 τοῦ
1199 1921 1316 1956 Πατρδς,
1335 1920 1456 1952 ἀναίτιος
1475 1921 1530 1955 ἄρα
1547 1920 1562 1946 ὁ
1578 1921 1614 1956 μὴ
1631 1920 1726 1953 ἐλθὼν,
1739 1920 1778 1953 ὡς
1798 1920 1836 1955 μὴ

1044 1967 1132 1999 δοθεὶς
1148 1966 1223 2002 παρὰ
1238 1966 1285 1992 τοῦ
1299 1966 1414 2002 Πατρός·
1430 1966 1487 1993 ἀλλ’
1500 1967 1514 1993 ό
1529 1966 1624 2002 Πατὴρ
1646 1966 1771 1998 ἐκείνους
1793 1967 1836 1993 δί-

1045 2014 1126 2040 δωσιν
1137 2011 1174 2041 ὧν
1187 2014 1203 2048 ή
1223 2012 1383 2048 προαίρεσις
1396 2012 1499 2048 ἀγαθή.
1513 2013 1582 2039 Οὖτε
1596 2013 1651 2047 γὰρ
1663 2012 1735 2047 αὕτη
1749 2012 1834 2039 δύνα-

1045 2069 1092 2086 ται
1116 2059 1229 2094 ποιῆσαι
1254 2059 1362 2093 πιστὸν,
1391 2054 1515 2094 ἀπούσης
1532 2059 1582 2094 τῆς
1600 2059 1673 2094 παρὰ
1691 2059 1739 2085 τοῦ
1764 2059 1835 2085 Θεοῦ

1046 2107 1242 2141 χειραγωγίας·
1259 2105 1321 2132 οὒτε
1337 2106 1391 2140 μὴν
1404 2106 1498 2141 ἐκείνη
1516 2107 1655 2141 συνεργεῖ,
1672 2105 1711 2141 μὴ
1729 2105 1836 2140 παρού-

1047 2160 1096 2186 σης
1110 2152 1216 2186 ἀγαθῆς
1232 2151 1432 2187 προαιρέσεως.

244 2201 320 2230 Vers.
333 2202 378 2231 57.
393 2203 427 2230 Et
443 2217 477 2223 —
489 2203 573 2239 foras.
593 2201 687 2237 Neque
701 2203 754 2234 hic,
770 2210 786 2230 α
802 2210 861 2230 mea
877 2202 986 2230 familia-

1083 2198 1138 2225 Καὶ
1151 2213 1186 2218 —
1198 2198 1266 2230 ἔξω.
1281 2197 1344 2224 Οὖτ¹
1355 2198 1481 2231 ἐνταῦθα,
1498 2197 1551 2230 ἔξω
1565 2197 1615 2232 τῆς
1633 2197 1703 2232 ἐμῆς
1728 2197 1837 2223 οἰκειώ-

206 2249 300 2282 ritate,
315 2256 406 2283 neque
424 2249 472 2281 ibi,
487 2256 502 2275 a
518 2255 603 2283 regno
617 2249 749 2276 crelorum
767 2255 861 2280 :eum,
878 2249 923 2283 qui
937 2256 992 2276 non

205 2301 355 2330 utcunque,
369 2295 417 2322 sed
430 2300 506 2323 recto
524 2295 616 2322 animo
632 2295 666 2322 ad
680 2302 722 2321 me
737 2295 822 2322 venit.

240 2342 318 2369 Vers.
330 2341 375 2368 58.
392 2341 462 2374 Quia
476 2355 512 2361 —
525 2349 620 2368 me.—
637 2339 698 2367 Non
714 2345 742 2367 ut
761 2341 858 2375 [nciam
875 2341 995 2368 volunta-

207 2394 258 2416 tem
274 2395 334 2423 quae
343 2395 402 2414 mea
415 2391 467 2419 cst,
480 2387 537 2415 sive
549 2387 698 2422 propriam,
712 2395 800 2422 neque
814 2388 886 2415 enim
907 2388 994 2416 habeo

205 2434 355 2471 propriam,
367 2434 412 2461 sed
419 2433 578 2460 voluntatem
593 2434 650 2468 ejus
661 2434 706 2466 qui
721 2433 791 2460 misit
804 2441 855 2464 me.
873 2434 924 2461 hoc
941 2439 992 2466 est,

207 2489 391 2512 communem,
404 2488 464 2516 quae
480 2484 508 2507 et
524 2488 583 2507 mea
597 2484 639 2507 est
658 2484 685 2506 et
697 2480 779 2513 illius,
793 2487 909 2514 quorum
922 2480 994 2507 sicut

208 2532 249 2555 est
264 2535 318 2554 una
340 2526 479 2559 divinitas,
500 2526 536 2553 ita
552 2532 593 2554 est
608 2530 636 2554 et
651 2534 704 2553 una
724 2525 858 2553 voluntas.
875 2525 994 2554 Descen—

205 2574 246 2602 dit
258 2577 349 2601 autem
362 2573 396 2601 de
409 2573 480 2600 coelo
494 2573 644 2601 secundum
657 2572 837 2601 divinitatem.

261 2664 283 2679 “
301 2662 389 2690 lCor.
402 2670 422 2697 ι,
439 2663 465 2690 9.

1047 2254 1127 2278 σεως,
1145 2245 1207 2271 οὕτε
1234 2245 1302 2277 ἐκεῖ,
1324 2244 1377 2277 ἔξω
1393 2245 1443 2280 τῆς
1469 2244 1609 2280 βασιλείας
1624 2245 1679 2271 τῶν
1699 2244 1837 2279 οὐρανῶν.

1046 2293 1098 2319 Τὸν
1112 2292 1259 2327 ἐρχόμενον
1273 2291 1302 2318 δὲ
1318 2291 1366 2326 οὐχ
1384 2291 1487 2322 ἁπλῶς,
1505 2290 1562 2317 ἀλλ’
1579 2290 1677 2325 ὀρθῶς.

1083 2339 1143 2365 Ὅτι
1157 2353 1192 2358 -
1203 2347 1252 2373 με.
1266 2339 1369 2372 -Οὐχ
1385 2338 1434 2363 ἵνα
1442 2337 1517 2363 ποῶ
1532 2337 1562 2363 τὸ
1578 2336 1693 2370 θέλημα
1704 2335 1737 2362 τὸ
1751 2335 1835 2370 ἐμὸν,

1046 2386 1106 2422 ἦτοι
1120 2385 1149 2410 τὸ
1169 2385 1245 2410 ἴδιον·
1262 2383 1322 2410 οὐδὲ
1337 2384 1391 2418 γὰρ
1409 2382 1465 2418 (56)
1482 2382 1535 2417 ἔχω
1551 2381 1626 2407 ἴδιον·
1641 2380 1722 2408 ἀλλὰ
1738 2381 1772 2406 τὸ
1788 2380 1836 2406 θέ-

1046 2435 1126 2467 λημα
1138 2432 1191 2458 τοῦ
1204 2430 1379 2465 πέμψαντός
1398 2437 1447 2463 με,
1474 2429 1597 2454 τουτέστι
1611 2426 1640 2453 τὸ
1654 2426 1743 2453 κοινὸν
1766 2425 1838 2452 ὲκεί-

1048 2486 1093 2504 νου
1109 2485 1137 2502 τε
1150 2477 1195 2503 καὶ
1210 2475 1290 2510 ἐμοῦ,
1308 2473 1343 2501 ὧν
1359 2475 1396 2505 ὼς
1413 2473 1462 2508 μία
1476 2473 1582 2506 θεότης,
1595 2471 1666 2497 οὕτω
1680 2470 1728 2497 καὶ
1743 2471 1774 2497 ἓν
1792 2471 1837 2497 Θέ-

1046 2525 1132 2560 λημα.
1145 2522 1324 2557 Καταϐέϐηκε
1336 2521 1363 2547 δὲ
1375 2521 1407 2546 ὲκ
1419 2519 1467 2546 τοῦ
1483 2518 1598 2554 οὐρανοῦ
1625 2520 1657 2554 τῇ
1677 2517 1800 2553 θεὸτητι.

804 2697 902 2729 Varie:
923 2696 1077 2728 lectiones
1093 2700 1123 2728 et
1138 2699 1233 2727 notua.

247 2782 302 2817 (5|)
316 2782 417 2810 Τοῦτον
433 2783 479 2810 τὸν
496 2783 578 2817 ἄρτον
593 2783 627 2811 Α.

249 2818 303 2849 (52)
318 2818 351 2844 Δέ
366 2819 467 2845 omittit
492 2820 522 2846 Λ.

251 2852 306 2887 (55)
322 2853 353 2880 ’Π
368 2854 443 2882 abest
465 2855 498 2882 Α.

1089 2781 1144 2816 (5η
1167 2781 1282 2816 Πιτρὺς,
1304 2788 1353 2815 pro
1389 2780 1455 2807 Θεοῦ
1478 2781 1510 2807 Δ.

1089 2817 1144 2846 (55)
1175 2817 1250 2850 Παρὰ
1266 2816 1311 2842 τοῦ
1326 2816 1431 2850 Πατρός
1447 2817 1478 2842 Δ.

1087 2852 1144 2887 εδδ)
1167 2852 1236 2886 Ἐγώ
1250 2851 1323 2879 addit
1335 2851 1368 2878 Α.
