1919 3076
109 178 177 208 12ὶῦ

579 173 773 204 COMMENT.
793 173 831 203 ΙΝ
853 172 1042 204 JOANNEM.
1065 184 1099 190 -
1118 172 1198 204 CAP.
1219 172 1269 202 Vl.

1667 172 1678 204 1
1684 173 1736 204 250

145 233 235 260 Τοῦτο
258 247 292 252 -
322 232 428 266 ἡμέρᾳ.
446 231 502 258 Καὶ
531 230 585 266 μὴν
610 231 715 261 πάντας
743 229 893 264 ἀναστήσει

982 228 1059 256 Vers.
1075 228 1120 256 59.
1134 228 1197 256 Han;
1214 244 1249 248 —
1264 229 1315 255 die.
1334 228 1415 264 Atqui
1426 236 1522 257 omnes
1536 234 1601 257 tunc
1622 231 1737 258 τευ]εὼ

105 279 176 309 τότε,
194 278 316 308 καὶτοὺς
333 277 470 308 σωθέντας
487 276 534 303 καὶ
557 275 622 307 τοὺς
638 275 824 308 ἀπολωλότας,
844 275 892 302 καὶ

104 324 168 355 τοὺς
187 324 300 355 πιστοὺς
320 324 367 350 καὶ
381 323 443 354 τοὺς
457 322 599 354 ἀπίστουςυ
614 322 672 349 ἀλλ’
687 323 836 349 ἀνάστασιν
852 323 894 349 ὲν-

106 368 193 395 ταῦοα
204 369 277 403 λέγει
291 369 340 404 τὴν
353 370 398 396 ἐπὶ
416 368 581 400 ἀπολαύσει,
598 368 628 395 οὐ
640 368 693 403 τὴν
708 368 756 394 ἐπὶ
771 368 893 396 κολάσει.

112 414 171 448 Ἀφ’
185 411 222 440 ὧν
235 414 263 440 δέ
279 423 371 450 φησιν,
393 415 530 441 δείκνυσιν
546 415 587 440 ὃτι
612 413 701 441 κοινὸν
722 413 830 448 θέλημα.
847 412 895 440 καὶ

108 459 155 486 τοῦ
182 460 286 494 Πατρὸς
300 461 347 486 καὶ
364 461 411 486 τοῦ
424 459 491 487 Υίοῠ
516 459 548 487 τὸ
573 460 692 495 σωθῆναι
712 459 827 491 πάντας.
846 459 895 485 Διὰ

106 505 185 531 τοῦτο
198 506 251 540 γὰρ
267 506 280 531 ό
297 505 346 540 μὲν
361 506 534 539 ἀπέστειλεν,
549 507 563 533 ὁ
574 506 603 533 δὲ
619 505 800 541 παρεγένετο·
817 506 865 533 καὶ
880 506 894 532 ὀ

109 552 157 586 μὲν
179 551 270 578 δίδωσι
284 552 347 583 τοὺς
376 552 568 585 πιστεύοντας,
585 553 599 579 ό
621 551 649 578 δὲ
669 551 894 587 παραλαμϐάνων

108 597 200 629 σώζει.

145 644 216 679 [Ἵνα
232 643 287 679 (57)
302 644 339 679 μὴ
355 644 491 677 ἀπολέσω,
512 645 662 678 τουτέστιν,
675 645 718 673 ἕνα
736 645 774 681 μὴ
787 646 816 679 ἐξ
826 645 897 681 ἐμῆς

107 690 194 720 αἰτίας
223 690 357 724 ἀπόληται
372 698 424 722 τις.
452 691 508 717 Καὶ
531 691 659 726 ἀνωτέρω
679 691 734 726 γὰρ
748 689 835 722 εἶπεν,
855 691 895 717 ὅτι

110 734 167 761 Τὸν
181 735 346 769 ἐρχόμενον
359 738 435 770 πρός
444 745 482 771 με
493 737 529 763 οὺ
540 735 580 770 μὴ
591 736 706 763 έκδάλω
718 736 784 768 ἔξω·
796 736 896 762 Λοιπὸν

108 780 168 813 οὖν,
186 782 265 814 εἴτις
280 782 312 808 ἂν
325 783 458 813 ἑκουσίως
473 783 568 817 ἐξέλθῃ
582 783 628 808 καὶ
644 782 775 814 ἑκουσίως
792 782 897 818 ἀπόλη-

107 836 163 859 ται,
183 827 259 862 παρὰ
277 826 325 862 τὴν
342 827 439 854 ἑαυτοῦ
458 827 550 854 αἰτίαν
571 827 653 853 τοῦτο
668 826 777 861 πάσχει.
794 827 896 854 οὐδένα

108 873 163 908 γὰρ
176 875 190 899 ὁ
203 875 268 904 Θεὸς
287 873 353 908 πρὸς
370 874 494 908 ἀνάγκην
508 872 605 908 ἓλκει.]

947 274 1023 306 tabit.
1039 279 1067 301 et
1078 274 1123 309 qui
1139 274 1208 302 salvi
1225 279 1317 306 erunt,
1332 279 1358 302 et
1372 275 1419 310 qui
1439 275 1578 310 peribunt,
1595 280 1648 303 tam
1667 276 1736 303 lide-

946 319 986 347 les
1000 327 1081 354 quam
1103 320 1235 348 iniideles.
1251 320 1304 347 Sed
1320 322 1547 348 resurrectionem
1566 323 1616 348 hoc
1631 322 1659 348 in
1677 322 1738 349 loco

945 365 1082 400 appellant
1098 373 1171 398 eam,
1193 374 1254 401 qua:
1268 366 1321 394 erit
1335 365 1369 393 ad
1397 366 1528 400 requiem,
1547 374 1601 394 non
1623 375 1683 402 quae
1703 368 1737 394 ad

946 412 1121 446 supplicium.
1151 412 1184 439 Et
1207 420 1240 440 ex
1261 413 1304 440 bis
1328 412 1459 446 Ostendit,
1481 420 1655 440 communem
1677 421 1737 441 esse

947 457 1035 485 Patris
1050 463 1077 485 et
1099 458 1159 486 Filii
1178 458 1345 486 voluntatem
1367 463 1397 485 ut
1421 465 1519 486 omnes
1542 459 1609 486 salvi
1645 460 1735 490 ﬁant;

946 502 982 529 ob
1011 502 1039 529 id
1052 510 1170 537 namque
1185 508 1213 530 et
1229 502 1275 530 ille
1290 502 1373 535 misit,
1384 502 1465 529 etbic
1479 502 1609 536 advenit;
1627 502 1672 530 ille
1691 503 1737 530 dat

946 540 1100 580 credentes,
1115 553 1141 576 et
1156 549 1200 576 hic
1213 545 1451 583 servaeacceptos.

982 629 1020 664 ﬁ
1034 628 1072 657 Ne
1085 629 1206 664 perdam,
1222 629 1274 656 hoc
1282 633 1334 662 est,
1344 636 1378 656 ne
1394 636 1453 656 mea
1469 628 1552 664 culpa
1563 628 1663 667 aliquis
1687 637 1738 664 pe-

948 679 1016 702 reat.
1037 674 1103 702 Nam
1119 679 1146 702 et
1161 675 1286 708 superius
1304 674 1380 701 dixit:
1412 673 1563 701 Venientem
1579 672 1672 701 adﬁne
1687 683 1739 701 non

948 720 1076 755 expellam
1088 721 1172 756 foras.
1184 720 1358 755 Relinquitur
1369 727 1433 756 ergo
1448 726 1476 747 ut
1485 720 1506 747 si
1517 720 1578 755 quis
1590 721 1740 748 voluntarte

947 771 1028 793 exeat
1048 771 1075 793 et
1097 767 1251 793 voluntarie
1269 770 1372 801 pereat.
1393 775 1442 793 sua
1453 766 1531 801 culpa
1545 767 1596 794 hoc
1610 767 1738 802 patiatur.

947 810 1090 839 Neminem
1105 813 1177 839 enim
1196 813 1268 839 Deus
1285 814 1310 840 vi
1323 812 1417 840 trahit.

145 919 237 945 Τοῦτο
250 933 285 939 -
299 919 404 953 ἡμέρᾳ.
421 919 473 946 Τὸν
488 919 568 946 αὐτὸν
579 919 657 952 λόγον
668 918 821 954 σαφηνίζει,
833 928 895 946 συν-

983 913 1059 941 Vers.
1071 913 1114 940 40.
1128 913 1282 940 [hec—die.
1294 913 1424 941 Eumdem
1441 915 1560 942 declarat
1571 923 1740 952 sermonem,

108 965 252 1000 εχέστερον
266 965 347 991 αὑτὸν
363 965 468 999 ὲνηχῶν
494 965 539 991 ἵνα
555 962 602 1000 μὴ’
614 966 799 1001 εὐαπόϐλητος
818 966 897 1001 γένη-

107 1019 164 1042 ται,
193 1011 241 1036 καὶ
258 1010 301 1037 ἴνα
325 1010 499 1046 βεσαιότερον
525 1010 651 1046 μάθωσιν
683 1012 724 1038 ὅτι
748 1012 897 1043 ἀνάστασίς

107 1057 178 1089 ἐστι,
195 1057 242 1082 καὶ
257 1057 305 1091 τῆς
328 1058 369 1088 εἰς
389 1057 470 1083 αὑτὸν
486 1057 606 1089 πίστεως
632 1058 747 1093 ἁμοιῦὴ,
767 1060 815 1085 καὶ
841 1059 896 1084 τῶν

109 1104 229 1131 ἐνταῦθα
249 1104 444 1139 πνευματικῶν
461 1105 574 1141 ἀγώνων
601 1105 791 1137 ἀνταπόδοσις,
815 1105 862 1131 καὶ
872 1106 896 1131 εί

109 1151 148 1186 μὴ
166 1151 238 1178 κατὰ
254 1152 300 1178 τὸν
316 1152 438 1186 παρόντα
454 1152 513 1187 βίον
538 1153 752 1186 ἀπολαύσουσιν,
773 1152 842 1179 ἀλλά
864 1161 895 1185 γε

108 1199 180 1224 κατὰ
192 1198 237 1224 τὸν
257 1198 400 1233 μέλλοντα.
418 1198 475 1229 Πᾶς
489 1198 518 1224 δὲ
537 1199 550 1225 ό
570 1198 682 1234 θεωρῶν
693 1199 739 1225 τὸν
755 1198 818 1224 Υίὸν
839 1200 896 1229 τοῖς

106 1242 254 1278 ὀφθαλμοῖς
272 1244 321 1278 τῆς
328 1243 428 1278 ψυχῆς,
440 1244 453 1269 ὅ
469 1245 553 1276 ἐστιν,
568 1245 582 1270 ὀ
599 1243 737 1271 πιστεύων
753 1245 791 1275 si;
803 1244 895 1270 αὐτόν.

143 1288 322 1323 Ἐγόγγυζον
333 1303 370 1308 ——
379 1291 567 1323 καταϐέϐηκα
578 1297 588 1321 ;
599 1290 663 1316 Ὅτε
675 1290 724 1325 μὲν
738 1291 821 1325 ἄρτον
833 1290 898 1316 ἔδω-

107 1344 156 1362 κεν
173 1336 264 1367 αὐτοῖς
277 1336 324 1362 καὶ
336 1335 385 1371 τὴν
397 1336 520 1371 γαστέρα
530 1335 674 1371 ἐνέπλησε,
690 1337 737 1362 καὶ
754 1337 897 1371 προφήτην

108 1382 202 1416 ελεγον
213 1380 293 1415 εἶναι,
304 1382 351 1409 καὶ
363 1382 475 1417 βασιλέα
483 1382 597 1417 ποιῆσαι
612 1382 718 1417 ἠθελον·
727 1383 772 1408 ὅτε
783 1383 811 1409 δὲ
833 1383 897 1417 περὶ

107 1428 156 1455 τοῦ
172 1428 297 1463 οὐρανίου
327 1428 411 1463 ἄρτου
432 1428 479 1455 καὶ
496 1427 552 1463 (58)
578 1430 766 1464 πνευματικῆς
793 1430 895 1464 τροφῆς

109 1475 156 1509 καὶ
172 1474 245 1509 ζωῆς
260 1474 372 1501 αἰωνίου
385 1474 531 1507 διελέγετο,
547 1474 732 1508 ἐταράσσοντο
750 1476 796 1500 καὶ
814 1475 896 1509 ἐξηυ-

108 1521 214 1554 τέλιζον
230 1522 261 1548 τὸ
277 1523 357 1556 γένος
380 1522 475 1554 αὐτοῦ,
486 1521 541 1549 Ὧν
555 1523 628 1555 Θεὸς
638 1523 657 1556 ἠ
669 1523 769 1549 κοιλία
780 1523 835 1558 (59)
848 1532 897 1550 κα-

109 1569 162 1598 λῶς
172 1566 234 1595 εἷπε
244 1567 360 1599 Παῦλος.
370 1568 424 1594 Καὶ
431 1568 645 1602 προσεποιοῦντο
656 1569 704 1602 μὲν
718 1570 894 1602 ἀγανακτεῖν,

109 1616 175 1642 διότι
188 1613 274 1648 εἶπεν,
288 1615 330 1642 ’ὁτι
353 1614 404 1641 Ἐκ
423 1615 476 1641 τοῦ
500 1614 631 1651 οὐρανοῦ
656 1614 852 1649 καταϐέϐηκα·
867 1616 898 1642 τὸ

110 1661 139 1688 δὲ
145 1661 242 1696 ἀληθὲς
253 1660 434 1695 ἠγανάκτουν,
446 1659 512 1686 διότι
524 1660 573 1686 οὐκ
583 1659 682 1694 ἔθρεψε
693 1659 776 1686 πάλιν
787 1661 898 1694 αὐτοὺς,

112 1708 151 1740 ὼς
167 1708 352 1743 προσεδόκων.
370 1707 401 1733 Et
417 1707 470 1741 γὰρ
485 1705 520 1732 δι’
546 1707 635 1732 ἐκεῖνο
649 1705 810 1740 ἐγόγγυζον,
826 1707 898 1742 ἠρώ-

110 1762 197 1788 τησαν
211 1755 254 1786 ἂν,
271 1754 329 1786 πῶς
340 1753 423 1789 ἄρτος
440 1753 509 1787 ἐστὶ,
528 1752 587 1784 πῶς
603 1753 636 1779 ἐκ
650 1752 698 1778 τοῦ
715 1753 833 1788 οὐρανοῦ
849 1762 898 1780 κα-

110 1801 264 1837 ταὸέὸηκεν
274 1811 282 1835 ;

151 1848 181 1874 'U
195 1848 222 1874 δὲ
239 1848 355 1883 Χριστὸς
371 1848 422 1874 οὐκ
437 1846 515 1875 εἶπεν
527 1867 535 1881 ,
548 1847 588 1875 ὅτι
599 1848 660 1875 οὐκ
673 1847 732 1883 ειμι
754 1847 820 1881 υἱὸς
841 1847 899 1874 Ἰω-

111 1894 187 1928 σὴφ,
207 1894 268 1920 οὐδὲ
279 1894 380 1927 ἐδίδαξέ
391 1902 419 1921 τι
445 1894 509 1929 περὶ
523 1894 570 1920 τοῦ
589 1895 685 1929 γένους
700 1894 803 1927 αὑτοῦ,
818 1893 898 1928 γινώ-

113 1948 185 1966 σκων
204 1940 302 1970 αὐτοὺς
324 1939 401 1966 οῠπω
415 1940 581 1975 δυναμένους
596 1940 712 1967 ἀκοῦσαι
726 1940 772 1967 τὸν
792 1940 898 1975 θαυμά-

114 1987 176 2013 στὺν
189 1986 269 2012 τόκον
283 1986 378 2019 αὐτοῦ,
392 1987 438 2012 κα)¹
454 1986 545 2021 πολλῷ
562 1987 664 2021 μᾶλλον
672 1988 722 2022 τὴν
735 1985 899 2021 προαιώνιον

112 2031 196 2058 αὑτοῦ
225 2032 364 2067 γέννησιν.
391 2032 577 2068 οίκονομικῶς
595 2031 642 2059 οὖν
673 2033 835 2068 παρέδραμε
852 2033 899 2059 τὸν

113 2079 177 2114 περὶ
190 2079 286 2105 τούτου
302 2078 393 2113 λόγον,
408 2079 451 2105 τνα
464 2079 502 2114 μὴ
514 2079 608 2114 ἕτερον
619 2079 766 2107 σκάνδαλον
778 2079 899 2115 ἀναιρῶν

113 2126 156 2152 Et;
160 2134 207 2161 ρον
221 2124 337 2162 ἐμϐάλῃ.

155 2173 308 2207 Ἀπεκρίθη
344 2185 381 2193 ι·-
417 2172 521 2199 αῠτόν.
551 2172 677 2199 Ἔλευσιν
702 2172 770 2207 πρὸς
804 2172 900 2200 ἑαυτόν

113 2226 195 2254 φησιν
223 2219 254 2244 οὐ
270 2219 320 2254 τὴν
341 2217 445 2250 ἁπλῶς·
459 2217 521 2244 hcet
536 2217 583 2244 καὶ
594 2219 671 2245 αὐτοὶ
686 2219 735 2244 καὶ
744 2218 819 2244 ἄλλοι
833 2217 899 2244 πολ-

113 2266 155 2292 λοὶ
169 2265 284 2301 ἤρχοντο
307 2264 376 2300 πρὸς
392 2264 484 2291 αὐτόν·
512 2263 580 2292 ἀλλὰ
596 2264 645 2299 τὴν
660 2265 692 2290 ὲκ
716 2264 846 2295 πίστεως.
865 2265 897 2290 Ὃ
915 2263 936 2289 ι)

112 2311 139 2338 δὲ
153 2311 226 2346 λέγει
243 2311 365 2338 τοιοῦτον
391 2312 460 2338 ἐστι’
486 2311 607 2342 Εἰκότως
623 2311 654 2336 οὐ
678 2310 823 2337 πιστεύετέ
841 2318 898 2345 μοι,

112 2358 142 2384 οὐ
159 2358 213 2393 γὰρ
236 2357 397 2393 είλκύσθητε
415 2357 491 2392 παρὰ
505 2355 553 2383 τοῦ
579 2356 695 2390 ΙΙατρδς,
722 2356 760 2387 ὡς
782 2355 899 2387 ἀνάξιοι.

111 2403 218 2435 Οὐδεὶς
245 2404 300 2438 γὰρ
327 2403 454 2430 δύναται
474 2402 577 2430 ἐλθεῖν
598 2403 672 2436 πρὸς
694 2401 757 2436 ἐμὲ,
774 2401 833 2437 ἡτοι
856 2410 901 2427 πι-

115 2450 226 2476 στεῦσαι
241 2451 280 2482 εἰς
295 2451 354 2485 ἐμὲ,
364 2450 419 2477 ἐὰν
433 2450 475 2485 μὴ
491 2451 507 2476 ὁ
524 2449 625 2483 Πατὴρ
639 2451 654 2476 ό
667 2449 786 2483 πέμψας
795 2456 833 2482 με
849 2448 900 2474 ἐλ-

114 2497 193 2529 κύσῃ
209 2497 310 2523 αὐτόν.
328 2497 430 2532 Είρηκε
444 2497 500 2531 γὰρ
514 2496 562 2523 καὶ
577 2497 718 2531 ἀνωτέρω,
737 2496 777 2522 ὅτι
797 2494 870 2526 Πᾶν,
884 2494 899 2520 ὃ

115 2543 220 2570 δίδωσί
243 2551 295 2577 μοι
317 2544 332 2569 ὁ
349 2542 462 2577 Πατὴρ,
490 2544 564 2576 πρὸς
581 2543 634 2577 ἐμὲ
665 2542 741 2575 ἧξεν
766 2542 813 2567 καὶ
835 2541 901 2567 ἀνά-

115 2588 199 2624 γνωθι
214 2588 262 2614 τοῦ
279 2588 399 2615 τοιοὺτου
423 2588 506 2623 ῥητοῦ
521 2589 571 2623 τὴν
596 2588 726 2623 ἐξήγησιν
751 2587 902 2622 συμῦαλλο-

117 2635 202 2671 μένην
216 2636 254 2666 εἰς
266 2637 296 2661 τὺ
310 2635 500 2671 προκείμενον.

170 2707 193 2722 ³³
207 2705 325 2740 Philipp.
339 2705 428 2738 m,l9.
482 2705 505 2719 “
519 2703 598 2731 Joan.
615 2713 653 2737 vt,
669 2705 715 2732 57.

948 958 1120 994 frequentius
1132 967 1194 986 eum
1211 959 1357 994 inducens,
1374 968 1407 988 ne
1417 959 1660 996 facile_rejieiatur.
1673 968 1700 990 et
1711 968 1741 991 ut

947 1005 1052 1032 tit-titius
1063 1005 1169 1032 discant
1196 1005 1318 1033 futuram
1340 1013 1401 1034 esse
1418 1010 1648 1036 resurrectionem
1659 1017 1691 1037 ac
1706 1010 1740 1036 ﬁ-

947 1051 1068 1086 dei,qua:
1080 1052 1106 1078 in
1119 1051 1209 1086 ipsum
1220 1057 1272 1083 est,
1285 1052 1486 1086 repensionem,
1503 1053 1740 1090 spiritualiumque

947 1097 1141 1129 certaminum,
1155 1105 1215 1131 qua:
1229 1097 1273 1124 hic
1289 1098 1439 1125 tolerantur
1456 1099 1674 1134 retributionem,
1685 1110 1740 1137 qua

948 1143 969 1170 si
991 1151 1045 1170 non
1071 1147 1136 1170 sunt
1150 1143 1258 1170 l‘ruituri
1270 1144 1298 1171 in
1318 1144 1447 1178 praesenti
1473 1145 1536 1178 vita,
1554 1150 1581 1172 at
1598 1147 1694 1174 saltem
1710 1149 1739 1176 in

947 1188 1049 1215 futura.
1067 1189 1159 1216 Omnis
1174 1193 1265 1216 autem
1276 1190 1322 1224 qui
1335 1189 1408 1217 videt
1423 1189 1522 1218 Filium
1532 1212 1540 1225 ,
1557 1193 1645 1221 oculis
1662 1194 1738 1221 vide-

947 1233 1011 1261 licet
1028 1233 1101 1266 ﬁdei,
1113 1234 1165 1260 hoc
1184 1239 1236 1267 est,
1249 1235 1295 1269 qui
1310 1234 1399 1262 credit
1411 1235 1438 1262 in
1457 1243 1530 1263 eum.

986 1289 1061 1317 Vers.
1087 1291 1131 1317 Η.
1149 1290 1354 1317 Murmurabant
1369 1305 1404 1310 —
1420 1291 1498 1319 Vers.
1521 1291 1565 1319 42.
1594 1292 1714 1321 descendi
1728 1295 1740 1322 7

947 1335 1062 1368 Quando
1085 1343 1182 1370 panem
1198 1336 1273 1363 dedit
1289 1336 1330 1363 eis
1355 1336 1535 1371 implevitque
1559 1343 1694 1372 ventrem,
1712 1345 1740 1368 et

947 1382 1109 1417 prophetam
1121 1389 1182 1409 esse
1194 1382 1330 1415 dicebant,
1343 1387 1371 1409 et
1383 1390 1473 1418 regem
1490 1391 1584 1410 creare
1599 1385 1737 1413 volebant:

948 1428 994 1454 ubi
1007 1435 1070 1455 vero
1083 1428 1116 1455 de
1131 1428 1236 1455 ccelesti
1254 1435 1323 1462 pane
1349 1432 1376 1455 et
1399 1429 1534 1463 spirituali
1545 1430 1616 1462 cibo,
1631 1431 1740 1467 vitaque

947 1479 1049 1501 aeterna
1062 1474 1201 1505 disseruit.
1214 1474 1394 1502 turbabantur
1409 1482 1442 1502 ac
1457 1483 1542 1510 genus
1570 1476 1656 1511 ipsius
1669 1484 1741 1506 atte-

948 1520 1080 1553 nuabant,
1091 1521 1125 1547 de
1135 1520 1234 1555 quibus
1245 1521 1314 1548 bene
1326 1521 1395 1548 dixit
1411 1521 1524 1550 Paulus:
1540 1523 1657 1555 Quorum
1670 1525 1740 1553 IJeus

909 1581 932 1613 C
948 1571 1035 1593 venter
1048 1565 1205 1593 est‘.'.Nam
1223 1566 1360 1601 ﬁngebant
1370 1574 1399 1594 se
1414 1567 1560 1602 indignari.
1571 1570 1643 1603 quod
1657 1569 1743 1597 dixis-

950 1616 1000 1639 set:
1014 1613 1052 1639 De
1065 1612 1128 1639 caelo
1136 1612 1266 1643 descendi,
1277 1620 1337 1639 cum
1349 1612 1441 1640 verius
1450 1613 1741 1650 indignarentur,quod

950 1665 1058 1685 rursum
1068 1666 1115 1685 eos
1126 1665 1179 1685 non
1193 1658 1322 1693 pavisscl,
1339 1659 1412 1685 sicut
1429 1660 1650 1694 speraverant.Si
1665 1661 1738 1690 enim

949 1703 984 1730 ob
1013 1703 1079 1731 illud
1102 1704 1232 1740 indignati
1252 1705 1380 1737 fuissent,
1400 1705 1613 1740 interrogassent
1636 1708 1742 1742 utique,

949 1751 1085 1785 quomodo
1100 1752 1178 1785 panis
1191 1755 1265 1778 esset
1275 1771 1282 1783 ,
1297 1751 1434 1786 quomodo
1448 1751 1482 1779 de
1499 1753 1569 1780 cwlo
1583 1753 1742 1782 descendis-

950 1796 1004 1824 set?

985 1842 1110 1870 Christus
1123 1849 1214 1870 autent
1225 1851 1280 1870 non
1299 1843 1375 1870 dixit:
1394 1842 1452 1870 Non
1466 1851 1526 1871 sum
1545 1844 1615 1871 illius
1624 1844 1739 1879 Joseph,

950 1896 1040 1923 neque
1054 1889 1200 1924 quidquam
1213 1889 1248 1917 de
1263 1897 1362 1925 genere
1373 1897 1424 1916 suo
1437 1889 1541 1923 docuit,
1566 1891 1740 1926 sciens,quod

951 1934 988 1961 illi
1010 1935 1130 1961 nondum
1148 1934 1243 1962 audire
1258 1938 1386 1969 poterant
1411 1934 1601 1962 admirandum
1618 1937 1660 1963 sui
1677 1945 1743 1971 par-

953 1987 1021 2014 tutn,
1035 1986 1062 2009 et
1076 1982 1161 2009 multo
1176 1984 1266 2009 minus
1276 1986 1406 2009 aeternam
1432 1982 1473 2009 sui
1490 1983 1693 2018 generationem
1706 1991 1739 2010 ae

951 2028 1135 2055 nativitatem:
1156 2028 1217 2055 ideo
1236 2028 1436 2062 dispensatorie
1452 2027 1486 2055 de
1507 2028 1551 2055 his
1579 2029 1660 2056 rebus
1681 2037 1743 2056 ser-

952 2080 1060 2100 monem
1073 2073 1254 2107 praetermisit,
1265 2080 1300 2101 ne
1312 2081 1366 2100 uno
1375 2072 1538 2101 oﬂendiculo
1548 2074 1654 2102 sublato
1668 2075 1742 2103 aliud

951 2120 1092 2146 excitaret.

989 2175 1066 2202 Vers.
1085 2175 1129 2202 45.
1147 2175 1290 2209 Respondit
1301 2189 1336 2194 —
1347 2173 1426 2202 Vers.
1444 2176 1489 2203 44.
1506 2184 1576 2203 eum.
1594 2177 1741 2205 Accessum

953 2220 987 2248 ad
1000 2228 1030 2247 se
1047 2221 1123 2253 dicit,
1146 2228 1201 2248 non
1226 2221 1453 2257 qualemcunque,
1480 2221 1614 2257 siquidem
1638 2227 1666 2250 et
1691 2224 1741 2255 illi,

951 2273 979 2295 ct
992 2267 1070 2295 multi
1087 2268 1134 2295 alii
1153 2267 1185 2295 ad
1201 2267 1289 2302 ipsum
1306 2268 1452 2295 veniebant
1467 2277 1475 2295 :
1490 2269 1538 2295 sed
1560 2276 1633 2301 eum,
1652 2269 1698 2305 qui
1709 2277 1742 2296 ex

950 2313 1003 2341 ﬁde
1031 2317 1081 2340 est.
1100 2313 1178 2346 Quod
1202 2316 1304 2341 autem
1320 2314 1394 2347 dicit,
1420 2315 1472 2342 hoc
1485 2319 1526 2342 est
1543 2322 1550 2341 :
1567 2315 1661 2342 Merito
1683 2323 1740 2342 non

949 2360 1060 2387 creditis
1080 2360 1157 2393 mihi,
1169 2367 1256 2395 neque
1273 2360 1347 2387 enim
1364 2361 1470 2388 attracti
1486 2360 1551 2387 estis
1564 2369 1580 2387 ει
1593 2361 1683 2393 l’atre,
1697 2366 1742 2388 ut-

950 2411 1013 2441 pote
1028 2406 1142 2441 indigni:
1163 2406 1248 2433 Nemo
1262 2407 1330 2433 enim
1342 2411 1425 2441 potest
1453 2408 1540 2434 venire
1559 2409 1594 2434 ad
1613 2396 1664 2438 uie,
1683 2407 1741 2435 sive

950 2452 1062 2480 credere
1078 2453 1104 2479 in
1127 2460 1181 2485 me,
1200 2453 1251 2479 nisi
1266 2452 1356 2486 Pater,
1378 2454 1423 2488 qui
1448 2454 1518 2480 misit
1549 2461 1600 2485 me,
1627 2455 1741 2480 traxerit

949 2497 1088 2526 eum.Nam
1104 2503 1131 2526 et
1141 2499 1267 2534 superius
1280 2499 1358 2526 dixit:
1372 2499 1453 2527 Omne
1471 2501 1540 2534 quod
1552 2500 1597 2525 dat
1609 2500 1673 2526 milii
1685 2499 1741 2526 Pa-

949 2550 998 2578 ter,
1015 2546 1050 2572 ad
1060 2554 1099 2572 me
1110 2547 1194 2573 veniet
1206 2547 1240 2574 I‘:
1252 2551 1279 2574 et
1292 2546 1364 2574 illius
1377 2546 1441 2574 dicti
1451 2547 1507 2581 lege
1522 2546 1738 2579 enarrationem,

949 2597 1011 2617 eum
1038 2591 1120 2618 etiam
1139 2592 1173 2619 ad
1186 2592 1356 2627 propositum
1373 2592 1484 2619 verbum
1500 2592 1632 2619 conferat.

711 2765 810 2797 Varie:
832 2765 987 2799 lectiones
1005 2772 1037 2799 et
1056 2771 1152 2800 notae.

153 2834 208 2870 (57)
229 2832 334 2870 inclusa
348 2832 434 2870 codex
446 2837 561 2867 uterque
577 2833 605 2859 in
636 2832 758 2868 margine
777 2834 899 2862 exhibet.

118 2867 272 2898 lleittenius
289 2875 344 2894 non
365 2867 455 2896 habet.

155 2904 210 2940 (58)
225 2903 281 2938 Τῆς
296 2903 462 2938 addendum,
487 2907 533 2934 aut
543 2903 589 2930 τοῦ
601 2903 680 2940 paulo
692 2907 756 2931 ante
771 2904 898 2933 omitten-

951 2835 1027 2862 dum.

985 2870 1041 2906 (59)
1059 2871 1149 2905 Forte,
1168 2870 1205 2902 ὼς
1222 2870 1321 2904 καλῶς,
1346 2876 1401 2904 aut,
1420 2867 1458 2899 ὧν
1474 2870 1540 2897 Θεὸν
1552 2870 1600 2906 τὴν
1625 2869 1740 2898 κοιλίαν.
