1919 3076
104 175 173 208 1253

574 172 767 203 COMMENT.
787 172 827 202 IN
848 170 1036 203 JOANNEM.
1055 183 1090 190 -—
1105 170 1184 201 CAP.
1205 170 1255 201 VI.

1664 169 1733 202 125!

102 234 189 262 ταῦτα
216 234 279 269 περὶ
296 232 392 262 ἑαυτοῦ
408 231 545 267 διαφόρως
573 229 644 264 εἷπε,
665 232 698 266 τῇ
719 231 845 266 συνεχείᾳ.
859 230 893 258 δι-

953 229 1079 266 Superius
1087 237 1197 265 queque
1212 229 1283 256 idem
1295 229 1328 256 de
1340 228 1431 264 seipso
1440 228 1523 256 variis
1536 228 1563 255 in
1572 228 1639 257 locis
1654 231 1731 262 dixit,

104 279 237 314 ερεοίζων
259 279 357 309 αὐτοὺς
380 278 420 310 εἰς
441 277 471 304 τὺ
493 277 628 312 ἐρωτῆσαι
644 277 702 308 πῶς
726 277 807 311 ἄρτος
829 277 887 302 ἐστὶ

103 326 219 360 ζωηρὸς,
237 324 284 351 καὶ
302 324 360 356 πῶς
379 325 410 350 ἐκ
425 323 472 350 τοῦ
488 322 602 357 οὐρανοῦ
618 322 819 357 καταϐέϐηκεψ
832 322 889 348 ἀλλ’

104 373 202 398 ἐκεῖνοι
217 371 285 406 πρὸς
304 371 388 406 μόνην
401 371 520 405 ὁρῶντες
532 370 581 404 τὴν
611 368 761 404 θεραπείαν
778 369 827 403 τῆς
841 377 891 401 γα-

104 418 195 452 στρὸς,
214 417 301 444 πάντα
319 416 401 443 τᾶλλα
418 415 533 452 περιττὰ
556 415 692 450 ἐνόμιζον,
707 414 744 446 ὡς
761 415 891 450 προειρή-

104 472 204 498 καμεν.

146 509 216 536 Ἐὰν
240 523 274 529 --
289 508 400 542 ζαιῶνα.
423 507 487 535 Ἐάν
506 516 548 538 τις
564 515 686 544 μετασχῃ
700 508 750 542 τῆς
764 507 892 534 διδασκα-

103 555 163 587 λίας
176 554 270 582 αὑτοῦ.
294 555 393 580 Ἐσοίει
414 555 468 590 γὰρ
483 554 513 586 ἐξ
541 553 626 580 αὐτοῦ
639 554 653 580 ό
675 553 890 588 μεταλαμϐάνων

103 601 216 637 ταύτης
235 601 336 635 βρῶσις
360 601 413 636 γὰρ
442 602 489 626 καὶ
515 599 597 634 αὕτη,
615 601 753 636 τρέφουσα
771 599 821 634 τὴν
842 600 892 634 ψυ-

103 647 164 681 χήν.
193 647 322 680 triverat
346 645 380 672 δὲ
406 647 449 679 εις
475 646 529 673 τὸν
545 645 647 678 αἰῶνα,
674 646 763 672 εἴτουν
778 645 833 676 ἀεὶ,
854 644 892 676 ὡς

105 692 241 726 μηδέποτε
258 691 438 726 ἀποθνήσκων
455 692 501 718 τὸν
527 691 643 726 ψυχικὸν
662 690 787 718 θάνατον.
802 690 891 726 Ψυχι-

104 737 151 769 κὸς
167 737 195 763 δὲ
219 737 335 768 Θάνατος
354 738 368 764 ό
384 737 439 763 ἀπὸ
466 737 513 763 τοῦ
531 737 598 763 Θεοῦ
626 737 780 773 χωρισμό;’
795 737 892 772 ὥσπερ

105 785 151 810 καὶ
165 784 321 818 σωματικὺς
337 784 452 814 θάνατος
466 784 481 810 ὁ
499 784 553 810 ἀπδ
570 784 619 818 τῆς
635 783 725 818 ψυχῆς
736 783 887 818 χωρισμός.

103 831 172 856 Ζωοῖ
187 830 240 864 γὰρ
255 830 285 856 τὸ
301 830 380 865 σῶμα
392 830 442 865 μὲν
458 830 475 864 ἡ
486 830 570 865 ψυχή·
585 830 635 865 τὴν
648 829 737 865 ψυχὴν
752 829 779 855 δὲ
789 831 803 855 ὁ
814 829 890 860 Θεός.

140 876 195 902 Καὶ
219 876 271 911 μὴν
291 876 383 902 πολλοὶ
407 875 557 910 μετέλαϐον
585 876 637 910 τῆς
654 875 827 907 διδασκαλίας
843 875 890 901 τοῦ

105 920 222 955 Χριστοῦ
233 919 344 955 καὶ(64)
362 919 518 946 ἀπώλοντο·
541 919 608 946 ἀλλὰ
623 919 716 951 κακῶς
743 920 893 955 ἐχρήσαντο

103 969 137 1003 τῇ
156 967 320 1002 μεταλήψεν
341 966 389 993 νῦν
408 967 436 993 δὲ
454 967 519 1002 περὶ
544 966 599 993 τῶν
621 966 712 998 καλῶς
734 967 804 1004 αὐτῇ
838 966 893 1001 (65)

104 1015 253 1049 χρωμένων
266 1015 279 1040 ὁ
294 1014 383 1047 λόγος,
397 1014 426 1040 οὗ
442 1014 504 1048 περὶ
517 1014 571 1040 τῶν
583 1013 799 1048 διαφθειράντων
809 1013 894 1048 αὐτὴν

105 1060 230 1095 ἐπιμιξίᾳ
243 1060 386 1093 δογμάτων
405 1059 531 1095 πονηρῶν
544 1060 561 1095 ἦ
583 1059 731 1093 φαυλότητι
745 1058 893 1090 πολιτείας.

107 1105 225 1137 Ἐδειξεν
253 1104 300 1132 οὗν
325 1106 366 1132 ὅτι
395 1106 538 1140 κρείττονα
560 1106 642 1141 ἄρτον
669 1105 775 1136 τούτοις
805 1105 895 1131 δίδωσι

105 1153 181 1187 παρὰ
191 1152 220 1178 τὸ
236 1151 324 1186 μάννα
347 1151 361 1177 ὃ
385 1151 486 1186 ἔφαγον
513 1152 538 1178 οι
566 1151 684 1186 πατέρες
705 1151 794 1178 αὐτῶν
821 1152 849 1177 ὲν
862 1152 894 1185 τῇ

104 1198 212 1233 ἐρήμῳ.
233 1198 336 1224 Ἐκεῖνο
350 1198 399 1232 μὲν
413 1198 467 1233 γὰρ
485 1199 509 1225 οι
534 1198 668 1232 φαγόντες
689 1198 843 1230 ἀπέθανον,
864 1197 896 1224 ὲκ

105 1245 198 1270 τούτου
213 1243 240 1270 δὲ
251 1243 274 1268 οἱ
288 1242 438 1277 τρώγοντες
457 1242 584 1277 ζήσονται
598 1243 638 1274 ei;
653 1242 699 1269 τὸν
715 1241 810 1269 αιῶνα.

140 1326 245 1355 Καὶ-
259 1326 336 1353 ἐστί.
365 1325 442 1352 Κοιτά
465 1325 511 1352 δύο
533 1325 651 1360 τρόπους
676 1325 757 1360 ἄρτος
783 1324 858 1351 ἐστὶν
881 1325 896 1352 ό

107 1374 234 1409 Χριστὸς,
252 1373 322 1400 κατά
343 1381 373 1399 τε
396 1371 446 1407 τὴν
469 1371 584 1406 θεότητα
610 1372 658 1398 καὶ
682 1372 754 1398 κατὰ
773 1373 822 1407 τὴν
850 1372 897 1398 ἀν-

110 1419 284 1455 θρωπότητα.
304 1418 417 1451 massa;
446 1417 492 1444 οὖν
514 1417 579 1453 περὶ
604 1416 651 1443 τοῦ
680 1417 750 1444 κατὰ
770 1417 820 1453 τὴν
838 1417 896 1443 θεό-

109 1464 243 1500 τητα,νῦν
259 1464 379 1491 διδάσκει
396 1464 444 1491 καὶ
459 1462 583 1498 περὶτοῦ
599 1464 669 1490 κατὰ
687 1463 736 1498 τὴν
754 1463 896 1498 ἀνθρωπό-

108 1520 188 1546 τητα.

145 1559 204 1585 οὐκ
219 1556 280 1584 εἷπε
297 1556 336 1590 δὲ,
352 1557 392 1583 ὅτι
411 1557 458 1582 Ὃν
473 1556 578 1591 δίδωμι,
597 1556 666 1588 ἀλλ’,
681 1557 721 1582 ὅτι
735 1557 790 1583 Ὃν
797 1555 893 1583 δώσω.

112 1603 228 1638 Ἔμελλε
246 1603 300 1637 γὰρ
315 1602 395 1629 αὑτὸν
411 1601 506 1628 δώσειν
524 1603 552 1628 ὲν
568 1601 606 1636 τῷ
622 1602 768 1637 τελευταίῳ
785 1602 894 1637 δείπνῳ,

109 1650 151 1676 ὅτε
166 1648 255 1675 λαόὼν
274 1647 320 1675 τὸν
343 1648 424 1683 ἄρτον
448 1647 496 1673 καὶ
519 1647 718 1682 εὐχαριστήσας
734 1647 789 1682 (66)
799 1647 895 1674 Excitatus

111 1696 157 1722 καὶ
171 1695 255 1721 ἐδίδου
267 1695 322 1726 τοῖς
334 1693 467 1729 μαθηταῖς
483 1693 529 1719 καὶ
546 1691 606 1719 εἷπε
616 1701 622 1708 ’
637 1692 727 1720 Adde:
733 1701 757 1725 ε,
769 1693 877 1728 φάγετε
887 1701 895 1709 ο

111 1742 200 1769 τοῦτό
217 1743 282 1768 ἐστι
294 1742 328 1767 τὸ
341 1740 426 1775 σῶμά
439 1749 509 1774 μου.

147 1788 269 1822 Ζήτησον
283 1786 329 1813 οὖν
340 1786 370 1812 τὸ
383 1785 528 1820 ἑξηκοστὸν
544 1784 672 1820 τέταρτον
689 1783 836 1818 κεφάλαιον
849 1783 896 1811 τσῦ

111 1834 181 1862 κατὰ
196 1833 345 1867 Ματθαίον,
360 1832 406 1860 καὶ
423 1833 484 1867 (67),
495 1831 558 1859 ἔνθα
577 1832 663 1858 κεῖται
678 1831 708 1857 τὸ
721 1832 774 1864 Εις
787 1830 898 1865 ἄφεσιν

113 1880 274 1914 ἁμαρτιῶν,
284 1879 421 1913 ἀνάγνωθι
435 1878 485 1914 τὴν
505 1879 636 1913 ἐξήγησιν
653 1878 716 1913 ὅλην
728 1897 737 1911 ,
763 1879 808 1904 καὶ
817 1879 898 1913 εὑρή-

113 1934 170 1957 σεις
188 1925 246 1957 πῶς
261 1926 318 1951 ἐστι
333 1925 363 1950 τδ
378 1925 456 1959 σῶμα
473 1924 556 1951 αὑτοῦ
572 1923 664 1961 ἄρεος.

151 1973 253 1999 Ἦν-
269 1971 353 2004 ζωῆς.
378 1970 470 2003 Δώσω,
485 1971 524 2002 είς
539 1969 663 1996 Θάνατον.
688 1969 820 1996 Ἐνταῦοα
843 1969 898 2003 γὰρ

112 2019 161 2054 τὴν
178 2018 328 2054 σταύρωσιν
345 2017 427 2044 αὐτοῦ
443 2015 637 2051 προσημαίνει.
656 2015 692 2042 Τὸ
705 2015 744 2048 δὲ,
764 2016 820 2042 Ἦν
840 2015 898 2050 ἐγὼ

112 2066 210 2098 δώσω,
226 2066 256 2092 τὸ
271 2065 394 2092 ἑκούσιον
416 2063 545 2100 ἐμφαίνει
569 2063 616 2089 τοῦ
637 2063 760 2090 τοιούτου
782 2062 896 2094 πάθους.

155 2158 502 2193 Ἐμάχοντο-μαγεῖν;
534 2158 729 2193 Ἐταράττοντο
757 2156 794 2194 μὴ
820 2157 899 2185 δυνά-

115 2213 190 2240 μενοι
210 2204 348 2232 πιστεύειν
375 2205 414 2240 τῷ
436 2205 506 2239 λόγῳ
529 2204 573 2231 διὰ
594 2205 624 2231 τὺ
647 2205 734 2231 δοκεῖν
757 2205 895 2233 ἀδύνατον.

942 276 1086 304 iteratione
1108 276 1213 303 exitans
1228 283 1285 305 eos.
1313 281 1341 302 ut
1368 275 1577 310 interrogarent,
1595 277 1732 310 quomodo

942 327 1015 349 esset
1028 322 1104 356 panis
1119 321 1197 348 vivus
1212 328 1260 348 seu
1274 320 1423 352 viviﬁcans,
1439 325 1467 347 et
1480 328 1597 354 quonam
1609 321 1691 348 modo
1700 322 1734 350 de

942 368 1011 395 ccelo
1025 367 1222 395 descendisset.
1241 366 1342 393 Verum
1361 366 1398 392 illi
1416 366 1501 394 solam
1518 368 1622 394 ventris
1639 376 1732 395 curam

942 419 1107 449 Spectantes,
1124 418 1219 441 caetera
1231 412 1321 440 omnia
1332 411 1468 447 superﬂua
1481 413 1625 445 ducebant,
1636 421 1732 447 quem-

942 461 1086 488 admodum
1104 460 1288 495 praediximus.

978 506 1056 534 Vers.
1069 506 1112 532 51.
1129 506 1158 532 Si
1173 520 1208 525 —
1224 511 1360 532 wtcrnum.
1379 504 1406 532 Si
1420 505 1482 540 quis
1506 504 1637 532 doctrinae
1661 504 1735 533 illius

922 587 927 594 '
944 553 1079 586 particeps
1091 551 1182 579 fuerit.
1198 551 1264 578 Nam
1281 551 1326 586 qui
1347 559 1406 578 eam
1426 550 1579 586 participat,
1596 557 1671 578 exeo
1685 558 1733 579 co-

943 599 1046 625 medit:
1062 598 1195 632 siquidem
1207 603 1233 625 et
1248 598 1304 633 ipsa
1319 597 1396 625 cibus
1407 602 1448 624 est
1461 597 1578 624 animam
1596 598 1734 625 nutriens.

944 644 1012 672 Vivet
1021 646 1047 671 in
1057 649 1193 677 wternum,
1210 644 1267 672 sive
1283 652 1400 678 semper,
1413 648 1506 679 utpote
1523 651 1660 678 nunquam
1671 651 1727 671 mo—

943 691 1044 717 I'illll‘US
1061 696 1146 718 morte
1156 691 1264 723 animae;
1289 699 1362 717 anI‘S
1382 696 1472 717 alitem
1488 690 1586 717 animm
1598 696 1639 718 est
1651 698 1732 725 sepa-

943 736 1011 764 ratio
1025 745 1039 764 a
1055 737 1119 769 Deo,
1135 738 1363 772 quemadmodum
1378 737 1459 764 ctiam
1470 745 1542 764 mors
1558 738 1680 772 corporis
1689 742 1732 764 est

944 783 1030 817 ipsius
1049 783 1082 810 ab
1097 776 1187 810 anima
1201 784 1346 818 separatio.
1367 783 1433 810 Nam
1451 783 1510 818 ipsa
1526 783 1616 810 anima
1632 791 1732 818 corpus

942 829 1070 860 viviﬁcat,
1082 830 1199 856 animam
1219 837 1282 856 vero
1295 832 1377 856 Dens.

982 876 1065 910 Atqui
1093 877 1186 910 plures
1214 877 1365 910 perierunt,
1394 883 1440 910 qui
1472 875 1603 903 doctrina:
1631 874 1733 902 Christi

944 922 1056 950 fuerunt
1071 923 1226 957 participes,
1244 923 1290 950 sed
1311 923 1412 957 il1i_tali
1435 922 1645 957 participatione
1665 921 1734 948 male

946 970 987 996 usi
1010 973 1094 1002 sunt;
1116 977 1190 996 nunc
1211 975 1302 997 autem
1327 967 1361 997 de
1381 970 1422 997 his
1446 973 1488 996 est
1510 976 1610 1001 sermo,
1635 969 1681 1004 qui
1700 975 1733 996 ea

946 1016 1018 1043 bene
1033 1016 1074 1043 usi
1093 1021 1167 1048 sunt,
1183 1024 1237 1043 non
1249 1017 1282 1043 de
1297 1016 1350 1043 illis
1364 1016 1410 1051 qui
1424 1024 1484 1042 eam
1498 1023 1643 1050 pravorum
1659 1022 1734 1042 com-

945 1061 1072 1088 mistione
1092 1061 1259 1097 dogmatum.
1285 1065 1331 1088 aut
1357 1061 1577 1088 conversationis
1597 1060 1732 1096 pravitate

945 1111 1135 1139 corruperunt.
1165 1105 1291 1133 Ostendit
1320 1113 1395 1140 ergo,
1421 1105 1492 1140 quod
1517 1106 1732 1140 praestantiorem

946 1147 998 1174 illis
1011 1147 1101 1174 cibum
1115 1147 1225 1177 tribuat.
1237 1155 1318 1182 quam
1329 1147 1410 1174 fuerit
1422 1154 1531 1180 manna,
1556 1147 1627 1182 quod
1639 1154 1732 1182 como-

946 1191 1048 1218 derunt
1074 1195 1165 1226 patres
1195 1181 1289 1218 eorum
1319 1192 1347 1219 in
1372 1192 1501 1219 deserto:
1520 1181 1730 1226 illirsiquidem.

946 1239 1092 1271 postquam
1119 1235 1308 1268 comederunt,
1337 1235 1437 1263 mortui
1457 1241 1531 1268 sunt,
1551 1235 1597 1270 qui
1618 1242 1683 1262 vero
1699 1242 1734 1262 ex

946 1280 998 1307 boe
1015 1280 1109 1313 edunt,
1130 1280 1222 1308 vivent
1238 1281 1265 1308 in
1276 1273 1426 1309 tazternum.

981 1325 1060 1354 νοτε.
1072 1327 1102 1354 5i
1111 1347 1118 1354 .
1131 1326 1165 1353 Et
1173 1332 1261 1355 —esl.
1272 1328 1382 1356 Duobus
1397 1328 1485 1356 modis
1496 1328 1623 1357 Christus
1633 1327 1733 1355 dicitur

946 1380 1006 1401 esse
1026 1375 1115 1408 panis,
1134 1375 1284 1401 secundum
1305 1374 1476 1402 divinitatem
1495 1375 1623 1402 videlicet
1637 1378 1664 1402 et
1680 1373 1733 1401 hu-

946 1422 1113 1449 manitatem.
1142 1422 1287 1456 Postquam
1315 1429 1380 1457 ergo
1407 1421 1498 1449 docuit
1524 1422 1558 1450 de
1580 1421 1661 1449 modo
1685 1421 1733 1457 qui

947 1468 1097 1494 secundum
1129 1467 1300 1495 divinitatem
1326 1473 1378 1500 est,
1392 1475 1466 1495 nunc
1487 1467 1567 1495 etiam
1594 1467 1673 1495 docet
1699 1467 1734 1494 de

947 1514 1026 1541 modo
1038 1515 1083 1549 qui
1097 1520 1139 1541 est
1152 1514 1301 1542 secundum
1316 1514 1525 1542 humanitatem.

983 1559 1044 1586 Non
1059 1564 1148 1586 autem
1161 1560 1246 1587 dixit:
1263 1560 1349 1592 Quem
1364 1559 1414 1593 do,
1428 1559 1475 1587 sed
1492 1567 1568 1594 quem
1576 1559 1643 1585 dabo
1654 1558 1734 1585 datu-

947 1613 994 1632 rus
1010 1613 1126 1640 namque
1142 1609 1200 1632 erat
1213 1605 1240 1631 in
1254 1604 1347 1631 ultima
1362 1612 1455 1637 ccena,
1472 1604 1581 1639 quando
1595 1608 1732 1638 sumptum

947 1659 1044 1686 panem
1052 1652 1120 1678 actis
1131 1651 1224 1687 gratiis
1233 1651 1322 1686 fregit,
1331 1651 1460 1686 deditque
1474 1651 1626 1685 discipulis,
1636 1655 1663 1678 et
1676 1650 1733 1678 ait:

947 1697 1074 1732 Accipite,
1092 1697 1216 1724 comedit:
1228 1705 1238 1730 ;
1249 1697 1296 1723 hoc
1310 1701 1347 1724 est
1361 1705 1454 1732 corpus
1469 1705 1556 1724 meum
1564 1697 1597 1724 ³⁸.

980 1793 1077 1826 Quare
1085 1800 1150 1827 ergo
1159 1792 1357 1827 sexagesimum
1367 1796 1493 1826 quartum
1506 1796 1587 1826 caput
1596 1792 1734 1827 Evangelii

948 1839 1097 1866 secundum
1109 1838 1281 1869 Matthmum;
1300 1837 1380 1864 etubi
1391 1837 1508 1871 positum
1521 1841 1573 1867 εηι,
1594 1838 1622 1864 in
1641 1839 1733 1864 remi:-

946 1886 1044 1912 sionem
1059 1888 1226 1918 peccatorum
1241 1884 1275 1916 ",
1291 1883 1349 1918 lege
1365 1887 1449 1910 totam
1464 1883 1679 1915 enarrationem,
1702 1891 1734 1911 ac

948 1931 1070 1958 invenies
1085 1930 1221 1965 quomodo
1236 1937 1334 1964 corpus
1352 1929 1411 1964 ejus
1424 1930 1459 1957 sit
1474 1930 1564 1964 panis.

984 1977 1058 2004 Vers.
1082 1976 1126 2003 5|.
1147 1975 1234 2008 Quam
1254 1989 1290 1994 —
1310 1975 1376 2002 vita.
1395 1974 1469 2002 Dabo
1488 1975 1515 2002 in
1536 1979 1662 2003 mortem.
1683 1975 1734 2002 Hic

949 2023 1022 2050 enim
1034 2022 1236 2050 cruciﬁxionem
1248 2029 1324 2048 suam
1338 2021 1493 2056 praisignat.
1506 2020 1604 2048 Dicens
1621 2026 1710 2048 autem
1725 2029 1734 2047 :

950 2069 1037 2102 Quam
1050 2077 1097 2103 ego
1106 2068 1185 2100 dabo,
1202 2067 1353 2094 ultroneam
1378 2066 1463 2094 fuisse
1485 2066 1617 2102 signiﬁcat
1640 2066 1735 2102 hujus-

949 2114 1020 2141 mnlli
1038 2114 1202 2149 passionem.

987 2161 1061 2189 Vers.
1078 2161 1122 2188 52.
1142 2160 1315 2188 Deccrmbaut
1337 2174 1372 2181 -
1386 2160 1420 2186 ad
1437 2159 1623 2186 comedendum
1636 2160 1649 2186 ?
1663 2159 1734 2186 Tur-

949 2208 1093 2239 babautur.
1105 2215 1160 2234 non
1176 2210 1300 2242 potentes
1313 2205 1433 2233 sermoni
1449 2205 1572 2235 credere,
1589 2205 1661 2239 quod
1683 2205 1736 2231 hoc

114 2252 208 2279 Πάντα
238 2252 292 2287 γὰρ
318 2253 387 2278 κατὰ
415 2251 495 2285 φύσιν
522 2251 703 2285 ἐξετάζοντες,
714 2252 790 2279 οὐδὲν
818 2252 893 2288 ὕπερ-

953 2253 1116 2288 impossibile
1138 2253 1285 2279 videretur.
1305 2252 1372 2278 Nam
1392 2259 1454 2280 cum
1474 2251 1564 2278 omnia
1585 2251 1734 2278 secundum

114 2299 179 2332 (pus;
188 2298 366 2334 παρεδέχοντο
383 2298 448 2332 (68).

149 2390 426 2424 ΕΤπεν-ἐουτοῗς.
457 2391 569 2418 Ἐκεῖνοι
593 2391 642 2426 μὲν
669 2391 798 2418 ἀδόνατον
822 2392 899 2419 τοῦτο

114 2438 324 2471 ὑπελάμϐανον·
354 2438 432 2470 αὐτὸς
456 2438 484 2464 δὲ
507 2439 641 2465 δείκνυσιν
669 2439 734 2465 αὐτὸ
763 2440 810 2466 καὶ
835 2439 899 2474 σφό-

113 2484 164 2518 δρα
178 2483 289 2510 δυνατόν
305 2484 376 2518 (69)·
391 2486 436 2510 καὶ
448 2485 476 2510 οὐ
492 2485 570 2511 τοῦτο
583 2485 663 2519 μόνον
673 2485 741 2511 ἀλλὰ
751 2486 797 2512 καὶ
812 2486 896 2518 ἀναγ-

114 2531 201 2562 καῖον,
214 2530 282 2563 ὅπερ
296 2529 343 2555 καὶ
358 2531 404 2556 ἐπὶ
419 2531 466 2557 τοῦ
478 2531 632 2566 Νικοδήμου
650 2532 794 2567 πεποίηκε.
810 2533 897 2567 Προσ-

167 2620 190 2638 ⁸⁸
204 2621 299 2649 Matth.
313 2629 384 2654 xxvi,
402 2621 448 2648 26.
503 2623 525 2638 "
540 2622 605 2650 ibid.
620 2622 674 2664 28._

949 2305 1074 2327 naturam
1085 2297 1263 2333 inquirerent,
1274 2298 1341 2325 nihil
1353 2299 1425 2332 quod
1438 2306 1521 2333 supra
1532 2302 1654 2325 naturam
1665 2302 1734 2330 erat,

931 2365 934 2368 ν
950 2346 1141 2374 admittebant.

986 2393 1064 2420 νει-ε.
1077 2393 1121 2419 55.
1137 2391 1210 2418 Dixit
1225 2405 1260 2411 -—
1274 2391 1355 2418 vobis.
1377 2391 1416 2418 Illi
1438 2391 1547 2426 quidem
1564 2391 1616 2419 hoc
1632 2392 1734 2426 impos-

949 2439 1028 2466 sibile
1038 2438 1206 2473 judicabant,
1222 2437 1280 2472 ipse
1295 2444 1360 2465 vero
1373 2438 1486 2464 omnino
1500 2437 1630 2472 possibile
1644 2442 1735 2464 osten-

951 2485 1007 2517 dit;
1022 2485 1144 2519 nequeid
1158 2488 1274 2515 tantum,
1287 2484 1334 2511 sed
1344 2483 1621 2516 etiamneccssarium
1636 2491 1643 2509 :
1660 2483 1733 2517 quod

951 2532 1032 2559 etiam
1059 2531 1123 2558 fecit
1146 2531 1179 2558 ad
1207 2530 1492 2558 Nicodemum..Addit
1506 2533 1620 2557 autem:
1643 2529 1676 2556 Et
1702 2530 1735 2556 de

708 2701 812 2732 ’νηπίω
838 2701 993 2733 lectiones
1014 2703 1045 2732 et
1064 2705 1149 2732 notae

151 2797 206 2833 (Si)
242 2796 336 2824 Πολλοὶ
352 2797 400 2832 μὲν
412 2796 508 2824 ἔλαϐον
525 2797 570 2825 Δ.¹

150 2832 209 2876 (ϐδλ
223 2833 302 2860 Forte
328 2833 520 2868 χρησαμένων,
535 2836 564 2860 ut
582 2836 676 2865 antea,
708 2835 734 2859 et
761 2840 822 2860 mox
839 2832 883 2859 δια

115 2868 292 2903 φθειράντων.

152 2903 206 2939 (66)
224 2903 331 2932 Etenim
346 2903 546 2940 εὐχαριστήσας
560 2902 606 2932 illo
615 2903 642 2931 in
657 2904 728 2939 loco,
749 2911 803 2933 non
820 2905 895 2932 εὐλο-

948 2798 1045 2834 γήσας,
1061 2797 1253 2834 llabentcodd.
1272 2797 1399 2833 Eutnym.
1414 2802 1441 2825 et
1451 2799 1496 2826 alii
1510 2799 1647 2833 permulti.

994 2833 1038 2866 67)
1068 2834 1122 2860 Καί
1140 2833 1215 2860 abest
1230 2834 1265 2860 A.

997 2868 1042 2903 68)
1064 2867 1225 2903 ’Υπερφυῶς
1242 2867 1440 2903 παραδέχονται
1457 2869 1489 2895 Λ.

987 2902 1044 2940 (69)
1056 2902 1161 2939 Σφόδρα
1177 2903 1305 2931 ἀδύνατον
1321 2902 1351 2930 Β.
