1919 3076
223 161 292 193 1255

215 219 353 252 sanguine,
377 215 534 251 signiﬁcans
551 214 584 241 de
611 221 679 248 pane
695 222 727 240 ac
752 217 861 248 poculo,
887 221 957 248 qum,
980 218 1009 258 ut
1024 217 1046 244 Α

215 263 317 289 dictum
333 264 383 292 est,
401 261 514 287 daturus
527 263 586 285 erat
599 258 740 292 discipulis
755 258 780 285 in
800 259 895 285 ultima
916 266 1006 286 cinna.

216 309 321 336 Rursus
336 312 425 334 autem
441 305 523 332 vitam
539 305 604 332 dicit
615 308 745 332 aeternam
761 305 818 332 sivc
833 305 952 332 beatam.

248 443 326 471 Vers.
341 443 384 470 54.
398 443 449 475 Qui
462 457 497 462 —
507 447 644 470 wteruam.
666 442 802 470 Continue
825 443 852 470 in
879 450 1007 470 sermone

215 491 248 517 de
265 490 446 517 sacramentis
460 489 632 522 immoratur,
650 490 688 516 rei
706 491 901 518 necessitatem
913 495 1007 517 osten-

213 536 293 567 deus,
315 540 378 570 puta
394 535 466 569 quod
479 535 530 562 hoc
540 536 653 562 omnino
673 536 728 562 licri
742 540 875 570 oporteat.

255 580 335 607 Vers.
356 579 400 606 5i.
417 580 449 606 Et
464 580 557 607 —-die.
574 579 677 606 Crebro
693 588 849 608 sermonem
865 580 899 608 de
915 580 969 607 vita
982 585 1009 607 et

213 626 413 653 resurrectione
427 625 537 660 repetit,
549 625 666 660 cupiens
680 633 743 653 eum
755 626 841 653 menti
851 626 1007 653 auditorum

213 671 341 705 imprimi.
361 671 426 703 Qua:
444 679 509 706 ergo
524 671 607 699 variis
625 672 652 699 in
673 672 740 699 locis
763 672 958 707 praemisimus,
975 680 1008 699 ea

213 724 288 744 nunc
302 717 330 743 iu
355 724 489 744 summam
512 717 664 753 colligenda
680 723 754 746 sunt.
772 717 812 744 Ex
835 725 889 752 quo
912 725 1009 745 omnes

216 763 344 791 homines
365 764 546 791 resuscitaudi
579 769 663 797 sunt,
695 772 846 800 omnesque
876 770 1008 800 perpetuo

213 809 322 842 victuri,
342 809 494 846 intelligere
515 810 645 838 convenit
665 811 896 838 resurrectionem
919 811 1007 846 justo«

214 863 275 882 rum
292 856 414 890 quidem,
424 864 484 884 eam
495 864 555 891 qua:
565 856 617 884 erit
629 857 656 883 in
667 855 800 884 [ruitione
812 866 820 890 ;
830 863 1006 892 peccatorum

216 909 292 933 vero,
319 909 380 936 quae
407 902 434 928 in
461 902 606 941 supplicio.
632 901 753 930 Rursum
773 902 854 930 vitam
877 908 1008 930 aeternam

213 947 366 982 justorum,
396 956 458 976 eam
482 956 543 982 qua:
570 949 664 976 critin
692 949 785 984 requie
804 958 812 982 ;
830 955 1008 984 peccatorum

212 998 314 1025 autem.
332 1002 392 1028 qua:
409 1001 437 1020 in
455 994 611 1023 tormentis.

248 1038 326 1065 Vers.
345 1038 388 1065 55.
407 1038 475 1066 Caro
491 1039 561 1065 enim
573 1054 606 1062 ——
619 1044 706 1073 polus.
721 1055 755 1060 —
776 1040 857 1067 Verus
873 1045 911 1068 est
926 1041 1007 1073 cibus,

213 1083 271 1110 sive
286 1083 455 1118 aptissimus,
471 1088 566 1118 utpote
581 1083 714 1114 animam,
733 1092 794 1119 quae
817 1085 1007 1120 propriissima

213 1129 334 1155 hominis
346 1137 408 1163 pars
419 1134 470 1161 est,
484 1129 612 1157 nutriens
624 1135 631 1159 :
645 1134 673 1157 et
682 1129 809 1157 similiter
818 1131 853 1158 de
863 1131 1005 1166 sanguine.

212 1175 266 1202 Aut
279 1175 331 1203 hoc
352 1176 430 1204 dixit.
450 1176 619 1204 conﬁrmans
639 1177 716 1212 quod
739 1185 795 1205 non
821 1178 1007 1214 a‘nigmatice,

213 1229 266 1256 neq
272 1230 305 1248 ue
325 1222 482 1256 parabolice
499 1223 667 1260 loqueretur.

249 1267 324 1294 γεγε.
350 1267 394 1295 56.
429 1268 529 1300 Qui—
542 1269 599 1296 illa.
612 1284 648 1289 —
664 1269 698 1296 In
721 1278 762 1297 me
781 1275 887 1302 manet,
913 1272 1009 1299 unitur

217 1314 285 1340 milii
298 1322 346 1349 per
358 1315 680 1350 transsutnptionemtmxl
691 1322 717 1344 et
729 1318 1006 1345 comnmnicationcm

211 1367 280 1386 mea:
305 1360 395 1386 carnis
421 1360 531 1394 meique
554 1362 708 1396 sanguinis,
735 1366 764 1389 et
793 1370 878 1390 unum
906 1370 1009 1397 corpus

212 1411 320 1430 mecum
338 1403 465 1436 cllicitur,
482 1412 513 1431 ac
531 1405 669 1440 particeps
683 1406 744 1433 vitae
759 1414 821 1441 qua:
839 1406 866 1433 in
882 1414 925 1434 me
939 1411 981 1433 est
1001 1415 1008 1440 ;

211 1449 283 1484 quod
302 1449 323 1476 si
341 1449 384 1476 ille
401 1449 428 1476 in
440 1458 482 1477 me
498 1455 549 1483 est,
567 1451 662 1486 utique
676 1456 703 1478 ct
719 1459 769 1486 ego
783 1452 810 1479 in
828 1453 885 1479 illo.

250 1495 326 1522 V'ers.
355 1496 400 1523 57.
424 1495 500 1524 Sicut
522 1513 556 1519 -η
577 1497 697 1525 Patrem.
716 1498 803 1531 Sicut,
830 1500 878 1534 qui
902 1507 1010 1534 semper

211 1543 278 1570 vivit
295 1542 386 1576 Pater,
403 1544 477 1571 misit
489 1551 543 1576 tne,
558 1545 596 1571 ita
610 1548 638 1571 ct
649 1551 700 1580 ego
711 1545 919 1572 immutabiliter
932 1546 1006 1579 vivo,
1020 1559 1042 1590 ρ

210 1597 244 1616 eo
256 1591 328 1624 quod
341 1599 356 1617 ιι
369 1591 479 1617 vivente
495 1590 575 1617 Patre
588 1595 671 1618 natus
686 1598 759 1618 sum.

245 1634 265 1668 »ι-
285 1634 314 1661 In
334 1635 520 1670 cognitionem
542 1642 593 1662 nos
609 1635 725 1669 inducit,
747 1637 822 1671 quod
838 1637 1007 1673 principium

210 1679 320 1712 habeat,
346 1684 374 1706 et
395 1687 450 1706 non
474 1679 510 1706 sit
534 1680 638 1715 absque
664 1681 799 1716 principio
823 1682 895 1709 sicut
916 1683 1006 1710 Pater.

211 1727 265 1753 Aut
278 1727 360 1753 etiam
371 1726 425 1753 alio
438 1729 520 1754 modo
533 1747 541 1760 ,
559 1732 665 1762 propter
690 1726 810 1761 Patrem,
823 1728 849 1755 id
863 1733 922 1756 est:
939 1728 1008 1762 Quia

210 1771 290 1798 Pater
305 1771 389 1804 vivit;
408 1771 461 1798 nisi
474 1772 547 1798 enim
563 1772 608 1799 ille
623 1772 740 1806 viveret,
758 1781 850 1808 neque
865 1781 915 1809 ego
930 1774 1007 1802 vive-

210 1825 279 1845 rem.
298 1817 367 1850 Quia
382 1825 447 1845 vero
462 1817 508 1845 ille
528 1818 596 1845 vivit
623 1823 651 1846 et
672 1826 723 1854 ego
736 1819 808 1847 vivo.
833 1820 866 1846 Et
889 1820 942 1847 nisi
963 1820 1008 1848 ille

210 1864 335 1896 haberet,
359 1872 530 1899 quaecunque
554 1864 647 1897 habet,
672 1873 762 1900 neque
790 1874 840 1901 ego
865 1866 1006 1900 haberem,

213 1917 385 1944 quzecunque
416 1909 517 1937 habeo.
546 1909 686 1944 Siquidem
719 1912 798 1938 nobis
826 1912 918 1939 omnia
943 1916 1009 1940 sunt

209 1953 317 1986 eadem,
329 1953 451 1987 exceptis
468 1953 662 1988 personalibus
680 1954 905 1989 proprietatibus.

248 1998 325 2026 νει-ε.
349 1999 393 2027 57.
420 1999 566 2027 Et—me.
594 2000 830 2033 Quemadmodum
858 2010 908 2036 ego
931 2002 1007 2035 vivo,

209 2048 273 2082 quia
290 2054 369 2075 natus
382 2055 443 2075 sum
458 2056 473 2075 a
485 2048 596 2076 vivente
613 2048 705 2082 Patre,
722 2049 759 2076 ita
777 2053 804 2076 et
816 2050 861 2082 qui
877 2050 934 2077 edit
948 2057 1004 2082 mc,

211 2092 268 2127 ipse
281 2100 390 2128 quoque
404 2094 487 2126 vivet,
501 2101 534 2122 eo
545 2094 619 2129 quod
633 2102 676 2122 me
691 2095 738 2130 qui
750 2095 805 2122 vita
817 2103 889 2129 sum,
905 2096 1003 2129 ederit,

209 2139 349 2174 vitamque
369 2139 584 2175 participaverit.

248 2186 374 2213 Vers.58.
393 2186 442 2213 Hic
457 2201 492 2206 —
506 2188 551 2222 qui
572 2187 715 2214 descendit.
733 2187 794 2221 Hic,
809 2193 886 2223 puta,
903 2189 950 2224 qui
966 2189 1006 2216 vi-

210 2236 263 2259 tam
279 2237 390 2266 praestat
404 2233 612 2267 sempiternam.

249 2277 325 2304 Vers.
342 2278 386 2305 58.
400 2277 460 2305 Non
473 2293 510 2299 ——
526 2280 624 2307 mortui
635 2285 706 2309 sunt.
730 2280 791 2308 Non
809 2282 910 2309 mortui
929 2287 1004 2315 sunt,

211 2324 256 2358 qui
284 2323 359 2350 illum
385 2324 513 2358 ederunt,
547 2325 687 2354 videlicet.
717 2325 792 2354 Sicut
812 2333 902 2362 patres
925 2328 1005 2354 vestri

209 2370 374 2396 comederunt
390 2378 489 2397 manna
504 2377 528 2398 et
543 2373 642 2399 mortui
658 2377 718 2400 sunt
732 2381 742 2406 ;
761 2381 856 2400 verum
874 2374 946 2401 sicut
964 2375 1003 2406 lii,

209 2417 255 2450 qui
272 2423 371 2444 manna
389 2416 454 2444 illud
476 2418 670 2450 comederunt,
693 2426 776 2446 carne
800 2420 902 2446 mortui
926 2425 1002 2452 sunt,

208 2462 244 2489 ita
259 2465 286 2489 ct
298 2462 344 2497 qui
359 2470 455 2497 panem
469 2463 541 2491 hunc
552 2463 647 2497 edunt,
663 2471 747 2492 carne
760 2465 926 2492 moriuntur.
944 2465 998 2492 Sed

208 2507 236 2536 lii
253 2508 312 2542 soli,
336 2516 398 2536 cum
420 2509 448 2536 in
476 2517 524 2544 spe
548 2510 610 2537 vita:
630 2514 739 2538 αξιοι-ηερ
762 2510 927 2544 moriuntur,
943 2519 998 2539 non

208 2551 334 2579 videnlur
353 2553 433 2586 mori,
453 2554 502 2581 sed
519 2554 686 2581 obdormire.

1025 889 1044 915 Β

1020 2246 1042 2272 ι)

316 2705 406 2743 Malim
430 2707 640 2743 προσημαίνων.

247 2741 302 2775 (71)
320 2741 483 2777 Plerumque
500 2741 598 2778 spiritu
618 2743 672 2771 leni
687 2743 812 2771 scribunt
832 2745 957 2778 Codices,
972 2751 1000 2772 ut

209 2775 254 2803 hic
268 2782 393 2810 uterque.

315 2811 432 2851 ‘éiquﬁ;
445 2814 535 2851 enim,
550 2822 605 2851 non
640 2815 760 2850 άληθῶς,
777 2815 852 2851 legit.

243 2846 299 2880 (75)
327 2847 386 2872 Ζῶν
396 2846 496 2876 omittit
515 2846 546 2875 Δ.
562 2850 652 2886 Malim
674 2846 769 2878 tellere
781 2846 858 2886 pFius
875 2850 940 2882 ζῦιν.

244 2895 298 2927 (xx)
317 2894 584 2931 Trttnssttmpliottem.
606 2899 646 2926 Ad
666 2899 790 2934 verbum,
813 2901 1040 2936 partiripationem

843 155 1030 186 EUTl-IYMU
1051 155 1135 185 ZIGA
1142 154 1230 184 BEN!

1787 149 1854 181 1276

1061 212 1151 247 τίθησι
1170 212 1199 237 δὲ
1214 211 1269 238 Καὶ
1296 210 1362 245 περὶ
1390 209 1443 236 τοῦ
1470 207 1775 243 αἵματος,,σημαένων
1799 208 1854 242 (70)

1060 259 1124 292 περὶ
1149 257 1196 284 τοῦ
1220 257 1302 290 ἄρτου
1319 256 1366 282 καὶ
1388 255 1435 282 τοῦ
1460 254 1590 290 ποτηρίου
1612 253 1631 281 ἃ.
1654 253 1787 287 ἔμελλεν,
1819 253 1855 284 ὡς

1060 305 1191 340 εἴρηται,
1219 303 1311 329 δοῦναι
1336 303 1392 333 τοῖς
1422 301 1559 336 μαθηταῖς
1588 301 1616 326 ἐν
1644 299 1682 334 τῷ
1706 299 1854 334 τελευταίῳ

1059 351 1169 385 δείπνῳ.
1191 348 1267 384 Ζωὴν
1281 348 1310 375 δὲ
1331 347 1412 375 πάλιν
1432 347 1506 380 λέγει
1522 345 1571 381 τὴν
1590 345 1709 378 αἰώνιον,
1733 345 1794 380 ἦτοι
1808 344 1854 378 τὴν

1061 396 1213 433 μακαρίαν.

1099 443 1127 469 ὀ
1149 457 1184 462 -—
1201 441 1331 470 αἰώνιον.
1355 439 1479 474 Συνεχῶς
1507 437 1617 473 στρέφει
1639 437 1683 464 τὸν
1705 437 1771 472 περὶ
1800 436 1853 464 τῶν

1061 488 1220 525 μυστηρίων
1245 488 1335 522 λόγον,
1361 487 1468 516 δεικνυς
1491 485 1521 512 τὸ
1543 486 1691 518 ἀναγκαῖον
1710 484 1758 510 τοῦ
1780 485 1852 518 πρα-

1059 544 1174 571 γματος,
1187 535 1228 561 ὅτι
1242 534 1349 564 πάντως
1364 532 1490 567 γενέσθαι
1502 531 1581 557 τοῦτο
1593 532 1657 566 χρὴ.

1095 582 1151 610 Καὶ
1164 596 1197 601 -
1210 580 1314 615 ἡμέρα.
1331 579 1445 611 Πυκνῶς
1462 578 1560 605 ἑλίττει
1585 578 1640 612 (Ἠ)
1659 580 1704 603 καὶ
1723 578 1770 604 τὸν
1790 577 1854 611 περὶ

1059 629 1108 664 τῆς
1133 627 1208 662 ζωῆς
1231 628 1278 654 καὶ
1300 626 1350 661 τῆς
1377 625 1553 656 ἀναστάσεως
1577 625 1666 658 λόγον,
1692 624 1855 659 βοιλόμενος

1059 673 1140 699 αὑτὸν
1163 672 1320 698 ἐντυπῶοαι
1342 672 1376 706 τῇ
1399 670 1503 705 διανοίᾳ
1516 670 1570 697 τῶν
1588 670 1751 696 ἀκουόντων.
1774 670 1811 695 'A
1828 669 1855 696 δὲ

1059 719 1194 754 διαφόρως
1209 717 1452 753 προεστειλάμεοα,
1464 717 1549 743 ταῦτα
1559 716 1605 742 νῦν
1622 716 1774 751 συλλήϐδην
1791 717 1856 742 ἁνα-

1060 762 1279 796 κεφαλαιωτὲοψ
1296 762 1348 794 ὅτι,
1367 762 1429 787 ἐπεὶ
1444 760 1544 792 πάντες
1566 759 1705 795 ἄνθρωποι
1730 761 1855 793 ἀναστή-

1063 817 1163 841 τονται,
1177 809 1225 835 καὶ
1237 807 1338 838 πάντες
1348 808 1479 842 ζήσονται
1489 806 1616 838 αἰωνίως,
1629 807 1764 841 προσήκει
1783 808 1854 832 νοεῖν

1060 855 1219 887 ἀνάστασιν,
1236 855 1282 880 ἐπὶ
1297 854 1352 880 τῶν
1366 853 1479 881 δικαίων
1495 854 1546 888 μὲν
1557 853 1608 888 τὴν
1624 854 1670 879 ἐπὶ
1682 852 1854 884 ἀπολαύσει,

1060 902 1106 927 ἐπὶ
1119 901 1173 928 τῶν
1185 900 1355 936 ἁμαρτωλῶν
1366 900 1451 935 δὲτὴν
1466 900 1511 926 ἐπὶ
1523 899 1632 926 κολάσει
1645 908 1652 916 ³
1664 900 1711 926 καὶ
1725 899 1760 926 αὖ
1783 900 1856 934 ζωὴι

1061 949 1111 981 μὲν
1127 947 1236 975 αἰώνιον
1250 948 1297 973 ἐπὶ
1310 948 1364 973 τῶν
1379 948 1490 973 δικαίων
1506 946 1554 981 τὴν
1576 947 1604 972 ὲν
1620 946 1787 979 ἀπολαὺπει,
1811 948 1856 972 ἐπὶ

1059 993 1087 1019 δὲ
1098 993 1152 1020 τῶν
1170 994 1342 1029 ἁμαρτωλῶν
1358 994 1408 1028 τὴν
1421 994 1450 1020 ὲν
1461 993 1584 1020 κολάσει.

1102 1040 1133 1068 Ἠ
1152 1043 1206 1076 γὰρ
1227 1041 1307 1075 σὰρξ
1322 1055 1355 1061 -—
1377 1041 1526 1073 πόσις.-
1554 1040 1684 1074 Ἀληθής
1705 1039 1764 1074 (7'2)
1790 1040 1857 1066 ἐστι

1056 1086 1182 1121 βρῶσις,
1197 1087 1257 1122 ἢτοι
1278 1086 1450 1122 κυριωτάτη,
1466 1085 1504 1118 ὡς
1524 1085 1555 1112 τὸ
1579 1085 1750 1120 κυριώτατον
1772 1086 1857 1120 μέρος

1058 1132 1105 1158 τοῦ
1121 1132 1269 1168 ἀνθρώπου
1285 1132 1423 1167 τρέφουσα
1438 1134 1487 1167 τὴν
1502 1132 1591 1167 ψυχήν
1602 1139 1609 1146 ·
1623 1131 1671 1158 καὶ
1685 1131 1716 1158 τὸ
1729 1129 1805 1166 αἷμα
1825 1131 1854 1158 δὲ

1059 1178 1171 1214 ὁμοίως.
1200 1179 1234 1205 Ἢ
1260 1177 1347 1205 ταῦτα
1368 1176 1428 1205 εἷπε
1455 1178 1572 1213 βεῦαιῶν
1597 1177 1638 1204 ὃτι
1664 1177 1715 1204 οὐκ
1739 1177 1857 1212 αἴνιγμα

1060 1223 1135 1257 λέγει
1151 1223 1211 1250 οὐδὲ
1230 1223 1400 1258 παραϐολήν.

1100 1267 1256 1301 Ὀ-αὺτῷ.
1268 1268 1360 1295 -Ἔν
1370 1268 1434 1303 ἐμοὶ
1447 1268 1542 1303 μένει,
1559 1267 1665 1294 ἑνοῦται
1686 1276 1731 1302 μοι
1747 1268 1793 1294 διὰ
1808 1268 1856 1302 τῆς

1061 1313 1238 1348 μεταλήψεως
1253 1314 1301 1340 καὶ¹
1317 1313 1461 1345 κοινωνίας
1480 1314 1528 1348 τῆς
1541 1304 1728 1349 ὲμῆξσαρκὸς
1744 1315 1794 1340 καὶ
1809 1313 1857 1340 τοῦ

1060 1358 1128 1394 ἐμοῦ
1144 1359 1268 1394 αἵματος,
1285 1360 1331 1386 καὶ
1347 1359 1491 1394 σύσσωμός
1511 1368 1557 1394 μοι
1579 1359 1683 1393 γίνεται
1702 1360 1750 1386 καὶ
1774 1361 1856 1395 μέτο-

1059 1414 1106 1440 χος
1121 1407 1171 1441 τῆς
1191 1407 1220 1432 ἐν
1236 1405 1297 1441 ἐμοὶ
1315 1405 1404 1441 ζωῆς·
1417 1406 1440 1431 εί
1456 1406 1478 1432 δ’
1493 1407 1597 1437 ἐκεῖνος
1613 1405 1642 1432 ἐν
1655 1405 1728 1440 ἐμοὶ,
1745 1406 1856 1436 πάντως

1060 1451 1139 1486 κάγὼ
1154 1453 1181 1478 ἐν
1195 1451 1280 1487 αὐτῷ.

1098 1497 1202 1530 Καθὼς
1228 1513 1264 1518 -
1289 1499 1414 1532 Πατέρα.
1438 1497 1538 1529 Καῦὼς
1565 1497 1619 1529 ζῶν
1645 1498 1790 1525 ἀπέστειλέ
1822 1508 1856 1534 με

1061 1542 1075 1568 ὁ
1095 1542 1150 1578 (75)
1174 1542 1229 1575 ζῶν
1255 1543 1367 1578 Πατὴρ,
1389 1543 1460 1570 οὕτω
1476 1543 1554 1577 κάγὼ
1573 1543 1612 1576 ζῶ
1635 1543 1856 1578 ἀπαραλλάκτως

1058 1588 1102 1614 διὰ
1115 1588 1146 1614 τὸ
1157 1588 1321 1624 γεννηθῆναι
1333 1589 1365 1615 ὲκ
1381 1588 1482 1620 ζῶντος
1501 1589 1618 1624 Πατρός.

1094 1635 1220 1670 [Γνῶσιν
1240 1630 1297 1671 (74)
1317 1636 1383 1671 ἡμῖν
1401 1635 1458 1671 (75)
1475 1636 1581 1670 εἰσάγει
1595 1636 1642 1662 τοῦ
1658 1636 1731 1672 ἔχειν
1754 1637 1855 1673 ἀρχὴν,

1058 1680 1106 1707 καὶ
1121 1677 1240 1715 μὴεῖναι
1261 1680 1380 1716 ἄναρχος
1403 1680 1498 1716 ὥσπερ
1513 1681 1527 1706 ὸ
1545 1681 1652 1716 Πατήρ.
1672 1681 1707 1708 ’Ὴ
1728 1683 1778 1708 καὶ
1798 1683 1856 1708 ἑτέ-

1059 1734 1125 1761 ρως.
1144 1726 1194 1753 Διὰ
1207 1726 1236 1753 τὸ
1248 1726 1298 1762 ζῇν
1314 1726 1359 1753 τὸν
1375 1726 1486 1762 Πατέρα
1503 1726 1570 1762 (7G).
1584 1727 1615 1752 Ei
1629 1727 1667 1762 μὴ
1681 1727 1737 1762 γὰρ
1751 1729 1855 1759 ἐκεῖνος

1058 1771 1117 1807 ἔζη,
1128 1771 1188 1798 οὐδὲ
1208 1771 1264 1806 ἐγὼ
1279 1772 1365 1804 ἔζων·
1384 1772 1445 1798 ἐπεὶ
1461 1772 1489 1798 δὲ
1503 1774 1608 1803 ἐκεῖνος
1631 1772 1675 1808 ζῇ,
1703 1773 1742 1805 ζῶ
1764 1773 1854 1807 κάγώ.

1058 1819 1114 1845 Καὶ
1124 1819 1149 1845 εὶ
1166 1817 1203 1854 μὴ
1219 1819 1323 1849 ἐκεῖνος
1338 1815 1412 1853 εἶχεν
1425 1817 1474 1844 ὃσα
1489 1818 1556 1853 ἔχει,
1572 1819 1633 1845 οὐδὲ
1648 1819 1703 1853 ἐγὼ
1715 1819 1791 1854 εἶχον
1805 1820 1855 1846 ὅσα

1058 1865 1122 1899 ἔχω.
1140 1865 1201 1891 Ἴσα
1224 1864 1280 1899 γὰρ
1295 1865 1360 1900 ἡμῖν
1374 1864 1474 1898 πάντα,
1494 1865 1578 1900 χωρὶς
1596 1865 1651 1892 τῶν
1666 1866 1854 1901 προσωπικῶν

1061 1910 1208 1946 ιδιοτήτων.
1218 1909 1227 1946 J

1094 2004 1150 2031 Kal
1169 2020 1202 2025 —
1215 2004 1277 2040 ἐμέ.
1295 2005 1400 2040 Ὠσπερ
1419 2005 1475 2040 ἑγὼ
1498 2005 1536 2037 ζῶ
1561 2005 1606 2032 διὰ
1632 2005 1663 2031 τὸ
1687 2005 1854 2040 γεννηθῆναι

1057 2050 1090 2076 ἑκ
1107 2050 1208 2082 ζῶντος
1224 2051 1346 2086 Πατρὺςί
1359 2051 1430 2078 οὕτω
1447 2052 1494 2078 καὶ
1508 2053 1521 2078 6
1534 2052 1647 2087 τρώγων
1664 2060 1708 2083 με,
1726 2053 1854 2083 κάκεῖνος

1057 2095 1183 2131 ζήσεται,
1199 2097 1244 2124 διὰ
1255 2097 1285 2124 τδ
1301 2098 1418 2132 τρώγειν
1433 2099 1484 2134 ἐμὲ
1499 2099 1548 2134 τήν
1562 2099 1635 2134 ζωὴν
1649 2098 1697 2124 καὶ
1713 2099 1852 2133 μεταλαμ-

1058 2143 1150 2171 ϐάνειν
1164 2143 1212 2178 τῆς
1228 2144 1311 2179 ζωῆς.

1095 2187 1187 2221 οὗτος
1202 2204 1237 2209 —-—
1250 2191 1393 2223 καταϐάς.
1409 2186 1505 2224 Οὗτος,
1521 2192 1535 2218 ό
1550 2191 1624 2226 ζωὴν
1638 2191 1750 2227 αἰῴνιεν
1767 2200 1852 2226 χορη-

1057 2235 1122 2269 γῶν.

1093 2282 1134 2308 οὐ
1146 2296 1180 2301 ——
1193 2281 1356 2310 ἀπέθανον.
1371 2282 1428 2309 Οὐκ
1445 2282 1643 2309 ἀποθανοῦνται
1657 2283 1683 2309 oi.
1696 2283 1853 2318 τρώγοντες

1054 2326 1137 2353 αὐτον
1161 2327 1293 2362 δηλονότι.
1318 2328 1422 2361 Καθὼς
1442 2328 1556 2363 ἔφατον
1573 2330 1600 2355 οι
1621 2328 1747 2362 πατέρες
1769 2329 1855 2363 ὑμῶν

1053 2373 1087 2399 τὸ
1109 2373 1209 2407 μάννα
1231 2373 1280 2400 καὶ
1298 2374 1462 2402 ἀπέθανον.
1483 2374 1537 2401 Καὶ
1560 2374 1634 2410 μὴν,
1653 2375 1748 2410 ὥσπερ
1770 2376 1796 2402 oi
1824 2377 1853 2401 τι

1055 2419 1144 2453 μάννα
1173 2421 1262 2446 ἐκεῖνο
1286 2420 1420 2454 φαγόντες
1447 2420 1584 2447 ἀπέθανον
1606 2422 1639 2456 τῇ
1667 2421 1762 2455 σαρκὶ,
1781 2421 1854 2448 οὕτω

1053 2466 1101 2492 καὶ
1123 2466 1147 2492 οι
1177 2465 1222 2492 τὸν
1248 2465 1330 2501 ἄρτον
1350 2465 1444 2492 τοῦτον
1469 2466 1620 2501 τρώγοντες
1645 2466 1854 2502 ἁποθνήςκουσι

1053 2513 1086 2546 τῇ
1117 2512 1218 2547 σαρκι-
1237 2510 1380 2540 ἀλλὀὗτοι
1413 2515 1489 2548 μόνοι
1515 2513 1558 2539 ἐπ’
1572 2513 1660 2540 ἐλπίδι
1686 2513 1760 2548 ζωῆς
1782 2514 1852 2540 αἰω-

1054 2557 1112 2584 νίου
1141 2559 1378 2594 ἀποθνήσκοντες,
1393 2560 1422 2586 οὐ
1443 2560 1568 2586 δοκοῦσιν
1606 2561 1765 2594 ἀποθανεῖν,
1785 2555 1852 2596 ,ἀλλ’

1055 2613 1155 2631 υπνουν

809 2657 908 2688 V’ariw
928 2658 1080 2692 lectiones
1100 2666 1131 2693 et
1152 2644 1257 2694 notae.

1092 2713 1148 2749 (74)
1162 2713 1224 2749 litec
1238 2714 1265 2740 in
1278 2714 1402 2749 margine
1417 2715 1520 2742 habent
1531 2715 1649 2743 codices.

1091 2748 1147 2787 (Ἱᾷ)
1163 2748 1322 2787 ilentenius
1337 2748 1465 2784 reddidit,
1485 2759 1517 2778 ac
1532 2750 1555 2778 si
1574 2750 1689 2785 legerit:
1706 2750 1755 2783 Εἰς
1779 2754 1843 2787 γνῶ

1058 2785 1189 2827 owing;
1203 2784 1317 2827 εςεάγει.

1090 2818 1147 2854 (76)
1159 2818 1293 2854 lntellige,
1310 2819 1348 2851 ζῶ
1363 2819 1452 2854 κάγώ.

1047 2921 1053 2928 .
1073 2900 1302 2935 Μετα),αμ6ἀνειν
1319 2905 1361 2929 est
1386 2901 1545 2936 participem
1575 2908 1636 2928 esse
1660 2901 1781 2936 alicujus
1799 2903 1848 2929 rei.
