  <div class='ocr_page' id='page_1' title='image "/cluster/home/n/w/nwhite01/storage/ocr_20150623/129/njp.32101077773065/658.png"; bbox 0 0 1919 3076; ppageno 0'>
   <div class='ocr_carea' id='block_1_1' title="bbox 103 150 171 184">
    <p class='ocr_par' dir='ltr' id='par_1_1' title="bbox 103 150 171 184">
     <span class='ocr_line' id='line_1_1' title="bbox 103 150 171 184; baseline 0.029 -2"><span class='ocrx_word' id='word_1_1' title='bbox 103 150 171 184; x_wconf 77' lang='grc'><strong>1257</strong></span> 
     </span>
    </p>
   </div>
   <div class='ocr_carea' id='block_1_2' title="bbox 562 154 1254 188">
    <p class='ocr_par' dir='ltr' id='par_1_2' title="bbox 562 154 1254 188">
     <span class='ocr_line' id='line_1_2' title="bbox 562 154 1254 188; baseline -0.003 -1"><span class='ocrx_word' id='word_1_2' title='bbox 562 156 760 188; x_wconf 86' lang='lat' dir='ltr'><strong>COMMENT.</strong></span> <span class='ocrx_word' id='word_1_3' title='bbox 779 157 820 188; x_wconf 89' lang='lat' dir='ltr'><strong>IN</strong></span> <span class='ocrx_word' id='word_1_4' title='bbox 841 155 1030 188; x_wconf 80' lang='lat' dir='ltr'><strong>JOANNEM.</strong></span> <span class='ocrx_word' id='word_1_5' title='bbox 1050 167 1083 173; x_wconf 88' lang='lat'><em>-</em></span> <span class='ocrx_word' id='word_1_6' title='bbox 1102 155 1185 186; x_wconf 85' lang='lat' dir='ltr'><strong>CAP.</strong></span> <span class='ocrx_word' id='word_1_7' title='bbox 1202 154 1254 186; x_wconf 87' lang='lat' dir='ltr'><strong>VI.</strong></span> 
     </span>
    </p>
   </div>
   <div class='ocr_carea' id='block_1_3' title="bbox 1659 153 1727 185">
    <p class='ocr_par' dir='ltr' id='par_1_3' title="bbox 1659 153 1727 185">
     <span class='ocr_line' id='line_1_3' title="bbox 1659 153 1727 185; baseline -0.015 0"><span class='ocrx_word' id='word_1_8' title='bbox 1659 153 1727 185; x_wconf 76' lang='lat'><strong>1258</strong></span> 
     </span>
    </p>
   </div>
   <div class='ocr_carea' id='block_1_4' title="bbox 142 207 879 249">
    <p class='ocr_par' dir='ltr' id='par_1_4' title="bbox 142 207 879 249">
     <span class='ocr_line' id='line_1_4' title="bbox 142 207 879 249; baseline 0.004 -12"><span class='ocrx_word' id='word_1_9' title='bbox 142 207 174 234; x_wconf 87' lang='grc'><strong>’0</strong></span> <span class='ocrx_word' id='word_1_10' title='bbox 192 223 227 228; x_wconf 94' lang='grc'><strong>-</strong></span> <span class='ocrx_word' id='word_1_11' title='bbox 247 209 349 238; x_wconf 74' lang='grc' dir='ltr'>αἰῶνα.</span> <span class='ocrx_word' id='word_1_12' title='bbox 384 211 496 243; x_wconf 79' lang='grc' dir='ltr'>Ἰκανῶς</span> <span class='ocrx_word' id='word_1_13' title='bbox 517 212 667 248; x_wconf 74' lang='grc' dir='ltr'>ὲνδιέτριψε</span> <span class='ocrx_word' id='word_1_14' title='bbox 688 213 727 249; x_wconf 83' lang='grc' dir='ltr'><strong>τῷ</strong></span> <span class='ocrx_word' id='word_1_15' title='bbox 756 215 820 249; x_wconf 70' lang='grc' dir='ltr'>περὶ</span> <span class='ocrx_word' id='word_1_16' title='bbox 840 214 879 240; x_wconf 85' lang='grc' dir='ltr'><strong>τοῐ</strong></span> 
     </span>
    </p>
   </div>
   <div class='ocr_carea' id='block_1_5' title="bbox 939 207 1729 249">
    <p class='ocr_par' dir='ltr' id='par_1_5' title="bbox 975 211 1729 246">
     <span class='ocr_line' id='line_1_5' title="bbox 975 211 1729 246; baseline -0.001 -5"><span class='ocrx_word' id='word_1_17' title='bbox 975 213 1053 241; x_wconf 85' lang='lat' dir='ltr'><strong>Vers.</strong></span> <span class='ocrx_word' id='word_1_18' title='bbox 1074 213 1119 241; x_wconf 85' lang='lat'><strong>58.</strong></span> <span class='ocrx_word' id='word_1_19' title='bbox 1145 212 1196 246; x_wconf 85' lang='lat' dir='ltr'><strong>Qui</strong></span> <span class='ocrx_word' id='word_1_20' title='bbox 1215 228 1250 234; x_wconf 84' lang='grc'><strong><em>--</em></strong></span> <span class='ocrx_word' id='word_1_21' title='bbox 1269 216 1407 240; x_wconf 76' lang='grc' dir='ltr'><strong>ιειενηιιηι.</strong></span> <span class='ocrx_word' id='word_1_22' title='bbox 1435 211 1531 239; x_wconf 83' lang='lat' dir='ltr'><strong>Merito</strong></span> <span class='ocrx_word' id='word_1_23' title='bbox 1551 213 1671 240; x_wconf 83' lang='lat' dir='ltr'><strong>sermoni</strong></span> <span class='ocrx_word' id='word_1_24' title='bbox 1694 215 1729 241; x_wconf 88' lang='lat' dir='ltr'><strong>de</strong></span> 
     </span>
    </p>
   </div>
   <div class='ocr_carea' id='block_1_6' title="bbox 100 252 888 296">
    <p class='ocr_par' dir='ltr' id='par_1_6' title="bbox 100 252 888 296">
     <span class='ocr_line' id='line_1_6' title="bbox 100 252 888 296; baseline 0.01 -16"><span class='ocrx_word' id='word_1_25' title='bbox 100 252 185 289; x_wconf 75' lang='grc' dir='ltr'><strong>ἄρτου</strong></span> <span class='ocrx_word' id='word_1_26' title='bbox 209 255 256 282; x_wconf 76' lang='grc' dir='ltr'><strong>καὶ</strong></span> <span class='ocrx_word' id='word_1_27' title='bbox 277 257 342 292; x_wconf 78' lang='grc' dir='ltr'>περὶ</span> <span class='ocrx_word' id='word_1_28' title='bbox 355 257 405 292; x_wconf 83' lang='grc' dir='ltr'><strong>τῆς</strong></span> <span class='ocrx_word' id='word_1_29' title='bbox 424 258 497 293; x_wconf 79' lang='grc' dir='ltr'><strong>ζωῆς</strong></span> <span class='ocrx_word' id='word_1_30' title='bbox 516 258 598 295; x_wconf 81' lang='grc' dir='ltr'>λόγῳ,</span> <span class='ocrx_word' id='word_1_31' title='bbox 617 262 758 294; x_wconf 85' lang='grc' dir='ltr'><strong>γινώσκων</strong></span> <span class='ocrx_word' id='word_1_32' title='bbox 772 260 817 287; x_wconf 80' lang='grc' dir='ltr'><strong>τὸν</strong></span> <span class='ocrx_word' id='word_1_33' title='bbox 838 261 888 296; x_wconf 80' lang='grc' dir='ltr'><strong>μὲν</strong></span> 
     </span>
    </p>
   </div>
   <div class='ocr_carea' id='block_1_7' title="bbox 97 299 888 343">
    <p class='ocr_par' dir='ltr' id='par_1_7' title="bbox 97 299 888 343">
     <span class='ocr_line' id='line_1_7' title="bbox 97 299 888 343; baseline 0.011 -17"><span class='ocrx_word' id='word_1_34' title='bbox 97 299 255 336; x_wconf 82' lang='grc' dir='ltr'>ἀναγκαῖον,</span> <span class='ocrx_word' id='word_1_35' title='bbox 271 302 320 338; x_wconf 86' lang='grc' dir='ltr'><strong>τὴν</strong></span> <span class='ocrx_word' id='word_1_36' title='bbox 333 303 360 330; x_wconf 85' lang='grc' dir='ltr'><strong>δὲ</strong></span> <span class='ocrx_word' id='word_1_37' title='bbox 377 305 506 338; x_wconf 86' lang='grc' dir='ltr'>γλυκεῖαν</span> <span class='ocrx_word' id='word_1_38' title='bbox 522 307 578 337; x_wconf 80' lang='grc' dir='ltr'><strong>τοῖς</strong></span> <span class='ocrx_word' id='word_1_39' title='bbox 592 306 763 342; x_wconf 81' lang='grc' dir='ltr'><strong>ἀνθρώποις·</strong></span> <span class='ocrx_word' id='word_1_40' title='bbox 782 308 827 334; x_wconf 82' lang='grc' dir='ltr'><strong>τὸν</strong></span> <span class='ocrx_word' id='word_1_41' title='bbox 839 308 888 343; x_wconf 80' lang='grc' dir='ltr'>μὲν</span> 
     </span>
    </p>
   </div>
   <div class='ocr_carea' id='block_1_8' title="bbox 98 348 888 389">
    <p class='ocr_par' dir='ltr' id='par_1_8' title="bbox 98 348 888 389">
     <span class='ocr_line' id='line_1_8' title="bbox 98 348 888 389; baseline 0.011 -17"><span class='ocrx_word' id='word_1_42' title='bbox 98 348 254 381; x_wconf 75' lang='grc' dir='ltr'>σωματικὸν</span> <span class='ocrx_word' id='word_1_43' title='bbox 267 350 349 385; x_wconf 74' lang='grc' dir='ltr'><strong>ἄρτον</strong></span> <span class='ocrx_word' id='word_1_44' title='bbox 370 352 426 382; x_wconf 86' lang='grc' dir='ltr'><strong>τοῖς</strong></span> <span class='ocrx_word' id='word_1_45' title='bbox 443 354 618 387; x_wconf 82' lang='grc' dir='ltr'><strong>σωματικοῖς,</strong></span> <span class='ocrx_word' id='word_1_46' title='bbox 643 353 688 380; x_wconf 85' lang='grc' dir='ltr'><strong>τὸν</strong></span> <span class='ocrx_word' id='word_1_47' title='bbox 710 353 741 380; x_wconf 79' lang='grc' dir='ltr'><strong>δὲ</strong></span> <span class='ocrx_word' id='word_1_48' title='bbox 766 363 888 389; x_wconf 85' lang='grc' dir='ltr'>πνευμα-</span> 
     </span>
    </p>
   </div>
   <div class='ocr_carea' id='block_1_9' title="bbox 96 392 888 436">
    <p class='ocr_par' dir='ltr' id='par_1_9' title="bbox 96 392 888 436">
     <span class='ocr_line' id='line_1_9' title="bbox 96 392 888 436; baseline 0.011 -18"><span class='ocrx_word' id='word_1_49' title='bbox 96 392 172 419; x_wconf 77' lang='grc' dir='ltr'>τικὸν</span> <span class='ocrx_word' id='word_1_50' title='bbox 196 395 253 426; x_wconf 88' lang='grc' dir='ltr'><strong>τοῖς</strong></span> <span class='ocrx_word' id='word_1_51' title='bbox 272 398 487 430; x_wconf 72' lang='grc' dir='ltr'><strong>πνευματικοῖς·</strong></span> <span class='ocrx_word' id='word_1_52' title='bbox 506 398 554 425; x_wconf 81' lang='grc' dir='ltr'>καὶ</span> <span class='ocrx_word' id='word_1_53' title='bbox 577 399 628 434; x_wconf 81' lang='grc' dir='ltr'><strong>τὴν</strong></span> <span class='ocrx_word' id='word_1_54' title='bbox 652 400 700 434; x_wconf 81' lang='grc' dir='ltr'>μὲν</span> <span class='ocrx_word' id='word_1_55' title='bbox 729 400 888 436; x_wconf 87' lang='grc' dir='ltr'>σωματικὴν</span> 
     </span>
    </p>
   </div>
   <div class='ocr_carea' id='block_1_10' title="bbox 96 437 887 482">
    <p class='ocr_par' dir='ltr' id='par_1_10' title="bbox 96 437 887 482">
     <span class='ocr_line' id='line_1_10' title="bbox 96 437 887 482; baseline 0.011 -18"><span class='ocrx_word' id='word_1_56' title='bbox 96 437 168 473; x_wconf 72' lang='grc' dir='ltr'><strong>ζωὴ-ι</strong></span> <span class='ocrx_word' id='word_1_57' title='bbox 190 442 245 472; x_wconf 86' lang='grc' dir='ltr'><strong>τοῖς</strong></span> <span class='ocrx_word' id='word_1_58' title='bbox 275 444 461 476; x_wconf 74' lang='grc' dir='ltr'><strong>σωματικοῖς,</strong></span> <span class='ocrx_word' id='word_1_59' title='bbox 487 445 536 479; x_wconf 85' lang='grc' dir='ltr'><strong>τὴν</strong></span> <span class='ocrx_word' id='word_1_60' title='bbox 561 445 590 472; x_wconf 81' lang='grc' dir='ltr'><strong>δὲ</strong></span> <span class='ocrx_word' id='word_1_61' title='bbox 615 446 801 482; x_wconf 78' lang='grc' dir='ltr'>πνευματικὴν</span> <span class='ocrx_word' id='word_1_62' title='bbox 831 448 887 479; x_wconf 76' lang='grc' dir='ltr'><strong>τοῖς</strong></span> 
     </span>
    </p>
   </div>
   <div class='ocr_carea' id='block_1_11' title="bbox 95 488 303 519">
    <p class='ocr_par' dir='ltr' id='par_1_11' title="bbox 95 488 303 519">
     <span class='ocr_line' id='line_1_11' title="bbox 95 488 303 519; baseline 0.024 -9"><span class='ocrx_word' id='word_1_63' title='bbox 95 488 303 519; x_wconf 64' lang='grc' dir='ltr'>πνευματικοῖς.</span> 
     </span>
    </p>
   </div>
   <div class='ocr_carea' id='block_1_12' title="bbox 133 531 887 575">
    <p class='ocr_par' dir='ltr' id='par_1_12' title="bbox 133 531 887 575">
     <span class='ocr_line' id='line_1_12' title="bbox 133 531 887 575; baseline 0.012 -18"><span class='ocrx_word' id='word_1_64' title='bbox 133 531 231 558; x_wconf 78' lang='grc' dir='ltr'>Ταῦτα</span> <span class='ocrx_word' id='word_1_65' title='bbox 250 547 285 552; x_wconf 87' lang='grc'><strong>-</strong></span> <span class='ocrx_word' id='word_1_66' title='bbox 304 533 447 569; x_wconf 57' lang='lat' dir='ltr'><strong>(laedar;</strong></span> <span class='ocrx_word' id='word_1_67' title='bbox 468 551 504 557; x_wconf 88' lang='lat'><strong>——</strong></span> <span class='ocrx_word' id='word_1_68' title='bbox 528 538 666 572; x_wconf 77' lang='grc' dir='ltr'><strong>Σκληρός</strong></span> <span class='ocrx_word' id='word_1_69' title='bbox 694 538 797 571; x_wconf 77' lang='grc' dir='ltr'><strong>ἐστιν,</strong></span> <span class='ocrx_word' id='word_1_70' title='bbox 826 539 887 575; x_wconf 76' lang='grc' dir='ltr'><strong>ἦτοι</strong></span> 
     </span>
    </p>
   </div>
   <div class='ocr_carea' id='block_1_13' title="bbox 93 573 885 620">
    <p class='ocr_par' dir='ltr' id='par_1_13' title="bbox 93 573 885 620">
     <span class='ocr_line' id='line_1_13' title="bbox 93 573 885 620; baseline 0.015 -20"><span class='ocrx_word' id='word_1_71' title='bbox 93 573 313 611; x_wconf 83' lang='grc' dir='ltr'>δυσπαράδεκτος</span> <span class='ocrx_word' id='word_1_72' title='bbox 336 578 426 613; x_wconf 83' lang='grc' dir='ltr'><strong>οὗτος</strong></span> <span class='ocrx_word' id='word_1_73' title='bbox 444 583 580 617; x_wconf 77' lang='grc' dir='ltr'><strong>ὀλότοςό</strong></span> <span class='ocrx_word' id='word_1_74' title='bbox 594 584 641 609; x_wconf 78' lang='grc' dir='ltr'><strong>τοῦ</strong></span> <span class='ocrx_word' id='word_1_75' title='bbox 659 583 775 619; x_wconf 80' lang='grc' dir='ltr'><strong>τρώγειν</strong></span> <span class='ocrx_word' id='word_1_76' title='bbox 788 573 885 620; x_wconf 53' lang='grc' dir='ltr'><strong>αὑτὸν⁸</strong></span> 
     </span>
    </p>
   </div>
   <div class='ocr_carea' id='block_1_14' title="bbox 97 621 886 664">
    <p class='ocr_par' dir='ltr' id='par_1_14' title="bbox 97 621 886 664">
     <span class='ocr_line' id='line_1_14' title="bbox 97 621 886 664; baseline 0.015 -17"><span class='ocrx_word' id='word_1_77' title='bbox 97 621 146 655; x_wconf 80' lang='grc' dir='ltr'><strong>Τίς</strong></span> <span class='ocrx_word' id='word_1_78' title='bbox 169 622 295 651; x_wconf 80' lang='grc' dir='ltr'><strong>δύναται</strong></span> <span class='ocrx_word' id='word_1_79' title='bbox 319 626 414 653; x_wconf 79' lang='grc' dir='ltr'><strong>αὐτὸν</strong></span> <span class='ocrx_word' id='word_1_80' title='bbox 433 629 675 664; x_wconf 80' lang='grc' dir='ltr'><strong>παραδέχεσθαι;</strong></span> <span class='ocrx_word' id='word_1_81' title='bbox 694 631 725 658; x_wconf 78' lang='grc' dir='ltr'><strong>Οἱ</strong></span> <span class='ocrx_word' id='word_1_82' title='bbox 755 631 833 659; x_wconf 84' lang='grc' dir='ltr'><strong>τοῦτο</strong></span> <span class='ocrx_word' id='word_1_83' title='bbox 858 632 886 659; x_wconf 79' lang='grc' dir='ltr'><strong>δὲ</strong></span> 
     </span>
    </p>
   </div>
   <div class='ocr_carea' id='block_1_15' title="bbox 94 669 886 711">
    <p class='ocr_par' dir='ltr' id='par_1_15' title="bbox 94 669 886 711">
     <span class='ocr_line' id='line_1_15' title="bbox 94 669 886 711; baseline 0.018 -18"><span class='ocrx_word' id='word_1_84' title='bbox 94 669 218 701; x_wconf 78' lang='grc' dir='ltr'><strong>εἰπόντες</strong></span> <span class='ocrx_word' id='word_1_85' title='bbox 231 671 352 706; x_wconf 78' lang='grc' dir='ltr'>μαθηταὶ</span> <span class='ocrx_word' id='word_1_86' title='bbox 363 674 414 708; x_wconf 86' lang='grc' dir='ltr'>μὲν</span> <span class='ocrx_word' id='word_1_87' title='bbox 428 675 511 702; x_wconf 81' lang='grc' dir='ltr'>αὐτοῦ</span> <span class='ocrx_word' id='word_1_88' title='bbox 528 674 613 711; x_wconf 76' lang='grc' dir='ltr'>ἦσαν,</span> <span class='ocrx_word' id='word_1_89' title='bbox 629 679 679 704; x_wconf 69' lang='grc' dir='ltr'><strong>οὐκ</strong></span> <span class='ocrx_word' id='word_1_90' title='bbox 694 679 725 705; x_wconf 78' lang='grc' dir='ltr'><strong>ὲκ</strong></span> <span class='ocrx_word' id='word_1_91' title='bbox 737 678 792 705; x_wconf 85' lang='grc' dir='ltr'>τῶν</span> <span class='ocrx_word' id='word_1_92' title='bbox 806 679 886 707; x_wconf 80' lang='grc' dir='ltr'>δώδε‹</span> 
     </span>
    </p>
   </div>
   <div class='ocr_carea' id='block_1_16' title="bbox 94 713 602 756">
    <p class='ocr_par' dir='ltr' id='par_1_16' title="bbox 94 713 602 756">
     <span class='ocr_line' id='line_1_16' title="bbox 94 713 602 756; baseline 0.022 -18"><span class='ocrx_word' id='word_1_93' title='bbox 94 720 131 739; x_wconf 84' lang='grc' dir='ltr'>κα</span> <span class='ocrx_word' id='word_1_94' title='bbox 149 713 188 747; x_wconf 76' lang='grc' dir='ltr'><strong>δὲ,</strong></span> <span class='ocrx_word' id='word_1_95' title='bbox 209 715 269 741; x_wconf 79' lang='grc' dir='ltr'><strong>ἀλλ’</strong></span> <span class='ocrx_word' id='word_1_96' title='bbox 283 716 314 743; x_wconf 75' lang='grc' dir='ltr'><strong>ἐκ</strong></span> <span class='ocrx_word' id='word_1_97' title='bbox 329 718 383 744; x_wconf 86' lang='grc' dir='ltr'><strong>τῶν</strong></span> <span class='ocrx_word' id='word_1_98' title='bbox 403 719 602 756; x_wconf 76' lang='grc' dir='ltr'><strong>ἐϐδομήκοντα.</strong></span> 
     </span>
    </p>
   </div>
   <div class='ocr_carea' id='block_1_17' title="bbox 128 756 884 807">
    <p class='ocr_par' dir='ltr' id='par_1_17' title="bbox 128 756 884 807">
     <span class='ocr_line' id='line_1_17' title="bbox 128 756 884 807; baseline 0.021 -23"><span class='ocrx_word' id='word_1_99' title='bbox 128 758 208 791; x_wconf 82' lang='grc' dir='ltr'><strong>Τινὲς</strong></span> <span class='ocrx_word' id='word_1_100' title='bbox 224 761 252 786; x_wconf 75' lang='grc' dir='ltr'><strong>δέ</strong></span> <span class='ocrx_word' id='word_1_101' title='bbox 272 771 354 796; x_wconf 72' lang='grc' dir='ltr'>φασιν</span> <span class='ocrx_word' id='word_1_102' title='bbox 370 764 410 791; x_wconf 84' lang='grc' dir='ltr'><strong>ὃτι</strong></span> <span class='ocrx_word' id='word_1_103' title='bbox 428 767 460 792; x_wconf 78' lang='grc' dir='ltr'>ὲκ</span> <span class='ocrx_word' id='word_1_104' title='bbox 478 756 532 793; x_wconf 80' lang='grc' dir='ltr'><strong>τῶν</strong></span> <span class='ocrx_word' id='word_1_105' title='bbox 545 768 633 801; x_wconf 82' lang='grc' dir='ltr'><strong>ἄλλως</strong></span> <span class='ocrx_word' id='word_1_106' title='bbox 650 769 706 805; x_wconf 85' lang='grc'><strong>(77)</strong></span> <span class='ocrx_word' id='word_1_107' title='bbox 728 772 884 807; x_wconf 74' lang='grc' dir='ltr'>μαθητευθ-</span> 
     </span>
    </p>
   </div>
   <div class='ocr_carea' id='block_1_18' title="bbox 93 805 885 854">
    <p class='ocr_par' dir='ltr' id='par_1_18' title="bbox 93 805 885 854">
     <span class='ocr_line' id='line_1_18' title="bbox 93 805 885 854; baseline 0.019 -23"><span class='ocrx_word' id='word_1_108' title='bbox 93 805 184 854; x_wconf 23' lang='grc' dir='ltr'><strong>μέᾍνιον</strong></span> <span class='ocrx_word' id='word_1_109' title='bbox 192 807 278 843; x_wconf 81' lang='grc' dir='ltr'>αὐτῷ.</span> <span class='ocrx_word' id='word_1_110' title='bbox 293 810 389 837; x_wconf 83' lang='grc' dir='ltr'><strong>Πολλοὶ</strong></span> <span class='ocrx_word' id='word_1_111' title='bbox 401 812 455 847; x_wconf 76' lang='grc' dir='ltr'>γὰρ</span> <span class='ocrx_word' id='word_1_112' title='bbox 469 813 517 840; x_wconf 84' lang='grc' dir='ltr'>καὶ</span> <span class='ocrx_word' id='word_1_113' title='bbox 531 814 620 849; x_wconf 71' lang='grc' dir='ltr'>ἕτεροι</span> <span class='ocrx_word' id='word_1_114' title='bbox 635 805 803 851; x_wconf 70' lang='grc' dir='ltr'><strong>ἠκολούθουν</strong></span> <span class='ocrx_word' id='word_1_115' title='bbox 810 819 885 854; x_wconf 88' lang='grc' dir='ltr'><strong>αὐτῷ</strong></span> 
     </span>
    </p>
   </div>
   <div class='ocr_carea' id='block_1_19' title="bbox 91 851 883 899">
    <p class='ocr_par' dir='ltr' id='par_1_19' title="bbox 91 851 883 899">
     <span class='ocr_line' id='line_1_19' title="bbox 91 851 883 899; baseline 0.02 -23"><span class='ocrx_word' id='word_1_116' title='bbox 91 851 232 884; x_wconf 75' lang='grc' dir='ltr'>πολλάκις.</span> <span class='ocrx_word' id='word_1_117' title='bbox 249 855 402 889; x_wconf 75' lang='grc' dir='ltr'><strong>Μέλλοντες</strong></span> <span class='ocrx_word' id='word_1_118' title='bbox 416 856 463 885; x_wconf 85' lang='grc' dir='ltr'><strong>οὖν</strong></span> <span class='ocrx_word' id='word_1_119' title='bbox 476 859 620 896; x_wconf 79' lang='grc' dir='ltr'>ἀποπηδᾷν</span> <span class='ocrx_word' id='word_1_120' title='bbox 645 851 883 899; x_wconf 47' lang='grc' dir='ltr'>ὑπεραπολογοῦνλ</span> 
     </span>
    </p>
   </div>
   <div class='ocr_carea' id='block_1_20' title="bbox 939 259 1725 294">
    <p class='ocr_par' dir='ltr' id='par_1_20' title="bbox 939 259 1725 294">
     <span class='ocr_line' id='line_1_20' title="bbox 939 259 1725 294; baseline 0 -7"><span class='ocrx_word' id='word_1_121' title='bbox 939 267 1010 294; x_wconf 88' lang='lat' dir='ltr'><strong>pane</strong></span> <span class='ocrx_word' id='word_1_122' title='bbox 1025 267 1057 287; x_wconf 81' lang='lat' dir='ltr'><strong>ac</strong></span> <span class='ocrx_word' id='word_1_123' title='bbox 1071 259 1105 287; x_wconf 90' lang='lat' dir='ltr'><strong>de</strong></span> <span class='ocrx_word' id='word_1_124' title='bbox 1120 259 1176 287; x_wconf 85' lang='lat' dir='ltr'><strong>vita</strong></span> <span class='ocrx_word' id='word_1_125' title='bbox 1192 260 1352 287; x_wconf 84' lang='lat' dir='ltr'><strong>immoratus</strong></span> <span class='ocrx_word' id='word_1_126' title='bbox 1364 263 1416 292; x_wconf 85' lang='lat' dir='ltr'><strong>est,</strong></span> <span class='ocrx_word' id='word_1_127' title='bbox 1428 259 1519 286; x_wconf 88' lang='lat' dir='ltr'><strong>sciens</strong></span> <span class='ocrx_word' id='word_1_128' title='bbox 1532 259 1608 286; x_wconf 88' lang='lat' dir='ltr'><strong>illum</strong></span> <span class='ocrx_word' id='word_1_129' title='bbox 1617 259 1725 294; x_wconf 90' lang='lat' dir='ltr'><strong>quidem</strong></span> 
     </span>
    </p>
   </div>
   <div class='ocr_carea' id='block_1_21' title="bbox 939 302 1726 339">
    <p class='ocr_par' dir='ltr' id='par_1_21' title="bbox 939 302 1726 339">
     <span class='ocr_line' id='line_1_21' title="bbox 939 302 1726 339; baseline 0.001 -9"><span class='ocrx_word' id='word_1_130' title='bbox 939 302 1137 336; x_wconf 82' lang='lat' dir='ltr'><strong>necessarium,</strong></span> <span class='ocrx_word' id='word_1_131' title='bbox 1156 303 1226 331; x_wconf 92' lang='lat' dir='ltr'><strong>hanc</strong></span> <span class='ocrx_word' id='word_1_132' title='bbox 1236 311 1298 330; x_wconf 81' lang='lat' dir='ltr'><strong>vero</strong></span> <span class='ocrx_word' id='word_1_133' title='bbox 1312 303 1420 330; x_wconf 79' lang='lat' dir='ltr'><strong>dulcem</strong></span> <span class='ocrx_word' id='word_1_134' title='bbox 1437 302 1613 331; x_wconf 89' lang='lat' dir='ltr'><strong>hominibus:</strong></span> <span class='ocrx_word' id='word_1_135' title='bbox 1630 311 1726 339; x_wconf 87' lang='lat' dir='ltr'><strong>panem</strong></span> 
     </span>
    </p>
   </div>
   <div class='ocr_carea' id='block_1_22' title="bbox 939 347 1728 383">
    <p class='ocr_par' dir='ltr' id='par_1_22' title="bbox 939 347 1728 383">
     <span class='ocr_line' id='line_1_22' title="bbox 939 347 1728 383; baseline 0.001 -8"><span class='ocrx_word' id='word_1_136' title='bbox 939 355 1005 375; x_wconf 87' lang='lat' dir='ltr'><strong>sane</strong></span> <span class='ocrx_word' id='word_1_137' title='bbox 1027 348 1195 382; x_wconf 78' lang='lat' dir='ltr'><strong>corporalem</strong></span> <span class='ocrx_word' id='word_1_138' title='bbox 1221 347 1418 383; x_wconf 89' lang='lat' dir='ltr'><strong>corporalibus,</strong></span> <span class='ocrx_word' id='word_1_139' title='bbox 1438 347 1606 382; x_wconf 83' lang='lat' dir='ltr'><strong>spiritualem</strong></span> <span class='ocrx_word' id='word_1_140' title='bbox 1636 353 1728 376; x_wconf 86' lang='lat' dir='ltr'><strong>autem</strong></span> 
     </span>
    </p>
   </div>
   <div class='ocr_carea' id='block_1_23' title="bbox 938 394 1727 430">
    <p class='ocr_par' dir='ltr' id='par_1_23' title="bbox 938 394 1727 430">
     <span class='ocr_line' id='line_1_23' title="bbox 938 394 1727 430; baseline 0.001 -9"><span class='ocrx_word' id='word_1_141' title='bbox 938 394 1124 429; x_wconf 86' lang='lat' dir='ltr'><strong>spiritualibus</strong></span> <span class='ocrx_word' id='word_1_142' title='bbox 1140 402 1147 421; x_wconf 93' lang='lat'>:</span> <span class='ocrx_word' id='word_1_143' title='bbox 1163 394 1290 421; x_wconf 73' lang='lat' dir='ltr'><strong>similiter</strong></span> <span class='ocrx_word' id='word_1_144' title='bbox 1304 399 1331 421; x_wconf 88' lang='lat' dir='ltr'><strong>et</strong></span> <span class='ocrx_word' id='word_1_145' title='bbox 1346 395 1428 421; x_wconf 86' lang='lat' dir='ltr'><strong>vitam</strong></span> <span class='ocrx_word' id='word_1_146' title='bbox 1443 395 1611 429; x_wconf 84' lang='lat' dir='ltr'><strong>corporalem</strong></span> <span class='ocrx_word' id='word_1_147' title='bbox 1630 402 1727 430; x_wconf 88' lang='lat' dir='ltr'><strong>corpo-</strong></span> 
     </span>
    </p>
   </div>
   <div class='ocr_carea' id='block_1_24' title="bbox 938 439 1538 476">
    <p class='ocr_par' dir='ltr' id='par_1_24' title="bbox 938 439 1538 476">
     <span class='ocr_line' id='line_1_24' title="bbox 938 439 1538 476; baseline -0.002 -8"><span class='ocrx_word' id='word_1_148' title='bbox 938 441 1052 474; x_wconf 82' lang='lat' dir='ltr'><strong>ralibus,</strong></span> <span class='ocrx_word' id='word_1_149' title='bbox 1074 440 1244 476; x_wconf 87' lang='lat' dir='ltr'><strong>spiritualem</strong></span> <span class='ocrx_word' id='word_1_150' title='bbox 1260 448 1325 468; x_wconf 86' lang='lat' dir='ltr'><strong>vero</strong></span> <span class='ocrx_word' id='word_1_151' title='bbox 1340 439 1538 475; x_wconf 84' lang='lat' dir='ltr'><strong>spiritualibus.</strong></span> 
     </span>
    </p>
   </div>
   <div class='ocr_carea' id='block_1_25' title="bbox 972 531 1725 561">
    <p class='ocr_par' dir='ltr' id='par_1_25' title="bbox 972 531 1725 561">
     <span class='ocr_line' id='line_1_25' title="bbox 972 531 1725 561; baseline -0.001 -1"><span class='ocrx_word' id='word_1_152' title='bbox 972 532 1052 560; x_wconf 80' lang='lat' dir='ltr'><strong>Vcrs.</strong></span> <span class='ocrx_word' id='word_1_153' title='bbox 1074 533 1119 561; x_wconf 84' lang='lat'><strong>59.</strong></span> <span class='ocrx_word' id='word_1_154' title='bbox 1143 532 1208 560; x_wconf 77' lang='lat' dir='ltr'><strong>ch</strong></span> <span class='ocrx_word' id='word_1_155' title='bbox 1222 547 1259 552; x_wconf 93' lang='lat'><strong>—</strong></span> <span class='ocrx_word' id='word_1_156' title='bbox 1277 532 1355 560; x_wconf 88' lang='lat' dir='ltr'><strong>Vers.</strong></span> <span class='ocrx_word' id='word_1_157' title='bbox 1380 531 1424 561; x_wconf 82' lang='lat'><strong>60.</strong></span> <span class='ocrx_word' id='word_1_158' title='bbox 1445 532 1560 559; x_wconf 79' lang='lat' dir='ltr'><strong>audire?</strong></span> <span class='ocrx_word' id='word_1_159' title='bbox 1581 547 1616 553; x_wconf 89' lang='lat'><strong><em>—</em></strong></span> <span class='ocrx_word' id='word_1_160' title='bbox 1635 532 1725 560; x_wconf 73' lang='lat' dir='ltr'><strong>Durus</strong></span> 
     </span>
    </p>
   </div>
   <div class='ocr_carea' id='block_1_26' title="bbox 937 579 1725 615">
    <p class='ocr_par' dir='ltr' id='par_1_26' title="bbox 937 579 1725 615">
     <span class='ocr_line' id='line_1_26' title="bbox 937 579 1725 615; baseline 0 -9"><span class='ocrx_word' id='word_1_161' title='bbox 937 584 986 612; x_wconf 75' lang='lat' dir='ltr'><strong>est,</strong></span> <span class='ocrx_word' id='word_1_162' title='bbox 1002 580 1053 607; x_wconf 92' lang='lat' dir='ltr'><strong>hoc</strong></span> <span class='ocrx_word' id='word_1_163' title='bbox 1076 583 1129 611; x_wconf 85' lang='lat' dir='ltr'><strong>est,</strong></span> <span class='ocrx_word' id='word_1_164' title='bbox 1145 587 1217 615; x_wconf 59' lang='lat' dir='ltr'><strong>aegre</strong></span> <span class='ocrx_word' id='word_1_165' title='bbox 1233 579 1339 607; x_wconf 91' lang='lat' dir='ltr'><strong>admitti</strong></span> <span class='ocrx_word' id='word_1_166' title='bbox 1353 583 1454 614; x_wconf 82' lang='lat' dir='ltr'><strong>potest,</strong></span> <span class='ocrx_word' id='word_1_167' title='bbox 1475 579 1516 605; x_wconf 85' lang='lat' dir='ltr'><strong>hic</strong></span> <span class='ocrx_word' id='word_1_168' title='bbox 1536 587 1632 612; x_wconf 79' lang='lat' dir='ltr'><strong>sermo,</strong></span> <span class='ocrx_word' id='word_1_169' title='bbox 1647 583 1725 614; x_wconf 87' lang='lat' dir='ltr'><strong>puta,</strong></span> 
     </span>
    </p>
   </div>
   <div class='ocr_carea' id='block_1_27' title="bbox 936 625 1728 662">
    <p class='ocr_par' dir='ltr' id='par_1_27' title="bbox 936 625 1728 662">
     <span class='ocr_line' id='line_1_27' title="bbox 936 625 1728 662; baseline -0.003 -8"><span class='ocrx_word' id='word_1_170' title='bbox 936 626 971 654; x_wconf 86' lang='lat' dir='ltr'><strong>de</strong></span> <span class='ocrx_word' id='word_1_171' title='bbox 986 627 1050 662; x_wconf 87' lang='lat' dir='ltr'><strong>ipso</strong></span> <span class='ocrx_word' id='word_1_172' title='bbox 1073 626 1263 660; x_wconf 76' lang='lat' dir='ltr'><strong>comedenda;</strong></span> <span class='ocrx_word' id='word_1_173' title='bbox 1279 626 1337 661; x_wconf 79' lang='lat' dir='ltr'><strong>quis</strong></span> <span class='ocrx_word' id='word_1_174' title='bbox 1353 625 1430 652; x_wconf 80' lang='lat' dir='ltr'><strong>illum</strong></span> <span class='ocrx_word' id='word_1_175' title='bbox 1448 629 1532 660; x_wconf 73' lang='lat' dir='ltr'><strong>potest</strong></span> <span class='ocrx_word' id='word_1_176' title='bbox 1558 625 1699 652; x_wconf 82' lang='lat' dir='ltr'><strong>admittere</strong></span> <span class='ocrx_word' id='word_1_177' title='bbox 1715 626 1728 652; x_wconf 74' lang='lat'><strong>.7</strong></span> 
     </span>
    </p>
   </div>
   <div class='ocr_carea' id='block_1_28' title="bbox 936 670 1727 706">
    <p class='ocr_par' dir='ltr' id='par_1_28' title="bbox 936 670 1727 706">
     <span class='ocr_line' id='line_1_28' title="bbox 936 670 1727 706; baseline -0.004 -6"><span class='ocrx_word' id='word_1_178' title='bbox 936 672 987 706; x_wconf 86' lang='lat' dir='ltr'><strong>Qui</strong></span> <span class='ocrx_word' id='word_1_179' title='bbox 1012 680 1076 700; x_wconf 86' lang='lat' dir='ltr'><strong>vero</strong></span> <span class='ocrx_word' id='word_1_180' title='bbox 1101 672 1153 700; x_wconf 88' lang='lat' dir='ltr'><strong>hoc</strong></span> <span class='ocrx_word' id='word_1_181' title='bbox 1172 671 1309 704; x_wconf 81' lang='lat' dir='ltr'><strong>dicebam,</strong></span> <span class='ocrx_word' id='word_1_182' title='bbox 1329 679 1345 698; x_wconf 92' lang='lat' dir='ltr'><strong>e</strong></span> <span class='ocrx_word' id='word_1_183' title='bbox 1366 671 1508 706; x_wconf 82' lang='lat' dir='ltr'><strong>discipulis</strong></span> <span class='ocrx_word' id='word_1_184' title='bbox 1530 670 1641 706; x_wconf 85' lang='lat' dir='ltr'><strong>quidem</strong></span> <span class='ocrx_word' id='word_1_185' title='bbox 1666 670 1727 706; x_wconf 81' lang='lat' dir='ltr'><strong>ejus</strong></span> 
     </span>
    </p>
   </div>
   <div class='ocr_carea' id='block_1_29' title="bbox 936 717 1681 753">
    <p class='ocr_par' dir='ltr' id='par_1_29' title="bbox 936 717 1681 753">
     <span class='ocr_line' id='line_1_29' title="bbox 936 717 1681 753; baseline -0.004 -7"><span class='ocrx_word' id='word_1_186' title='bbox 936 724 1024 752; x_wconf 79' lang='lat' dir='ltr'><strong>erant,</strong></span> <span class='ocrx_word' id='word_1_187' title='bbox 1035 726 1098 746; x_wconf 66' lang='lat' dir='ltr'><strong>aton</strong></span> <span class='ocrx_word' id='word_1_188' title='bbox 1114 724 1205 746; x_wconf 88' lang='lat' dir='ltr'><strong>tamen</strong></span> <span class='ocrx_word' id='word_1_189' title='bbox 1219 726 1234 745; x_wconf 91' lang='lat' dir='ltr'><strong>e</strong></span> <span class='ocrx_word' id='word_1_190' title='bbox 1246 717 1399 750; x_wconf 84' lang='lat' dir='ltr'><strong>duodecim,</strong></span> <span class='ocrx_word' id='word_1_191' title='bbox 1412 717 1460 745; x_wconf 87' lang='lat' dir='ltr'><strong>sed</strong></span> <span class='ocrx_word' id='word_1_192' title='bbox 1472 725 1486 744; x_wconf 89' lang='lat' dir='ltr'><strong>e</strong></span> <span class='ocrx_word' id='word_1_193' title='bbox 1499 717 1681 753; x_wconf 77' lang='lat' dir='ltr'><strong>septuaginta.</strong></span> 
     </span>
    </p>
   </div>
   <div class='ocr_carea' id='block_1_30' title="bbox 982 764 1726 799">
    <p class='ocr_par' dir='ltr' id='par_1_30' title="bbox 982 764 1726 799">
     <span class='ocr_line' id='line_1_30' title="bbox 982 764 1726 799; baseline -0.001 -7"><span class='ocrx_word' id='word_1_194' title='bbox 982 765 1097 799; x_wconf 81' lang='lat' dir='ltr'><strong>Quidam</strong></span> <span class='ocrx_word' id='word_1_195' title='bbox 1111 773 1174 792; x_wconf 90' lang='lat' dir='ltr'><strong>vero</strong></span> <span class='ocrx_word' id='word_1_196' title='bbox 1189 773 1222 793; x_wconf 79' lang='lat' dir='ltr'><strong>ex</strong></span> <span class='ocrx_word' id='word_1_197' title='bbox 1238 765 1280 792; x_wconf 91' lang='lat' dir='ltr'><strong>his</strong></span> <span class='ocrx_word' id='word_1_198' title='bbox 1294 765 1377 792; x_wconf 81' lang='lat' dir='ltr'><strong>fuisse</strong></span> <span class='ocrx_word' id='word_1_199' title='bbox 1393 765 1482 796; x_wconf 83' lang='lat' dir='ltr'><strong>aiunt,</strong></span> <span class='ocrx_word' id='word_1_200' title='bbox 1499 765 1545 798; x_wconf 89' lang='lat' dir='ltr'><strong>qui</strong></span> <span class='ocrx_word' id='word_1_201' title='bbox 1557 764 1624 791; x_wconf 90' lang='lat' dir='ltr'><strong>alias</strong></span> <span class='ocrx_word' id='word_1_202' title='bbox 1637 764 1671 792; x_wconf 86' lang='lat' dir='ltr'><strong>ab</strong></span> <span class='ocrx_word' id='word_1_203' title='bbox 1693 770 1726 791; x_wconf 92' lang='lat' dir='ltr'><strong>eo</strong></span> 
     </span>
    </p>
   </div>
   <div class='ocr_carea' id='block_1_31' title="bbox 934 808 1726 844">
    <p class='ocr_par' dir='ltr' id='par_1_31' title="bbox 934 808 1726 844">
     <span class='ocr_line' id='line_1_31' title="bbox 934 808 1726 844; baseline 0 -7"><span class='ocrx_word' id='word_1_204' title='bbox 934 809 1023 837; x_wconf 88' lang='lat' dir='ltr'><strong>edocti</strong></span> <span class='ocrx_word' id='word_1_205' title='bbox 1037 815 1134 837; x_wconf 88' lang='lat' dir='ltr'><strong>erant:</strong></span> <span class='ocrx_word' id='word_1_206' title='bbox 1151 817 1214 836; x_wconf 90' lang='lat' dir='ltr'><strong>nam</strong></span> <span class='ocrx_word' id='word_1_207' title='bbox 1231 813 1259 836; x_wconf 84' lang='lat' dir='ltr'><strong>et</strong></span> <span class='ocrx_word' id='word_1_208' title='bbox 1271 809 1317 836; x_wconf 87' lang='lat' dir='ltr'><strong>alii</strong></span> <span class='ocrx_word' id='word_1_209' title='bbox 1339 808 1417 836; x_wconf 90' lang='lat' dir='ltr'><strong>multi</strong></span> <span class='ocrx_word' id='word_1_210' title='bbox 1443 808 1605 844; x_wconf 81' lang='lat' dir='ltr'><strong>frequenter</strong></span> <span class='ocrx_word' id='word_1_211' title='bbox 1627 816 1726 843; x_wconf 82' lang='lat' dir='ltr'><strong>seque-</strong></span> 
     </span>
    </p>
   </div>
   <div class='ocr_carea' id='block_1_32' title="bbox 934 855 1726 891">
    <p class='ocr_par' dir='ltr' id='par_1_32' title="bbox 934 855 1726 891">
     <span class='ocr_line' id='line_1_32' title="bbox 934 855 1726 891; baseline 0 -8"><span class='ocrx_word' id='word_1_212' title='bbox 934 856 1034 883; x_wconf 84' lang='lat' dir='ltr'><strong>bantur</strong></span> <span class='ocrx_word' id='word_1_213' title='bbox 1045 856 1131 889; x_wconf 82' lang='lat' dir='ltr'><strong>illum.</strong></span> <span class='ocrx_word' id='word_1_214' title='bbox 1146 856 1197 889; x_wconf 84' lang='lat' dir='ltr'><strong>Qui</strong></span> <span class='ocrx_word' id='word_1_215' title='bbox 1208 863 1274 891; x_wconf 74' lang='lat' dir='ltr'><strong>ergo</strong></span> <span class='ocrx_word' id='word_1_216' title='bbox 1284 855 1433 882; x_wconf 86' lang='lat' dir='ltr'><strong>discessuri</strong></span> <span class='ocrx_word' id='word_1_217' title='bbox 1445 859 1536 887; x_wconf 86' lang='lat' dir='ltr'><strong>erant,</strong></span> <span class='ocrx_word' id='word_1_218' title='bbox 1553 855 1605 883; x_wconf 84' lang='lat' dir='ltr'><strong>sibi</strong></span> <span class='ocrx_word' id='word_1_219' title='bbox 1621 855 1726 883; x_wconf 73' lang='lat' dir='ltr'><strong>scilicet</strong></span> 
     </span>
    </p>
   </div>
   <div class='ocr_carea' id='block_1_33' title="bbox 90 899 879 944">
    <p class='ocr_par' dir='ltr' id='par_1_33' title="bbox 90 899 879 944">
     <span class='ocr_line' id='line_1_33' title="bbox 90 899 879 944; baseline 0.018 -20"><span class='ocrx_word' id='word_1_220' title='bbox 90 907 135 925; x_wconf 88' lang='grc' dir='ltr'>ται</span> <span class='ocrx_word' id='word_1_221' title='bbox 155 899 235 934; x_wconf 82' lang='grc' dir='ltr'><strong>δῆθεν</strong></span> <span class='ocrx_word' id='word_1_222' title='bbox 251 901 368 929; x_wconf 78' lang='grc' dir='ltr'><strong>ἑαυτῶν.</strong></span> <span class='ocrx_word' id='word_1_223' title='bbox 390 904 463 932; x_wconf 86' lang='grc' dir='ltr'>Ἔδει</span> <span class='ocrx_word' id='word_1_224' title='bbox 489 906 518 932; x_wconf 82' lang='grc' dir='ltr'><strong>δὲ</strong></span> <span class='ocrx_word' id='word_1_225' title='bbox 543 907 642 939; x_wconf 84' lang='grc' dir='ltr'><strong>αὐτοὺς</strong></span> <span class='ocrx_word' id='word_1_226' title='bbox 666 909 811 944; x_wconf 82' lang='grc' dir='ltr'><strong>ἀναμεῖναι</strong></span> <span class='ocrx_word' id='word_1_227' title='bbox 837 913 879 938; x_wconf 69' lang='grc' dir='ltr'><strong>τὸν</strong></span> 
     </span>
    </p>
   </div>
   <div class='ocr_carea' id='block_1_34' title="bbox 939 899 1726 944">
    <p class='ocr_par' dir='ltr' id='par_1_34' title="bbox 939 901 1726 941">
     <span class='ocr_line' id='line_1_34' title="bbox 939 901 1726 941; baseline -0.001 -12"><span class='ocrx_word' id='word_1_228' title='bbox 939 902 1201 937; x_wconf 84' lang='lat' dir='ltr'><strong>pratrocinabantur,</strong></span> <span class='ocrx_word' id='word_1_229' title='bbox 1222 910 1284 929; x_wconf 90' lang='lat' dir='ltr'><strong>cum</strong></span> <span class='ocrx_word' id='word_1_230' title='bbox 1301 901 1393 941; x_wconf 85' lang='lat' dir='ltr'><strong>potius</strong></span> <span class='ocrx_word' id='word_1_231' title='bbox 1414 901 1589 929; x_wconf 74' lang='lat' dir='ltr'><strong>convenienti</strong></span> <span class='ocrx_word' id='word_1_232' title='bbox 1602 906 1726 936; x_wconf 84' lang='lat' dir='ltr'><strong>tempore</strong></span> 
     </span>
    </p>
   </div>
   <div class='ocr_carea' id='block_1_35' title="bbox 93 946 879 988">
    <p class='ocr_par' dir='ltr' id='par_1_35' title="bbox 93 946 879 988">
     <span class='ocr_line' id='line_1_35' title="bbox 93 946 879 988; baseline 0.018 -19"><span class='ocrx_word' id='word_1_233' title='bbox 93 946 264 980; x_wconf 79' lang='grc' dir='ltr'>προσήκοντα</span> <span class='ocrx_word' id='word_1_234' title='bbox 278 949 384 983; x_wconf 78' lang='grc' dir='ltr'>καιρὸν,</span> <span class='ocrx_word' id='word_1_235' title='bbox 395 951 440 976; x_wconf 78' lang='grc' dir='ltr'>καὶ</span> <span class='ocrx_word' id='word_1_236' title='bbox 454 952 586 979; x_wconf 81' lang='grc' dir='ltr'>πυθέσθαι</span> <span class='ocrx_word' id='word_1_237' title='bbox 598 954 661 988; x_wconf 71' lang='grc' dir='ltr'>περ).</span> <span class='ocrx_word' id='word_1_238' title='bbox 676 954 723 981; x_wconf 81' lang='grc' dir='ltr'><strong>τοῦ</strong></span> <span class='ocrx_word' id='word_1_239' title='bbox 735 955 879 988; x_wconf 79' lang='grc' dir='ltr'><strong>δοκοῦντος</strong></span> 
     </span>
    </p>
   </div>
   <div class='ocr_carea' id='block_1_36' title="bbox 89 991 882 1037">
    <p class='ocr_par' dir='ltr' id='par_1_36' title="bbox 89 991 882 1037">
     <span class='ocr_line' id='line_1_36' title="bbox 89 991 882 1037; baseline 0.018 -20"><span class='ocrx_word' id='word_1_240' title='bbox 89 991 238 1028; x_wconf 81' lang='grc' dir='ltr'><strong>δυσχεροῦς</strong></span> <span class='ocrx_word' id='word_1_241' title='bbox 254 995 299 1022; x_wconf 79' lang='grc' dir='ltr'><strong>καὶ</strong></span> <span class='ocrx_word' id='word_1_242' title='bbox 315 996 353 1031; x_wconf 83' lang='grc' dir='ltr'>μὴ</span> <span class='ocrx_word' id='word_1_243' title='bbox 367 997 551 1033; x_wconf 79' lang='grc' dir='ltr'><strong>ἀπαγορεύειν</strong></span> <span class='ocrx_word' id='word_1_244' title='bbox 564 1008 572 1015; x_wconf 89' lang='grc'><strong>·</strong></span> <span class='ocrx_word' id='word_1_245' title='bbox 588 1000 659 1028; x_wconf 83' lang='grc' dir='ltr'><strong>οὕτω</strong></span> <span class='ocrx_word' id='word_1_246' title='bbox 672 1002 726 1037; x_wconf 83' lang='grc' dir='ltr'><strong>γὰρ</strong></span> <span class='ocrx_word' id='word_1_247' title='bbox 737 1003 762 1029; x_wconf 73' lang='grc' dir='ltr'><strong>οἱ</strong></span> <span class='ocrx_word' id='word_1_248' title='bbox 779 1003 882 1031; x_wconf 85' lang='grc' dir='ltr'>δώδεκα</span> 
     </span>
    </p>
   </div>
   <div class='ocr_carea' id='block_1_37' title="bbox 90 1038 882 1085">
    <p class='ocr_par' dir='ltr' id='par_1_37' title="bbox 90 1038 882 1085">
     <span class='ocr_line' id='line_1_37' title="bbox 90 1038 882 1085; baseline 0.019 -23"><span class='ocrx_word' id='word_1_249' title='bbox 90 1038 212 1073; x_wconf 79' lang='grc' dir='ltr'>μαθηταὶ</span> <span class='ocrx_word' id='word_1_250' title='bbox 250 1043 429 1077; x_wconf 81' lang='grc' dir='ltr'>πεποιήκασι.</span> <span class='ocrx_word' id='word_1_251' title='bbox 461 1045 592 1081; x_wconf 79' lang='grc' dir='ltr'>Μαθητοῦ</span> <span class='ocrx_word' id='word_1_252' title='bbox 621 1047 679 1083; x_wconf 82' lang='grc' dir='ltr'>γὰρ</span> <span class='ocrx_word' id='word_1_253' title='bbox 710 1048 882 1085; x_wconf 84' lang='grc' dir='ltr'>εὐγνώμονος</span> 
     </span>
    </p>
   </div>
   <div class='ocr_carea' id='block_1_38' title="bbox 90 1085 881 1130">
    <p class='ocr_par' dir='ltr' id='par_1_38' title="bbox 90 1085 881 1130">
     <span class='ocr_line' id='line_1_38' title="bbox 90 1085 881 1130; baseline 0.019 -20"><span class='ocrx_word' id='word_1_254' title='bbox 90 1085 266 1122; x_wconf 66' lang='grc' dir='ltr'>ἀπεριέργως</span> <span class='ocrx_word' id='word_1_255' title='bbox 281 1091 371 1116; x_wconf 84' lang='grc' dir='ltr'>πάντα</span> <span class='ocrx_word' id='word_1_256' title='bbox 390 1091 517 1127; x_wconf 82' lang='grc' dir='ltr'>δέχεσθαι</span> <span class='ocrx_word' id='word_1_257' title='bbox 531 1094 564 1121; x_wconf 79' lang='grc' dir='ltr'>τὰ</span> <span class='ocrx_word' id='word_1_258' title='bbox 582 1095 630 1121; x_wconf 85' lang='grc' dir='ltr'><strong>τοῦ</strong></span> <span class='ocrx_word' id='word_1_259' title='bbox 645 1096 820 1130; x_wconf 81' lang='grc' dir='ltr'><strong>διδασκάλου,</strong></span> <span class='ocrx_word' id='word_1_260' title='bbox 834 1099 881 1126; x_wconf 76' lang='grc' dir='ltr'>καὶ</span> 
     </span>
    </p>
   </div>
   <div class='ocr_carea' id='block_1_39' title="bbox 90 1133 882 1180">
    <p class='ocr_par' dir='ltr' id='par_1_39' title="bbox 90 1133 882 1180">
     <span class='ocr_line' id='line_1_39' title="bbox 90 1133 882 1180; baseline 0.016 -22"><span class='ocrx_word' id='word_1_261' title='bbox 90 1133 188 1180; x_wconf 71' lang='grc' dir='ltr'>καιροῦ</span> <span class='ocrx_word' id='word_1_262' title='bbox 205 1134 363 1169; x_wconf 79' lang='grc' dir='ltr'><strong>καλοῦντος,</strong></span> <span class='ocrx_word' id='word_1_263' title='bbox 378 1138 501 1171; x_wconf 80' lang='grc' dir='ltr'><strong>εὐλαϐῶς</strong></span> <span class='ocrx_word' id='word_1_264' title='bbox 520 1140 625 1180; x_wconf 70' lang='grc' dir='ltr'>ἐρωτᾷν</span> <span class='ocrx_word' id='word_1_265' title='bbox 641 1142 706 1177; x_wconf 79' lang='grc' dir='ltr'>περὶ</span> <span class='ocrx_word' id='word_1_266' title='bbox 720 1143 775 1170; x_wconf 85' lang='grc' dir='ltr'><strong>τῶν</strong></span> <span class='ocrx_word' id='word_1_267' title='bbox 797 1144 882 1180; x_wconf 86' lang='grc' dir='ltr'>ὑπερ-</span> 
     </span>
    </p>
   </div>
   <div class='ocr_carea' id='block_1_40' title="bbox 89 1177 547 1216">
    <p class='ocr_par' dir='ltr' id='par_1_40' title="bbox 89 1177 547 1216">
     <span class='ocr_line' id='line_1_40' title="bbox 89 1177 547 1216; baseline 0.017 -13"><span class='ocrx_word' id='word_1_268' title='bbox 89 1177 237 1206; x_wconf 78' lang='grc' dir='ltr'>ΰαινόντων</span> <span class='ocrx_word' id='word_1_269' title='bbox 252 1180 301 1216; x_wconf 84' lang='grc' dir='ltr'><strong>τὴν</strong></span> <span class='ocrx_word' id='word_1_270' title='bbox 316 1182 400 1209; x_wconf 81' lang='grc' dir='ltr'><strong>αὑτοῦ</strong></span> <span class='ocrx_word' id='word_1_271' title='bbox 418 1183 547 1212; x_wconf 75' lang='grc' dir='ltr'><strong>διάνοιαν.</strong></span> 
     </span>
    </p>
   </div>
   <div class='ocr_carea' id='block_1_41' title="bbox 122 1224 882 1270">
    <p class='ocr_par' dir='ltr' id='par_1_41' title="bbox 122 1224 882 1270">
     <span class='ocr_line' id='line_1_41' title="bbox 122 1224 882 1270; baseline 0.017 -20"><span class='ocrx_word' id='word_1_272' title='bbox 122 1224 217 1270; x_wconf 64' lang='grc' dir='ltr'><strong>ῌὶὸὼς</strong></span> <span class='ocrx_word' id='word_1_273' title='bbox 229 1241 264 1245; x_wconf 83' lang='grc'><strong>-</strong></span> <span class='ocrx_word' id='word_1_274' title='bbox 279 1229 468 1259; x_wconf 77' lang='grc' dir='ltr'><strong>σκανδαλίζει</strong></span> <span class='ocrx_word' id='word_1_275' title='bbox 475 1238 486 1263; x_wconf 84' lang='grc'><strong><em>;</em></strong></span> <span class='ocrx_word' id='word_1_276' title='bbox 501 1231 555 1257; x_wconf 82' lang='grc' dir='ltr'><strong>Καὶ</strong></span> <span class='ocrx_word' id='word_1_277' title='bbox 563 1231 616 1267; x_wconf 88' lang='grc' dir='ltr'><strong>γὰρ</strong></span> <span class='ocrx_word' id='word_1_278' title='bbox 625 1233 670 1259; x_wconf 72' lang='grc' dir='ltr'>καὶ</span> <span class='ocrx_word' id='word_1_279' title='bbox 681 1233 760 1260; x_wconf 83' lang='grc' dir='ltr'><strong>τοῦτο</strong></span> <span class='ocrx_word' id='word_1_280' title='bbox 771 1236 820 1270; x_wconf 84' lang='grc' dir='ltr'><strong>τῆς</strong></span> <span class='ocrx_word' id='word_1_281' title='bbox 832 1236 882 1262; x_wconf 85' lang='grc' dir='ltr'><strong>αὑ-</strong></span> 
     </span>
    </p>
   </div>
   <div class='ocr_carea' id='block_1_42' title="bbox 88 1269 881 1315">
    <p class='ocr_par' dir='ltr' id='par_1_42' title="bbox 88 1269 881 1315">
     <span class='ocr_line' id='line_1_42' title="bbox 88 1269 881 1315; baseline 0.016 -19"><span class='ocrx_word' id='word_1_282' title='bbox 88 1269 135 1296; x_wconf 85' lang='grc' dir='ltr'><strong>τοῦ</strong></span> <span class='ocrx_word' id='word_1_283' title='bbox 163 1271 291 1307; x_wconf 81' lang='grc' dir='ltr'><strong>θεότητος</strong></span> <span class='ocrx_word' id='word_1_284' title='bbox 317 1275 476 1308; x_wconf 77' lang='grc' dir='ltr'><strong>ἀπόδειξις,</strong></span> <span class='ocrx_word' id='word_1_285' title='bbox 504 1277 535 1303; x_wconf 85' lang='grc' dir='ltr'>τὺ</span> <span class='ocrx_word' id='word_1_286' title='bbox 563 1277 598 1304; x_wconf 84' lang='grc' dir='ltr'><strong>τὰ</strong></span> <span class='ocrx_word' id='word_1_287' title='bbox 623 1279 769 1315; x_wconf 71' lang='grc' dir='ltr'>ἀπόρρητα</span> <span class='ocrx_word' id='word_1_288' title='bbox 790 1269 881 1314; x_wconf 75' lang='grc' dir='ltr'><strong>αὐτοῖς</strong></span> 
     </span>
    </p>
   </div>
   <div class='ocr_carea' id='block_1_43' title="bbox 89 1316 882 1362">
    <p class='ocr_par' dir='ltr' id='par_1_43' title="bbox 89 1316 882 1362">
     <span class='ocr_line' id='line_1_43' title="bbox 89 1316 882 1362; baseline 0.005 -13"><span class='ocrx_word' id='word_1_289' title='bbox 89 1316 182 1362; x_wconf 65' lang='grc' dir='ltr'>φέρειν</span> <span class='ocrx_word' id='word_1_290' title='bbox 216 1318 256 1349; x_wconf 74' lang='grc' dir='ltr'><strong>εἷς</strong></span> <span class='ocrx_word' id='word_1_291' title='bbox 276 1319 374 1353; x_wconf 73' lang='grc' dir='ltr'>μέσον.</span> <span class='ocrx_word' id='word_1_292' title='bbox 400 1321 470 1348; x_wconf 78' lang='grc' dir='ltr'>Καθ’</span> <span class='ocrx_word' id='word_1_293' title='bbox 495 1323 609 1355; x_wconf 80' lang='grc' dir='ltr'><strong>ἑαυτοὺς</strong></span> <span class='ocrx_word' id='word_1_294' title='bbox 639 1324 693 1360; x_wconf 82' lang='grc' dir='ltr'><strong>γὰρ</strong></span> <span class='ocrx_word' id='word_1_295' title='bbox 718 1326 882 1362; x_wconf 78' lang='grc' dir='ltr'><strong>ἀποῤῥήτως</strong></span> 
     </span>
    </p>
   </div>
   <div class='ocr_carea' id='block_1_44' title="bbox 89 1361 873 1396">
    <p class='ocr_par' dir='ltr' id='par_1_44' title="bbox 89 1361 873 1396">
     <span class='ocr_line' id='line_1_44' title="bbox 89 1361 873 1396; baseline 0.006 -7"><span class='ocrx_word' id='word_1_296' title='bbox 89 1361 249 1396; x_wconf 69' lang='grc' dir='ltr'><strong>ἐγόγγυζον.</strong></span> <span class='ocrx_word' id='word_1_297' title='bbox 774 1361 799 1362; x_wconf 27' lang='grc' dir='ltr'><em>Π</em></span> <span class='ocrx_word' id='word_1_298' title='bbox 821 1361 826 1362; x_wconf 22' lang='lat'><em>7</em></span> <span class='ocrx_word' id='word_1_299' title='bbox 865 1367 873 1370; x_wconf 77' lang='grc'><em>’</em></span> 
     </span>
    </p>
   </div>
   <div class='ocr_carea' id='block_1_45' title="bbox 84 1406 881 1452">
    <p class='ocr_par' dir='ltr' id='par_1_45' title="bbox 84 1406 881 1452">
     <span class='ocr_line' id='line_1_45' title="bbox 84 1406 881 1452; baseline 0.015 -21"><span class='ocrx_word' id='word_1_300' title='bbox 132 1406 201 1432; x_wconf 83' lang='grc' dir='ltr'><em>Ἐὰν</em></span> <span class='ocrx_word' id='word_1_301' title='bbox 212 1422 245 1427; x_wconf 85' lang='lat'><strong>—-</strong></span> <span class='ocrx_word' id='word_1_302' title='bbox 260 1410 427 1444; x_wconf 68' lang='lat' dir='ltr'><strong>updtspor;</strong></span> <span class='ocrx_word' id='word_1_303' title='bbox 440 1411 536 1439; x_wconf 88' lang='grc' dir='ltr'>Λείπει</span> <span class='ocrx_word' id='word_1_304' title='bbox 551 1412 591 1446; x_wconf 82' lang='grc' dir='ltr'><strong>τὸ,</strong></span> <span class='ocrx_word' id='word_1_305' title='bbox 607 1413 640 1440; x_wconf 80' lang='grc' dir='ltr'><strong>Τί</strong></span> <span class='ocrx_word' id='word_1_306' title='bbox 660 1414 746 1449; x_wconf 80' lang='grc' dir='ltr'>ἐρεῖτε</span> <span class='ocrx_word' id='word_1_307' title='bbox 760 1424 768 1447; x_wconf 75' lang='grc' dir='ltr'><strong>ς</strong></span> <span class='ocrx_word' id='word_1_308' title='bbox 784 1416 881 1452; x_wconf 80' lang='grc' dir='ltr'>Ἔλεγε</span> 
     </span>
    </p>
   </div>
   <div class='ocr_carea' id='block_1_46' title="bbox 89 1451 883 1497">
    <p class='ocr_par' dir='ltr' id='par_1_46' title="bbox 89 1451 883 1497">
     <span class='ocr_line' id='line_1_46' title="bbox 89 1451 883 1497; baseline 0.018 -21"><span class='ocrx_word' id='word_1_309' title='bbox 89 1451 117 1477; x_wconf 76' lang='grc' dir='ltr'><strong>δὲ</strong></span> <span class='ocrx_word' id='word_1_310' title='bbox 138 1453 201 1487; x_wconf 73' lang='grc' dir='ltr'>περὶ</span> <span class='ocrx_word' id='word_1_311' title='bbox 222 1454 272 1489; x_wconf 73' lang='grc' dir='ltr'><strong>τῆς</strong></span> <span class='ocrx_word' id='word_1_312' title='bbox 290 1456 318 1487; x_wconf 81' lang='grc' dir='ltr'><strong>ὲς</strong></span> <span class='ocrx_word' id='word_1_313' title='bbox 337 1455 452 1493; x_wconf 77' lang='grc' dir='ltr'>ὕστερον</span> <span class='ocrx_word' id='word_1_314' title='bbox 469 1459 508 1490; x_wconf 73' lang='grc' dir='ltr'><strong>εις</strong></span> <span class='ocrx_word' id='word_1_315' title='bbox 527 1459 643 1494; x_wconf 70' lang='grc' dir='ltr'>οὐρανὸν</span> <span class='ocrx_word' id='word_1_316' title='bbox 656 1461 818 1497; x_wconf 76' lang='grc' dir='ltr'>ἀναλήψεως</span> <span class='ocrx_word' id='word_1_317' title='bbox 834 1464 883 1491; x_wconf 86' lang='grc' dir='ltr'><strong>αὺ-</strong></span> 
     </span>
    </p>
   </div>
   <div class='ocr_carea' id='block_1_47' title="bbox 88 1498 882 1545">
    <p class='ocr_par' dir='ltr' id='par_1_47' title="bbox 88 1498 882 1545">
     <span class='ocr_line' id='line_1_47' title="bbox 88 1498 882 1545; baseline 0.018 -22"><span class='ocrx_word' id='word_1_318' title='bbox 88 1498 146 1525; x_wconf 73' lang='grc' dir='ltr'><strong>τοῦ.</strong></span> <span class='ocrx_word' id='word_1_319' title='bbox 164 1498 387 1536; x_wconf 75' lang='grc' dir='ltr'><strong>Ὰνιιϐαἰνοντα,</strong></span> <span class='ocrx_word' id='word_1_320' title='bbox 402 1505 434 1539; x_wconf 85' lang='grc' dir='ltr'><strong>τῇ</strong></span> <span class='ocrx_word' id='word_1_321' title='bbox 450 1505 643 1541; x_wconf 81' lang='grc' dir='ltr'><strong>ἀνθρωπότητι</strong></span> <span class='ocrx_word' id='word_1_322' title='bbox 654 1515 661 1522; x_wconf 89' lang='grc'>·</span> <span class='ocrx_word' id='word_1_323' title='bbox 678 1507 777 1535; x_wconf 85' lang='grc' dir='ltr'><strong>Ὅπου</strong></span> <span class='ocrx_word' id='word_1_324' title='bbox 793 1507 834 1545; x_wconf 77' lang='grc' dir='ltr'><strong>ἦν</strong></span> <span class='ocrx_word' id='word_1_325' title='bbox 849 1511 882 1537; x_wconf 89' lang='grc' dir='ltr'>τὺ</span> 
     </span>
    </p>
   </div>
   <div class='ocr_carea' id='block_1_48' title="bbox 87 1547 915 1604">
    <p class='ocr_par' dir='ltr' id='par_1_48' title="bbox 87 1547 915 1604">
     <span class='ocr_line' id='line_1_48' title="bbox 87 1547 915 1604; baseline 0.017 -33"><span class='ocrx_word' id='word_1_326' title='bbox 87 1547 290 1602; x_wconf 43' lang='grc' dir='ltr'><strong>προτεροῗλ,’τῇ</strong></span> <span class='ocrx_word' id='word_1_327' title='bbox 308 1550 425 1586; x_wconf 84' lang='grc' dir='ltr'><strong>θεότητι.</strong></span> <span class='ocrx_word' id='word_1_328' title='bbox 445 1552 474 1579; x_wconf 88' lang='lat'><strong>&#39;0</strong></span> <span class='ocrx_word' id='word_1_329' title='bbox 491 1553 545 1588; x_wconf 84' lang='grc' dir='ltr'><strong>γὰρ</strong></span> <span class='ocrx_word' id='word_1_330' title='bbox 560 1553 709 1589; x_wconf 84' lang='grc' dir='ltr'>δυνάμενος</span> <span class='ocrx_word' id='word_1_331' title='bbox 724 1556 774 1591; x_wconf 82' lang='grc' dir='ltr'><strong>τὴν</strong></span> <span class='ocrx_word' id='word_1_332' title='bbox 789 1557 878 1593; x_wconf 84' lang='grc' dir='ltr'>σάρκα</span> <span class='ocrx_word' id='word_1_333' title='bbox 894 1575 915 1604; x_wconf 77' lang='lat' dir='ltr'><strong>c</strong></span> 
     </span>
    </p>
   </div>
   <div class='ocr_carea' id='block_1_49' title="bbox 87 1592 878 1638">
    <p class='ocr_par' dir='ltr' id='par_1_49' title="bbox 87 1592 878 1638">
     <span class='ocr_line' id='line_1_49' title="bbox 87 1592 878 1638; baseline 0.016 -21"><span class='ocrx_word' id='word_1_334' title='bbox 87 1592 188 1627; x_wconf 75' lang='grc' dir='ltr'>ταύτην</span> <span class='ocrx_word' id='word_1_335' title='bbox 196 1595 320 1629; x_wconf 74' lang='grc' dir='ltr'><strong>οὐράνιον</strong></span> <span class='ocrx_word' id='word_1_336' title='bbox 338 1597 462 1632; x_wconf 81' lang='grc' dir='ltr'>ποιῆσαι,</span> <span class='ocrx_word' id='word_1_337' title='bbox 479 1599 590 1627; x_wconf 78' lang='grc' dir='ltr'>δύναται</span> <span class='ocrx_word' id='word_1_338' title='bbox 606 1601 714 1634; x_wconf 82' lang='grc' dir='ltr'><strong>πάντως</strong></span> <span class='ocrx_word' id='word_1_339' title='bbox 729 1602 815 1638; x_wconf 86' lang='grc' dir='ltr'><strong>αὐτὴν</strong></span> <span class='ocrx_word' id='word_1_340' title='bbox 826 1592 878 1632; x_wconf 79' lang='grc' dir='ltr'>καὶ</span> 
     </span>
    </p>
   </div>
   <div class='ocr_carea' id='block_1_50' title="bbox 85 1639 590 1678">
    <p class='ocr_par' dir='ltr' id='par_1_50' title="bbox 85 1639 590 1678">
     <span class='ocr_line' id='line_1_50' title="bbox 85 1639 590 1678; baseline 0.018 -15"><span class='ocrx_word' id='word_1_341' title='bbox 85 1639 189 1674; x_wconf 86' lang='grc' dir='ltr'>τροφὴν</span> <span class='ocrx_word' id='word_1_342' title='bbox 204 1640 355 1675; x_wconf 82' lang='grc' dir='ltr'>ἀνθρώπων</span> <span class='ocrx_word' id='word_1_343' title='bbox 369 1643 590 1678; x_wconf 76' lang='grc' dir='ltr'><strong>ἀπεργάσασθαι.</strong></span> 
     </span>
    </p>
   </div>
   <div class='ocr_carea' id='block_1_51' title="bbox 126 1685 878 1726">
    <p class='ocr_par' dir='ltr' id='par_1_51' title="bbox 126 1685 878 1726">
     <span class='ocr_line' id='line_1_51' title="bbox 126 1685 878 1726; baseline 0.015 -15"><span class='ocrx_word' id='word_1_344' title='bbox 126 1685 160 1711; x_wconf 81' lang='grc' dir='ltr'><strong>Τὸ</strong></span> <span class='ocrx_word' id='word_1_345' title='bbox 176 1687 295 1721; x_wconf 76' lang='grc' dir='ltr'>πνεῦμα</span> <span class='ocrx_word' id='word_1_346' title='bbox 308 1703 341 1707; x_wconf 93' lang='lat'><strong>——</strong></span> <span class='ocrx_word' id='word_1_347' title='bbox 358 1688 458 1716; x_wconf 78' lang='grc' dir='ltr'><strong>οὐδέν.</strong></span> <span class='ocrx_word' id='word_1_348' title='bbox 474 1690 586 1725; x_wconf 79' lang='grc' dir='ltr'>Πνεῦμα</span> <span class='ocrx_word' id='word_1_349' title='bbox 599 1691 672 1726; x_wconf 75' lang='grc' dir='ltr'>λέγει</span> <span class='ocrx_word' id='word_1_350' title='bbox 686 1692 734 1720; x_wconf 81' lang='grc' dir='ltr'><strong>νῦν</strong></span> <span class='ocrx_word' id='word_1_351' title='bbox 749 1694 780 1720; x_wconf 81' lang='grc' dir='ltr'><strong>τὸ</strong></span> <span class='ocrx_word' id='word_1_352' title='bbox 798 1703 878 1721; x_wconf 85' lang='grc' dir='ltr'>πνευ-</span> 
     </span>
    </p>
   </div>
   <div class='ocr_carea' id='block_1_52' title="bbox 87 1731 877 1775">
    <p class='ocr_par' dir='ltr' id='par_1_52' title="bbox 87 1731 877 1775">
     <span class='ocr_line' id='line_1_52' title="bbox 87 1731 877 1775; baseline 0.014 -19"><span class='ocrx_word' id='word_1_353' title='bbox 87 1731 211 1765; x_wconf 82' lang='grc' dir='ltr'>ματικῶς</span> <span class='ocrx_word' id='word_1_354' title='bbox 235 1735 305 1759; x_wconf 80' lang='grc' dir='ltr'>νοεῖν</span> <span class='ocrx_word' id='word_1_355' title='bbox 331 1735 364 1761; x_wconf 67' lang='grc' dir='ltr'><strong>τὰ</strong></span> <span class='ocrx_word' id='word_1_356' title='bbox 381 1735 509 1770; x_wconf 82' lang='grc' dir='ltr'>ρηθέντα.</span> <span class='ocrx_word' id='word_1_357' title='bbox 532 1736 652 1772; x_wconf 81' lang='grc' dir='ltr'><strong>ὐμοίως</strong></span> <span class='ocrx_word' id='word_1_358' title='bbox 667 1738 695 1765; x_wconf 79' lang='grc' dir='ltr'><strong>δὲ</strong></span> <span class='ocrx_word' id='word_1_359' title='bbox 719 1740 767 1766; x_wconf 74' lang='grc' dir='ltr'>καὶ</span> <span class='ocrx_word' id='word_1_360' title='bbox 787 1741 877 1775; x_wconf 76' lang='grc' dir='ltr'>σάρκα</span> 
     </span>
    </p>
   </div>
   <div class='ocr_carea' id='block_1_53' title="bbox 87 1777 876 1820">
    <p class='ocr_par' dir='ltr' id='par_1_53' title="bbox 87 1777 876 1820">
     <span class='ocr_line' id='line_1_53' title="bbox 87 1777 876 1820; baseline 0.014 -18"><span class='ocrx_word' id='word_1_361' title='bbox 87 1777 116 1803; x_wconf 63' lang='grc' dir='ltr'><strong>τὺ</strong></span> <span class='ocrx_word' id='word_1_362' title='bbox 133 1779 271 1813; x_wconf 81' lang='grc' dir='ltr'>σαρκικῶς</span> <span class='ocrx_word' id='word_1_363' title='bbox 286 1782 355 1807; x_wconf 85' lang='grc' dir='ltr'>νοεῖν</span> <span class='ocrx_word' id='word_1_364' title='bbox 372 1781 442 1809; x_wconf 87' lang='grc' dir='ltr'><strong>αὐτά</strong></span> <span class='ocrx_word' id='word_1_365' title='bbox 452 1791 459 1797; x_wconf 94' lang='grc'><strong>·</strong></span> <span class='ocrx_word' id='word_1_366' title='bbox 478 1783 507 1809; x_wconf 84' lang='grc' dir='ltr'><strong>οὺ</strong></span> <span class='ocrx_word' id='word_1_367' title='bbox 532 1783 586 1819; x_wconf 83' lang='grc' dir='ltr'><strong>γὰρ</strong></span> <span class='ocrx_word' id='word_1_368' title='bbox 601 1785 665 1819; x_wconf 82' lang='grc' dir='ltr'>περὶ</span> <span class='ocrx_word' id='word_1_369' title='bbox 680 1786 729 1820; x_wconf 72' lang='grc' dir='ltr'><strong>τῆς</strong></span> <span class='ocrx_word' id='word_1_370' title='bbox 743 1785 876 1818; x_wconf 80' lang='grc' dir='ltr'><strong>ζωοποιοῦ</strong></span> 
     </span>
    </p>
   </div>
   <div class='ocr_carea' id='block_1_54' title="bbox 87 1823 876 1866">
    <p class='ocr_par' dir='ltr' id='par_1_54' title="bbox 87 1823 876 1866">
     <span class='ocr_line' id='line_1_54' title="bbox 87 1823 876 1866; baseline 0.013 -18"><span class='ocrx_word' id='word_1_371' title='bbox 87 1823 186 1857; x_wconf 74' lang='grc' dir='ltr'>σαρκὸς</span> <span class='ocrx_word' id='word_1_372' title='bbox 211 1825 294 1852; x_wconf 83' lang='grc' dir='ltr'><strong>αὑτοῦ</strong></span> <span class='ocrx_word' id='word_1_373' title='bbox 309 1826 355 1853; x_wconf 84' lang='grc' dir='ltr'><strong>νῦν</strong></span> <span class='ocrx_word' id='word_1_374' title='bbox 377 1828 391 1853; x_wconf 83' lang='grc' dir='ltr'>ὁ</span> <span class='ocrx_word' id='word_1_375' title='bbox 406 1827 494 1861; x_wconf 85' lang='grc' dir='ltr'><strong>λόγος.</strong></span> <span class='ocrx_word' id='word_1_376' title='bbox 512 1829 581 1864; x_wconf 79' lang='grc' dir='ltr'><strong>Φησὶ</strong></span> <span class='ocrx_word' id='word_1_377' title='bbox 605 1829 696 1857; x_wconf 80' lang='grc' dir='ltr'><strong>τοίνυν</strong></span> <span class='ocrx_word' id='word_1_378' title='bbox 714 1831 756 1857; x_wconf 80' lang='grc' dir='ltr'><strong>ὅτι</strong></span> <span class='ocrx_word' id='word_1_379' title='bbox 775 1831 805 1857; x_wconf 82' lang='grc' dir='ltr'><strong>τὸ</strong></span> <span class='ocrx_word' id='word_1_380' title='bbox 827 1832 876 1866; x_wconf 79' lang='grc' dir='ltr'>μὲν</span> 
     </span>
    </p>
   </div>
   <div class='ocr_carea' id='block_1_55' title="bbox 86 1871 876 1912">
    <p class='ocr_par' dir='ltr' id='par_1_55' title="bbox 86 1871 876 1912">
     <span class='ocr_line' id='line_1_55' title="bbox 86 1871 876 1912; baseline 0.013 -18"><span class='ocrx_word' id='word_1_381' title='bbox 86 1871 279 1905; x_wconf 77' lang='grc' dir='ltr'><strong>πνευματικῶς</strong></span> <span class='ocrx_word' id='word_1_382' title='bbox 291 1874 360 1899; x_wconf 81' lang='grc' dir='ltr'>νοεῖν</span> <span class='ocrx_word' id='word_1_383' title='bbox 371 1872 458 1900; x_wconf 82' lang='grc' dir='ltr'>ταῦτα</span> <span class='ocrx_word' id='word_1_384' title='bbox 472 1873 545 1910; x_wconf 77' lang='grc' dir='ltr'><strong>ζωὴν</strong></span> <span class='ocrx_word' id='word_1_385' title='bbox 557 1875 674 1911; x_wconf 75' lang='grc' dir='ltr'>παρέχει</span> <span class='ocrx_word' id='word_1_386' title='bbox 685 1876 735 1912; x_wconf 85' lang='grc' dir='ltr'>τὴν</span> <span class='ocrx_word' id='word_1_387' title='bbox 747 1877 876 1912; x_wconf 83' lang='grc' dir='ltr'><strong>ἀνωτέρω</strong></span> 
     </span>
    </p>
   </div>
   <div class='ocr_carea' id='block_1_56' title="bbox 86 1913 875 1955">
    <p class='ocr_par' dir='ltr' id='par_1_56' title="bbox 86 1913 875 1955">
     <span class='ocr_line' id='line_1_56' title="bbox 86 1913 875 1955; baseline 0.014 -16"><span class='ocrx_word' id='word_1_388' title='bbox 86 1913 244 1949; x_wconf 75' lang='grc' dir='ltr'>λεχθεῖσανο</span> <span class='ocrx_word' id='word_1_389' title='bbox 280 1917 310 1943; x_wconf 71' lang='grc' dir='ltr'><strong>τὶ.</strong></span> <span class='ocrx_word' id='word_1_390' title='bbox 346 1918 374 1944; x_wconf 80' lang='grc' dir='ltr'><strong>δὲ</strong></span> <span class='ocrx_word' id='word_1_391' title='bbox 413 1920 552 1955; x_wconf 82' lang='grc' dir='ltr'>σαρκικῶς</span> <span class='ocrx_word' id='word_1_392' title='bbox 587 1923 657 1949; x_wconf 83' lang='grc' dir='ltr'>νοεῖν</span> <span class='ocrx_word' id='word_1_393' title='bbox 694 1923 764 1949; x_wconf 81' lang='grc' dir='ltr'><strong>αὐτὰ</strong></span> <span class='ocrx_word' id='word_1_394' title='bbox 799 1923 875 1950; x_wconf 67' lang='grc' dir='ltr'><strong>οὐδὲν</strong></span> 
     </span>
    </p>
   </div>
   <div class='ocr_carea' id='block_1_57' title="bbox 85 1959 196 1993">
    <p class='ocr_par' dir='ltr' id='par_1_57' title="bbox 85 1959 196 1993">
     <span class='ocr_line' id='line_1_57' title="bbox 85 1959 196 1993; baseline 0.027 -8"><span class='ocrx_word' id='word_1_395' title='bbox 85 1959 196 1993; x_wconf 79' lang='grc' dir='ltr'>ὠφελεῖ.</span> 
     </span>
    </p>
   </div>
   <div class='ocr_carea' id='block_1_58' title="bbox 125 2007 876 2051">
    <p class='ocr_par' dir='ltr' id='par_1_58' title="bbox 125 2007 876 2051">
     <span class='ocr_line' id='line_1_58' title="bbox 125 2007 876 2051; baseline 0.012 -17"><span class='ocrx_word' id='word_1_396' title='bbox 125 2008 162 2034; x_wconf 85' lang='grc' dir='ltr'><strong><em>Τὰ</em></strong></span> <span class='ocrx_word' id='word_1_397' title='bbox 174 2007 294 2043; x_wconf 79' lang='grc' dir='ltr'>ῥήματα</span> <span class='ocrx_word' id='word_1_398' title='bbox 309 2025 345 2029; x_wconf 93' lang='grc'><strong>-</strong></span> <span class='ocrx_word' id='word_1_399' title='bbox 359 2011 435 2038; x_wconf 81' lang='grc' dir='ltr'><strong>ἐστι.</strong></span> <span class='ocrx_word' id='word_1_400' title='bbox 452 2012 630 2047; x_wconf 79' lang='grc' dir='ltr'>Πνευματικά</span> <span class='ocrx_word' id='word_1_401' title='bbox 647 2014 704 2041; x_wconf 81' lang='grc' dir='ltr'>ἐστι</span> <span class='ocrx_word' id='word_1_402' title='bbox 719 2015 764 2041; x_wconf 79' lang='grc' dir='ltr'><strong>καὶ</strong></span> <span class='ocrx_word' id='word_1_403' title='bbox 780 2015 876 2051; x_wconf 79' lang='grc' dir='ltr'>ζωηρά</span> 
     </span>
    </p>
   </div>
   <div class='ocr_carea' id='block_1_59' title="bbox 85 2053 874 2097">
    <p class='ocr_par' dir='ltr' id='par_1_59' title="bbox 85 2053 874 2097">
     <span class='ocr_line' id='line_1_59' title="bbox 85 2053 874 2097; baseline 0.011 -18"><span class='ocrx_word' id='word_1_404' title='bbox 85 2053 159 2079; x_wconf 81' lang='grc' dir='ltr'>ὲσιι·</span> <span class='ocrx_word' id='word_1_405' title='bbox 172 2054 212 2080; x_wconf 76' lang='grc' dir='ltr'><strong>διὸ</strong></span> <span class='ocrx_word' id='word_1_406' title='bbox 225 2055 276 2091; x_wconf 79' lang='grc' dir='ltr'><strong>χρὴ</strong></span> <span class='ocrx_word' id='word_1_407' title='bbox 292 2055 328 2091; x_wconf 83' lang='grc' dir='ltr'><strong>μὴ</strong></span> <span class='ocrx_word' id='word_1_408' title='bbox 342 2056 436 2088; x_wconf 77' lang='grc' dir='ltr'><strong>ἁπλῶς</strong></span> <span class='ocrx_word' id='word_1_409' title='bbox 450 2058 489 2088; x_wconf 88' lang='grc' dir='ltr'>εἰς</span> <span class='ocrx_word' id='word_1_410' title='bbox 501 2058 571 2084; x_wconf 71' lang='grc' dir='ltr'>αὐτὰ</span> <span class='ocrx_word' id='word_1_411' title='bbox 585 2058 694 2093; x_wconf 81' lang='grc' dir='ltr'>βλέπειν</span> <span class='ocrx_word' id='word_1_412' title='bbox 706 2068 714 2075; x_wconf 88' lang='grc'><strong>·</strong></span> <span class='ocrx_word' id='word_1_413' title='bbox 729 2061 808 2088; x_wconf 77' lang='grc' dir='ltr'><strong>τοῦτο</strong></span> <span class='ocrx_word' id='word_1_414' title='bbox 820 2062 874 2097; x_wconf 80' lang='grc' dir='ltr'>γάρ</span> 
     </span>
    </p>
   </div>
   <div class='ocr_carea' id='block_1_60' title="bbox 85 2099 874 2141">
    <p class='ocr_par' dir='ltr' id='par_1_60' title="bbox 85 2099 874 2141">
     <span class='ocr_line' id='line_1_60' title="bbox 85 2099 874 2141; baseline 0.01 -16"><span class='ocrx_word' id='word_1_415' title='bbox 85 2099 144 2126; x_wconf 71' lang='grc' dir='ltr'>ἐστι</span> <span class='ocrx_word' id='word_1_416' title='bbox 159 2100 189 2126; x_wconf 78' lang='grc' dir='ltr'><strong>τὸ</strong></span> <span class='ocrx_word' id='word_1_417' title='bbox 206 2101 346 2135; x_wconf 76' lang='grc' dir='ltr'>σαρκικῶς</span> <span class='ocrx_word' id='word_1_418' title='bbox 362 2104 433 2129; x_wconf 83' lang='grc' dir='ltr'>νοεῖν</span> <span class='ocrx_word' id='word_1_419' title='bbox 446 2111 453 2119; x_wconf 85' lang='grc'>·</span> <span class='ocrx_word' id='word_1_420' title='bbox 472 2103 530 2130; x_wconf 82' lang='grc' dir='ltr'><strong>ἀλλ’</strong></span> <span class='ocrx_word' id='word_1_421' title='bbox 549 2104 716 2140; x_wconf 78' lang='grc' dir='ltr'>ὑψηλότερόν</span> <span class='ocrx_word' id='word_1_422' title='bbox 733 2114 758 2132; x_wconf 84' lang='grc' dir='ltr'>τι</span> <span class='ocrx_word' id='word_1_423' title='bbox 772 2108 874 2141; x_wconf 81' lang='grc' dir='ltr'>φαντά-</span> 
     </span>
    </p>
   </div>
   <div class='ocr_carea' id='block_1_61' title="bbox 85 2144 873 2185">
    <p class='ocr_par' dir='ltr' id='par_1_61' title="bbox 85 2144 873 2185">
     <span class='ocr_line' id='line_1_61' title="bbox 85 2144 873 2185; baseline 0.011 -13"><span class='ocrx_word' id='word_1_424' title='bbox 85 2144 180 2178; x_wconf 81' lang='grc' dir='ltr'>ζεσθαι</span> <span class='ocrx_word' id='word_1_425' title='bbox 192 2167 199 2178; x_wconf 88' lang='grc'>,</span> <span class='ocrx_word' id='word_1_426' title='bbox 220 2148 267 2174; x_wconf 67' lang='grc' dir='ltr'>καὶ</span> <span class='ocrx_word' id='word_1_427' title='bbox 282 2149 338 2179; x_wconf 80' lang='grc' dir='ltr'><strong>τοῖς</strong></span> <span class='ocrx_word' id='word_1_428' title='bbox 354 2149 427 2175; x_wconf 73' lang='grc' dir='ltr'><strong>ἔνδον</strong></span> <span class='ocrx_word' id='word_1_429' title='bbox 444 2149 592 2185; x_wconf 75' lang='grc' dir='ltr'><strong>ὀφθαλμοῖς</strong></span> <span class='ocrx_word' id='word_1_430' title='bbox 608 2152 678 2178; x_wconf 79' lang='grc' dir='ltr'>αὐτὰ</span> <span class='ocrx_word' id='word_1_431' title='bbox 693 2153 873 2181; x_wconf 85' lang='grc' dir='ltr'>κατοπτεύειν</span> 
     </span>
    </p>
   </div>
   <div class='ocr_carea' id='block_1_62' title="bbox 84 2191 873 2234">
    <p class='ocr_par' dir='ltr' id='par_1_62' title="bbox 84 2191 873 2234">
     <span class='ocr_line' id='line_1_62' title="bbox 84 2191 873 2234; baseline 0.011 -17"><span class='ocrx_word' id='word_1_432' title='bbox 84 2191 122 2223; x_wconf 78' lang='grc' dir='ltr'><strong>ὡς</strong></span> <span class='ocrx_word' id='word_1_433' title='bbox 151 2195 309 2229; x_wconf 74' lang='grc' dir='ltr'>μυστήρια·</span> <span class='ocrx_word' id='word_1_434' title='bbox 342 2194 419 2222; x_wconf 82' lang='grc' dir='ltr'><strong>τοῦτο</strong></span> <span class='ocrx_word' id='word_1_435' title='bbox 447 2196 500 2231; x_wconf 81' lang='grc' dir='ltr'><strong>γάρ</strong></span> <span class='ocrx_word' id='word_1_436' title='bbox 532 2198 591 2224; x_wconf 77' lang='grc' dir='ltr'>ἐστι</span> <span class='ocrx_word' id='word_1_437' title='bbox 618 2198 648 2224; x_wconf 80' lang='grc' dir='ltr'><strong>τὸ</strong></span> <span class='ocrx_word' id='word_1_438' title='bbox 676 2200 873 2234; x_wconf 82' lang='grc' dir='ltr'>πνευματικῶς</span> 
     </span>
    </p>
   </div>
   <div class='ocr_carea' id='block_1_63' title="bbox 84 2244 440 2266">
    <p class='ocr_par' dir='ltr' id='par_1_63' title="bbox 84 2244 440 2266">
     <span class='ocr_line' id='line_1_63' title="bbox 84 2244 440 2266; baseline 0.008 -2"><span class='ocrx_word' id='word_1_439' title='bbox 84 2244 165 2266; x_wconf 72' lang='grc' dir='ltr'><strong>νοεῖν.</strong></span> <span class='ocrx_word' id='word_1_440' title='bbox 436 2244 440 2248; x_wconf 91' lang='grc'><strong>”</strong></span> 
     </span>
    </p>
   </div>
   <div class='ocr_carea' id='block_1_64' title="bbox 127 2285 875 2324">
    <p class='ocr_par' dir='ltr' id='par_1_64' title="bbox 127 2285 875 2324">
     <span class='ocr_line' id='line_1_64' title="bbox 127 2285 875 2324; baseline 0.008 -12"><span class='ocrx_word' id='word_1_441' title='bbox 127 2285 208 2312; x_wconf 72' lang='grc' dir='ltr'><em>Ἀλλ’</em></span> <span class='ocrx_word' id='word_1_442' title='bbox 222 2300 257 2304; x_wconf 91' lang='grc'><strong>-</strong></span> <span class='ocrx_word' id='word_1_443' title='bbox 270 2286 373 2314; x_wconf 78' lang='grc' dir='ltr'><strong>αὐτόν.</strong></span> <span class='ocrx_word' id='word_1_444' title='bbox 397 2286 433 2313; x_wconf 80' lang='grc' dir='ltr'><strong>Οὐ</strong></span> <span class='ocrx_word' id='word_1_445' title='bbox 458 2287 538 2321; x_wconf 81' lang='grc' dir='ltr'>μόνον</span> <span class='ocrx_word' id='word_1_446' title='bbox 557 2287 606 2323; x_wconf 84' lang='grc' dir='ltr'><strong>τὴν</strong></span> <span class='ocrx_word' id='word_1_447' title='bbox 630 2289 792 2324; x_wconf 77' lang='grc' dir='ltr'>πρόγνωσιν,</span> <span class='ocrx_word' id='word_1_448' title='bbox 808 2291 875 2318; x_wconf 79' lang='grc' dir='ltr'>ἀλλὰ</span> 
     </span>
    </p>
   </div>
   <div class='ocr_carea' id='block_1_65' title="bbox 89 2331 874 2367">
    <p class='ocr_par' dir='ltr' id='par_1_65' title="bbox 89 2331 874 2367">
     <span class='ocr_line' id='line_1_65' title="bbox 89 2331 874 2367; baseline 0.01 -10"><span class='ocrx_word' id='word_1_449' title='bbox 89 2331 134 2357; x_wconf 76' lang='grc' dir='ltr'>καὶ</span> <span class='ocrx_word' id='word_1_450' title='bbox 156 2331 186 2358; x_wconf 77' lang='grc' dir='ltr'><strong>τὸ</strong></span> <span class='ocrx_word' id='word_1_451' title='bbox 203 2332 366 2365; x_wconf 82' lang='grc' dir='ltr'>ἀνεξίκακον</span> <span class='ocrx_word' id='word_1_452' title='bbox 382 2333 465 2359; x_wconf 78' lang='grc' dir='ltr'><strong>αὑτοῦ</strong></span> <span class='ocrx_word' id='word_1_453' title='bbox 477 2333 625 2367; x_wconf 84' lang='grc' dir='ltr'>δείκνυσιν,</span> <span class='ocrx_word' id='word_1_454' title='bbox 645 2335 686 2362; x_wconf 80' lang='grc' dir='ltr'><strong>ὅτι</strong></span> <span class='ocrx_word' id='word_1_455' title='bbox 701 2337 749 2363; x_wconf 83' lang='grc' dir='ltr'><strong>οὐκ</strong></span> <span class='ocrx_word' id='word_1_456' title='bbox 761 2337 814 2364; x_wconf 64' lang='grc' dir='ltr'>ἀπὸ</span> <span class='ocrx_word' id='word_1_457' title='bbox 828 2337 874 2365; x_wconf 75' lang='grc' dir='ltr'><strong>τοῦ</strong></span> 
     </span>
    </p>
   </div>
   <div class='ocr_carea' id='block_1_66' title="bbox 89 2377 875 2416">
    <p class='ocr_par' dir='ltr' id='par_1_66' title="bbox 89 2377 875 2416">
     <span class='ocr_line' id='line_1_66' title="bbox 89 2377 875 2416; baseline 0.01 -14"><span class='ocrx_word' id='word_1_458' title='bbox 89 2377 233 2411; x_wconf 79' lang='grc' dir='ltr'>γογγὺσαι,</span> <span class='ocrx_word' id='word_1_459' title='bbox 255 2379 314 2406; x_wconf 81' lang='grc' dir='ltr'><strong>ἀλλ’</strong></span> <span class='ocrx_word' id='word_1_460' title='bbox 330 2379 358 2412; x_wconf 73' lang='grc' dir='ltr'><strong>ἐξ</strong></span> <span class='ocrx_word' id='word_1_461' title='bbox 373 2380 459 2415; x_wconf 81' lang='grc' dir='ltr'><strong>ἀρχῆς</strong></span> <span class='ocrx_word' id='word_1_462' title='bbox 475 2381 521 2407; x_wconf 77' lang='grc' dir='ltr'>καὶ</span> <span class='ocrx_word' id='word_1_463' title='bbox 539 2380 643 2408; x_wconf 75' lang='grc' dir='ltr'>ἄνωθεν</span> <span class='ocrx_word' id='word_1_464' title='bbox 663 2381 806 2416; x_wconf 79' lang='grc' dir='ltr'>ἐγίνωσκε,</span> <span class='ocrx_word' id='word_1_465' title='bbox 829 2385 875 2411; x_wconf 72' lang='grc' dir='ltr'>καὶ</span> 
     </span>
    </p>
   </div>
   <div class='ocr_carea' id='block_1_67' title="bbox 87 2423 874 2465">
    <p class='ocr_par' dir='ltr' id='par_1_67' title="bbox 87 2423 874 2465">
     <span class='ocr_line' id='line_1_67' title="bbox 87 2423 874 2465; baseline 0.011 -18"><span class='ocrx_word' id='word_1_466' title='bbox 87 2423 150 2453; x_wconf 72' lang='grc' dir='ltr'><strong>τοὺς</strong></span> <span class='ocrx_word' id='word_1_467' title='bbox 162 2423 340 2456; x_wconf 77' lang='grc' dir='ltr'>πιστεύοντας</span> <span class='ocrx_word' id='word_1_468' title='bbox 352 2426 398 2452; x_wconf 85' lang='grc' dir='ltr'>καὶ</span> <span class='ocrx_word' id='word_1_469' title='bbox 410 2425 472 2457; x_wconf 78' lang='grc' dir='ltr'><strong>τοὺς</strong></span> <span class='ocrx_word' id='word_1_470' title='bbox 485 2426 522 2461; x_wconf 83' lang='grc' dir='ltr'>μὴ</span> <span class='ocrx_word' id='word_1_471' title='bbox 538 2427 726 2460; x_wconf 80' lang='grc' dir='ltr'><strong>πιστεύοντας,</strong></span> <span class='ocrx_word' id='word_1_472' title='bbox 740 2428 786 2455; x_wconf 75' lang='grc' dir='ltr'>καὶ</span> <span class='ocrx_word' id='word_1_473' title='bbox 800 2429 874 2465; x_wconf 77' lang='grc' dir='ltr'><strong>ὅμως</strong></span> 
     </span>
    </p>
   </div>
   <div class='ocr_carea' id='block_1_68' title="bbox 84 2468 446 2500">
    <p class='ocr_par' dir='ltr' id='par_1_68' title="bbox 84 2468 446 2500">
     <span class='ocr_line' id='line_1_68' title="bbox 84 2468 446 2500; baseline 0.014 -7"><span class='ocrx_word' id='word_1_474' title='bbox 84 2468 182 2500; x_wconf 82' lang='grc' dir='ltr'><strong>κοινῶς</strong></span> <span class='ocrx_word' id='word_1_475' title='bbox 194 2470 298 2500; x_wconf 79' lang='grc' dir='ltr'>πάντας</span> <span class='ocrx_word' id='word_1_476' title='bbox 312 2470 446 2499; x_wconf 76' lang='grc' dir='ltr'><strong>ἐδίδασκε.</strong></span> 
     </span>
    </p>
   </div>
   <div class='ocr_carea' id='block_1_69' title="bbox 120 2515 872 2552">
    <p class='ocr_par' dir='ltr' id='par_1_69' title="bbox 120 2515 872 2552">
     <span class='ocr_line' id='line_1_69' title="bbox 120 2515 872 2552; baseline 0.009 -12"><span class='ocrx_word' id='word_1_477' title='bbox 120 2515 174 2541; x_wconf 78' lang='grc' dir='ltr'><strong>Καὶ</strong></span> <span class='ocrx_word' id='word_1_478' title='bbox 189 2529 223 2534; x_wconf 89' lang='grc'><strong>-</strong></span> <span class='ocrx_word' id='word_1_479' title='bbox 233 2524 302 2549; x_wconf 81' lang='grc' dir='ltr'><strong>μου.</strong></span> <span class='ocrx_word' id='word_1_480' title='bbox 320 2517 368 2542; x_wconf 76' lang='grc' dir='ltr'><strong>Διὰ</strong></span> <span class='ocrx_word' id='word_1_481' title='bbox 380 2517 469 2550; x_wconf 84' lang='grc' dir='ltr'><strong>τοῦτο,</strong></span> <span class='ocrx_word' id='word_1_482' title='bbox 486 2519 580 2552; x_wconf 85' lang='grc' dir='ltr'><strong>ποῖον;</strong></span> <span class='ocrx_word' id='word_1_483' title='bbox 598 2519 647 2546; x_wconf 82' lang='grc' dir='ltr'><strong>Διὰ</strong></span> <span class='ocrx_word' id='word_1_484' title='bbox 661 2519 691 2546; x_wconf 84' lang='grc' dir='ltr'>τὸ</span> <span class='ocrx_word' id='word_1_485' title='bbox 706 2518 777 2547; x_wconf 78' lang='grc' dir='ltr'><strong>εἷναί</strong></span> <span class='ocrx_word' id='word_1_486' title='bbox 796 2530 872 2552; x_wconf 78' lang='grc' dir='ltr'>τινας</span> 
     </span>
    </p>
   </div>
   <div class='ocr_carea' id='block_1_70' title="bbox 84 2560 873 2600">
    <p class='ocr_par' dir='ltr' id='par_1_70' title="bbox 84 2560 873 2600">
     <span class='ocr_line' id='line_1_70' title="bbox 84 2560 873 2600; baseline 0.008 -14"><span class='ocrx_word' id='word_1_487' title='bbox 84 2560 110 2586; x_wconf 78' lang='grc' dir='ltr'><strong>οἳ</strong></span> <span class='ocrx_word' id='word_1_488' title='bbox 131 2561 160 2586; x_wconf 87' lang='grc' dir='ltr'><strong>οὺ</strong></span> <span class='ocrx_word' id='word_1_489' title='bbox 185 2561 352 2589; x_wconf 80' lang='grc' dir='ltr'>πιστεύουσι.</span> <span class='ocrx_word' id='word_1_490' title='bbox 371 2563 495 2598; x_wconf 83' lang='grc' dir='ltr'>Συνεχῶς</span> <span class='ocrx_word' id='word_1_491' title='bbox 518 2564 548 2590; x_wconf 81' lang='grc' dir='ltr'><strong>δὲ</strong></span> <span class='ocrx_word' id='word_1_492' title='bbox 572 2565 683 2600; x_wconf 77' lang='grc' dir='ltr'>Πατέρα</span> <span class='ocrx_word' id='word_1_493' title='bbox 705 2566 802 2592; x_wconf 77' lang='grc' dir='ltr'><strong>ἑαυτοῦ</strong></span> <span class='ocrx_word' id='word_1_494' title='bbox 827 2566 873 2592; x_wconf 80' lang='grc' dir='ltr'><strong>τὸν</strong></span> 
     </span>
    </p>
   </div>
   <div class='ocr_carea' id='block_1_71' title="bbox 83 2605 871 2642">
    <p class='ocr_par' dir='ltr' id='par_1_71' title="bbox 83 2605 871 2642">
     <span class='ocr_line' id='line_1_71' title="bbox 83 2605 871 2642; baseline 0.008 -11"><span class='ocrx_word' id='word_1_495' title='bbox 83 2605 150 2632; x_wconf 72' lang='grc' dir='ltr'>θεὸν</span> <span class='ocrx_word' id='word_1_496' title='bbox 178 2606 315 2640; x_wconf 75' lang='grc' dir='ltr'><strong>ὀνομάζει,</strong></span> <span class='ocrx_word' id='word_1_497' title='bbox 345 2607 479 2635; x_wconf 81' lang='grc' dir='ltr'>διδάσκων</span> <span class='ocrx_word' id='word_1_498' title='bbox 500 2610 542 2636; x_wconf 78' lang='grc' dir='ltr'><strong>ὅτι</strong></span> <span class='ocrx_word' id='word_1_499' title='bbox 565 2610 615 2637; x_wconf 77' lang='grc' dir='ltr'><strong>οὐκ</strong></span> <span class='ocrx_word' id='word_1_500' title='bbox 638 2610 712 2637; x_wconf 75' lang='grc' dir='ltr'>ἔστιν</span> <span class='ocrx_word' id='word_1_501' title='bbox 742 2611 800 2642; x_wconf 63' lang='grc' dir='ltr'><strong>υἱὸς</strong></span> <span class='ocrx_word' id='word_1_502' title='bbox 824 2611 871 2638; x_wconf 75' lang='grc' dir='ltr'><strong>τοῦ</strong></span> 
     </span>
    </p>
   </div>
   <div class='ocr_carea' id='block_1_72' title="bbox 89 2652 472 2689">
    <p class='ocr_par' dir='ltr' id='par_1_72' title="bbox 89 2652 472 2689">
     <span class='ocr_line' id='line_1_72' title="bbox 89 2652 472 2689; baseline 0.005 -11"><span class='ocrx_word' id='word_1_503' title='bbox 89 2652 200 2687; x_wconf 62' lang='grc' dir='ltr'><strong>Ἰωσὴῳ,</strong></span> <span class='ocrx_word' id='word_1_504' title='bbox 216 2653 253 2685; x_wconf 83' lang='grc' dir='ltr'><strong>ὡς</strong></span> <span class='ocrx_word' id='word_1_505' title='bbox 267 2653 365 2680; x_wconf 78' lang='grc' dir='ltr'>ἐκεῖνοι</span> <span class='ocrx_word' id='word_1_506' title='bbox 378 2653 472 2689; x_wconf 74' lang='grc' dir='ltr'><strong>ᾤοντο.</strong></span> 
     </span>
    </p>
   </div>
   <div class='ocr_carea' id='block_1_73' title="bbox 935 947 1727 984">
    <p class='ocr_par' dir='ltr' id='par_1_73' title="bbox 935 947 1727 984">
     <span class='ocr_line' id='line_1_73' title="bbox 935 947 1727 984; baseline 0 -9"><span class='ocrx_word' id='word_1_507' title='bbox 935 949 1100 975; x_wconf 82' lang='lat' dir='ltr'><strong>remansisse</strong></span> <span class='ocrx_word' id='word_1_508' title='bbox 1115 949 1168 984; x_wconf 67' lang='grc' dir='ltr'><strong>(νυ)</strong></span> <span class='ocrx_word' id='word_1_509' title='bbox 1185 949 1337 983; x_wconf 74' lang='lat' dir='ltr'><strong>oportuerit</strong></span> <span class='ocrx_word' id='word_1_510' title='bbox 1350 955 1383 976; x_wconf 83' lang='lat' dir='ltr'><strong>ac</strong></span> <span class='ocrx_word' id='word_1_511' title='bbox 1394 947 1521 976; x_wconf 85' lang='lat' dir='ltr'><strong>obedisse</strong></span> <span class='ocrx_word' id='word_1_512' title='bbox 1537 947 1565 975; x_wconf 85' lang='lat' dir='ltr'><strong>in</strong></span> <span class='ocrx_word' id='word_1_513' title='bbox 1597 955 1640 981; x_wconf 80' lang='lat' dir='ltr'><strong>eo,</strong></span> <span class='ocrx_word' id='word_1_514' title='bbox 1654 947 1727 983; x_wconf 86' lang='lat' dir='ltr'><strong>quod</strong></span> 
     </span>
    </p>
   </div>
   <div class='ocr_carea' id='block_1_74' title="bbox 935 994 1726 1030">
    <p class='ocr_par' dir='ltr' id='par_1_74' title="bbox 935 994 1726 1030">
     <span class='ocr_line' id='line_1_74' title="bbox 935 994 1726 1030; baseline -0.001 -8"><span class='ocrx_word' id='word_1_515' title='bbox 935 994 1044 1022; x_wconf 77' lang='lat' dir='ltr'><strong>diﬁicile</strong></span> <span class='ocrx_word' id='word_1_516' title='bbox 1056 994 1198 1022; x_wconf 83' lang='lat' dir='ltr'><strong>videbatur</strong></span> <span class='ocrx_word' id='word_1_517' title='bbox 1213 998 1240 1022; x_wconf 88' lang='lat' dir='ltr'><strong>et</strong></span> <span class='ocrx_word' id='word_1_518' title='bbox 1259 1002 1314 1022; x_wconf 88' lang='lat' dir='ltr'><strong>non</strong></span> <span class='ocrx_word' id='word_1_519' title='bbox 1332 994 1494 1030; x_wconf 81' lang='lat' dir='ltr'><strong>desperasse</strong></span> <span class='ocrx_word' id='word_1_520' title='bbox 1508 1002 1514 1021; x_wconf 92' lang='lat'>:</span> <span class='ocrx_word' id='word_1_521' title='bbox 1527 1001 1589 1021; x_wconf 86' lang='lat' dir='ltr'><strong>nam</strong></span> <span class='ocrx_word' id='word_1_522' title='bbox 1605 994 1642 1022; x_wconf 84' lang='lat' dir='ltr'><strong>ita</strong></span> <span class='ocrx_word' id='word_1_523' title='bbox 1656 994 1726 1021; x_wconf 89' lang='lat' dir='ltr'><strong>duo-</strong></span> 
     </span>
    </p>
   </div>
   <div class='ocr_carea' id='block_1_75' title="bbox 934 1040 1724 1076">
    <p class='ocr_par' dir='ltr' id='par_1_75' title="bbox 934 1040 1724 1076">
     <span class='ocr_line' id='line_1_75' title="bbox 934 1040 1724 1076; baseline -0.001 -8"><span class='ocrx_word' id='word_1_524' title='bbox 934 1040 1022 1068; x_wconf 88' lang='lat' dir='ltr'><strong>decim</strong></span> <span class='ocrx_word' id='word_1_525' title='bbox 1038 1040 1076 1067; x_wconf 91' lang='lat' dir='ltr'><strong>illi</strong></span> <span class='ocrx_word' id='word_1_526' title='bbox 1089 1040 1221 1068; x_wconf 83' lang='lat' dir='ltr'><strong>fecerunt.</strong></span> <span class='ocrx_word' id='word_1_527' title='bbox 1237 1041 1351 1068; x_wconf 87' lang='lat' dir='ltr'><strong>Candidi</strong></span> <span class='ocrx_word' id='word_1_528' title='bbox 1370 1041 1504 1076; x_wconf 86' lang='lat' dir='ltr'><strong>siquidem</strong></span> <span class='ocrx_word' id='word_1_529' title='bbox 1526 1040 1653 1075; x_wconf 82' lang='lat' dir='ltr'><strong>discipuli</strong></span> <span class='ocrx_word' id='word_1_530' title='bbox 1672 1044 1724 1073; x_wconf 89' lang='lat' dir='ltr'><strong>est,</strong></span> 
     </span>
    </p>
   </div>
   <div class='ocr_carea' id='block_1_76' title="bbox 935 1085 1726 1121">
    <p class='ocr_par' dir='ltr' id='par_1_76' title="bbox 935 1085 1726 1121">
     <span class='ocr_line' id='line_1_76' title="bbox 935 1085 1726 1121; baseline -0.003 -8"><span class='ocrx_word' id='word_1_531' title='bbox 935 1086 1027 1113; x_wconf 88' lang='lat' dir='ltr'><strong>omnia</strong></span> <span class='ocrx_word' id='word_1_532' title='bbox 1038 1094 1098 1121; x_wconf 66' lang='lat' dir='ltr'><strong>quae</strong></span> <span class='ocrx_word' id='word_1_533' title='bbox 1108 1087 1186 1121; x_wconf 86' lang='lat' dir='ltr'><strong>jubet</strong></span> <span class='ocrx_word' id='word_1_534' title='bbox 1197 1090 1349 1121; x_wconf 78' lang='lat' dir='ltr'><strong>praeceptor</strong></span> <span class='ocrx_word' id='word_1_535' title='bbox 1362 1087 1465 1121; x_wconf 83' lang='lat' dir='ltr'><strong>absque</strong></span> <span class='ocrx_word' id='word_1_536' title='bbox 1480 1085 1641 1113; x_wconf 83' lang='lat' dir='ltr'><strong>curiositate</strong></span> <span class='ocrx_word' id='word_1_537' title='bbox 1652 1085 1726 1112; x_wconf 77' lang='lat' dir='ltr'><strong>exci-</strong></span> 
     </span>
    </p>
   </div>
   <div class='ocr_carea' id='block_1_77' title="bbox 934 1131 1724 1167">
    <p class='ocr_par' dir='ltr' id='par_1_77' title="bbox 934 1131 1724 1167">
     <span class='ocr_line' id='line_1_77' title="bbox 934 1131 1724 1167; baseline 0 -9"><span class='ocrx_word' id='word_1_538' title='bbox 934 1138 1008 1166; x_wconf 87' lang='lat' dir='ltr'><strong>pere,</strong></span> <span class='ocrx_word' id='word_1_539' title='bbox 1020 1137 1046 1158; x_wconf 90' lang='lat' dir='ltr'><strong>et</strong></span> <span class='ocrx_word' id='word_1_540' title='bbox 1063 1132 1107 1158; x_wconf 89' lang='lat' dir='ltr'><strong>ubi</strong></span> <span class='ocrx_word' id='word_1_541' title='bbox 1125 1139 1185 1159; x_wconf 84' lang='lat' dir='ltr'><strong>sese</strong></span> <span class='ocrx_word' id='word_1_542' title='bbox 1202 1131 1283 1159; x_wconf 73' lang='lat' dir='ltr'><strong>olfert</strong></span> <span class='ocrx_word' id='word_1_543' title='bbox 1294 1131 1497 1167; x_wconf 84' lang='lat' dir='ltr'><strong>opportunitas,</strong></span> <span class='ocrx_word' id='word_1_544' title='bbox 1518 1131 1673 1159; x_wconf 87' lang='lat' dir='ltr'><strong>verecunde</strong></span> <span class='ocrx_word' id='word_1_545' title='bbox 1690 1131 1724 1158; x_wconf 91' lang='lat' dir='ltr'><strong>de</strong></span> 
     </span>
    </p>
   </div>
   <div class='ocr_carea' id='block_1_78' title="bbox 934 1177 1703 1214">
    <p class='ocr_par' dir='ltr' id='par_1_78' title="bbox 934 1177 1703 1214">
     <span class='ocr_line' id='line_1_78' title="bbox 934 1177 1703 1214; baseline 0 -10"><span class='ocrx_word' id='word_1_546' title='bbox 934 1178 977 1205; x_wconf 88' lang='lat' dir='ltr'><strong>his</strong></span> <span class='ocrx_word' id='word_1_547' title='bbox 992 1177 1172 1214; x_wconf 76' lang='lat' dir='ltr'><strong>interrogare,</strong></span> <span class='ocrx_word' id='word_1_548' title='bbox 1186 1186 1245 1213; x_wconf 74' lang='lat' dir='ltr'><strong>qua:</strong></span> <span class='ocrx_word' id='word_1_549' title='bbox 1256 1178 1316 1213; x_wconf 89' lang='lat' dir='ltr'><strong>ejus</strong></span> <span class='ocrx_word' id='word_1_550' title='bbox 1331 1178 1469 1206; x_wconf 76' lang='lat' dir='ltr'><strong>e’xcedunt</strong></span> <span class='ocrx_word' id='word_1_551' title='bbox 1484 1177 1703 1213; x_wconf 76' lang='lat' dir='ltr'><strong>intelligentiam.</strong></span> 
     </span>
    </p>
   </div>
   <div class='ocr_carea' id='block_1_79' title="bbox 970 1223 1724 1259">
    <p class='ocr_par' dir='ltr' id='par_1_79' title="bbox 970 1223 1724 1259">
     <span class='ocr_line' id='line_1_79' title="bbox 970 1223 1724 1259; baseline -0.001 -8"><span class='ocrx_word' id='word_1_552' title='bbox 970 1224 1049 1252; x_wconf 83' lang='lat' dir='ltr'><strong>Vcrs.</strong></span> <span class='ocrx_word' id='word_1_553' title='bbox 1077 1224 1121 1252; x_wconf 82' lang='lat'><strong>6|.</strong></span> <span class='ocrx_word' id='word_1_554' title='bbox 1150 1223 1240 1252; x_wconf 75' lang='lat' dir='ltr'><strong>Sciens</strong></span> <span class='ocrx_word' id='word_1_555' title='bbox 1262 1239 1298 1244; x_wconf 94' lang='lat'><strong>—</strong></span> <span class='ocrx_word' id='word_1_556' title='bbox 1316 1224 1498 1259; x_wconf 75' lang='lat' dir='ltr'><strong>oﬂ‘endiculo?</strong></span> <span class='ocrx_word' id='word_1_557' title='bbox 1527 1223 1599 1251; x_wconf 86' lang='lat' dir='ltr'><strong>Sane</strong></span> <span class='ocrx_word' id='word_1_558' title='bbox 1621 1228 1649 1251; x_wconf 89' lang='lat' dir='ltr'><strong>et</strong></span> <span class='ocrx_word' id='word_1_559' title='bbox 1671 1223 1724 1251; x_wconf 90' lang='lat' dir='ltr'><strong>hoc</strong></span> 
     </span>
    </p>
   </div>
   <div class='ocr_carea' id='block_1_80' title="bbox 933 1271 1723 1307">
    <p class='ocr_par' dir='ltr' id='par_1_80' title="bbox 933 1271 1723 1307">
     <span class='ocr_line' id='line_1_80' title="bbox 933 1271 1723 1307; baseline 0 -9"><span class='ocrx_word' id='word_1_560' title='bbox 933 1271 1104 1299; x_wconf 85' lang='lat' dir='ltr'><strong>divinitatem</strong></span> <span class='ocrx_word' id='word_1_561' title='bbox 1115 1272 1174 1307; x_wconf 85' lang='lat' dir='ltr'><strong>ejus</strong></span> <span class='ocrx_word' id='word_1_562' title='bbox 1190 1272 1409 1302; x_wconf 84' lang='lat' dir='ltr'><strong>demonstrabat,</strong></span> <span class='ocrx_word' id='word_1_563' title='bbox 1424 1276 1490 1307; x_wconf 88' lang='lat' dir='ltr'><strong>puta</strong></span> <span class='ocrx_word' id='word_1_564' title='bbox 1506 1279 1566 1306; x_wconf 74' lang='lat' dir='ltr'><strong>quae</strong></span> <span class='ocrx_word' id='word_1_565' title='bbox 1578 1271 1649 1306; x_wconf 88' lang='lat' dir='ltr'><strong>apud</strong></span> <span class='ocrx_word' id='word_1_566' title='bbox 1661 1271 1723 1298; x_wconf 84' lang='lat' dir='ltr'><strong>illos</strong></span> 
     </span>
    </p>
   </div>
   <div class='ocr_carea' id='block_1_81' title="bbox 933 1316 1722 1351">
    <p class='ocr_par' dir='ltr' id='par_1_81' title="bbox 933 1316 1722 1351">
     <span class='ocr_line' id='line_1_81' title="bbox 933 1316 1722 1351; baseline -0.001 -7"><span class='ocrx_word' id='word_1_567' title='bbox 933 1317 1040 1345; x_wconf 87' lang='lat' dir='ltr'><strong>occulta</strong></span> <span class='ocrx_word' id='word_1_568' title='bbox 1051 1322 1130 1345; x_wconf 90' lang='lat' dir='ltr'><strong>erant</strong></span> <span class='ocrx_word' id='word_1_569' title='bbox 1148 1317 1218 1344; x_wconf 83' lang='lat' dir='ltr'><strong>ferre</strong></span> <span class='ocrx_word' id='word_1_570' title='bbox 1237 1317 1265 1344; x_wconf 92' lang='lat' dir='ltr'><strong>in</strong></span> <span class='ocrx_word' id='word_1_571' title='bbox 1282 1317 1420 1344; x_wconf 88' lang='lat' dir='ltr'><strong>medium:</strong></span> <span class='ocrx_word' id='word_1_572' title='bbox 1441 1324 1504 1343; x_wconf 86' lang='lat' dir='ltr'><strong>nam</strong></span> <span class='ocrx_word' id='word_1_573' title='bbox 1529 1316 1634 1344; x_wconf 88' lang='lat' dir='ltr'><strong>occulta</strong></span> <span class='ocrx_word' id='word_1_574' title='bbox 1651 1316 1722 1351; x_wconf 88' lang='lat' dir='ltr'><strong>apud</strong></span> 
     </span>
    </p>
   </div>
   <div class='ocr_carea' id='block_1_82' title="bbox 933 1369 1221 1392">
    <p class='ocr_par' dir='ltr' id='par_1_82' title="bbox 933 1369 1221 1392">
     <span class='ocr_line' id='line_1_82' title="bbox 933 1369 1221 1392; baseline 0.007 -2"><span class='ocrx_word' id='word_1_575' title='bbox 933 1371 962 1390; x_wconf 88' lang='lat' dir='ltr'><strong>se</strong></span> <span class='ocrx_word' id='word_1_576' title='bbox 975 1369 1221 1392; x_wconf 82' lang='lat' dir='ltr'><strong>murmuraveranl.</strong></span> 
     </span>
    </p>
   </div>
   <div class='ocr_carea' id='block_1_83' title="bbox 980 1409 1724 1443">
    <p class='ocr_par' dir='ltr' id='par_1_83' title="bbox 980 1409 1724 1443">
     <span class='ocr_line' id='line_1_83' title="bbox 980 1409 1724 1443; baseline -0.001 -7"><span class='ocrx_word' id='word_1_577' title='bbox 980 1410 1056 1437; x_wconf 89' lang='lat' dir='ltr'><strong>Vcrs.</strong></span> <span class='ocrx_word' id='word_1_578' title='bbox 1081 1410 1126 1437; x_wconf 75' lang='grc'><strong>62.</strong></span> <span class='ocrx_word' id='word_1_579' title='bbox 1155 1411 1232 1437; x_wconf 83' lang='lat' dir='ltr'><strong>Si—</strong></span> <span class='ocrx_word' id='word_1_580' title='bbox 1249 1410 1329 1436; x_wconf 77' lang='lat' dir='ltr'><strong>erat?</strong></span> <span class='ocrx_word' id='word_1_581' title='bbox 1352 1409 1458 1442; x_wconf 79' lang='lat' dir='ltr'><strong>Deﬁcit,</strong></span> <span class='ocrx_word' id='word_1_582' title='bbox 1494 1409 1565 1443; x_wconf 78' lang='lat' dir='ltr'><strong>Quid</strong></span> <span class='ocrx_word' id='word_1_583' title='bbox 1597 1409 1724 1437; x_wconf 75' lang='lat' dir='ltr'><strong>dicetis?</strong></span> 
     </span>
    </p>
   </div>
   <div class='ocr_carea' id='block_1_84' title="bbox 933 1455 1721 1490">
    <p class='ocr_par' dir='ltr' id='par_1_84' title="bbox 933 1455 1721 1490">
     <span class='ocr_line' id='line_1_84' title="bbox 933 1455 1721 1490; baseline 0.001 -8"><span class='ocrx_word' id='word_1_584' title='bbox 933 1455 1064 1490; x_wconf 87' lang='lat' dir='ltr'><strong>Loquitur</strong></span> <span class='ocrx_word' id='word_1_585' title='bbox 1075 1460 1164 1482; x_wconf 89' lang='lat' dir='ltr'><strong>autem</strong></span> <span class='ocrx_word' id='word_1_586' title='bbox 1174 1455 1207 1482; x_wconf 94' lang='lat' dir='ltr'><strong>de</strong></span> <span class='ocrx_word' id='word_1_587' title='bbox 1216 1455 1307 1482; x_wconf 84' lang='lat' dir='ltr'><strong>futura</strong></span> <span class='ocrx_word' id='word_1_588' title='bbox 1317 1455 1358 1482; x_wconf 75' lang='lat' dir='ltr'><strong>sui</strong></span> <span class='ocrx_word' id='word_1_589' title='bbox 1373 1455 1400 1482; x_wconf 93' lang='lat' dir='ltr'><strong>in</strong></span> <span class='ocrx_word' id='word_1_590' title='bbox 1410 1455 1510 1483; x_wconf 65' lang='lat' dir='ltr'><strong>malum</strong></span> <span class='ocrx_word' id='word_1_591' title='bbox 1521 1455 1721 1489; x_wconf 79' lang='lat' dir='ltr'><strong>assumptione.</strong></span> 
     </span>
    </p>
   </div>
   <div class='ocr_carea' id='block_1_85' title="bbox 932 1500 1720 1536">
    <p class='ocr_par' dir='ltr' id='par_1_85' title="bbox 932 1500 1720 1536">
     <span class='ocr_line' id='line_1_85' title="bbox 932 1500 1720 1536; baseline -0.003 -8"><span class='ocrx_word' id='word_1_592' title='bbox 932 1501 1129 1534; x_wconf 78' lang='lat' dir='ltr'><strong>Ascendentem,</strong></span> <span class='ocrx_word' id='word_1_593' title='bbox 1146 1501 1234 1536; x_wconf 83' lang='lat' dir='ltr'><strong>quoad</strong></span> <span class='ocrx_word' id='word_1_594' title='bbox 1252 1501 1448 1528; x_wconf 78' lang='lat' dir='ltr'><strong>humanitatem</strong></span> <span class='ocrx_word' id='word_1_595' title='bbox 1480 1509 1486 1526; x_wconf 92' lang='lat'><strong>:</strong></span> <span class='ocrx_word' id='word_1_596' title='bbox 1502 1500 1547 1527; x_wconf 80' lang='lat' dir='ltr'><strong>ubi</strong></span> <span class='ocrx_word' id='word_1_597' title='bbox 1562 1502 1635 1533; x_wconf 72' lang='lat' dir='ltr'><strong>prius</strong></span> <span class='ocrx_word' id='word_1_598' title='bbox 1651 1505 1720 1533; x_wconf 77' lang='lat' dir='ltr'><strong>erat,</strong></span> 
     </span>
    </p>
   </div>
   <div class='ocr_carea' id='block_1_86' title="bbox 932 1546 1721 1582">
    <p class='ocr_par' dir='ltr' id='par_1_86' title="bbox 932 1546 1721 1582">
     <span class='ocr_line' id='line_1_86' title="bbox 932 1546 1721 1582; baseline -0.003 -7"><span class='ocrx_word' id='word_1_599' title='bbox 932 1547 1021 1582; x_wconf 86' lang='lat' dir='ltr'><strong>quoad</strong></span> <span class='ocrx_word' id='word_1_600' title='bbox 1043 1547 1225 1575; x_wconf 83' lang='lat' dir='ltr'><strong>divinitatem.</strong></span> <span class='ocrx_word' id='word_1_601' title='bbox 1248 1546 1299 1580; x_wconf 90' lang='lat' dir='ltr'><strong>Qui</strong></span> <span class='ocrx_word' id='word_1_602' title='bbox 1315 1547 1388 1574; x_wconf 87' lang='lat' dir='ltr'><strong>enim</strong></span> <span class='ocrx_word' id='word_1_603' title='bbox 1411 1551 1502 1582; x_wconf 85' lang='lat' dir='ltr'><strong>potest</strong></span> <span class='ocrx_word' id='word_1_604' title='bbox 1524 1547 1594 1574; x_wconf 87' lang='lat' dir='ltr'><strong>hanc</strong></span> <span class='ocrx_word' id='word_1_605' title='bbox 1610 1553 1721 1574; x_wconf 87' lang='lat' dir='ltr'><strong>carnem</strong></span> 
     </span>
    </p>
   </div>
   <div class='ocr_carea' id='block_1_87' title="bbox 931 1591 1720 1628">
    <p class='ocr_par' dir='ltr' id='par_1_87' title="bbox 931 1591 1720 1628">
     <span class='ocr_line' id='line_1_87' title="bbox 931 1591 1720 1628; baseline -0.003 -8"><span class='ocrx_word' id='word_1_606' title='bbox 931 1593 1046 1621; x_wconf 86' lang='lat' dir='ltr'><strong>reddere</strong></span> <span class='ocrx_word' id='word_1_607' title='bbox 1067 1593 1220 1625; x_wconf 78' lang='lat' dir='ltr'><strong>caelestem,</strong></span> <span class='ocrx_word' id='word_1_608' title='bbox 1247 1597 1336 1628; x_wconf 85' lang='lat' dir='ltr'><strong>potest</strong></span> <span class='ocrx_word' id='word_1_609' title='bbox 1361 1593 1456 1627; x_wconf 85' lang='lat' dir='ltr'><strong>utique</strong></span> <span class='ocrx_word' id='word_1_610' title='bbox 1476 1596 1504 1620; x_wconf 89' lang='lat' dir='ltr'><strong>et</strong></span> <span class='ocrx_word' id='word_1_611' title='bbox 1520 1592 1606 1627; x_wconf 88' lang='lat' dir='ltr'><strong>ipsam</strong></span> <span class='ocrx_word' id='word_1_612' title='bbox 1629 1591 1720 1619; x_wconf 83' lang='lat' dir='ltr'><strong>cibum</strong></span> 
     </span>
    </p>
   </div>
   <div class='ocr_carea' id='block_1_88' title="bbox 931 1639 1192 1666">
    <p class='ocr_par' dir='ltr' id='par_1_88' title="bbox 931 1639 1192 1666">
     <span class='ocr_line' id='line_1_88' title="bbox 931 1639 1192 1666; baseline -0.004 0"><span class='ocrx_word' id='word_1_613' title='bbox 931 1639 1072 1666; x_wconf 85' lang='lat' dir='ltr'><strong>hominum</strong></span> <span class='ocrx_word' id='word_1_614' title='bbox 1084 1639 1192 1666; x_wconf 83' lang='lat' dir='ltr'><strong>cllicere</strong></span> 
     </span>
    </p>
   </div>
   <div class='ocr_carea' id='block_1_89' title="bbox 968 1683 1721 1720">
    <p class='ocr_par' dir='ltr' id='par_1_89' title="bbox 968 1683 1721 1720">
     <span class='ocr_line' id='line_1_89' title="bbox 968 1683 1721 1720; baseline 0.001 -9"><span class='ocrx_word' id='word_1_615' title='bbox 968 1685 1044 1712; x_wconf 74' lang='lat' dir='ltr'><strong>Vcrs.</strong></span> <span class='ocrx_word' id='word_1_616' title='bbox 1070 1685 1115 1712; x_wconf 84' lang='grc'><strong>65.</strong></span> <span class='ocrx_word' id='word_1_617' title='bbox 1136 1685 1254 1720; x_wconf 77' lang='lat' dir='ltr'><strong>Spiritus</strong></span> <span class='ocrx_word' id='word_1_618' title='bbox 1268 1700 1304 1706; x_wconf 75' lang='lat'><strong><em>——</em></strong></span> <span class='ocrx_word' id='word_1_619' title='bbox 1317 1685 1471 1720; x_wconf 81' lang='lat' dir='ltr'><strong>quidquam.</strong></span> <span class='ocrx_word' id='word_1_620' title='bbox 1492 1683 1624 1719; x_wconf 73' lang='lat' dir='ltr'><strong>Spiritum</strong></span> <span class='ocrx_word' id='word_1_621' title='bbox 1647 1690 1721 1712; x_wconf 86' lang='lat' dir='ltr'><strong>nunc</strong></span> 
     </span>
    </p>
   </div>
   <div class='ocr_carea' id='block_1_90' title="bbox 931 1731 1720 1766">
    <p class='ocr_par' dir='ltr' id='par_1_90' title="bbox 931 1731 1720 1766">
     <span class='ocr_line' id='line_1_90' title="bbox 931 1731 1720 1766; baseline 0.001 -9"><span class='ocrx_word' id='word_1_622' title='bbox 931 1735 1008 1757; x_wconf 78' lang='lat' dir='ltr'><strong>meat</strong></span> <span class='ocrx_word' id='word_1_623' title='bbox 1018 1731 1184 1758; x_wconf 89' lang='lat' dir='ltr'><strong>intellectum</strong></span> <span class='ocrx_word' id='word_1_624' title='bbox 1197 1731 1364 1766; x_wconf 83' lang='lat' dir='ltr'><strong>spiritttnlem</strong></span> <span class='ocrx_word' id='word_1_625' title='bbox 1377 1739 1473 1758; x_wconf 87' lang='lat' dir='ltr'><strong>eorum</strong></span> <span class='ocrx_word' id='word_1_626' title='bbox 1487 1738 1546 1765; x_wconf 71' lang='lat' dir='ltr'><strong>qua:</strong></span> <span class='ocrx_word' id='word_1_627' title='bbox 1555 1731 1626 1758; x_wconf 90' lang='lat' dir='ltr'><strong>dicta</strong></span> <span class='ocrx_word' id='word_1_628' title='bbox 1638 1734 1720 1764; x_wconf 83' lang='lat' dir='ltr'><strong>sunt;</strong></span> 
     </span>
    </p>
   </div>
   <div class='ocr_carea' id='block_1_91' title="bbox 930 1776 1719 1812">
    <p class='ocr_par' dir='ltr' id='par_1_91' title="bbox 930 1776 1719 1812">
     <span class='ocr_line' id='line_1_91' title="bbox 930 1776 1719 1812; baseline 0 -8"><span class='ocrx_word' id='word_1_629' title='bbox 930 1776 1056 1804; x_wconf 84' lang='lat' dir='ltr'><strong>similiter</strong></span> <span class='ocrx_word' id='word_1_630' title='bbox 1079 1781 1106 1803; x_wconf 87' lang='lat' dir='ltr'><strong>et</strong></span> <span class='ocrx_word' id='word_1_631' title='bbox 1125 1784 1247 1809; x_wconf 80' lang='lat' dir='ltr'><strong>carnem,</strong></span> <span class='ocrx_word' id='word_1_632' title='bbox 1266 1776 1418 1812; x_wconf 74' lang='lat' dir='ltr'><strong>intelligere</strong></span> <span class='ocrx_word' id='word_1_633' title='bbox 1437 1784 1468 1803; x_wconf 87' lang='lat' dir='ltr'><strong>ea</strong></span> <span class='ocrx_word' id='word_1_634' title='bbox 1484 1777 1649 1804; x_wconf 82' lang='lat' dir='ltr'><strong>carnaliter:</strong></span> <span class='ocrx_word' id='word_1_635' title='bbox 1664 1785 1719 1805; x_wconf 91' lang='lat' dir='ltr'><strong>non</strong></span> 
     </span>
    </p>
   </div>
   <div class='ocr_carea' id='block_1_92' title="bbox 930 1821 1718 1857">
    <p class='ocr_par' dir='ltr' id='par_1_92' title="bbox 930 1821 1718 1857">
     <span class='ocr_line' id='line_1_92' title="bbox 930 1821 1718 1857; baseline 0.003 -8"><span class='ocrx_word' id='word_1_636' title='bbox 930 1823 1002 1850; x_wconf 81' lang='lat' dir='ltr'><strong>enim</strong></span> <span class='ocrx_word' id='word_1_637' title='bbox 1015 1821 1049 1849; x_wconf 91' lang='lat' dir='ltr'><strong>de</strong></span> <span class='ocrx_word' id='word_1_638' title='bbox 1063 1829 1145 1849; x_wconf 85' lang='lat' dir='ltr'><strong>carne</strong></span> <span class='ocrx_word' id='word_1_639' title='bbox 1160 1822 1256 1857; x_wconf 84' lang='lat' dir='ltr'><strong>ipsius,</strong></span> <span class='ocrx_word' id='word_1_640' title='bbox 1266 1829 1326 1857; x_wconf 68' lang='lat' dir='ltr'><strong>qua:</strong></span> <span class='ocrx_word' id='word_1_641' title='bbox 1336 1822 1466 1853; x_wconf 80' lang='lat' dir='ltr'><strong>viviﬁcat,</strong></span> <span class='ocrx_word' id='word_1_642' title='bbox 1480 1830 1553 1849; x_wconf 90' lang='lat' dir='ltr'><strong>nunc</strong></span> <span class='ocrx_word' id='word_1_643' title='bbox 1565 1830 1654 1850; x_wconf 89' lang='lat' dir='ltr'><strong>sermo</strong></span> <span class='ocrx_word' id='word_1_644' title='bbox 1665 1827 1718 1851; x_wconf 84' lang='lat' dir='ltr'><strong>est.</strong></span> 
     </span>
    </p>
   </div>
   <div class='ocr_carea' id='block_1_93' title="bbox 929 1866 1718 1903">
    <p class='ocr_par' dir='ltr' id='par_1_93' title="bbox 929 1866 1718 1903">
     <span class='ocr_line' id='line_1_93' title="bbox 929 1866 1718 1903; baseline 0.003 -10"><span class='ocrx_word' id='word_1_645' title='bbox 929 1866 976 1894; x_wconf 80' lang='lat' dir='ltr'><strong>Ait</strong></span> <span class='ocrx_word' id='word_1_646' title='bbox 1004 1874 1069 1902; x_wconf 81' lang='lat' dir='ltr'><strong>ergo</strong></span> <span class='ocrx_word' id='word_1_647' title='bbox 1096 1875 1102 1894; x_wconf 94' lang='lat'>:</span> <span class='ocrx_word' id='word_1_648' title='bbox 1128 1866 1193 1894; x_wconf 63' lang='lat' dir='ltr'><strong>Haec</strong></span> <span class='ocrx_word' id='word_1_649' title='bbox 1229 1867 1407 1902; x_wconf 85' lang='lat' dir='ltr'><strong>spiritualiter</strong></span> <span class='ocrx_word' id='word_1_650' title='bbox 1440 1867 1602 1903; x_wconf 70' lang='lat' dir='ltr'><strong>intelligere,</strong></span> <span class='ocrx_word' id='word_1_651' title='bbox 1634 1868 1718 1895; x_wconf 84' lang='lat' dir='ltr'><strong>vitam</strong></span> 
     </span>
    </p>
   </div>
   <div class='ocr_carea' id='block_1_94' title="bbox 929 1912 1717 1948">
    <p class='ocr_par' dir='ltr' id='par_1_94' title="bbox 929 1912 1717 1948">
     <span class='ocr_line' id='line_1_94' title="bbox 929 1912 1717 1948; baseline 0.003 -9"><span class='ocrx_word' id='word_1_652' title='bbox 929 1912 1041 1948; x_wconf 67' lang='lat' dir='ltr'><strong>praebet,</strong></span> <span class='ocrx_word' id='word_1_653' title='bbox 1055 1920 1136 1947; x_wconf 88' lang='lat' dir='ltr'><strong>quam</strong></span> <span class='ocrx_word' id='word_1_654' title='bbox 1155 1919 1237 1947; x_wconf 88' lang='lat' dir='ltr'><strong>supra</strong></span> <span class='ocrx_word' id='word_1_655' title='bbox 1253 1912 1326 1940; x_wconf 80' lang='lat' dir='ltr'><strong>dixi:</strong></span> <span class='ocrx_word' id='word_1_656' title='bbox 1343 1912 1488 1940; x_wconf 84' lang='lat' dir='ltr'><strong>carnaliter</strong></span> <span class='ocrx_word' id='word_1_657' title='bbox 1503 1921 1568 1941; x_wconf 89' lang='lat' dir='ltr'><strong>vero</strong></span> <span class='ocrx_word' id='word_1_658' title='bbox 1585 1921 1617 1941; x_wconf 88' lang='lat' dir='ltr'><strong>ea</strong></span> <span class='ocrx_word' id='word_1_659' title='bbox 1631 1914 1717 1941; x_wconf 83' lang='lat' dir='ltr'><strong>intel-</strong></span> 
     </span>
    </p>
   </div>
   <div class='ocr_carea' id='block_1_95' title="bbox 929 1957 1392 1994">
    <p class='ocr_par' dir='ltr' id='par_1_95' title="bbox 929 1957 1392 1994">
     <span class='ocr_line' id='line_1_95' title="bbox 929 1957 1392 1994; baseline 0.002 -10"><span class='ocrx_word' id='word_1_660' title='bbox 929 1958 1012 1994; x_wconf 77' lang='lat' dir='ltr'><strong>ligere</strong></span> <span class='ocrx_word' id='word_1_661' title='bbox 1031 1965 1086 1985; x_wconf 89' lang='lat' dir='ltr'><strong>non</strong></span> <span class='ocrx_word' id='word_1_662' title='bbox 1103 1957 1216 1992; x_wconf 86' lang='lat' dir='ltr'><strong>prodest</strong></span> <span class='ocrx_word' id='word_1_663' title='bbox 1232 1958 1392 1993; x_wconf 87' lang='lat' dir='ltr'><strong>quidquam.</strong></span> 
     </span>
    </p>
   </div>
   <div class='ocr_carea' id='block_1_96' title="bbox 969 2003 1717 2039">
    <p class='ocr_par' dir='ltr' id='par_1_96' title="bbox 969 2003 1717 2039">
     <span class='ocr_line' id='line_1_96' title="bbox 969 2003 1717 2039; baseline 0.001 -7"><span class='ocrx_word' id='word_1_664' title='bbox 969 2004 1047 2032; x_wconf 79' lang='lat' dir='ltr'><strong>Vcrs.</strong></span> <span class='ocrx_word' id='word_1_665' title='bbox 1063 2003 1107 2031; x_wconf 76' lang='grc'><strong>63.</strong></span> <span class='ocrx_word' id='word_1_666' title='bbox 1127 2003 1208 2031; x_wconf 80' lang='lat' dir='ltr'><strong>Verba</strong></span> <span class='ocrx_word' id='word_1_667' title='bbox 1225 2019 1259 2024; x_wconf 90' lang='lat'><strong><em>—</em></strong></span> <span class='ocrx_word' id='word_1_668' title='bbox 1277 2012 1350 2031; x_wconf 79' lang='lat' dir='ltr'><strong>sum.</strong></span> <span class='ocrx_word' id='word_1_669' title='bbox 1381 2004 1539 2039; x_wconf 84' lang='lat' dir='ltr'><strong>Spiritualia</strong></span> <span class='ocrx_word' id='word_1_670' title='bbox 1565 2009 1593 2032; x_wconf 89' lang='lat' dir='ltr'><strong>et</strong></span> <span class='ocrx_word' id='word_1_671' title='bbox 1610 2005 1717 2034; x_wconf 80' lang='lat' dir='ltr'><strong>viviﬁca</strong></span> 
     </span>
    </p>
   </div>
   <div class='ocr_carea' id='block_1_97' title="bbox 928 2050 1716 2086">
    <p class='ocr_par' dir='ltr' id='par_1_97' title="bbox 928 2050 1716 2086">
     <span class='ocr_line' id='line_1_97' title="bbox 928 2050 1716 2086; baseline 0.003 -9"><span class='ocrx_word' id='word_1_672' title='bbox 928 2053 992 2077; x_wconf 86' lang='lat' dir='ltr'><strong>sunt</strong></span> <span class='ocrx_word' id='word_1_673' title='bbox 1007 2059 1013 2077; x_wconf 95' lang='lat'><strong>:</strong></span> <span class='ocrx_word' id='word_1_674' title='bbox 1033 2054 1141 2084; x_wconf 88' lang='lat' dir='ltr'><strong>oportet</strong></span> <span class='ocrx_word' id='word_1_675' title='bbox 1157 2057 1274 2085; x_wconf 88' lang='lat' dir='ltr'><strong>namque</strong></span> <span class='ocrx_word' id='word_1_676' title='bbox 1291 2058 1347 2078; x_wconf 93' lang='lat' dir='ltr'><strong>non</strong></span> <span class='ocrx_word' id='word_1_677' title='bbox 1365 2050 1526 2086; x_wconf 87' lang='lat' dir='ltr'><strong>simpliciter</strong></span> <span class='ocrx_word' id='word_1_678' title='bbox 1546 2058 1578 2078; x_wconf 88' lang='lat' dir='ltr'><strong>ea</strong></span> <span class='ocrx_word' id='word_1_679' title='bbox 1604 2051 1716 2086; x_wconf 79' lang='lat' dir='ltr'><strong>intueri,</strong></span> 
     </span>
    </p>
   </div>
   <div class='ocr_carea' id='block_1_98' title="bbox 930 2095 1717 2132">
    <p class='ocr_par' dir='ltr' id='par_1_98' title="bbox 930 2095 1717 2132">
     <span class='ocr_line' id='line_1_98' title="bbox 930 2095 1717 2132; baseline 0.003 -10"><span class='ocrx_word' id='word_1_680' title='bbox 930 2095 956 2122; x_wconf 90' lang='lat' dir='ltr'><strong>id</strong></span> <span class='ocrx_word' id='word_1_681' title='bbox 975 2095 1049 2122; x_wconf 88' lang='lat' dir='ltr'><strong>enim</strong></span> <span class='ocrx_word' id='word_1_682' title='bbox 1064 2100 1106 2123; x_wconf 89' lang='lat' dir='ltr'><strong>est</strong></span> <span class='ocrx_word' id='word_1_683' title='bbox 1124 2096 1272 2123; x_wconf 87' lang='lat' dir='ltr'><strong>carnaliter</strong></span> <span class='ocrx_word' id='word_1_684' title='bbox 1287 2095 1455 2130; x_wconf 74' lang='lat' dir='ltr'><strong>intelligere,</strong></span> <span class='ocrx_word' id='word_1_685' title='bbox 1476 2096 1524 2123; x_wconf 87' lang='lat' dir='ltr'><strong>sed</strong></span> <span class='ocrx_word' id='word_1_686' title='bbox 1540 2097 1614 2124; x_wconf 81' lang='lat' dir='ltr'><strong>aliud</strong></span> <span class='ocrx_word' id='word_1_687' title='bbox 1637 2097 1717 2132; x_wconf 84' lang='lat' dir='ltr'><strong>quid-</strong></span> 
     </span>
    </p>
   </div>
   <div class='ocr_carea' id='block_1_99' title="bbox 928 2141 1716 2178">
    <p class='ocr_par' dir='ltr' id='par_1_99' title="bbox 928 2141 1716 2178">
     <span class='ocr_line' id='line_1_99' title="bbox 928 2141 1716 2178; baseline 0.005 -11"><span class='ocrx_word' id='word_1_688' title='bbox 928 2141 1001 2175; x_wconf 86' lang='lat' dir='ltr'><strong>piam</strong></span> <span class='ocrx_word' id='word_1_689' title='bbox 1018 2141 1173 2176; x_wconf 77' lang='lat' dir='ltr'><strong>imaginari,</strong></span> <span class='ocrx_word' id='word_1_690' title='bbox 1190 2145 1217 2169; x_wconf 92' lang='lat' dir='ltr'><strong>et</strong></span> <span class='ocrx_word' id='word_1_691' title='bbox 1234 2141 1414 2169; x_wconf 90' lang='lat' dir='ltr'><strong>interioribus</strong></span> <span class='ocrx_word' id='word_1_692' title='bbox 1432 2142 1519 2170; x_wconf 84' lang='lat' dir='ltr'><strong>oculis</strong></span> <span class='ocrx_word' id='word_1_693' title='bbox 1534 2151 1564 2169; x_wconf 87' lang='lat' dir='ltr'><strong>ea</strong></span> <span class='ocrx_word' id='word_1_694' title='bbox 1580 2143 1716 2178; x_wconf 83' lang='lat' dir='ltr'><strong>aspicere,</strong></span> 
     </span>
    </p>
   </div>
   <div class='ocr_carea' id='block_1_100' title="bbox 928 2187 1716 2224">
    <p class='ocr_par' dir='ltr' id='par_1_100' title="bbox 928 2187 1716 2224">
     <span class='ocr_line' id='line_1_100' title="bbox 928 2187 1716 2224; baseline 0.005 -11"><span class='ocrx_word' id='word_1_695' title='bbox 928 2191 1058 2221; x_wconf 82' lang='lat' dir='ltr'><strong>tanquam</strong></span> <span class='ocrx_word' id='word_1_696' title='bbox 1087 2187 1228 2223; x_wconf 76' lang='lat' dir='ltr'><strong>mysteria,</strong></span> <span class='ocrx_word' id='word_1_697' title='bbox 1249 2195 1312 2215; x_wconf 86' lang='lat' dir='ltr'><strong>nam</strong></span> <span class='ocrx_word' id='word_1_698' title='bbox 1339 2188 1391 2216; x_wconf 86' lang='lat' dir='ltr'><strong>hoc</strong></span> <span class='ocrx_word' id='word_1_699' title='bbox 1410 2192 1453 2216; x_wconf 84' lang='lat' dir='ltr'><strong>est</strong></span> <span class='ocrx_word' id='word_1_700' title='bbox 1474 2189 1655 2224; x_wconf 86' lang='lat' dir='ltr'><strong>spiritualiter</strong></span> <span class='ocrx_word' id='word_1_701' title='bbox 1672 2189 1716 2218; x_wconf 89' lang='lat' dir='ltr'><strong>in-</strong></span> 
     </span>
    </p>
   </div>
   <div class='ocr_carea' id='block_1_101' title="bbox 927 2233 1059 2268">
    <p class='ocr_par' dir='ltr' id='par_1_101' title="bbox 927 2233 1059 2268">
     <span class='ocr_line' id='line_1_101' title="bbox 927 2233 1059 2268; baseline 0 -8"><span class='ocrx_word' id='word_1_702' title='bbox 927 2233 1059 2268; x_wconf 72' lang='lat' dir='ltr'><strong>telligere.</strong></span> 
     </span>
    </p>
   </div>
   <div class='ocr_carea' id='block_1_102' title="bbox 965 2290 1714 2328">
    <p class='ocr_par' dir='ltr' id='par_1_102' title="bbox 965 2290 1714 2328">
     <span class='ocr_line' id='line_1_102' title="bbox 965 2290 1714 2328; baseline 0.005 -11"><span class='ocrx_word' id='word_1_703' title='bbox 965 2290 1040 2318; x_wconf 86' lang='lat' dir='ltr'><strong>Vers.</strong></span> <span class='ocrx_word' id='word_1_704' title='bbox 1053 2290 1097 2318; x_wconf 61' lang='lat'><strong>64.</strong></span> <span class='ocrx_word' id='word_1_705' title='bbox 1115 2290 1167 2318; x_wconf 80' lang='lat' dir='ltr'><strong>Sed</strong></span> <span class='ocrx_word' id='word_1_706' title='bbox 1177 2307 1211 2312; x_wconf 88' lang='lat'><strong><em>—</em></strong></span> <span class='ocrx_word' id='word_1_707' title='bbox 1223 2292 1319 2327; x_wconf 77' lang='lat' dir='ltr'><strong>ipsum.</strong></span> <span class='ocrx_word' id='word_1_708' title='bbox 1333 2292 1391 2319; x_wconf 89' lang='lat' dir='ltr'><strong>Non</strong></span> <span class='ocrx_word' id='word_1_709' title='bbox 1401 2295 1488 2320; x_wconf 88' lang='lat' dir='ltr'><strong>solum</strong></span> <span class='ocrx_word' id='word_1_710' title='bbox 1502 2293 1714 2328; x_wconf 72' lang='lat' dir='ltr'><strong>pne-scientiam,</strong></span> 
     </span>
    </p>
   </div>
   <div class='ocr_carea' id='block_1_103' title="bbox 926 2336 1714 2374">
    <p class='ocr_par' dir='ltr' id='par_1_103' title="bbox 926 2336 1714 2374">
     <span class='ocr_line' id='line_1_103' title="bbox 926 2336 1714 2374; baseline 0.005 -11"><span class='ocrx_word' id='word_1_711' title='bbox 926 2336 973 2364; x_wconf 89' lang='lat' dir='ltr'><strong>sed</strong></span> <span class='ocrx_word' id='word_1_712' title='bbox 998 2341 1027 2364; x_wconf 90' lang='lat' dir='ltr'><strong>et</strong></span> <span class='ocrx_word' id='word_1_713' title='bbox 1050 2337 1224 2365; x_wconf 87' lang='lat' dir='ltr'><strong>clementiam</strong></span> <span class='ocrx_word' id='word_1_714' title='bbox 1252 2346 1330 2365; x_wconf 86' lang='lat' dir='ltr'><strong>suam</strong></span> <span class='ocrx_word' id='word_1_715' title='bbox 1362 2339 1502 2366; x_wconf 89' lang='lat' dir='ltr'><strong>ostendit:</strong></span> <span class='ocrx_word' id='word_1_716' title='bbox 1527 2339 1590 2374; x_wconf 82' lang='lat' dir='ltr'><strong>quia</strong></span> <span class='ocrx_word' id='word_1_717' title='bbox 1621 2348 1674 2367; x_wconf 94' lang='lat' dir='ltr'><strong>non</strong></span> <span class='ocrx_word' id='word_1_718' title='bbox 1697 2348 1714 2368; x_wconf 89' lang='lat' dir='ltr'><strong>a</strong></span> 
     </span>
    </p>
   </div>
   <div class='ocr_carea' id='block_1_104' title="bbox 927 2387 1712 2421">
    <p class='ocr_par' dir='ltr' id='par_1_104' title="bbox 927 2387 1712 2421">
     <span class='ocr_line' id='line_1_104' title="bbox 927 2387 1712 2421; baseline 0.006 -11"><span class='ocrx_word' id='word_1_719' title='bbox 927 2388 1048 2418; x_wconf 84' lang='lat' dir='ltr'><strong>tempore</strong></span> <span class='ocrx_word' id='word_1_720' title='bbox 1068 2392 1122 2419; x_wconf 91' lang='lat' dir='ltr'><strong>quo</strong></span> <span class='ocrx_word' id='word_1_721' title='bbox 1142 2392 1315 2412; x_wconf 87' lang='lat' dir='ltr'><strong>murmurare</strong></span> <span class='ocrx_word' id='word_1_722' title='bbox 1337 2390 1492 2421; x_wconf 84' lang='lat' dir='ltr'><strong>coeperunt,</strong></span> <span class='ocrx_word' id='word_1_723' title='bbox 1517 2395 1611 2415; x_wconf 87' lang='lat' dir='ltr'><strong>verum</strong></span> <span class='ocrx_word' id='word_1_724' title='bbox 1628 2387 1712 2415; x_wconf 87' lang='lat' dir='ltr'><strong>etiam</strong></span> 
     </span>
    </p>
   </div>
   <div class='ocr_carea' id='block_1_105' title="bbox 925 2429 1712 2463">
    <p class='ocr_par' dir='ltr' id='par_1_105' title="bbox 925 2429 1712 2463">
     <span class='ocr_line' id='line_1_105' title="bbox 925 2429 1712 2463; baseline 0.005 -7"><span class='ocrx_word' id='word_1_725' title='bbox 925 2430 960 2456; x_wconf 89' lang='lat' dir='ltr'><strong>ab</strong></span> <span class='ocrx_word' id='word_1_726' title='bbox 984 2429 1064 2456; x_wconf 89' lang='lat' dir='ltr'><strong>initio</strong></span> <span class='ocrx_word' id='word_1_727' title='bbox 1087 2430 1266 2463; x_wconf 71' lang='lat' dir='ltr'><strong>cognoscebat</strong></span> <span class='ocrx_word' id='word_1_728' title='bbox 1294 2431 1440 2460; x_wconf 85' lang='lat' dir='ltr'><strong>credentes</strong></span> <span class='ocrx_word' id='word_1_729' title='bbox 1461 2438 1489 2459; x_wconf 88' lang='lat' dir='ltr'><strong>et</strong></span> <span class='ocrx_word' id='word_1_730' title='bbox 1512 2437 1601 2459; x_wconf 85' lang='lat' dir='ltr'><strong>tamen</strong></span> <span class='ocrx_word' id='word_1_731' title='bbox 1616 2440 1712 2460; x_wconf 77' lang='lat' dir='ltr'><strong>omnes</strong></span> 
     </span>
    </p>
   </div>
   <div class='ocr_carea' id='block_1_106' title="bbox 925 2475 1164 2509">
    <p class='ocr_par' dir='ltr' id='par_1_106' title="bbox 925 2475 1164 2509">
     <span class='ocr_line' id='line_1_106' title="bbox 925 2475 1164 2509; baseline 0.008 -8"><span class='ocrx_word' id='word_1_732' title='bbox 925 2475 1026 2509; x_wconf 87' lang='lat' dir='ltr'><strong>pariter</strong></span> <span class='ocrx_word' id='word_1_733' title='bbox 1041 2475 1164 2503; x_wconf 84' lang='lat' dir='ltr'><strong>docebat.</strong></span> 
     </span>
    </p>
   </div>
   <div class='ocr_carea' id='block_1_107' title="bbox 964 2519 1712 2558">
    <p class='ocr_par' dir='ltr' id='par_1_107' title="bbox 964 2519 1712 2558">
     <span class='ocr_line' id='line_1_107' title="bbox 964 2519 1712 2558; baseline 0.005 -11"><span class='ocrx_word' id='word_1_734' title='bbox 964 2520 1042 2548; x_wconf 68' lang='lat' dir='ltr'><strong>Vcrs.</strong></span> <span class='ocrx_word' id='word_1_735' title='bbox 1065 2521 1109 2548; x_wconf 77' lang='lat'><strong>65.</strong></span> <span class='ocrx_word' id='word_1_736' title='bbox 1136 2521 1169 2548; x_wconf 74' lang='lat' dir='ltr'><strong>Et</strong></span> <span class='ocrx_word' id='word_1_737' title='bbox 1189 2537 1223 2541; x_wconf 92' lang='lat'><em>—</em></span> <span class='ocrx_word' id='word_1_738' title='bbox 1242 2531 1307 2550; x_wconf 84' lang='lat' dir='ltr'><strong>meo.</strong></span> <span class='ocrx_word' id='word_1_739' title='bbox 1328 2522 1484 2558; x_wconf 81' lang='lat' dir='ltr'><strong>Propterea.</strong></span> <span class='ocrx_word' id='word_1_740' title='bbox 1503 2524 1566 2558; x_wconf 88' lang='lat' dir='ltr'><strong>quia</strong></span> <span class='ocrx_word' id='word_1_741' title='bbox 1587 2519 1712 2552; x_wconf 82' lang='lat' dir='ltr'><strong>videlicet</strong></span> 
     </span>
    </p>
   </div>
   <div class='ocr_carea' id='block_1_108' title="bbox 924 2567 1710 2603">
    <p class='ocr_par' dir='ltr' id='par_1_108' title="bbox 924 2567 1710 2603">
     <span class='ocr_line' id='line_1_108' title="bbox 924 2567 1710 2603; baseline 0.004 -9"><span class='ocrx_word' id='word_1_742' title='bbox 924 2570 988 2594; x_wconf 85' lang='lat' dir='ltr'><strong>sunt</strong></span> <span class='ocrx_word' id='word_1_743' title='bbox 1006 2567 1127 2601; x_wconf 90' lang='lat' dir='ltr'><strong>quidam,</strong></span> <span class='ocrx_word' id='word_1_744' title='bbox 1159 2567 1204 2603; x_wconf 88' lang='lat' dir='ltr'><strong>qui</strong></span> <span class='ocrx_word' id='word_1_745' title='bbox 1232 2576 1286 2595; x_wconf 90' lang='lat' dir='ltr'><strong>non</strong></span> <span class='ocrx_word' id='word_1_746' title='bbox 1310 2569 1437 2596; x_wconf 89' lang='lat' dir='ltr'><strong>credunt.</strong></span> <span class='ocrx_word' id='word_1_747' title='bbox 1462 2569 1598 2596; x_wconf 73' lang='lat' dir='ltr'><strong>Continuo</strong></span> <span class='ocrx_word' id='word_1_748' title='bbox 1619 2574 1710 2597; x_wconf 84' lang='lat' dir='ltr'><strong>autem</strong></span> 
     </span>
    </p>
   </div>
   <div class='ocr_carea' id='block_1_109' title="bbox 923 2612 1710 2650">
    <p class='ocr_par' dir='ltr' id='par_1_109' title="bbox 923 2612 1710 2650">
     <span class='ocr_line' id='line_1_109' title="bbox 923 2612 1710 2650; baseline 0.005 -11"><span class='ocrx_word' id='word_1_749' title='bbox 923 2612 1007 2639; x_wconf 82' lang='lat' dir='ltr'><strong>Deum</strong></span> <span class='ocrx_word' id='word_1_750' title='bbox 1025 2612 1132 2641; x_wconf 83' lang='lat' dir='ltr'><strong>Patrem</strong></span> <span class='ocrx_word' id='word_1_751' title='bbox 1152 2621 1233 2641; x_wconf 89' lang='lat' dir='ltr'><strong>suum</strong></span> <span class='ocrx_word' id='word_1_752' title='bbox 1258 2614 1392 2647; x_wconf 89' lang='lat' dir='ltr'><strong>nominat,</strong></span> <span class='ocrx_word' id='word_1_753' title='bbox 1421 2615 1532 2647; x_wconf 86' lang='lat' dir='ltr'><strong>docens,</strong></span> <span class='ocrx_word' id='word_1_754' title='bbox 1559 2615 1631 2650; x_wconf 88' lang='lat' dir='ltr'><strong>quod</strong></span> <span class='ocrx_word' id='word_1_755' title='bbox 1654 2623 1710 2644; x_wconf 87' lang='lat' dir='ltr'><strong>non</strong></span> 
     </span>
    </p>
   </div>
   <div class='ocr_carea' id='block_1_110' title="bbox 924 2657 1462 2695">
    <p class='ocr_par' dir='ltr' id='par_1_110' title="bbox 924 2657 1462 2695">
     <span class='ocr_line' id='line_1_110' title="bbox 924 2657 1462 2695; baseline 0.007 -12"><span class='ocrx_word' id='word_1_756' title='bbox 924 2657 958 2684; x_wconf 80' lang='lat' dir='ltr'><strong>sit</strong></span> <span class='ocrx_word' id='word_1_757' title='bbox 972 2657 1042 2684; x_wconf 79' lang='lat' dir='ltr'><strong>illius</strong></span> <span class='ocrx_word' id='word_1_758' title='bbox 1052 2657 1166 2693; x_wconf 72' lang='lat' dir='ltr'><strong>Joseph,</strong></span> <span class='ocrx_word' id='word_1_759' title='bbox 1181 2658 1250 2686; x_wconf 87' lang='lat' dir='ltr'><strong>sicut</strong></span> <span class='ocrx_word' id='word_1_760' title='bbox 1265 2659 1302 2686; x_wconf 91' lang='lat' dir='ltr'><strong>illi</strong></span> <span class='ocrx_word' id='word_1_761' title='bbox 1319 2660 1462 2695; x_wconf 77' lang='lat' dir='ltr'><strong>putabant.</strong></span> 
     </span>
    </p>
   </div>
   <div class='ocr_carea' id='block_1_111' title="bbox 702 2738 1138 2772">
    <p class='ocr_par' dir='ltr' id='par_1_111' title="bbox 702 2738 1138 2772">
     <span class='ocr_line' id='line_1_111' title="bbox 702 2738 1138 2772; baseline 0.007 -3"><span class='ocrx_word' id='word_1_762' title='bbox 702 2738 800 2770; x_wconf 71' lang='lat' dir='ltr'><strong>Variae</strong></span> <span class='ocrx_word' id='word_1_763' title='bbox 816 2739 970 2772; x_wconf 86' lang='lat' dir='ltr'><strong>lectiones</strong></span> <span class='ocrx_word' id='word_1_764' title='bbox 993 2744 1023 2772; x_wconf 91' lang='lat' dir='ltr'><strong>et</strong></span> <span class='ocrx_word' id='word_1_765' title='bbox 1045 2746 1138 2772; x_wconf 64' lang='lat' dir='ltr'><strong>notae.</strong></span> 
     </span>
    </p>
   </div>
   <div class='ocr_carea' id='block_1_112' title="bbox 122 2813 879 2854">
    <p class='ocr_par' dir='ltr' id='par_1_112' title="bbox 122 2813 879 2852">
     <span class='ocr_line' id='line_1_112' title="bbox 122 2813 879 2852; baseline 0.001 -9"><span class='ocrx_word' id='word_1_766' title='bbox 122 2817 178 2852; x_wconf 79' lang='lat'>(7&#39;7)</span> <span class='ocrx_word' id='word_1_767' title='bbox 192 2815 272 2843; x_wconf 83' lang='lat' dir='ltr'><strong>Extra</strong></span> <span class='ocrx_word' id='word_1_768' title='bbox 291 2822 436 2842; x_wconf 88' lang='lat' dir='ltr'><strong>numerum</strong></span> <span class='ocrx_word' id='word_1_769' title='bbox 456 2813 600 2842; x_wconf 67' lang='lat' dir='ltr'><strong>duodecim</strong></span> <span class='ocrx_word' id='word_1_770' title='bbox 613 2819 640 2842; x_wconf 81' lang='lat' dir='ltr'><strong>et</strong></span> <span class='ocrx_word' id='word_1_771' title='bbox 658 2815 839 2851; x_wconf 74' lang='lat' dir='ltr'><strong>septuaginta,</strong></span> <span class='ocrx_word' id='word_1_772' title='bbox 859 2817 879 2844; x_wconf 81' lang='lat' dir='ltr'><strong>oi</strong></span> 
     </span>
    </p>
   </div>
   <div class='ocr_carea' id='block_1_113' title="bbox 939 2813 1459 2854">
    <p class='ocr_par' dir='ltr' id='par_1_113' title="bbox 939 2816 1459 2854">
     <span class='ocr_line' id='line_1_113' title="bbox 939 2816 1459 2854; baseline 0.006 -12"><span class='ocrx_word' id='word_1_773' title='bbox 939 2816 1009 2850; x_wconf 73' lang='grc' dir='ltr'>τάξει</span> <span class='ocrx_word' id='word_1_774' title='bbox 1026 2817 1154 2852; x_wconf 83' lang='grc' dir='ltr'>μαθητῶν</span> <span class='ocrx_word' id='word_1_775' title='bbox 1170 2817 1358 2852; x_wconf 67' lang='grc' dir='ltr'><strong>ἠκολούθησαν</strong></span> <span class='ocrx_word' id='word_1_776' title='bbox 1374 2817 1459 2854; x_wconf 73' lang='grc' dir='ltr'>αὐτῷ.</span> 
     </span>
    </p>
   </div>
   <div class='ocr_carea' id='block_1_114' title="bbox 119 2895 1180 2934">
    <p class='ocr_par' dir='ltr' id='par_1_114' title="bbox 119 2895 1180 2934">
     <span class='ocr_line' id='line_1_114' title="bbox 119 2895 1180 2934; baseline 0.003 -12"><span class='ocrx_word' id='word_1_777' title='bbox 119 2897 173 2933; x_wconf 47' lang='grc' dir='ltr'><strong>(μμ)</strong></span> <span class='ocrx_word' id='word_1_778' title='bbox 192 2895 360 2924; x_wconf 76' lang='lat' dir='ltr'><strong>Cnnreniumi</strong></span> <span class='ocrx_word' id='word_1_779' title='bbox 376 2900 491 2929; x_wconf 77' lang='lat' dir='ltr'><strong>tempore</strong></span> <span class='ocrx_word' id='word_1_780' title='bbox 517 2896 681 2925; x_wconf 67' lang='lat' dir='ltr'><strong>remansisse.</strong></span> <span class='ocrx_word' id='word_1_781' title='bbox 699 2895 870 2925; x_wconf 75' lang='lat' dir='ltr'><strong>Conveniens</strong></span> <span class='ocrx_word' id='word_1_782' title='bbox 888 2900 995 2931; x_wconf 87' lang='lat' dir='ltr'><strong>tempus</strong></span> <span class='ocrx_word' id='word_1_783' title='bbox 1011 2901 1180 2934; x_wconf 79' lang='lat' dir='ltr'><strong>exspectare.</strong></span> 
     </span>
    </p>
   </div>
   <div class='ocr_carea' id='block_1_115' title="bbox 240 2942 602 2983">
    <p class='ocr_par' dir='ltr' id='par_1_115' title="bbox 240 2942 602 2983">
     <span class='ocr_line' id='line_1_115' title="bbox 240 2942 602 2983; baseline 0 -10"><span class='ocrx_word' id='word_1_784' title='bbox 240 2943 380 2983; x_wconf 56' lang='grc' dir='ltr'><strong>ΡΛΠξυΙ1</strong></span> <span class='ocrx_word' id='word_1_785' title='bbox 395 2943 450 2972; x_wconf 76' lang='lat' dir='ltr'><strong>GR.</strong></span> <span class='ocrx_word' id='word_1_786' title='bbox 472 2942 602 2973; x_wconf 66' lang='grc' dir='ltr'><strong>(ΣΧΧΞΧ.</strong></span> 
     </span>
    </p>
   </div>
   <div class='ocr_carea' id='block_1_116' title="bbox 1533 2946 1569 2978">
    <p class='ocr_par' dir='ltr' id='par_1_116' title="bbox 1533 2946 1569 2978">
     <span class='ocr_line' id='line_1_116' title="bbox 1533 2946 1569 2978; baseline -0.028 0"><span class='ocrx_word' id='word_1_787' title='bbox 1533 2946 1569 2978; x_wconf 80' lang='grc'><strong>40</strong></span> 
     </span>
    </p>
   </div>
  </div>
