1919 3076
107 170 175 200 1261

570 171 763 202 COMMENT.
786 172 828 202 IN
848 172 1038 204 JUANNEM.
1059 187 1093 192 —
1113 174 1193 205 CAP.
1214 174 1284 205 VII.

1662 176 1729 207 12f2

104 226 157 261 γὰρ
166 225 306 262 ἄνθρωπος
323 227 502 254 ὑπεστέλλετο
512 227 570 260 νῦν,
585 228 615 254 οὐ
627 227 737 263 φεύγων
752 229 798 255 τδν
811 228 893 256 θάνα-

953 229 1108 265 :vangelista
1140 238 1147 257 :
1164 238 1226 256 nam
1243 230 1312 257 sicut
1327 230 1408 257 homo
1423 238 1496 258 nunc
1523 231 1660 264 formidat,
1676 240 1729 258 non

103 280 158 305 τον,
173 273 241 298 ἀλλά
251 273 406 308 φειδόμενος
414 274 467 300 τῶν
479 275 590 308 φονέων,
604 275 651 301 καὶ
663 274 703 301 ὃτι
715 274 791 302 οὔπω
802 277 894 310 καιρὸς

104 315 137 353 ἦν
155 318 203 345 τοῦ
218 318 322 350 πάθους
342 319 435 347 αὑτοῦ.
457 320 529 346 Ἔδει
545 320 598 355 γὰρ
613 321 694 347 αὐτὸν
709 322 773 347 ποτὲ
789 321 840 357 μὲν
856 322 895 353 ὡς

103 363 169 391 θεὸν
185 365 276 399 μένειν
292 366 451 401 ἁχείρωτον,
471 365 538 392 ποτὲ
564 366 592 392 δὲ
610 366 647 398 ὡς
665 367 809 402 ἄνθρωπον
825 368 893 394 ὐπο-

103 411 200 446 χωρεϊν
217 411 406 448 οἰκονομικῶς.

142 502 244 531 Ἦν·-
256 506 459 540 Σκηνοπηγία.
474 505 549 541 Αὕτη
564 505 715 541 ἐωρτάξετο
727 507 766 538 εἰς
783 507 892 543 μνήμην

104 550 154 585 τῆς
185 551 303 586 ἡμέρας,
334 551 395 578 καθ’
424 551 458 587 ἢν
484 552 498 578 ὀ
519 552 638 587 Μωῠσῆς
670 552 756 588 ἔπηξε
785 553 893 589 πρῶτον

105 597 155 631 τὴν
188 597 459 624 κατασκευασθεῖσαν
495 598 546 625 ὑπὸ
577 597 624 625 τοῦ
654 598 786 635 Βεσελεὴλ
816 599 892 627 θείαν

106 642 218 677 σκηνήν.

142 686 240 714 Εἶπον
254 704 288 709 --
304 689 408 716 αὐτοῦ.
426 690 458 716 0!
473 689 521 716 τοῦ
543 690 642 725 Ἰωσὴφ
666 690 735 724 υἱοὶ,
755 690 802 718 τοῦ
818 690 892 718 Θέσει

103 734 205 768 πατρὸς
220 733 314 762 αὑτοῦ.

137 779 286 813 Μετάϐηθι
317 795 351 800 -
379 781 485 814 ποιεῖς.
517 781 734 816 Προσποιοῦνται
764 783 814 818 μὲν
846 782 891 809 ἐπ’

104 825 201 861 ἀγαθῴ
216 825 421 866 συμϐουλεύειν,
434 826 472 858 ὡς
481 829 623 861 συγγενεῖς
639 827 720 862 δῆθεν
735 827 783 855 καὶ
794 828 892 855 οἰκειό-

105 881 177 899 τατοι
187 881 193 888 ⁸
212 873 311 905 σκοπὸς
326 874 354 900 δὲ
369 874 460 905 αὐτοῖς
473 874 604 909 πονηρὸς,
619 875 650 900 ὲκ
663 874 761 909 φθόνου
773 875 889 909 τεχθεὶς.

104 919 272 954 Πειρώμενοι
289 921 343 955 γὰρ
359 921 524 955 μεταγαγεῖν
533 920 629 947 τοῦτον
646 922 684 952 εις
697 921 746 955 τὴν
756 920 890 947 Ἰουδαίαν

104 964 146 991 ἵνα
172 965 302 1001 ἀναιρεοῇ
322 966 397 999 παρὰ
414 965 467 992 τῶν
484 965 638 1001 ζητούντων
662 966 821 992 ἀποκτεῖναι
839 966 889 992 αύ-

102 1010 159 1042 τὺν,
175 1011 370 1046 προὸάλλονται
386 1011 415 1037 τὸ
428 1008 484 1037 δεῖν
500 1011 547 1038 καὶ
563 1011 626 1043 τοὺς
640 1011 729 1037 ἐκεῖσε
745 1010 826 1042 ὂντας
838 1019 892 1046 p.1—

103 1057 187 1092 θητὰς
210 1056 303 1089 αὑτοῦ,
331 1058 390 1092 ἦτοι
411 1057 474 1089 τοὺς
500 1057 605 1092 ὄχλους,
628 1058 691 1089 τοὺς
720 1058 749 1084 ἐν
775 1057 891 1093 Ἰουδαία

105 1102 316 1137 παρεπομένους
336 1101 423 1136 αὐτῷ,
441 1102 553 1136 θεωρεῖν
583 1101 618 1128 τὰ
643 1102 744 1136 σημεῖα
767 1101 785 1128 ἃ
809 1103 889 1128 ποιεῖ.

137 1194 241 1228 οὐδεὶς
257 1209 291 1214 -
307 1193 393 1221 εἶναι.
411 1193 489 1222 Κατὰ
505 1195 554 1230 μὲν
568 1194 598 1221 τὸ
611 1194 763 1230 προχείρως
777 1195 891 1231 νοούμε-

105 1250 150 1268 νον
161 1241 270 1267 δοκοῦσι
288 1239 469 1276 παρακνὶζειν
484 1241 565 1268 αὑτὸν
579 1240 622 1267 ἵνα
639 1241 746 1276 μεταϐῇ
757 1249 763 1255 ·
778 1241 849 1268 κατὰ
864 1241 892 1267 δὲ

107 1286 135 1312 τὺ
162 1286 309 1322 βαθύτερον
334 1285 572 1318 ἀποσκώπτουσιν,
587 1286 624 1317 ὡς
649 1285 734 1313 δειλὸν
763 1286 821 1321 ἅμα
844 1286 893 1314 καὶ

105 1332 252 1367 φιλόδοξον.
272 1332 308 1358 Τὸ
323 1332 373 1367 μὲν
388 1332 442 1368 γὰρ
457 1333 486 1359 ὲν
503 1332 618 1368 κρυπτῷ
644 1341 671 1359 τι
687 1334 773 1360 ποιεῖν
788 1333 892 1365 δειλοῦ,

106 1379 135 1406 τὸ
152 1379 178 1405 δὲ
195 1379 285 1414 ζητεῖν
298 1380 327 1405 ὲν
339 1379 480 1415 παρρησίᾳ
500 1376 581 1412 εἶναι,
601 1378 662 1413 ἦτοι
678 1378 806 1414 φανερὸν,
827 1378 891 1405 me

108 1425 154 1452 ὃλε
159 1434 235 1458 πτον,
251 1425 398 1460 φιλοδόξου.

141 1519 175 1545 El
192 1533 226 1538 -—
242 1518 354 1551 κόσμῳ.
373 1519 403 1545 Et
416 1518 504 1545 ταῦτα
520 1517 554 1544 τὰ
570 1519 672 1552 σημεῖα
685 1518 784 1549 ποιεῖς,
800 1518 847 1544 καὶ
861 1517 892 1543 οὐ

110 1563 257 1598 φαειτάζεις
269 1584 277 1596 ,

112 1610 288 1636 Ύπὼπτευον
302 1609 356 1645 γὰρ
372 1610 419 1636 καὶ
435 1609 491 1643 (Si)
504 1610 538 1635 τὰ
554 1610 656 1644 σημεῖα
671 1609 708 1640 ὼς
726 1609 891 1643 φαντασίαν.

141 1704 224 1738 Δῆλον
241 1701 287 1730 οὖν
308 1703 432 1730 ἐντεῦθεν
454 1703 495 1730 ὅτι
516 1703 617 1737 σημεῖα
639 1701 749 1737 ἐποίησε
767 1702 857 1735 κάκεῖ,
876 1701 894 1729 ἃ

107 1750 196 1776 πάντα
224 1750 400 1785 παρέδραμεν
426 1749 440 1775 ὁ
474 1749 612 1783 Ἰωάννης,
642 1748 736 1784 ὥσπερ
759 1749 805 1775 καὶ
827 1748 895 1776 ἄλλα

107 1794 191 1821 πολλὰ
204 1815 211 1826 ,
230 1795 353 1821 σπεύδων
371 1794 472 1829 μᾶλλον
491 1794 537 1820 ἐπὶ
554 1794 589 1820 τὰ
608 1794 725 1829 ιρέροντα
744 1793 822 1828 ξένην
836 1793 896 1820 τινὰ

105 1841 242 1876 διήγησιν,
258 1842 305 1867 καὶ
326 1837 364 1867 ὧν
380 1840 404 1866 οι
425 1840 500 1867 ἄλλοι
513 1840 563 1866 οὐκ
585 1839 807 1874 ἐπεμνήσθησαν.
828 1837 895 1866 Εἶτα

106 1887 181 1922 λέγει
197 1887 245 1914 καὶ
260 1887 289 1914 τὸ
305 1887 391 1913 αἴτιον
404 1886 453 1921 τῆς
465 1886 592 1921 τοιαύτης
609 1886 738 1921 ὑποψίας.

148 1980 224 2008 οὐδὲ
238 1994 273 2000 -
288 1981 392 2007 αὐτόν.
410 1979 472 2006 Οὐδ’
492 1979 571 2006 αὐτοὶ
585 1979 728 2005 ἐπίστευον
747 1980 787 2011 εἰς
802 1979 895 2012 αὐτὸν,

106 2025 145 2053 ὡς
160 2027 200 2057 εἰς
217 2025 296 2051 Θεόν.
312 2024 384 2051 Ἀλλ’
399 2025 472 2059 ὅμως
487 2025 511 2051 οἱ
527 2024 573 2051 νῦν
590 2023 706 2050 τοιοῦτοι
728 2025 840 2059 μεγάλοι
857 2033 900 2058 γε⁴

108 2072 222 2105 γόνασιν
235 2071 359 2104 ὕστερον,
371 2071 512 2097 καὶπολλὰ
524 2071 600 2106 παρὰ
613 2070 718 2097 πολλῶν
731 2070 801 2105 ὑπὲρ
816 2071 899 2097 αὐτοῦ

106 2119 285 2150 πεπόνθασιν,
303 2117 428 2149 Ἰάκωϐος
441 2118 488 2144 καὶ
509 2117 619 2148 Ἰούδας.
635 2117 667 2142 Ti
682 2114 728 2143 οὖν
743 2117 756 2143 ὁ
770 2117 819 2149 τὰς
831 2126 901 2152 καρ-

105 2164 165 2196 δίας
179 2164 268 2191 αὑτῶν
283 2163 377 2196 εἰδώςς
392 2163 450 2189 Litt
462 2163 576 2198 ἤλεγξεν
593 2163 692 2194 αὐτοὺς
704 2164 840 2198 πονηροὺς
853 2163 901 2190 καὶ

106 2210 280 2241 ἐπιϐούλους,
298 2209 367 2236 ἀλλὰ
379 2209 564 2244 μακροθύμως
576 2208 755 2244 ἀποκρίνεται
770 2209 837 2244 πρὸς
853 2209 900 2235 τὸν

106 2256 208 2284 σκοπὸν
225 2256 326 2283 αὐτῶν.

141 2302 228 2337 Λέγει
255 2316 290 2322 —-
312 2299 468 2335 πάρεστιν.
499 2299 528 2326 ὐ
551 2299 646 2334 καιρὸς
667 2300 682 2326 ὁ
705 2300 781 2335 ἐμὸς,
803 2302 817 2327 ὁ
844 2300 890 2328 τοῦ

947 281 1063 302 mortem
1086 275 1204 310 fugiens.
1224 275 1270 302 sed
1297 275 1440 303 homicidis
1461 284 1587 311 parcens,
1615 281 1643 304 et
1670 278 1731 312 quia

946 326 1054 356 tempus
1067 329 1123 348 sua:
1139 322 1274 356 passionis
1287 321 1409 349 nondum
1421 323 1579 350 advenerat.
1593 323 1731 358 Siquidem

944 368 1087 402 oportebat
1099 376 1161 395 eum
1172 368 1308 395 interdum
1323 369 1432 403 quidem
1444 377 1554 396 manere
1564 369 1730 405 inexpugna-

945 412 1038 446 bilem,
1056 416 1150 447 utpote
1166 412 1263 446 Deum,
1282 414 1449 448 quandoque
1466 422 1528 442 vero
1543 420 1671 449 tanquam
1683 415 1731 443 ho-

945 459 1048 486 minem
1064 459 1263 494 dispensatorie
1277 460 1382 487 cedere.

980 503 1057 532 Vers.
1069 505 1096 531 2.
1117 505 1183 532 Erat
1198 522 1232 527 —
1247 504 1415 541 Scenopegia.
1430 506 1492 534 llaec
1505 507 1731 535 celebrabaturin

942 551 1105 578 memoriam
1127 551 1193 584 diei,
1212 559 1266 585 quo
1283 552 1402 587 primum
1425 552 1513 580 Moses
1534 553 1658 580 divinum
1674 553 1730 581 iiin

944 597 1103 631 tentorium,
1118 600 1191 633 quod
1204 606 1219 625 a
1235 598 1355 626 Beseleel
1370 598 1532 626 fabricatum
1546 604 1598 627 est.

979 687 1054 716 Vers.
1081 690 1108 716 5.
1134 688 1266 716 Dixerunt
1296 704 1331 710 —-
1360 689 1428 724 ejus.
1456 689 1517 716 Filii
1542 688 1655 726 Joseph,
1687 692 1733 727 qui

943 735 1089 770 adoptione
1099 740 1176 769 pater
1188 735 1246 770 ejus
1259 740 1327 762 erat.

981 783 1058 810 Vers.
1071 783 1097 810 5.
1116 783 1254 810 Transi—
1268 784 1342 818 facis.
1367 783 1487 821 Fingunt
1507 784 1618 819 quidem
1633 785 1734 812 utiliter

946 830 1063 856 suadere
1081 833 1209 864 tanquam
1223 829 1334 864 cognati
1351 834 1379 856 et
1394 831 1474 857 amici
1496 830 1657 863 familiares,
1675 830 1735 858 linis

945 883 1009 902 vero
1030 883 1124 901 eorum
1151 883 1253 910 pravus
1276 880 1344 909 erat,
1363 876 1397 903 ab
1423 876 1526 903 invidia
1554 876 1705 911 procedens
1728 885 1736 904 :

943 920 1113 947 conabantur
1138 920 1272 955 siquidem
1295 920 1370 948 illum
1390 921 1418 948 in
1446 920 1568 949 Judmam
1598 921 1735 957 pellicere,

943 970 974 992 ut
989 965 1023 992 ab
1038 965 1090 992 illis
1104 966 1287 998 occideretur,
1303 967 1349 1001 qui
1373 974 1435 994 eum
1460 967 1619 1002 quaerebant
1632 967 1736 994 interﬂ-

943 1018 1016 1038 cerc.
1032 1011 1148 1039 Causam
1170 1017 1261 1039 autem
1278 1013 1477 1047 prmtexebant,
1499 1014 1571 1048 quod
1597 1019 1736 1048 oporteret

943 1057 1092 1092 discipulos
1110 1065 1219 1092 quoque
1234 1058 1305 1092 ejus,
1322 1059 1367 1093 qui
1383 1058 1420 1085 ibi
1442 1064 1532 1092 erant,
1548 1060 1604 1087 sive
1632 1060 1735 1092 turbas,

944 1111 1006 1139 qua:
1034 1105 1110 1131 illum
1137 1105 1164 1131 in
1185 1104 1279 1131 Juda'a
1304 1105 1500 1140 sequebantur,
1520 1105 1621 1133 intueri
1648 1105 1736 1141 signa,

944 1159 1004 1186 qum
1018 1151 1076 1186 ipse
1095 1151 1198 1178 ederet.

980 1196 1057 1223 Vera.
1083 1196 1109 1222 4.
1137 1195 1222 1222 Nemo
1246 1211 1281 1214 —
1299 1203 1362 1222 esse.
1383 1194 1464 1223 Juxta
1489 1196 1639 1224 faciliorem
1656 1196 1736 1223 intel-

943 1242 1043 1269 lectum
1059 1245 1086 1268 et
1101 1241 1146 1276 qui
1158 1241 1184 1268 in
1206 1247 1332 1277 promptu
1350 1245 1403 1274 est,
1419 1241 1547 1269 videntur
1569 1242 1645 1270 illum
1669 1244 1736 1270 inci-

945 1293 1002 1315 tare
1018 1292 1047 1315 ut
1074 1288 1295 1322 transeat;juxta
1318 1287 1523 1322 profundiorem
1552 1295 1627 1320 vero,
1648 1297 1735 1316 scom~

945 1339 1018 1360 mata
1035 1333 1061 1360 in
1079 1341 1141 1360 eum
1154 1333 1306 1368 jacicbant,
1323 1337 1451 1368 tauquam
1471 1333 1498 1360 in
1516 1334 1643 1361 timidum
1657 1336 1736 1362 simul

946 1385 974 1408 et
999 1380 1090 1416 gloria:
1114 1380 1255 1415 cupidum.
1282 1380 1422 1415 Siquidem
1442 1380 1470 1407 in
1490 1381 1598 1408 occulto
1627 1381 1736 1416 quidem

944 1426 1085 1461 quidpiam
1103 1425 1202 1459 facere,
1216 1426 1303 1453 timidi
1319 1431 1361 1453 est
1380 1435 1386 1452 :
1408 1434 1530 1460 quaerere
1544 1431 1634 1453 autem
1647 1426 1734 1462 palam

945 1472 1087 1504 csse,isive
1099 1471 1304 1499 maniiestumet
1315 1471 1471 1507 gloriosum,
1480 1472 1572 1506 gloria:
1581 1472 1672 1506 cupidi
1685 1478 1737 1499 est.

981 1517 1058 1546 Vers.
1085 1518 1112 1544 4.
1133 1517 1162 1544 Si
1189 1533 1223 1537 —
1244 1518 1351 1544 mundo.
1380 1516 1407 1544 Si
1430 1517 1589 1552 haecxsigna
1617 1524 1681 1544 vere
1710 1522 1737 1544 et

305 1564 464 1598 φανέρωσον
494 1564 608 1590 σεαυτὸν
636 1565 718 1590 πᾶσιν
744 1563 893 1595 Ἰουδαίοις.

953 1572 1002 1591 non
1025 1568 1188 1599 apparenter
1202 1563 1279 1596 facis,
1302 1563 1448 1590 manifesta
1463 1563 1580 1598 teipsum
1605 1563 1735 1590 omnibus

943 1610 1055 1638 Judznis.
1074 1609 1288 1646 Suspicahantur
1305 1617 1423 1644 namque
1438 1610 1515 1645 signa
1545 1609 1602 1637 bzee
1624 1610 1737 1644 phanta-

945 1657 1015 1684 stiee
1031 1657 1100 1684 ﬁeri.

983 1703 1054 1731 llinc
1071 1711 1136 1739 ergo
1153 1703 1328 1731 manifestum
1343 1707 1394 1734 est,
1411 1702 1483 1738 quod
1500 1702 1582 1729 etiam
1600 1701 1636 1729 ibi
1654 1702 1738 1729 mira-

945 1749 1006 1776 cuia
1031 1749 1155 1782 ediderit,
1184 1750 1251 1784 (μιιέ
1279 1748 1369 1775 omnia
1394 1748 1582 1783 praetercurxit
1604 1747 1735 1784 Joannes,

947 1795 1175 1829 quemadmodum
1192 1795 1243 1821 alia
1275 1795 1370 1826 multa,
1389 1793 1519 1821 festinans
1535 1795 1619 1829 magis
1651 1795 1684 1821 ad
1702 1803 1734 1822 ea

949 1848 1010 1874 quae
1036 1848 1136 1868 novam
1157 1841 1276 1875 aliquam
1299 1840 1450 1866 ail‘erebant
1483 1840 1681 1872 narrationem,
1713 1846 1738 1867 et

948 1895 1065 1922 quorum
1089 1887 1135 1914 alii
1158 1887 1261 1914 nullam
1286 1886 1409 1913 fecerant
1433 1887 1609 1913 mentionem.
1635 1885 1738 1913 Deinde

949 1940 1058 1960 causam
1073 1933 1155 1960 etiam
1168 1932 1235 1959 dicit
1251 1932 1310 1959 talis
1326 1932 1501 1967 suspicionis.

986 1978 1064 2006 Vers.
1081 1979 1107 2006 5.
1121 1978 1211 2014 Neque
1224 1993 1260 1998 ——
1275 1987 1345 2005 eum.
1365 1977 1458 2013 Neque
1472 1978 1525 2013 ipsi
1548 1978 1696 2005 credebant
1710 1978 1738 2005 in

951 2033 1025 2057 eum,
1041 2030 1169 2060 tanquam
1186 2025 1213 2051 in
1230 2025 1325 2051 Deum.
1342 2026 1468 2051 Attamen
1485 2024 1511 2050 hi
1527 2024 1572 2058 qui
1591 2029 1656 2052 tunc
1670 2024 1739 2052 tales

951 2076 1040 2102 erant,
1064 2071 1152 2105 magni
1170 2070 1343 2105 postmodum
1364 2068 1453 2096 elieeti
1471 2074 1544 2101 sunt,
1569 2069 1708 2102 multaque
1722 2076 1738 2096 a

952 2116 1044 2143 multis
1055 2124 1102 2149 pro
1112 2116 1157 2142 illo
1167 2115 1238 2150 passi
1250 2118 1326 2147 sunt,
1338 2114 1456 2141 Jacobus
1468 2114 1594 2141 videlicet
1605 2119 1632 2140 et
1643 2113 1736 2140 Judas.

952 2161 1023 2193 Quid
1037 2167 1102 2194 ergo
1122 2160 1156 2191 is,
1172 2159 1218 2194 qui
1234 2167 1328 2186 eorum
1348 2158 1430 2186 corda
1455 2159 1586 2185 noverat?
1609 2158 1670 2185 Non
1695 2166 1738 2185 re-

953 2206 1100 2241 prehendit
1113 2205 1183 2238 illos,
1204 2209 1330 2239 tanquam
1350 2203 1435 2230 malos
1445 2207 1472 2230 et
1488 2202 1672 2236 insidiatores,
1689 2204 1738 2230 scd

915 2245 936 2272 D
951 2251 1088 2286 patienter
1103 2250 1249 2285 respondet
1267 2249 1298 2276 ad
1319 2250 1496 2276 intentionem
1515 2249 1647 2283 ipsorum.

977 2298 1054 2326 Vers.
1067 2297 1093 2324 6.
1106 2297 1149 2323 Ait
1160 2311 1192 2316 —-
1207 2299 1291 2322 adest.
1319 2296 1447 2329 Tempus,
1474 2303 1529 2330 quo
1555 2296 1691 2330 convenit,
1709 2301 1739 2324 ut

105 2349 232 2376 ἀπελθεῖν
255 2356 288 2383 με
307 2348 347 2379 εἰς
366 2347 415 2382 τὴν
438 2346 567 2373 Ἰουδαίαν
579 2346 838 2382 ἀναιρεθησόμενον,
854 2346 892 2379 ὡς

953 2353 991 2380 ego
1003 2344 1029 2371 in
1042 2343 1160 2371 Judmam
1176 2342 1272 2370 vadam
1283 2341 1459 2374 oecidendus,
1476 2341 1509 2368 ad
1520 2342 1649 2377 quod,vos
1664 2343 1739 2370 tabc-

107 2394 288 2425 σπουδάζετε,
304 2392 382 2420 οὔπω
399 2393 534 2428 πάρεστι’
553 2392 579 2418 τί
595 2401 628 2427 με
645 2392 825 2427 κατεπείγετε
840 2392 892 2428 πρὸ

106 2438 152 2464 τοῦ
166 2438 283 2464 τοιούτου
297 2438 393 2474 καιροῦ
407 2447 414 2472 ;

149 2483 181 2509 Ὀ
198 2483 232 2509 δὲ
251 2484 354 2518 καιρὸς
375 2499 411 2504 -
425 2483 554 2518 ἕτοιμος.
577 2485 606 2510 ’0
622 2483 714 2519 καιρὸς
729 2484 743 2509 ὁ
762 2483 894 2519 ὑμέτερος

107 2531 122 2556 ὁ
139 2529 185 2556 τοῦ
200 2530 326 2557 ἀπελθεῖν
339 2531 411 2565 ὑμᾶς
424 2531 464 2561 εἰς
477 2532 527 2565 τὴν
544 2531 676 2557 Ἰουδαὶαν
689 2530 803 2557 πάντοτέ
821 2530 895 2556 ἐστιν

107 2575 235 2612 εὐχερής.
258 2575 336 2610 Ἐμοὶ
355 2576 405 2610 μὲν
427 2576 481 2611 γὰρ
511 2577 650 2611 ἐμποδίζει
674 2575 705 2602 τὸ
720 2577 802 2610 μήπω
819 2584 892 2611 παρ-

108 2624 179 2649 εῖναι
205 2622 286 2649 αὐτόν
310 2630 318 2638 ο
357 2622 422 2657 ὑμῖν
445 2622 473 2648 δὲ
499 2622 589 2655 οὐδὲν,
619 2621 820 2657 συμφρονοῦσιν
845 2621 897 2656 ἤδη

109 2669 164 2700 τοῖς
187 2668 324 2695 Ἰουδαίου

943 2393 1022 2426 ratis,
1048 2391 1169 2419 nondum
1181 2389 1275 2417 adest:
1297 2389 1362 2424 quid
1380 2397 1423 2416 me
1439 2391 1540 2425 urgetis
1565 2394 1627 2416 ante
1643 2389 1739 2425 hujus-

943 2438 1016 2467 modi
1029 2437 1160 2472 tempus?

985 2485 1061 2512 Vers.
1077 2484 1102 2511 6.
1118 2483 1228 2519 Tempus
1240 2487 1326 2509 autem
1336 2496 1372 2503 ——
1383 2485 1519 2517 paratum.
1543 2480 1662 2515 Tempus
1674 2488 1730 2520 quq

949 2539 998 2559 vos
1015 2532 1041 2558 in
1064 2529 1184 2557 Judmam
1216 2529 1330 2561 abeatis,
1366 2535 1474 2562 semper
1499 2528 1525 2554 in
1546 2532 1670 2562 promptu
1685 2531 1736 2559 est,

951 2577 1015 2606 mihi
1030 2577 1223 2611 impedimento
1237 2580 1275 2602 est
1290 2579 1407 2608 tempus,
1419 2573 1492 2608 quod
1509 2572 1627 2599 nondum
1639 2572 1716 2599 adest
1729 2582 1735 2598 :

952 2623 1028 2650 vobis
1050 2627 1139 2648 autem
1155 2621 1224 2647 nihil
1239 2624 1280 2646 est
1306 2618 1509 2653 impedimento,
1531 2625 1592 2644 cum
1613 2618 1668 2652 jam
1685 2625 1737 2644 una

950 2676 1010 2695 erm
1027 2667 1128 2694 Judtcis
1145 2666 1278 2693 sentiatis.

711 2755 811 2786 Variw
831 2755 984 2786 lectiones
1004 2748 1037 2785 et
1050 2760 1143 2785 notae;

110 2844 234 2879 pndiatit
248 2843 479 2879 Theophylactus.
495 2840 753 2879 Flumenorationis
773 2841 816 2868 hic
826 2842 900 2879 abri:

112 2876 173 2914 puit
187 2876 427 2915 Chrysostmn‘um,
449 2878 593 2912 deceptum
609 2876 796 2915 ior‘tassehloco
817 2877 898 2915 simili

114 2911 198 2944 iilarc.
218 2911 252 2947 u,
270 2915 295 2941 5.
310 2911 421 2947 Largior
452 2911 526 2940 certe
546 2916 605 2939 erat
637 2911 743 2938 dicendi
774 2912 897 2943 materia,

956 2838 1125 2874 explicandis
1136 2838 1213 2874 illis,_
1227 2838 1276 2864 οὐκ
1289 2835 1506 2873 εἷχενὲξουσὶαν.

992 2872 1046 2909 (81)
1061 2875 1113 2900 Καὶ
1130 2875 1182 2907 γάρ
1199 2872 1228 2898 B.
