1919 3076
172 85 182 117 1
188 85 240 117 267

170 187 229 215 ὀρθ
246 188 395 216 honorem:
414 197 475 216 nam
489 189 589 224 ubique
608 189 717 216 Patrem
733 196 763 216 ac
784 188 868 216 Deum
885 197 957 224 pne-

170 235 300 267 ponebat,
315 240 341 261 et
356 235 388 261 ad
402 235 475 261 illum
488 235 577 262 omnia
590 234 734 268 referebat,
757 235 839 262 etiam
853 236 958 270 propria

168 288 249 314 opera
263 289 269 307 :
286 281 328 314 qui
344 288 408 313 ergo
420 281 531 315 gloriam
551 289 627 308 suam
641 289 695 308 non
710 282 859 316 quaerebat,
878 290 958 317 quam

169 326 203 351 ob
217 333 326 352 causam
343 326 430 352 aliena
448 326 578 353 docturus
593 327 672 354 erat?
692 327 737 362 qui
756 332 849 354 autem
871 328 959 355 aliena

170 378 222 396 non
246 371 336 401 docet.
351 371 398 398 sed
422 379 482 406 quae
503 372 578 399 illius
598 377 673 404 sunt,
692 373 738 408 qui
763 373 837 400 misit
855 373 957 408 ipsum,

172 416 286 442 omnino
301 424 381 444 verax
395 422 446 445 est.

193 463 226 490 Et
236 463 295 489 vide
305 464 441 498 quomodo
452 472 546 491 omnes
560 465 593 492 ad
611 464 766 499 fidem,qu:e
782 465 809 492 in
822 473 852 493 se
865 470 960 496 cst.at-

169 509 301 541 trahebat,
312 517 342 536 ac
354 509 459 537 dicebat
473 519 478 535 :
494 510 546 542 Qui
558 519 608 537 non
621 511 731 538 honorat
740 510 839 538 Filium
850 521 899 539 non
912 513 960 539 ho-

168 559 243 580 norat
259 554 432 588 Patrem,in
451 556 521 582 misit
547 556 622 582 illum
635 557 674 588 ";
693 556 827 590 siquidem
852 565 885 584 ex
907 557 958 584 hoc

168 601 309 636 propriam
332 602 442 636 gloriam
460 609 583 636 qumrere
604 602 757 629 videbatur.
774 602 832 629 Non
855 607 957 636 tamen,

168 647 247 680 quasi
264 646 378 681 propria:
391 651 495 673 amator
508 646 611 681 glorias,
627 647 685 674 haec
698 647 806 674 dicebat
818 652 864 674 aut
880 647 962 674 facie-

167 691 225 722 bat,
257 692 303 719 sed
330 692 407 726 quasi
439 692 578 718 hominum
597 693 712 727 cupiens
735 693 865 720 salutem:
891 701 960 723 nam

169 737 238 764 hanc
255 745 302 771 per
320 738 411 768 (idem,
425 745 485 772 qua:
499 738 527 764 in
545 738 632 772 ipsum
647 743 867 772 erat,procurare
882 747 962 772 opor-

167 784 251 810 tebat.
270 783 348 810 Pater
358 791 476 818 namque
490 783 558 810 dixit
577 794 583 810 :
600 784 650 810 llic
659 789 696 811 est
712 784 797 811 Filius
813 793 884 811 meus
895 785 962 812 dile-

169 834 235 859 ctus.
253 830 280 855 in
295 838 345 864 quo
362 830 424 856 mihi
450 829 633 864 complacitum
651 835 700 861 est,
728 830 812 864 ipsum
836 831 960 863 audite”,

169 874 274 908 aliaque
288 875 371 901 multa
385 874 540 910 huiusmodi
558 881 608 909 per
625 875 782 909 prophetas.

211 917 281 945 i’ers.
299 918 340 944 18.
357 918 440 945 Est—
455 923 501 946 est.
520 919 694 953 Nequeeuim
712 919 829 953 injustus
844 924 896 951 est,
915 918 961 954 qui

169 963 228 996 ejus
245 965 341 996 quaerit
363 963 488 998 gloriam,
515 963 560 998 qui
586 964 661 990 tnisit
675 964 761 991 illutn.
781 964 896 998 Quidam
911 973 960 992 au-

169 1016 222 1035 tem
238 1009 398 1043 iniustitiam
423 1009 474 1037 hoc
496 1009 524 1036 in
545 1010 604 1037 loco
622 1010 795 1037 mendacium
820 1011 961 1038 intellexe-

170 1059 243 1081 runt.
275 1054 400 1081 Plurima:
427 1055 519 1089 itaque
542 1060 621 1082 erant
647 1063 747 1088 causae,
764 1064 813 1083 cur
847 1058 959 1085 humilia

169 1100 296 1127 Christus
312 1101 479 1135 loqueretur:
500 1106 555 1128 tum
573 1110 606 1128 ne
622 1101 759 1136 ingenitus
775 1110 835 1129 esse
853 1108 961 1137 putare-

171 1152 224 1178 tur,
245 1152 291 1173 aut
309 1147 363 1174 Deo
378 1147 530 1174 contrarius
545 1148 703 1175 crederetur
717 1157 724 1181 ;
742 1149 775 1176 ad
791 1149 859 1181 haec,
894 1157 957 1184 pro-

171 1196 232 1227 pter
248 1193 403 1220 auditorum
415 1193 644 1226 imbecillitatem;
662 1199 802 1229 praeterea,
821 1200 850 1222 ut
870 1196 960 1223 homi-

170 1244 219 1263 nes
233 1237 341 1264 doceret
358 1238 493 1266 modestos
504 1246 574 1272 esse,
598 1244 625 1266 et
638 1240 706 1266 nihil
719 1239 753 1267 de
770 1248 798 1268 se
810 1241 875 1275 ipsis
887 1249 960 1277 mag-

170 1282 281 1309 niﬁcum
297 1283 405 1316 dicere;
424 1284 546 1316 demum,
566 1289 596 1312 ut
612 1289 740 1320 tanquam
766 1286 847 1314 homo
863 1287 958 1322 loque-

172 1333 256 1361 retur,
273 1337 304 1356 ac
320 1334 430 1364 propter
445 1331 496 1357 alia
509 1331 677 1366 huiusmodi.
694 1331 777 1359 Unica
789 1336 880 1360 autem
892 1341 958 1360 cau-

171 1381 200 1401 sa
215 1379 274 1401 erat
290 1382 338 1401 cur
353 1375 478 1402 sublimia
497 1376 666 1411 loqueretur,
682 1377 816 1406 celsitudo
831 1378 960 1406 videlicet

171 1420 332 1450 divinitatis.

206 1465 275 1498 Quia
299 1474 365 1494 vero
384 1467 411 1494 hi
431 1467 520 1495 Judaei
539 1467 593 1496 duo
620 1469 734 1496 crimina
757 1470 808 1505 ipsi
824 1471 994 1509 impinge-(1

171 1511 247 1543 bant,
267 1516 332 1546 puta
348 1513 416 1548 legis
428 1514 680 1550 transgressionem,
695 1519 722 1542 et
735 1516 808 1550 quod
823 1515 878 1543 Deo
890 1521 962 1544 esset

173 1558 325 1585 contrarius
335 1578 343 1590 ,
357 1559 428 1593 quod
452 1558 599 1587 Sabbatum
614 1560 744 1595 solveret,
754 1569 785 1588 ac
796 1561 902 1589 Patrem
915 1569 959 1590 su-

175 1611 219 1630 um
236 1604 340 1630 diceret
355 1612 415 1631 esse
431 1604 529 1636 Deum,
546 1606 678 1640 aequalem
703 1614 764 1634 sese
780 1606 883 1634 faciens
895 1607 960 1641 Deo,

174 1649 254 1676 veluti
271 1649 385 1684 septimo
399 1651 488 1685 capite
502 1651 660 1686 praedictum
677 1657 718 1680 est
729 1653 768 1680 Ἠ
784 1653 817 1681 de
837 1662 890 1682 uno
903 1655 962 1689 qui—

174 1695 236 1722 dem
250 1695 287 1723 ibi
303 1696 443 1732 respondit
456 1697 505 1730 eis,
520 1701 641 1729 ostenso.
654 1698 725 1732 quod
739 1699 794 1726 Deo
807 1701 963 1728 contrarius

175 1750 227 1768 non
247 1747 329 1770 esset:
351 1743 384 1770 de
401 1744 488 1771 altero
505 1748 598 1771 autem
619 1753 692 1772 nunc
708 1747 863 1780 respondet,
877 1752 903 1775 et
916 1755 962 1775 os-

175 1788 269 1821 tendit,
286 1789 345 1816 illos
362 1789 452 1824 potius
469 1797 529 1818 esse
545 1791 612 1826 legis
629 1796 853 1827 transgressores.

210 1834 288 1863 Vers.
308 1835 352 1862 19.
369 1835 463 1863 Nonne
479 1851 512 1857 μ
528 1837 609 1872 legem
623 1838 636 1864 1’
650 1836 748 1871 Legem
771 1839 962 1868 universaliter

174 1880 302 1915 appellat,
319 1880 413 1916 legalia
428 1886 572 1916 praecepta,
594 1890 654 1916 qum
668 1883 743 1910 dedit
759 1883 857 1916 Moses,
874 1892 934 1912 cum
947 1893 962 1912 a

175 1927 230 1954 Deo
243 1927 299 1962 ipsa
310 1927 461 1960 detulisset,
474 1933 499 1955 et
512 1935 542 1955 ea
554 1928 609 1955 illis
621 1929 784 1963 scripsisset.
814 1929 963 1966 lntcrrogat

175 1981 240 2007 ergo
254 1981 261 1999 :
277 1973 370 2000 Nonne
385 1973 465 2000 Moses
481 1973 552 2000 dedit
567 1974 638 2001 vobis
655 1975 828 2010 legem,quetn
845 1977 964 2004 honora-

175 2019 220 2051 tis,
235 2024 261 2046 rt
275 2027 324 2054 pro
338 2027 391 2054 quo
407 2019 580 2055 belligeratis,
594 2020 637 2047 cui
653 2020 760 2048 locutus
777 2026 818 2048 est
832 2021 926 2050 Deus?

208 2109 286 2137 V‘ers.
298 2111 338 2138 19.
355 2110 389 2137 Et
409 2126 434 2130 —
449 2111 541 2146 legem.
557 2126 591 2132 —-
607 2111 692 2143 Facit,
704 2111 772 2144 sive,
788 2113 892 2139 Servat.
910 2111 962 2141 De-

785 87 975 118 EUTHYMII
995 87 1173 120 ZIGABENI

205 143 282 169 Vers.
304 142 347 170 18.
363 143 414 176 Qui
436 158 470 164 —
485 148 533 171 est.
559 143 677 172 Gloriam
704 142 830 179 intelligit
856 143 908 172 hoc
931 145 957 172 in
974 146 995 174 Α

1747 95 1818 126 1263

1053 147 1085 173 '0
1113 163 1147 168 —
1169 148 1263 176 ἐστιν.
1290 150 1376 183 Δόξαν
1402 151 1521 179 ἐνταῦθα
1548 152 1595 188 τήν
1613 154 1704 189 τιμήν
1730 163 1817 188 φηςι.

1012 193 1154 228 Πανταχοῦ
1172 195 1226 230 γὰρ
1241 195 1286 222 τὸν
1307 197 1418 232 Πατέρα
1433 198 1481 224 καὶ
1497 199 1563 225 Θεὸν
1582 201 1744 234 προετίθει,
1770 207 1817 227 και

1010 238 1085 273 αὐτῷ
1101 239 1190 266 πάντα
1207 240 1339 274 ἀνιτίθει,
1355 243 1404 269 καὶ
1428 244 1462 269 τὰ
1480 244 1579 271 ἑαυτοῦ
1589 245 1817 280 κατορθώματα.

1010 285 1055 318 Μὴ
1073 284 1163 319 ζητῶν
1195 284 1242 313 οὖν
1260 287 1341 319 δόξαν
1367 288 1445 320 ἰδίαν,
1468 289 1541 322 τίνος
1567 291 1661 318 ἕνεκεν
1690 291 1817 326 ἔμελλεν

1011 329 1091 365 ἕτερα
1104 331 1262 365 διδάσκειν;
1285 333 1331 368 Μὴ
1351 334 1486 360 διδάσκων
1505 335 1534 361 δὲ
1557 336 1651 371 ἔτερα,
1673 337 1754 364 ἀλλά
1784 337 1815 362 τὰ

1011 375 1058 402 τοῦ
1079 376 1235 411 πέμψαντος
1251 378 1344 410 αὐτὸν,
1360 378 1464 414 ἀληθής
1480 381 1538 407 ἐστι
1554 382 1672 414 πάντως.

1047 462 1100 489 Καὶ
1118 462 1176 494 πῶς
1193 462 1248 498 (95)
1263 462 1367 494 πάντας
1381 459 1457 490 εἷλκε
1486 464 1554 498 πρὸς
1574 465 1624 500 τὴν
1645 465 1686 497 εις
1707 466 1818 492 ἑαυτόν
1850 462 1851 474 ¹

1011 509 1115 540 πίστιν,
1132 509 1178 535 καὶ
1195 508 1298 543 ἔλεγεν,
1320 509 1351 536 '0
1358 509 1402 544 μὴ
1428 508 1520 544 τιμῶν
1533 510 1586 537 τὸν
1604 511 1672 537 Υιὸν
1685 512 1724 538 οὐ
1740 511 1818 545 τιμᾷ

1011 553 1064 580 τὸν
1079 553 1194 587 Πατέρα
1222 554 1275 580 τὸν
1292 553 1453 588 πέμψαντα
1470 554 1582 587 αὐτόν;
1600 555 1675 581 δοκεῖ
1690 555 1751 590 γὰρ
1766 557 1815 581 ἐν·

1012 599 1106 626 τεῦοεν
1116 599 1195 631 δόξαν
1215 598 1283 626 ἰδίαν
1297 599 1405 633 ζητεῖν.
1422 599 1493 626 ’Δλλ“
1507 600 1556 635 οὐχ
1571 600 1610 631 ὡς
1625 600 1706 635 δόξης
1724 601 1806 632 ιδίας

1011 645 1082 680 ἐρῶν
1098 644 1185 671 ταῦτα
1197 644 1283 671 ἐποίει
1297 645 1343 672 καὶ
1361 645 1454 679 ἔλεγεν
1470 665 1478 677 ,
1504 645 1562 672 ἀλλ’
1578 646 1617 677 ὡς
1643 645 1730 672 Θέλων
1758 646 1818 681 τὴν

1013 690 1151 724 σωτηρίαν
1176 690 1231 717 τῶν
1253 689 1406 725 ὰνῢρώπων
1421 699 1429 706 ·
1455 690 1524 726 αὕτη
1541 691 1596 726 γὰρ
1619 690 1663 718 διὰ
1687 693 1738 725 τῆς
1769 692 1815 722 εἰς

1012 737 1094 763 αὑτὸν
1117 737 1247 770 πίστεως,
1272 737 1319 764 καὶ
1340 738 1390 772 οὐχ
1410 737 1523 772 ἑτέρως,
1544 737 1641 772 ἐμελλε
1665 737 1816 770 γίνεσθαι.

1013 783 1116 818 Εἷρηκε
1145 783 1198 818 γὰρ
1218 783 1233 809 ὁ
1251 783 1348 818 Πατήρ
1361 780 1484 816 ’Ὁῦτός
1498 783 1585 810 ἐστιν
1599 785 1615 811 d
1629 784 1692 817 Υἱός
1706 793 1772 818 μου
1797 787 1816 810 ὀ

1013 830 1176 864 ἀγαπητὸς,
1188 830 1223 855 ἐν
1238 826 1262 863 ᾧ
1278 829 1336 864 (οι)
1363 829 1532 862 εὐδόκησάο
1547 829 1641 857 αὑτοῦ
1663 830 1815 863 ἀκούετε,

1014 876 1061 901 καὶ
1079 874 1147 901 ἄλλα
1163 874 1250 901 πολλὰ
1263 874 1376 901 τοιαῦτα
1393 876 1437 901 διὰ
1450 875 1504 901 τῶν
1521 874 1678 910 προφητῶν.

1048 921 1102 947 Καὶ
1120 933 1152 940 -—-
1164 921 1259 947 ἑστιν.
1277 921 1335 948 Οὐκ
1347 921 1440 952 ἄδικος
1457 921 1512 956 γὰρ
1527 922 1540 947 ό
1554 921 1642 955 ζητῶν
1656 921 1709 955 τὴν
1722 921 1813 953 δόξαν

1011 966 1058 993 τοῦ
1077 967 1234 1002 πέμψαντος
1249 967 1340 994 αὐτόν.
1355 967 1434 999 Τινὲς
1448 967 1477 993 δὲ
1491 966 1593 993 ἀδικίαν
1603 966 1650 993 ὲπὶ
1660 966 1708 993 τοῦ
1723 975 1811 1003 παρ-

1011 1014 1086 1045 όντος
1115 1014 1144 1040 τὺ
1166 1013 1264 1048 ψεῦδος
1292 1013 1421 1048 ἐνόησαν.
1452 1013 1506 1040 Τοῦ
1539 1013 1587 1048 μὲν
1611 1010 1658 1039 οὖν
1681 1015 1809 1040 ταπεινὰ

1013 1059 1183 1093 φθέγγεσθαι
1194 1059 1240 1085 τὸν
1253 1059 1373 1094 Χριστὸν
1387 1059 1474 1086 πολλὰ
1488 1059 1524 1086 τὰ
1542 1059 1630 1090 αἴτια,
1648 1058 1678 1085 τὸ
1700 1058 1739 1093 μὴ
1757 1067 1806 1084 νο-

1013 1103 1141 1138 μισθῆναι
1156 1103 1313 1138 ἀγέννητον,
1329 1104 1358 1130 τὸ
1374 1103 1411 1140 μὴ
1423 1104 1498 1136 δόξαι
1525 1103 1659 1135 ἀντίθεον,
1675 1104 1702 1129 τὸ
1715 1103 1803 1130 ἀσθε-

1011 1149 1056 1180 νὲς
1068 1149 1123 1174 τῶν
1145 1150 1310 1182 ἀκουόντων,
1335 1150 1524 1176 ἰδ’διδάσκειν
1546 1151 1611 1181 τοὺς
1638 1149 1799 1184 ἀνθρώπους

1014 1196 1221 1229 μετριοφρονεῖν
1233 1196 1280 1221 καὶ
1297 1196 1381 1230 μηδὲν
1397 1196 1470 1230 μέγα.
1487 1196 1580 1228 λέγειν
1594 1196 1658 1230 περὶ
1679 1194 1795 1226 ἑαυτῶν,

1010 1240 1041 1266 τὸ
1065 1240 1103 1272 ὡς
1135 1241 1278 1276 ἄνθρωπον
1305 1241 1406 1276 λέγειν,
1432 1243 1478 1269 καὶ
1515 1242 1583 1268 ἄλλα
1603 1240 1802 1268 τοιαῦτα-τοῦ

1010 1287 1037 1313 δὲ
1051 1287 1143 1322 ὑψηλὰ
1159 1286 1214 1323 (95)
1237 1287 1404 1322 φθέγγεσθαι
1431 1288 1480 1323 μία
1506 1289 1592 1321 αἰτία,
1608 1288 1640 1314 τὸ
1667 1287 1735 1322 ὕψος
1751 1287 1803 1322 τῆς

1011 1331 1151 1367 Θεότητος.

1052 1465 1127 1493 Ἐπεὶ
1140 1465 1167 1492 δὲ
1181 1465 1205 1492 οἱ
1225 1465 1349 1492 Ἰουδαῖοι
1371 1461 1445 1491 οὗτοι
1473 1463 1531 1498 (96)
1561 1463 1609 1490 δύο
1633 1463 1804 1498 ἐγκλήματα

1014 1512 1118 1546 ἐπῆγον
1134 1511 1217 1546 αὐτῷ,
1230 1510 1404 1546 παρανομίαν
1417 1509 1464 1536 κα).
1478 1509 1625 1541 ἁντιθεῖαν,
1641 1509 1682 1535 ὅτι
1696 1517 1726 1535 τε
1737 1507 1804 1535 ἔλυε

1012 1558 1043 1584 τὸ
1057 1557 1197 1584 Σάὸὃατον
1211 1557 1259 1584 καὶ
1272 1557 1313 1583 ὅτι
1332 1556 1442 1591 Πατέρα
1458 1556 1524 1582 [διον
1554 1555 1630 1589 ἔλεγε
1646 1555 1692 1581 τὸν
1718 1555 1802 1586 Θεὸν,

1012 1601 1070 1630 ἴσον
1079 1604 1175 1630 ἑαυτὸν
1189 1603 1275 1629 ποιῶν
1285 1601 1324 1637 τῷ
1340 1601 1411 1636 Θεῷ,
1431 1600 1523 1633 καθὼς
1536 1602 1565 1627 ὲν
1579 1601 1616 1636 τῷ
1628 1601 1735 1636 ἑϐδόμῳ
1752 1609 1805 1627 κε-

1013 1650 1120 1685 φαλαίῳ
1150 1649 1334 1685 προείρηται·
1362 1648 1427 1682 περὶ
1452 1648 1501 1682 μὲν
1516 1647 1564 1675 τοῦ
1591 1648 1649 1679 ἑνὸς
1666 1648 1725 1674 ἐκεῖ
1737 1646 1806 1673 τού-

1012 1705 1069 1728 τοις
1083 1696 1285 1731 ἀπελογήσατο,
1309 1694 1398 1727 δείξας
1421 1695 1462 1720 ὅτι
1488 1695 1538 1721 οὒκ
1567 1694 1641 1721 ἐστιν
1662 1693 1803 1723 ἀντίθεοςο

1013 1743 1078 1777 περὶ
1090 1743 1117 1769 δὲ
1131 1742 1177 1769 τοῦ
1193 1741 1287 1776 ἐτέρου
1318 1741 1365 1767 νῦν
1382 1741 1557 1774 ἀπολογεῖται
1586 1739 1634 1766 καὶ
1660 1740 1805 1766 δείκνυσιν

1012 1790 1054 1816 ὅτι
1069 1789 1145 1815 αὐτοὶ
1162 1788 1217 1824 (97)
1239 1786 1339 1823 μᾶλλον
1350 1787 1404 1814 εἰσι
1420 1786 1584 1821 παράνομοι.

1048 1837 1088 1864 Οὐ
1103 1851 1137 1855 —-
1148 1836 1262 1871 νόμον;
1279 1833 1439 1864 Καθολικῶς
1455 1833 1529 1866 λέγει
1552 1833 1634 1868 νόμον
1649 1831 1707 1863 τὰς’
1719 1841 1805 1867 νομι-

1014 1882 1064 1914 κὰς
1074 1881 1182 1912 ἐντολὰς
1206 1881 1238 1912 ἃς
1260 1880 1359 1907 δέδωκε
1385 1879 1440 1915 (98)
1467 1879 1587 1913 Μωῦσῆς
1615 1878 1646 1904 ὲκ
1665 1878 1711 1904 toi
1729 1878 1805 1904 Θεοῦ

1013 1928 1131 1963 κομίσας
1146 1927 1231 1958 αὐτὰς
1247 1926 1294 1952 καὶ
1308 1925 1418 1960 γράψας
1443 1925 1547 1956 ταύτας
1567 1924 1668 1954 αὐτοῖς.
1691 1923 1804 1959 Ἐρωτᾷ

1013 1973 1060 2001 οὖν
1073 1983 1080 1990 ·
1102 1974 1142 2000 Οὐ
1157 1972 1286 2007 Μωυσῆς
1302 1972 1414 1999 ἔδωκεν
1433 1971 1489 2007 (99)
1505 1970 1577 2005 ὑμῖν
1591 1970 1644 1997 τὸν
1664 1970 1770 2004 νόμον,
1788 1971 1805 1996 ὁ

1014 2021 1080 2056 παρ’
1096 2021 1160 2054 ὑμῖν
1175 2020 1329 2054 τιμώμενος
1353 2018 1401 2044 καὶ
1414 2016 1616 2051 ὲχδικούμενος,
1643 2012 1665 2050 ᾧ
1682 2015 1803 2050 λελάλη-

1014 2076 1061 2094 κεν
1075 2067 1089 2093 ὁ
1103 2066 1170 2098 Θεός
1183 2074 1190 2098 ;

1051 2113 1104 2140 Kal
1119 2127 1153 2132 ——
1166 2113 1270 2145 νόμον.
1287 2126 1320 2131 -—
1337 2110 1421 2143 Ποιεῖ,
1437 2109 1520 2144 ἤγουν
1532 2109 1629 2144 Τηρεῖ.
1647 2105 1713 2134 Εἶτα
1729 2115 1802 2142 προ-

176 2155 237 2182 inde
257 2156 336 2182 etiam
357 2157 440 2188 addit,
459 2157 596 2191 quomodo
628 2165 681 2185 non
716 2162 826 2185 servent
862 2158 959 2194 legem.

1021 2158 1122 2193 ςτιοησι
1138 2158 1185 2184 καὶ
1197 2157 1254 2188 πῶς
1268 2157 1298 2184 οὐ
1312 2155 1426 2191 τηροῦσι
1444 2155 1490 2181 τὸν
1509 2155 1604 2189 νόμον.

211 2201 287 2228 Vers.
310 2202 351 2230 19.
367 2202 471 2235 Quid—
484 2203 646 2238 interﬁrere?
665 2204 733 2231 Cum
745 2205 787 2232 lex
797 2204 885 2232 dicat:
901 2205 961 2232 Non

176 2248 283 2280 occides,
296 2249 360 2283 quid
373 2257 414 2275 me
421 2249 544 2277 occidere
557 2250 684 2282 nitimini,
698 2257 784 2286 neque
797 2251 882 2286 legem
901 2259 959 2278 ser-

178 2299 281 2325 vantes,
298 2302 386 2329 neque
402 2294 492 2322 Mosen
510 2296 597 2328 \‘eriti,
613 2296 658 2330 qui
671 2304 728 2323 eam
746 2296 821 2324 vobis
839 2297 960 2325 tradidit?

178 2339 353 2374 impudentiae
375 2340 509 2375 siquidem
531 2345 582 2374 est,
612 2341 679 2377 legis
703 2344 958 2379 accusare(c)trans-

178 2391 314 2420 gressores
325 2385 375 2412 alia
389 2386 455 2416 levis
471 2387 696 2420 transgressione.

231 2455 252 2471 "
263 2455 343 2483 Joan.
362 2464 389 2488 ν,
409 2456 456 2484 23.
511 2456 532 2472 "
545 2456 639 2484 Matth.
654 2465 720 2490 xvn,
735 2457 761 2485 5.

1051 2205 1126 2232 τι-
1139 2202 1310 2231 ἀποκτεῖναι
1320 2211 1330 2235 ;
1357 2201 1411 2228 Τοῦ
1429 2201 1514 2236 νόμου
1535 2201 1670 2235 λέγοντος,
1686 2199 1728 2227 Οὐ
1743 2209 1805 2234 po-

1013 2251 1144 2284 νεύσεις,
1163 2250 1237 2284 τιμε
1252 2248 1418 2280 σπουδάζετε
1446 2246 1587 2282 φονεῦσαι,
1607 2246 1676 2281 μήτε
1691 2245 1729 2281 (1)
1750 2246 1804 2272 αὖ-

1012 2297 1054 2324 τδκ
1071 2295 1229 2331 τηροῦντες,
1245 2294 1313 2329 μήτε
1322 2293 1368 2320 τὸν
1382 2292 1498 2320 Μωῢσὲα
1510 2291 1680 2326 αἰδούμενοι,
1696 2290 1743 2317 τὸν
1754 2290 1804 2316 δε-

1013 2343 1118 2370 δωκότα
1138 2342 1201 2376 ὑμῖν
1216 2341 1300 2368 αὐτόν
1313 2348 1321 2373 ;
1336 2339 1443 2370 ἀναιδὲς
1458 2338 1513 2374 γὰρ
1522 2338 1586 2370 τοὺς
1619 2336 1804 2372 παρανόμους

1014 2387 1140 2423 ἐγκαλεῖν
1151 2386 1236 2421 ἑτέρῳ
1253 2383 1438 2421 παρανομίαν.

819 2458 841 2473 ³⁸
856 2457 934 2485 Joan.
949 2466 974 2489 ν,
992 2457 1035 2484 18.

756 2525 854 2555 Variae
877 2524 1028 2555 lectiones
1051 2527 1081 2555 et
1102 2527 1198 2554 notae.

213 2589 268 2624 (95)
283 2588 434 2616 llentenius
448 2592 511 2615 ante
527 2587 584 2619 πῶς
604 2587 753 2622 interponit
766 2587 829 2621 ὅρα,
844 2594 897 2621 quo
916 2592 955 2613 ta-

178 2633 239 2653 men
251 2632 306 2651 non
318 2629 358 2651 est
373 2631 452 2658 opus.

213 2660 268 2692 (94)
286 2659 429 2693 Ηύδὸκησα
443 2658 475 2685 Δ.

213 2695 269 2727 ι95)
288 2694 404 2728 ’γψηλόν
419 2694 451 2720 Α.

214 2731 268 2765 (96)
284 2727 363 2757 Οὗτοι
375 2729 450 2756 abest
465 2728 496 2754 Α.

1045 2587 1100 2618 (97)
1116 2586 1198 2613 Αὐτοὶ
1211 2585 1288 2613 abest
1304 2584 1337 2612 Α.

1046 2623 1101 2655 (98)
1117 2621 1233 2648 Διέδωκε
1255 2621 1288 2646 Α.

1047 2656 1101 2691 (99)
1121 2656 1240 2682 Δέδωχεν
1269 2655 1302 2682 Α.

1049 2692 1084 2726 (ι)
1114 2691 1165 2717 ἰ’δν
1183 2691 1276 2726 νόμον.

216 2807 249 2840 (υ)
266 2806 341 2842 ιεμξδ
367 2815 503 2837 accusare,
519 2810 573 2833 etc.
592 2806 656 2839 Eos,
684 2805 728 2841 qui
748 2806 820 2841 leges
850 2803 960 2838 violant,
977 2803 1058 2831 alium
1071 2811 1210 2836 accusare,
1225 2801 1309 2837 utqui
1324 2801 1396 2837 leges
1416 2799 1533 2828 violarit.
