1919 3076
97 184 169 219 1273

561 191 755 224 COMMENT.
784 193 827 225 IN
855 169 1044 230 ΙόΑΝΝΕΜ.
1063 212 1099 218 -·
1122 201 1200 233 CAP.
1222 204 1287 235 VII.

1660 206 1727 240 1274

130 241 206 276 Ἐγὼ
225 257 257 263 -
273 243 342 278 ειμι.
358 243 430 271 Διότι
450 244 479 277 ἐξ
490 245 574 272 αὑτοῦ
592 247 662 282 εἶμι,
680 247 710 279 ἐξ
731 247 815 275 αὐτοῦ
837 258 885 283 γε-

971 253 1050 282 Vers.
1076 256 1122 283 29.
1148 257 1323 293 Ego—sim.
1356 261 1423 295 Qnia
1448 271 1480 290 cx
1505 263 1563 299 ipso
1591 271 1664 295 sum.
1692 273 1726 292 cx

92 287 241 323 γέννημαι.
259 289 312 315 Καὶ
328 289 415 317 ὀπίσω
434 290 460 317 δὲ
481 292 603 326 εἴρηκεν,
619 293 674 328 Οὐχ
687 292 732 320 ὅτι
749 293 804 321 τὸν
824 296 883 322 Πα-

91 333 165 366 τέρα
180 341 224 366 τις
234 333 373 368 ἑώρακεν,
388 336 414 362 ει
421 335 463 370 μὴ
477 337 493 363 ὁ
505 336 547 362 ὢν
557 337 636 372 παρὰ
645 338 698 365 τοῦ
715 339 800 367 Θεοῦ.

130 425 271 457 Κάκεῖνός
285 434 323 459 με
333 426 503 454 ἀπέστειλε.
517 429 640 464 Συνεχῶς
650 429 724 464 λέγει
745 432 809 466 περὶ
829 432 881 467 τῆς

90 471 255 504 ἀποστολῆς,
290 472 454 508 βουλόμενος
479 476 572 501 πεῖσαι
602 476 702 508 αὐτοὺς
717 476 758 503 ὃτι
784 477 816 504 ὲκ
833 478 881 504 τοῦ

89 516 161 543 Θεοῦ
177 517 358 551 ἀπέσταλται,
377 520 423 546 καὶ
451 520 501 547 οὐκ
522 520 595 547 ἐστιν
617 522 739 554 ἀντίθεος
759 522 798 554 ὡς
814 532 884 558 προι-

90 562 222 594 λαῆόντες
237 565 398 600 εἰρήκαμεν.
418 566 493 601 ’Ἅμα
506 567 533 593 δὲ
545 568 592 593 καὶ
607 568 647 599 εις
658 559 814 604 ’θεραπείαν
826 569 881 596 τῶν

90 610 320 644 προσισταμένων
335 611 424 642 αὐτοῖς
439 611 601 648 θεοπρεπῶν
616 614 748 648 ῥημάτων
759 614 777 641 ἃ
796 623 881 648 παρε-

91 654 190 689 μίγνυε
209 655 336 688 πολλάκις
351 658 405 689 τοῖς
420 658 600 694 ἀνθρωποπρε
607 660 683 686 πέσιν
701 661 793 688 αὐτοῦ.

129 701 269 735 Ἐζήτουν
285 718 318 723 ——-
330 703 448 731 πιάσαι.
474 705 649 741 Ἑπλήγησαν
665 706 720 742 γὰρ
745 707 881 735 ἀκούσαν-

85 756 136 780 τας
152 749 191 775 ὅτι
209 749 263 775 Ὃν
282 750 367 784 ὑμεῖς
381 751 437 777 οὐκ
447 751 557 780 οἴδατε.

127 840 181 867 Kal
194 855 228 860 —
248 841 353 876 κεῖραι
369 842 526 878 Ἐπείχοντο
542 844 596 879 γὰρ
620 844 742 879 ἀοράτως
761 846 813 873 ὑπὸ
828 847 878 882 τῆς

89 885 206 921 ἐνούσης
222 887 260 922 (9)
276 887 350 922 αὑτῷ
368 888 442 920 θείας
454 889 607 925 δυνάμεως.

125 931 234 958 ὀτι-
247 932 350 961 αὐτοῦ.
375 933 408 960 Ἣ
427 934 475 961 τοῦ
502 935 691 971 συλληφθῆναι
713 938 761 964 καὶ
779 937 876 964 παθεῖν

87 977 183 1004 αὐτόν.

124 1024 237 1052 Πολλοὶ
251 1039 285 1045 ——
296 1026 400 1053 αὐτόν.
419 1025 488 1053 Ύπό
502 1035 531 1053 τε
546 1027 600 1054 τῶν
617 1028 812 1063 προλαϐόντων
825 1039 873 1066 ση-

87 1070 185 1106 μείων,
205 1071 258 1097 ὑπό
269 1079 298 1098 τε
311 1071 366 1098 τῶν
379 1072 442 1107 ἄρτι
458 1073 596 1108 ῥηθέντων
604 1074 693 1109 λόγων
708 1075 873 1110 ἐαλωκὸτες.

121 1117 175 1144 Kal
202 1133 237 1138 —
261 1117 425 1152 ἐποίησεν;
439 1120 470 1146 El
497 1121 542 1146 ml
556 1120 733 1154 ἐπίστευσαν,
752 1123 810 1149 ἀλλ’
827 1124 876 1159 οὐχ

84 1161 181 1197 ὑγιῶς.
197 1163 327 1195 Εῑπὸντες
353 1164 405 1199 γὰρ
430 1165 471 1192 ὅτι
490 1165 521 1192 '0
536 1167 663 1200 Χριστὸς
691 1168 765 1195 ὅταν
782 1168 874 1204 ἔλθῃ,

83 1209 190 1242 ἔδειξαν
203 1210 244 1237 ὅτι
257 1210 306 1236 οὐκ
319 1211 482 1238 ἐπίστευσαν
498 1212 617 1247 βεὸαίως
631 1214 713 1240 αὑτὸν
733 1212 805 1241 εἶναι
828 1215 874 1242 τὸν

83 1253 215 1290 Χριστὸν,
235 1255 293 1282 ἀλλ’
310 1256 481 1291 ἀμφιϐόλως,
499 1257 537 1290 ὡς
551 1258 674 1292 ἀγελαῖοι
697 1260 745 1287 καὶ
764 1261 873 1295 κοῦφοι.

122 1345 157 1373 Ἢ
174 1347 220 1373 καὶ
231 1346 293 1373 καθ’
308 1347 436 1374 ὑπόθεσιν
450 1348 530 1375 τοῦτο
538 1347 626 1382 εἷπον,
644 1350 685 1376 ὅτι
698 1350 803 1386 Θῶμεν,
814 1352 874 1379 ἓτε-

84 1401 134 1428 ρον
150 1391 220 1420 εῐναι
235 1393 280 1420 τὸν
296 1395 425 1430 Χριστὸν,
443 1395 481 1427 ὡς
501 1396 525 1422 οι
545 1395 676 1431 ἄρχοντες
686 1397 812 1432 λέγουσιν
823 1406 830 1413 ·
859 1400 874 1426 ὁ

83 1439 203 1474 Χριστὸς
216 1439 245 1466 ὂν
261 1440 338 1466 αὐτοί
360 1449 455 1474 φασιν,
469 1441 534 1468 ὅταν
552 1441 628 1479 ἔλθῃ,
647 1443 685 1478 μή
703 1452 731 1470 τι
752 1444 874 1471 δυνατώ-

81 1494 162 1521 τερος
177 1486 253 1513 ἔσται
271 1486 368 1514 τούτου
381 1496 388 1520 ;
401 1487 473 1523 οὐχί.

937 299 998 334 ipso
1019 305 1099 328 natus
1126 311 1198 332 sum.
1228 304 1295 332 Nam
1315 311 1341 334 et
1367 307 1395 334 in
1419 310 1608 343 superioribus
1629 310 1696 337 dixit
1717 320 1724 338 :

935 345 995 372 Non
1010 348 1079 379 quod
1095 348 1203 376 Patrem
1220 351 1354 387 quispiam
1367 354 1468 386 uiderit,
1486 355 1538 382 nisi
1549 356 1571 382 is
1584 356 1630 390 qui
1643 365 1659 382 a
1671 356 1726 383 Deo

934 397 972 419 est
989 391 1022 420 ⁸³.
1734 406 1740 425 ι

970 439 1048 466 Vers.
1062 439 1107 467 29.
1126 440 1161 467 Et
1175 441 1221 468 ille
1237 452 1277 470 me
1295 445 1374 472 misit.
1391 445 1526 474 Continuo
1540 447 1574 474 de
1593 426 1739 475 missionel

934 485 1064 520 loquitur,
1098 487 1192 515 volens
1218 489 1270 517 illis
1301 491 1475 525 persuadere,
1503 492 1576 527 quod
1613 501 1628 520 a
1669 493 1724 521 Deo

932 532 1034 561 missus
1049 538 1132 566 esset,
1147 542 1199 563 nec
1216 536 1270 563 Deo
1287 536 1441 564 contrarius
1456 542 1538 570 esset,
1557 538 1628 566 sicut
1642 543 1723 567 antea

933 579 1073 613 diximus;
1092 582 1173 609 simul
1188 583 1268 609 etiam
1285 583 1318 610 ad
1340 583 1504 610 medendum
1519 583 1618 612 divinis
1633 585 1724 612 verbis

932 626 1030 660 quibus
1047 626 1106 654 illos
1123 627 1286 660 ollenderat,
1304 636 1363 663 quae
1383 628 1541 664 frequenter
1555 628 1646 657 verbis
1671 629 1724 657 hu-

931 679 1013 699 mano
1031 679 1107 699 more
1121 672 1200 699 dictis
1216 674 1408 707 permiscebat.

969 718 1045 745 Vers.
1073 719 1125 747 50.
1163 718 1322 752 Qua’rebant
1353 735 1388 739 —
1413 720 1617 754 apprehendere.
1653 718 1721 747 Nam

930 772 1001 800 agre
1026 767 1169 794 audierant
1196 766 1330 793 dicentem
1358 775 1365 794 :
1397 765 1480 798 Quem
1506 774 1550 793 vos
1588 774 1640 793 non
1673 773 1721 792 no-

931 811 1015 837 vistis.

966 856 1092 884 Vers.50.
1108 856 1141 884 Et
1157 872 1190 876 -
1202 864 1321 883 manum.
1342 855 1517 883 Tenebantur
1536 855 1671 890 siquidem
1688 855 1722 882 ab

931 902 1006 928 unita
1029 901 1078 936 ipsi
1103 902 1194 929 divina
1211 902 1320 928 virtute.

964 947 1047 974 Vcrs.
1080 948 1132 975 50.
1163 946 1232 980 Quia
1255 963 1290 967 —
1309 947 1378 982 ejus.
1405 945 1464 979 Qua
1493 945 1581 974 teneri
1606 954 1638 974 ac
1666 947 1722 982 pali

929 993 1098 1022 decreverat.

965 1039 1042 1067 Vers.
1060 1040 1105 1066 3|.
1125 1038 1346 1066 Multi—illum.
1369 1038 1389 1064 A
1405 1037 1542 1072 przcdictis
1567 1037 1664 1074 signis,
1692 1042 1720 1065 et

929 1094 942 1113 a
958 1085 1132 1113 sermonibus
1147 1085 1228 1112 modo
1247 1084 1326 1112 dictis
1343 1084 1424 1118 capti.

963 1130 1040 1158 νει-ε.
1062 1131 1106 1158 51.
1127 1130 1208 1157 Et—
1223 1131 1300 1165 fecit?
1322 1129 1505 1157 Crediderunt
1518 1129 1640 1163 quidem,
1664 1136 1717 1155 non

927 1181 1016 1204 tamen
1048 1177 1168 1212 perfecte
1192 1185 1295 1203 :-nam
1333 1175 1454 1202 dicentes
1478 1183 1485 1201 :
1515 1175 1632 1202 Christus
1659 1183 1718 1201 cum

927 1223 1035 1254 uenerit,
1062 1223 1243 1250 ostendebant
1275 1230 1304 1249 se
1329 1229 1384 1249 non
1415 1221 1530 1248 lirmiter
1557 1221 1716 1252 credidisse,

926 1277 988 1296 eum
1006 1277 1066 1297 esse
1089 1269 1239 1300 Christum.
1263 1269 1310 1297 sed
1335 1268 1417 1296 dubio
1435 1267 1528 1300 modo,
1552 1271 1648 1303 utpote
1668 1267 1718 1294 ab-

925 1315 988 1352 jecti
1006 1320 1034 1342 et
1047 1315 1130 1343 leves.

962 1362 1016 1388 Aut
1045 1361 1071 1388 id
1100 1369 1135 1388 ex
1163 1360 1352 1395 suppositione
1387 1361 1515 1387 dixerunt
1542 1367 1549 1386 :
1579 1359 1717 1386 Ponamus

925 1408 1097 1444 postmodum
1114 1412 1257 1435 venturum
1273 1415 1334 1434 esse
1355 1407 1507 1438 Christum,
1522 1406 1604 1433 veluti
1622 1405 1717 1433 dicunt

925 1453 1061 1488 principes
1088 1453 1261 1480 sacerdotum
1289 1451 1443 1480 :Christus
1466 1452 1520 1484 illc,
1548 1459 1629 1486 quem
1663 1450 1715 1485 ipsi

925 1499 1031 1531 dicunt,
1044 1506 1105 1526 cum
1123 1499 1241 1530 venerit,
1264 1506 1330 1525 num
1356 1498 1407 1525 hoc
1427 1497 1512 1533 magis
1537 1496 1714 1524 admirandus

925 1544 996 1572 erit?
1011 1551 1193 1579 nequaquam.

122 1570 280 1597 Ἤκουσαν
295 1584 329 1590 —
340 1569 443 1597 ταῦτα.
473 1571 614 1598 Ἤκουσαν
633 1573 661 1598 ὲν
679 1573 761 1609 ἑτέρᾳ
779 1575 873 1611 ἡμέρᾳ

961 1589 1039 1617 Vers.
1055 1569 1267 1617 $2.1Audierunt
1283 1603 1316 1609 —
1331 1589 1395 1616 hac.
1421 1589 1575 1616 Audicrunt
1589 1586 1714 1622 sequenti

82 1615 217 1651 δηλονότι.
235 1614 418 1650 Γογγύζοντος
434 1616 474 1649 δὲ,
496 1617 580 1652 ἤγουν
604 1618 652 1644 σὺν
668 1621 820 1656 γογγυσμῷ
835 1621 873 1657 τῷ

84 1661 156 1688 κατὰ
172 1662 226 1688 τῶν
242 1662 380 1697 ἀρχόντων
395 1661 533 1695 λέγοντος.

120 1708 175 1734 Kal
190 1723 225 1728 —
241 1708 346 1736 αὐτόν.
367 1709 412 1740 Ὠς
428 1709 614 1744 ἀποσχιζοντα
625 1710 670 1737 τὸν
680 1711 755 1738 λαόν.
779 1712 811 1738 Ὢ
823 1712 874 1747 τῆς

87 1753 196 1789 μανίας,
228 1754 329 1790 μᾶλλον
360 1755 389 1782 δὲ
414 1755 464 1790 τῆς
495 1755 604 1788 ἁνοὶαςὶ
632 1757 712 1784 Αὐτοὶ
741 1757 873 1790 πολλάκις

89 1800 318 1836 ἐπιχειρήσαντες
332 1802 380 1828 καὶ
395 1801 446 1828 οὐκ
462 1802 623 1838 ἰσχύσαντες
642 1804 700 1834 τοῖς
718 1803 873 1838 ὑπηρέταις

84 1845 115 1872 τδ
129 1847 245 1882 πρᾶγμα
268 1847 436 1882 ἐπέτρεψαν,
460 1848 506 1874 τόν
527 1857 558 1875 τε
579 1849 665 1884 θυμὸν
692 1850 874 1885 παραμυθού-

87 1900 173 1927 μενοι,
188 1893 234 1919 καὶ
259 1893 307 1927 τὴν
329 1893 473 1920 ἀσθένειαν
491 1894 597 1921 ἑαυτῶν
623 1895 871 1929 συγκαλύπτοντες.

119 1983 214 2013 Εἶπεν
228 2001 260 2006 —
273 1987 341 2021 ειμι.
357 1987 457 2021 Ἔλεγε
473 1987 523 2022 μὲν
545 1988 614 2023 πρὸς
629 1989 658 2016 τὸ
668 1989 783 2025 πλῆθος,
798 1991 871 2018 ἀπε-

85 2033 187 2060 τείνετο
214 2033 242 2060 at
262 2033 330 2069 πρὸς
354 2033 418 2066 τοὺς
443 2035 662 2068 ἀποστείλαντας
690 2037 754 2069 τοὺς
769 2038 872 2074 ὑπηρέ-

85 2087 144 2111 τας,
160 2080 356 2114 Δυσωπητικδν
368 2080 397 2106 δὲ
410 2080 441 2107 τδ
456 2081 533 2116 ῥῆμα
545 2081 614 2116 πρὸς
631 2082 807 2119 καταστολὴν
820 2085 871 2119 τῆς

86 2125 184 2161 μανίας
211 2125 323 2152 αὐτῶν⁸
346 2126 411 2153 Ἔτι
433 2127 544 2162 μικρὸν
569 2128 682 2162 χρόνον
703 2130 767 2163 μεθ’
789 2130 872 2164 ὑμῶν

82 2172 152 2207 ειμι,
170 2172 217 2198 τὸν
241 2171 305 2208 ἄχρι
333 2171 379 2198 τοῦ
405 2173 501 2208 Πάσχα
532 2172 620 2208 δηλῶν
636 2181 645 2190 ο
669 2173 763 2202 τοῦτον
792 2176 872 2203 μόνον

82 2218 257 2254 ἀναμείνατε.

117 2266 172 2294 Kal
187 2281 223 2286 —
240 2274 291 2301 με.
308 2266 373 2293 Ὅτε
396 2266 544 2302 ἀνειληφθῶ
559 2267 599 2300 εἰς
614 2267 661 2294 τὸν
674 2267 799 2304 οὐρανόν.

119 2358 271 2392 Ζητήσετέ
285 2374 320 2380 —-—
336 2359 493 2394 εὑρήσετε.
517 2359 598 2391 Εἰκὸς
617 2360 672 2396 γὰρ
697 2360 814 2392 πολλοὺς
841 2362 871 2393 ἐξ

84 2403 174 2430 αὐτῶν
193 2405 375 2440 μνημονεύειν
387 2406 482 2439 αὐτοῦ,
502 2407 550 2433 καὶ
564 2406 656 2441 ζητεῖν
667 2407 748 2434 αὑτὸν
760 2407 869 2443 βοηθὸν,

84 2450 130 2478 καὶ
150 2450 251 2484 μᾶλλον
265 2452 453 2487 ἁλισκομένων
470 2452 525 2480 τῶν
559 2452 765 2488 Ἰεροσολύμων.

123 2543 174 2572 Kal
192 2559 228 2564 —
242 2544 352 2572 ἐλθεῖν.
365 2545 451 2572 Ὅπου
466 2545 524 2581 εἰμὶ
537 2547 610 2575 τότε.
625 2546 705 2582 Δηλοϊ
717 2547 746 2574 δὲ
759 2547 809 2583 τὴν
823 2549 870 2576 ἐπὶ

88 2590 135 2617 τοῦ
151 2590 267 2626 οὐρανοῦ
280 2591 309 2617 ὲν
323 2591 398 2626 δεξιᾷ
419 2591 466 2618 τοῦ
484 2592 594 2627 Πατρδς
612 2593 759 2629 καθέδραν.

119 2635 214 2664 Εἶπον
227 2652 262 2656 —
275 2636 392 2670 “(lein
424 2637 546 2665 Ἔπαθόν
567 2647 594 2665 τι
609 2639 677 2673 πρὸς
692 2640 756 2671 τοὺς
772 2641 868 2676 λόγους

86 2682 180 2717 αὐτοῦ,
209 2683 422 2719 δυσωπηθέντες
444 2684 555 2717 αὐτοὺς,
581 2684 629 2711 καὶ
658 2685 770 2720 ζητοῦσι
799 2690 867 2723 πρὸς

137 2773 159 2789 ⁸³
175 2773 252 2801 Joan.
268 2782 305 2808 vl,
317 2775 361 2803 46.

925 1634 1051 1662 videlicet
1071 1635 1124 1662 die.
1151 1634 1365 1662 Murmurantem
1387 1641 1461 1666 vero,
1481 1633 1539 1661 sive
1557 1641 1619 1660 cum
1636 1641 1714 1659 mur-

924 1689 1004 1708 mure
1017 1681 1149 1708 advcrsus
1167 1680 1306 1715 principes
1326 1681 1492 1715 loquentem.

962 1727 1038 1754 \‘ers.
1065 1727 1110 1754 52.
1136 1726 1299 1754 Et—eum.
1330 1725 1471 1760 Tanquam
1497 1729 1714 1752 commoventem

925 1773 1055 1808 populum
1074 1772 1107 1799 ad
1123 1772 1295 1799 seditionem.
1312 1764 1337 1798 0-
1352 1771 1530 1801 dementiam,
1554 1771 1639 1804 magis
1664 1777 1715 1797 au-

926 1824 980 1846 tem
997 1818 1146 1845 insaniam!
1164 1817 1231 1844 Cum
1244 1817 1295 1852 ipsi
1310 1817 1465 1851 frequenter
1483 1820 1644 1848 tentassent,
1662 1823 1714 1843 nec

924 1864 1089 1900 potuissent,
1113 1863 1247 1890 ministris
1276 1870 1332 1889 rem
1364 1862 1587 1890 commiserunt:
1625 1866 1654 1888 ut
1680 1862 1715 1889 de

924 1909 1018 1937 furore
1033 1909 1248 1936 consolationem
1262 1907 1428 1942 acciperent,
1450 1914 1527 1934 suam
1555 1910 1646 1933 autem
1661 1905 1714 1933 im-

925 1955 1100 1983 becillitatem
1127 1955 1310 1982 occultarent.

958 2001 1039 2030 Vers.
1063 2001 1108 2028 53.
1125 2000 1242 2027 Dixit—
1257 2008 1326 2027 sum.
1355 1998 1521 2026 Multitudini
1541 1998 1650 2032 quidem
1670 1998 1712 2024 lo-

924 2048 1088 2084 quebatur:
1116 2047 1278 2075 intendebat
1308 2050 1399 2073 autem
1428 2045 1462 2072 ad
1492 2044 1641 2074 ministros,
1666 2043 1712 2078 qui

923 2095 999 2124 missi
1015 2099 1094 2123 erant
1111 2104 1118 2123 :
1132 2099 1174 2122 est
1193 2095 1268 2122 enim
1291 2092 1452 2128 placationis
1468 2091 1581 2118 verbum
1594 2090 1626 2118 ad
1652 2097 1712 2117 cor-

923 2139 1079 2176 ruptionem
1094 2139 1208 2168 insaniae
1223 2139 1330 2166 illorum
1351 2146 1358 2166 :
1375 2137 1465 2165 Adhuc
1477 2135 1580 2164 modico
1598 2141 1713 2170 tempore

923 2187 1054 2214 vobiscum
1070 2195 1137 2217 sum,
1167 2185 1323 2221 signiﬁcans
1350 2187 1459 2219 tempus
1487 2190 1574 2218 usque
1601 2182 1635 2209 ad
1659 2180 1711 2208 Pa-

924 2231 989 2260 scha
1016 2239 1024 2258 :
1049 2232 1101 2259 hoc
1119 2239 1185 2267 ergo
1200 2230 1287 2258 solum
1302 2233 1468 2264 exspectate.

885 2261 911 2290 D
958 2277 1036 2305 Vers.
1068 2278 1113 2305 55.
1147 2261 1180 2304 Et
1201 2291 1237 2296 —
1258 2284 1309 2304 me.
1348 2261 1417 2302 Cum
1446 2282 1570 2302 assumar
1601 2274 1629 2301 in
1654 2280 1710 2301 οω-

921 2325 989 2352 lum.

958 2368 1036 2397 Vers.
1051 2369 1096 2397 54.
1111 2368 1239 2401 Quazretis
1261 2383 1293 2388 ——
1306 2368 1452 2395 invenietis.
1468 2366 1608 2402 Siquidem
1638 2364 1711 2393 veri-

921 2415 1009 2443 simile
1036 2419 1088 2447 est,
1115 2414 1187 2449 quod
1218 2413 1296 2441 multi
1333 2421 1427 2440 eorum
1466 2412 1599 2439 recordati
1627 2411 1711 2446 ipsius

922 2461 1090 2496 quaesierunt
1117 2468 1178 2487 eum
1210 2459 1410 2492 auxiliatorem,
1440 2463 1468 2485 ot
1496 2458 1614 2484 maxime
1646 2457 1710 2484 dum

924 2507 1112 2542 Hierosolyma
1128 2510 1304 2541 caperentur.

960 2552 1038 2580 Vers.
1054 2554 1098 2580 54.
1121 2552 1155 2579 Et
1170 2567 1204 2572 -——
1216 2554 1313 2579 venire.
1332 2551 1379 2578 Ubi
1394 2555 1459 2577 tunc
1484 2557 1542 2577 ero.
1570 2547 1710 2583 Signiﬁcat

922 2604 1012 2626 autem
1031 2599 1179 2627 sessionem
1201 2599 1235 2626 ad
1249 2599 1387 2625 dexteram
1401 2596 1500 2623 Patris.

958 2645 1035 2673 Vers.
1066 2644 1110 2672 55.
1139 2644 1267 2672 Dixerunt
1293 2659 1327 2663 —
1350 2642 1428 2670 Vers.
1451 2641 1495 2669 56.
1528 2640 1635 2667 venire?
1664 2639 1710 2666 Al-

922 2690 984 2718 fecti
1007 2690 1208 2726 quodammodo
1226 2694 1288 2717 sunt
1310 2690 1343 2717 ad
1359 2696 1503 2716 sermones
1517 2687 1586 2723 ejus,
1611 2686 1709 2722 quibus

662 2820 761 2852 Varioa
776 2820 929 2853 lectiones
952 2825 982 2853 et
1005 2825 1100 2853 notae.

121 2906 157 2942 (9)
198 2905 325 2940 Ἐνςύσης
340 2906 373 2935 Α.
396 2906 460 2934 Tale
481 2907 545 2942 quid
584 2908 691 2936 videtur
719 2909 853 2945 reperisse
869 2909 886 2937 ll

938 2909 1032 2956 cuius.
1051 2909 1103 2938 Sed
1125 2909 1164 2938 ita
1179 2909 1370 2945 corrigendum
1391 2915 1464 2939 esset
1477 2911 1635 2947 ἑνωοεισης.
