1919 3076
217 172 287 203 12⁸19

215 274 325 303 invidiae
339 275 515 302 dementiam.
532 273 599 301 Nam
613 281 675 302 cum
689 273 858 308 interrogare
870 272 1007 307 oportuiso

216 325 268 354 set,
287 329 318 348 ac
330 321 436 348 discere
453 320 517 355 quid
534 320 643 347 locutus
655 324 740 352 esset,
752 319 803 354 ipsi
821 319 890 346 nihil
908 319 1006 346 horum

216 367 418 403 praestolamur,
440 366 488 394 sed
508 366 600 393 statim
619 366 658 393 eis
681 366 838 398 adulantur,
863 369 1008 400 parcentes

216 414 300 440 etiam
326 415 355 438 et
380 419 435 438 non
460 412 579 439 austeris
605 412 698 439 verbis
724 416 855 444 utentes;
876 411 1008 439 timebant

216 457 288 485 enim
306 465 338 484 ne
351 457 471 490 perfecte
489 457 526 484 illi
544 457 729 485 adhaarerent.

255 502 332 529 Vers.
357 502 401 529 48.
430 502 502 529 Num
525 503 582 538 quis
602 517 638 522 —
659 502 734 530 Vers.
755 502 798 530 £9.
820 502 911 537 legem.
936 501 1008 535 Quin

218 548 276 576 luec
287 548 374 583 major
393 553 436 575 est
450 548 535 576 vestri
544 549 693 579 accusatio,
703 548 776 583 quod
789 549 865 576 turba
879 549 1008 581 credidit,

216 601 266 621 vos
281 599 371 621 autem
388 602 442 621 non
459 594 625 622 credidistis.
641 594 743 629 Legem
762 603 827 622 vero
847 595 1009 630 simpliciter

217 639 365 673 appellant,
383 644 468 666 totam
484 647 591 666 sacram
605 639 787 675 Scripturam.

256 684 333 712 Vers.
351 685 395 712 49.
415 685 580 712 Exsecrandi
602 691 674 712 sunt.
692 685 775 721 Atqui
788 686 832 713 lex
849 686 911 713 illos
928 693 1009 713 exse-

218 736 320 765 cratur,
332 732 378 766 qui
393 731 479 767 legem
492 736 672 759 contemnunt
684 741 691 765 ;
705 740 755 760 vos
765 740 829 768 ergo
838 733 1008 764 exsecrandi,

218 777 265 811 qui
287 777 375 813 legem
399 777 599 810 contemnitis;
628 777 666 804 illi
680 785 746 805 vero
774 777 861 812 legem
886 782 1010 809 servant,

219 822 364 850 credentes
392 822 422 849 in
441 829 526 854 eum;
548 821 627 856 jubet
642 829 761 857 namque
779 821 823 848 lex
844 821 956 849 credere
981 822 1009 849 in

220 868 317 894 Deum.

256 913 335 941 Vers.
354 913 399 941 50.
416 914 506 941 Ait—
517 914 596 942 Vers.
612 914 656 941 51.
673 913 755 948 faciat
769 914 782 940 ?
800 913 911 941 Addidit
925 920 1009 940 evan-

219 961 325 996 gelista,
349 960 418 988 Cum
431 966 506 988 esset
519 969 590 989 unus
604 961 639 989 de
656 968 770 988 numero
785 968 894 992 eorum,
915 965 1009 987 osten-

221 1006 300 1038 dens,
316 1006 388 1041 quod
398 1007 480 1034 etiam
490 1007 599 1041 quidam
611 1014 626 1034 e
640 1006 810 1042 principibus
823 1005 1010 1036 crediderant,

221 1052 284 1079 licet
298 1052 349 1087 ipsi
366 1052 502 1086 dicerent,
516 1053 621 1080 nullum
631 1060 664 1081 es
677 1053 849 1088 principibus
861 1051 1012 1079 credidisse

221 1097 249 1125 in
265 1099 366 1133 ipsum.
387 1099 483 1134 Arguit
501 1107 566 1134 ergo
582 1107 630 1126 eos
644 1098 823 1131 Nicodamus,
849 1098 924 1132 quod
945 1098 1012 1134 legis

222 1148 315 1171 essent
326 1149 553 1180 transgressores,
578 1145 684 1173 occulte
701 1150 792 1172 tamen
802 1150 829 1172 et
845 1145 940 1180 paucis
951 1152 1013 1172 ver-

222 1189 278 1217 bis:
288 1190 408 1218 uondum
416 1193 487 1218 enim
495 1191 705 1220 convenientem
713 1192 828 1227 adeptus
834 1197 893 1219 crat
900 1192 1015 1226 loquen-

222 1237 250 1263 di
263 1236 425 1264 libcrtatem.
438 1237 505 1264 Nam
518 1238 540 1264 si
553 1245 608 1265 non
619 1237 788 1265 condemnat
799 1238 840 1264 lex
853 1236 1013 1272 priusquam

222 1283 315 1310 audiat
329 1287 357 1310 et
371 1289 529 1318 cognoscat,
548 1284 599 1319 ipsi
615 1292 680 1311 vero
696 1283 920 1311 condemnabam
946 1290 1012 1309 eum

223 1335 369 1364 antequam
384 1330 526 1357 audissent
551 1334 579 1357 et
596 1330 799 1365 cognovissent,
817 1330 902 1365 legem
917 1329 1013 1365 utique

225 1377 509 1412 transgrediebantur.

263 1421 338 1448 Vers.
358 1422 401 1450 5'2.
427 1422 623 1456 Responderunt
640 1438 672 1443 —
686 1431 713 1450 es
728 1423 740 1450 ?
760 1422 829 1450 Num
856 1423 917 1450 ideo
931 1423 969 1450 illi
985 1431 1015 1450 es

223 1468 334 1500 auxilio,
347 1469 418 1503 quod
433 1469 556 1504 ejusdem
574 1469 611 1496 sis
627 1469 744 1503 regionis
760 1475 788 1496 et
802 1470 920 1504 patriae?
935 1469 1014 1503 Vide,

224 1521 305 1548 quam
320 1522 416 1548 aspere
431 1522 463 1541 ac
478 1515 606 1542 ferociter
619 1516 826 1550 respondeant?

263 1559 338 1587 Vers.
358 1559 401 1587 52.
419 1559 547 1588 Scrutare
557 1576 592 1581 -
603 1562 759 1588 surrexerit.
779 1560 850 1588 Sane
863 1561 941 1588 illum
956 1561 1016 1589 sine
1030 1557 1051 1585 (ἶ

226 1604 400 1632 discussione
426 1606 612 1633 condemnare
637 1614 693 1633 non
709 1607 865 1641 oportebat,
892 1607 931 1634 illi
954 1615 1019 1634 vero

226 1651 361 1685 injuriose
384 1652 480 1679 dicunt
497 1662 505 1680 :
528 1652 667 1688 Interroga
684 1657 712 1680 et
726 1653 812 1684 disce,
831 1661 921 1689 neque
946 1655 1018 1681 enim

227 1698 299 1725 nosti
322 1697 489 1732 Scripturas.
518 1698 617 1726 Verum
641 1700 663 1726 si
690 1707 737 1726 eas
758 1707 812 1726 non
842 1700 928 1732 novit,
945 1708 1015 1736 quo-

228 1743 308 1770 modo
323 1751 370 1771 vos
391 1744 424 1770 de
440 1744 506 1779 legis
518 1746 733 1780 transgressione
743 1746 830 1781 arguit
845 1746 856 1773 ?

265 1836 340 1864 Scire
365 1841 455 1864 autem
475 1842 593 1872 oportet,
610 1838 682 1873 quod
706 1846 738 1865 ea
758 1846 820 1874 qua:
840 1840 874 1866 ab
891 1839 944 1867 hoc
960 1839 1020 1867 loco

230 1882 365 1909 habentur
383 1890 468 1916 usque
485 1883 517 1910 ad
530 1891 605 1916 eum,
621 1891 676 1918 quo
689 1884 808 1912 dicitur:
832 1885 933 1912 Iterum
959 1893 1020 1920 ergo

231 1929 331 1955 locutus
345 1933 381 1955 es!
395 1928 447 1955 illis
459 1928 534 1956 Jews
548 1929 656 1957 dicens:
670 1930 728 1965 Ego
739 1939 798 1957 sum
811 1930 858 1958 lux
871 1931 963 1958 mundi
976 1931 999 1947 ⁸⁷
1011 1941 1018 1958 :

232 1973 261 2001 in
275 1973 457 2001 exactioribus
466 1975 679 2013 exemplaribus,
694 1979 741 2002 aut
758 1983 814 2002 non
829 1975 1018 2008 inveniuntur,

232 2023 280 2046 aut
290 2020 369 2047 obelo
385 2020 511 2047 confossa
524 2024 599 2052 sunt,
616 2028 648 2048 eo
665 2021 739 2055 quod
756 2021 895 2056 illegitima
907 2021 1021 2048 videan-

233 2072 278 2093 tur
292 2071 319 2093 et
328 2066 429 2093 addita.
444 2066 475 2093 Et
486 2067 569 2101 hujus
580 2073 773 2102 argumentum
784 2072 827 2094 est
842 2067 914 2102 quod
926 2075 1020 2095 eorum

233 2112 444 2148 Chrysostomus
462 2113 565 2140 nullam
584 2114 696 2140 omnino
709 2113 950 2141 fecitmeutionem
966 2114 998 2148 (f)
1013 2122 1020 2140 :

233 2159 313 2187 nobis
332 2164 422 2187 tamen
440 2160 476 2194 (g)
492 2161 600 2186 animus
616 2164 658 2187 est
680 2160 764 2186 etiam
790 2160 848 2188 inec
870 2159 1020 2193 declarare,

234 2206 306 2241 quod
330 2206 446 2232 utilitate
467 2213 521 2232 non
547 2210 670 2238 careant,
689 2206 758 2233 sicut
776 2211 804 2233 et
816 2210 898 2241 caput
914 2206 947 2233 de
961 2214 1022 2232 mu-

236 2253 303 2279 liere
329 2252 357 2279 in
385 2252 518 2279 adulterio
549 2253 730 2288 deprehensa,
759 2252 833 2287 quod
862 2252 934 2279 inter
962 2251 1021 2278 haec

236 2298 359 2334 ponitur.

288 2370 311 2386 ⁸⁷
327 2369 409 2397 Joan.
424 2377 482 2402 vul,
500 2370 542 2397 1‘2.

833 169 936 198 EUTH
942 169 991 199 YM
997 168 1027 198 II
1046 166 1225 198 ZlGABENI

252 230 329 257 Vers.
358 229 402 257 47.
433 228 632 262 Responderunt
652 242 687 248 —
709 227 809 254 seducti
827 227 915 254 estis?
940 226 1008 254 Vide
1021 227 1045 256 A

1095 225 1318 259 Ἀπεκρίθησαν
1346 238 1380 243 —
1405 221 1624 255 ﬂammatis;
1651 222 1724 256 Ὅρα.
1748 222 1868 256 φθόνου

1061 273 1170 309 μανίαν.
1197 272 1262 299 Δέον
1278 272 1333 307 γὰρ
1357 271 1495 306 ἐρωτῆσαι
1524 270 1571 297 καὶ
1587 269 1681 304 μαθεῖν
1697 269 1725 295 τι
1748 269 1869 304 ἐλάλη-

1060 329 1124 353 σεν,
1149 320 1174 346 οι
1194 319 1222 345 δὲ
1245 318 1295 345 οὐκ
1317 317 1472 352 ἠνέσχοντο,
1484 316 1541 344 ἀλλ’
1556 315 1636 346 εὐθὺς
1649 315 1868 342 κολακεύουσι-ι

1059 367 1158 397 αὐτοὺς
1175 365 1216 391 ἔτι
1235 363 1400 398 φειδόμενοι,
1426 362 1474 389 καὶ
1500 362 1551 388 οὐκ
1566 361 1702 396 αὑστηρῖᾳ
1715 360 1869 396 χρῶνται.

1059 410 1211 442 δεδοικότες
1228 408 1266 445 μὴ
1285 408 1378 435 τέλεον
1395 407 1469 443 αὐτῷ
1485 406 1667 442 προστεθῶσι.

1096 495 1145 528 Μή
1181 503 1227 527 τις
1251 508 1286 514 ——
1306 493 1412 528 νόμον.
1429 492 1503 526 Αὕτη
1521 491 1622 526 μᾶλλον
1637 492 1654 525 ἡ
1685 490 1796 523 μείζων
1809 500 1864 518 κα-

1059 542 1178 578 τηγορία
1193 541 1282 576 ὑμῶν,
1310 540 1351 567 ὃτι
1369 540 1383 566 ὁ
1404 539 1452 574 μὲν
1474 538 1551 573 ὔχλος
1567 537 1729 563 ἐπίστευσεν
1741 557 1749 568 ,
1777 537 1863 571 ὑμεῖς

1060 589 1089 616 δὲ
1108 588 1293 624 ὴπιστήκατε.
1310 585 1401 620 Νόμου
1415 584 1443 611 δὲ
1462 583 1580 610 ἐνταῦθα
1594 583 1703 617 λέγουσι
1719 582 1775 618 τὴν
1792 583 1861 617 ὃλην

1060 634 1172 669 Γραφὴν
1191 632 1294 663 ἅπλῶς.

1105 678 1332 713 Ἐπικατάρατοι
1345 677 1417 704 εισι.
1431 676 1486 703 Καὶ
1495 675 1547 711 μὴν
1555 676 1570 702 ό
1582 674 1664 710 νόμος
1681 675 1805 708 ἐπικατη
1811 673 1858 709 pi-

1063 735 1127 753 σατο
1154 726 1210 756 τοῖς
1225 723 1354 751 ἀθετοῦσι
1368 723 1415 749 τὸν
1427 722 1527 757 νόμονι
1553 722 1633 756 ὑμεῖς
1648 719 1696 747 οὖν
1714 720 1856 746 ἐπικατά-

1063 781 1141 808 ρατοι
1155 772 1179 798 ol
1192 770 1354 801 ἀθετοῦντες
1380 769 1428 795 τὸν
1450 768 1532 803 νόμον
1546 776 1554 783 ο
1573 768 1672 794 ἐκεῖνοι
1690 766 1720 793 δὲ
1735 766 1857 802 τηροῦσι.

1060 817 1107 844 τὸν
1123 817 1205 851 νόμον
1217 814 1392 844 πιστεύοντες
1407 814 1445 845 εἰς
1460 812 1542 840 αὐτόν
1557 820 1564 829 ·
1582 812 1690 839 κελεύει
1704 811 1762 847 γὰρ
1781 812 1797 838 ὁ
1813 812 1857 838 v6-

1065 873 1114 900 μο;
1131 862 1270 890 πιστεύειν
1285 862 1324 892 et;
1339 860 1384 887 τὸν
1400 859 1478 886 Θεόν.

1097 911 1184 945 Λέγει
1201 924 1237 931 --
1251 907 1349 939 ﬂoret;
1366 906 1403 933 Τὸ
1416 903 1469 938 Εἷς
1484 904 1527 932 ὢν
1539 904 1575 937 ἐξ
1590 904 1690 932 αὐτῶν
1713 903 1862 939 προσέθη-

1062 966 1111 985 κεν
1123 957 1138 982 6
1151 953 1360 989 εὐαγγελιστὴς,
1385 952 1494 983 δεικνὺς
1519 952 1560 978 ὅτι
1573 951 1620 978 και
1638 959 1708 982 τινες
1727 950 1786 976 τῶν
1806 950 1862 985 ἁρ-

1062 1003 1164 1038 χόντων
1190 1001 1364 1030 ἐπίστευσαν,
1382 998 1407 1024 ει
1423 997 1469 1024 καὶ
1485 997 1562 1023 αὐτοὶ
1592 994 1669 1022 εἷπον
1691 996 1732 1021 ὅτι
1758 994 1857 1026 οὐδεὶς

1062 1048 1116 1075 τῶν
1132 1047 1271 1082 ἀρχόντων
1289 1044 1450 1071 ἐπίστευσεν
1475 1043 1516 1073 εις
1539 1040 1632 1068 αὐτόν.
1658 1041 1782 1075 Ἐλέγχει
1807 1038 1861 1067 οὖν

1064 1093 1162 1125 αὐτοὺς
1180 1093 1194 1119 ὁ
1209 1090 1363 1125 Νικόδημος
1377 1087 1539 1124 παραϐάτας
1551 1086 1597 1114 τοῦ
1609 1087 1705 1121 νόμου,
1725 1087 1798 1121 πλὴν
1812 1086 1864 1113 λε-

1063 1140 1183 1176 ληθότως
1200 1138 1247 1165 καὶ
1264 1137 1333 1172 μετὰ
1358 1134 1463 1170 φειδοῦς
1477 1142 1484 1150 ·
1513 1133 1589 1161 οὔπω
1604 1134 1658 1170 γὰρ
1681 1134 1731 1168 τὴν
1748 1134 1863 1169 προσή-

1064 1193 1166 1213 κουσαν
1178 1182 1236 1218 εἶχε
1254 1181 1418 1217 παρρησίαν.
1441 1181 1472 1206 Et
1485 1180 1540 1215 γὰρ
1552 1180 1566 1207 ὁ
1580 1180 1663 1214 νόμος
1678 1179 1709 1205 οὐ
1721 1179 1864 1214 κατακρι-

1064 1242 1105 1260 νει
1125 1231 1178 1267 πρὸ
1193 1229 1240 1257 τοῦ
1261 1228 1380 1256 ἀκοῦσαι
1405 1227 1454 1253 καὶ
1483 1227 1596 1261 γνῶναι,
1613 1226 1690 1252 αὐτοὶ
1714 1225 1744 1252 δὲ
1773 1226 1865 1252 κατέ-

1065 1287 1163 1316 κριναν
1180 1277 1262 1305 αὐτὸν
1283 1276 1337 1310 πρὸ
1352 1276 1434 1309 λόγου
1453 1274 1502 1300 καὶ
1525 1272 1710 1307 διαγνώσεως,
1730 1272 1863 1308 παρέϐη-

1067 1335 1117 1354 σαν
1130 1325 1185 1361 ἄρα
1199 1324 1245 1352 τὸν
1256 1323 1348 1359 νόμον.

1102 1408 1323 1443 Ἀπεκρίθησαν
1337 1421 1370 1426 -
1381 1403 1425 1436 εἷς
1437 1403 1496 1439 Μὴ,
1512 1403 1562 1437 τῆς
1575 1403 1660 1437 αὐτῆς
1676 1402 1751 1438 αὐτῷ
1765 1402 1863 1438 χώρας

1068 1458 1116 1486 καὶ
1136 1455 1268 1492 πατρίδος
1281 1453 1330 1485 ὢν,
1344 1452 1389 1479 διὰ
1411 1451 1490 1478 τοῦτο
1516 1449 1622 1485 βοηθεῖς
1647 1449 1741 1484 αὐτῷς
1768 1449 1861 1476 Βλέπε

1067 1503 1127 1535 πῶς
1146 1501 1340 1538 ἀγροικότερον
1357 1499 1404 1526 καὶ
1430 1495 1619 1532 θυμικώτερον
1648 1496 1859 1530 ἀποκρίνονται.

1103 1548 1290 1583 Ἐρεύνησον
1305 1561 1339 1567 -
1363 1544 1528 1579 ἐγήγερται.
1549 1541 1605 1568 Καὶ
1629 1541 1682 1576 μὴν
1705 1541 1757 1567 οὐκ
1782 1541 1860 1569 εἶπεν

1069 1597 1110 1624 ὅτι
1127 1595 1270 1630 προφήτης
1298 1592 1383 1624 ἐστιν,
1408 1589 1465 1617 ἀλλ’
1481 1589 1522 1616 ὅτι
1548 1587 1750 1623 κατακριθῆναι
1777 1590 1861 1616 αὐτὸν

1069 1641 1256 1674 ἀνεξετάστως
1271 1639 1302 1666 οὺ
1318 1638 1387 1674 χρή·
1413 1637 1438 1663 οι
1464 1635 1492 1662 δὲ
1521 1634 1688 1670 ὑϐριστικῶς
1709 1635 1859 1669 λέγουσιν·

1069 1689 1224 1725 Ἐρώτησον
1238 1686 1294 1722 (20)
1310 1686 1357 1712 καὶ
1374 1683 1442 1720 μάθε
1451 1693 1458 1702 ·
1470 1683 1501 1711 οὐ
1513 1683 1567 1718 γὰρ
1581 1681 1655 1714 οἶδας
1670 1682 1720 1714 τὰς
1734 1682 1857 1718 Γραφῇ.

1069 1735 1128 1763 Καὶ
1145 1735 1169 1761 εἰ
1183 1733 1234 1760 οὐκ
1246 1731 1316 1758 οἶδεν
1332 1730 1428 1763 αὑτὰς,
1447 1729 1506 1760 πῶς
1525 1728 1597 1764 ὑμᾶς
1609 1726 1707 1762 ἡλεγξε
1723 1727 1858 1762 παραϐαί-

1071 1789 1167 1812 νοντας
1184 1779 1230 1806 τὸν
1245 1779 1275 1805 νύ
1279 1786 1344 1813 μον;

1106 1827 1168 1863 Χρὴ
1183 1827 1211 1853 δὲ
1229 1826 1285 1861 (2i)
1303 1824 1449 1858 γινώσκειν
1464 1822 1505 1849 ὅτι
1529 1821 1562 1847 τὰ
1580 1821 1704 1848 ἐντεῦθεν
1719 1822 1786 1856 ἄχρι
1801 1819 1856 1850 τοῦ,

1071 1875 1169 1902 Πάλιν
1190 1871 1247 1901 οὖν
1275 1870 1429 1904 ἐλάλησεν
1447 1868 1549 1901 αὐτοῖς
1570 1866 1724 1901 ὀἸησοῦς
1747 1867 1856 1901 λέγων

1071 1919 1144 1955 Ἐγώ
1162 1919 1220 1953 ειμι
1244 1916 1278 1944 τὸ
1297 1915 1360 1951 φῶς
1380 1915 1434 1942 τοῦ
1459 1914 1596 1948 κόσμου’
1620 1912 1696 1947 παρὰ
1721 1912 1778 1946 (‘22)
1804 1913 1858 1943 tot;

1072 1965 1215 2001 ὰκριὸέσιν
1235 1962 1415 1996 ἀντιγράφοις
1429 1961 1446 1996 ἦ
1462 1960 1512 1995 οὐχ
1534 1959 1649 1995 εὓρηται
1665 1959 1681 1994 ἢ
1701 1959 1856 1985 ὼῦὲλισται.

1073 2011 1118 2038 Διὸ
1134 2010 1278 2045 φαίνονται
1306 2007 1511 2042 παρέγγραπτα
1541 2005 1588 2032 καὶ
1617 2004 1783 2040 προσθήκηι
1809 2004 1855 2029 καὶ

1072 2056 1169 2084 τούτου
1185 2055 1337 2091 τεκμήριον
1364 2053 1395 2080 τὸ
1422 2052 1489 2088 μηδὲ
1515 2051 1561 2078 τὸν
1584 2051 1780 2086 Χρυσόστομον
1804 2049 1856 2085 ('23)

1073 2103 1143 2135 ὅλως
1167 2098 1456 2136 μνημονεῦσαιαὺτῶν
1471 2097 1540 2132 (24).
1563 2096 1713 2131 Πειρατέον
1736 2095 1766 2123 δὲ
1786 2097 1857 2130 ὅμως

1074 2149 1140 2183 ἡμῖν
1156 2146 1205 2173 καὶ
1222 2145 1311 2173 ταῦτα
1323 2143 1492 2178 διασαφῆσαι
1505 2150 1512 2157 ·
1528 2142 1578 2168 οὐκ
1592 2141 1705 2176 ἁμοιρον
1722 2141 1778 2176 γὰρ
1793 2141 1859 2174 ὠφε-

1073 2193 1150 2224 λείας
1164 2191 1224 2219 οὐδὲ
1242 2191 1272 2217 τὺ
1285 2191 1316 2217 ὲν
1334 2189 1441 2220 τούτοις
1457 2188 1606 2222 κεφάλαιον
1622 2188 1653 2214 τὸ
1668 2188 1734 2223 περὶ
1749 2188 1801 2223 τῆς
1813 2187 1857 2214 ἐπὶ

1039 2227 1062 2254 D
1076 2240 1184 2276 μοιχείᾳ
1200 2236 1422 2272 κατειλημμένης
1437 2234 1578 2269 γυναικός.

832 2402 933 2433 Varias
948 2400 1103 2432 lectiones
1121 2403 1152 2431 et
1167 2403 1261 2430 notae.

274 2470 330 2506 (20)
344 2468 393 2506 llic
403 2467 634 2506 interpretationis
651 2466 744 2506 locum.
757 2465 926 2506 obtinet]ch
934 2470 1023 2506 “voca-

237 2499 343 2536 buium.
356 2505 409 2531 Sed
421 2499 631 2538 Chrysostpnius
641 2501 813 2538 nipltotiesjd
823 2500 924 2538 tribuit
932 2499 1006 2525 Evan
1015 2513 1021 2518 -

239 2535 524 2579 gelistte.__Vitle_to'm.
539 2537 648 2579 Vllll,|p_.
730 2536 760 2568 Ε,
771 2535 969 2579 ,ὅοϋβᾼα--ΗΜ
997 2568 1003 2579 ε

277 2577 332 2612 (2i)
349 2574 531 2612 Hunc-locum
555 2570 811 2612 laudatltichardus
832 2570 971 2598 Simonius
997 2570 1024 2596 in

241 2606 471 2647 llistoriaicritica
488 2612 578 2647 testus
591 2606 624 2633 N.
643 2606 675 2634 'l‘.
687 2614 715 2641 p.
733 2606 793 2633 145.

277 2647 333 2682 ('22)
347 2644 408 2682 Titi
425 2643 573 2682 Simoriius.

279 2677 335 2714 {‘23)
352 2680 441 2711 Ὅλως
460 2678 562 2714 omitti}.
576 2677 658 2704 idem.

279 2710 334 2751 (24)
352 2710 466 2750 Ἀκριόἦ
493 2711 649 2748 ἀντινραφα
676 2717 750 2739 nunc
777 2711 905 2746 appellat,
921 2710 1030 2738 codices

282 2816 314 2850 (fl
326 2815 364 2841 Ac
381 2814 504 2849 proiecto
520 2813 547 2850 in
563 2812 693 2850 omnibus
703 2810 764 2850 ejus
783 2809 913 2845 operibus
924 2807 1027 2834 nullum

248 2847 329 2883 huius
344 2847 508 2877 narrationis
523 2848 618 2883 inveni
628 2847 781 2883 vestigium.

284 2877 321 2920 (ν)
336 2884 417 2911 Nobis
430 2889 529 2912 ιαηιειι.
539 2887 592 2912 etc.
609 2877 763 2910 Periculum
775 2886 864 2909 tamen
874 2877 1029 2908 faciendum

1077 2462 1273 2495 Clirysostomi,
1297 2469 1399 2494 eosque
1427 2461 1493 2488 Novi
1523 2460 1702 2492 Testameuti,
1730 2460 1776 2494 qui
1801 2468 1856 2488 cum

1078 2493 1187 2526 scholiis
1202 2497 1374 2524 suut.Crisis
1399 2495 1533 2530 Euthymii
1570 2496 1692 2530 arguitur
1725 2493 1858 2522 vocabulis

1078 2534 1125 2560 καὶ
1143 2532 1239 2559 τούτου
1256 2532 1415 2566 τεκμήριον.
1431 2531 1530 2558 Eadem
1546 2531 1579 2558 de
1596 2538 1678 2566 causa
1694 2537 1777 2566 supra
1788 2531 1857 2557 solli-

1078 2569 1171 2596 citavit
1193 2567 1273 2595 Lucae
1299 2574 1334 2597 ιιι,
1368 2567 1412 2593 55.
1442 2565 1601 2602 Euthymius
1628 2565 1744 2602 debebat
1766 2573 1857 2602 nosse.

1077 2603 1300 2638 Clirysostomum
1311 2601 1460 2638 exclusisse
1471 2600 1550 2638 etiam
1562 2600 1656 2638 Matth».
1666 2608 1754 2638 XXIII,_
1763 2600 1858 2638 16-Ξᾷ

1081 2643 1109 2665 et
1135 2635 1189 2665 alia
1207 2637 1352 2671 permulta.
1380 2636 1550 2671 Copiosede
1568 2636 1618 2662 hoc
1645 2636 1706 2662 loco
1730 2635 1857 2671 disputavi

1082 2674 1110 2701 in
1133 2681 1193 2700 mea
1207 2669 1324 2699 N.Test.
1348 2669 1475 2699 editione.
1489 2669 1567 2697 Nunc
1593 2675 1696 2697 tantum
1709 2670 1790 2701 addo,
1812 2670 1858 2704 legi

1083 2709 1158 2736 illum
1171 2709 1259 2734 locum
1270 2708 1297 2734 in
1312 2706 1496 2740 Evangeliario
1506 2705 1641 2738 Gothano,
1653 2705 1782 2733 Octobris
1788 2705 1828 2732 die
1836 2706 1858 2737 8,

1089 2744 1127 2774 uti
1141 2744 1196 2778 jalu
1210 2747 1351 2770 notaverat
1361 2742 1530 2770 Wetstenius

1083 2805 1165 2832 etiam
1182 2804 1240 2831 hmc
1267 2803 1413 2837 explicare.
1434 2800 1489 2828 Nec
1519 2799 1858 2837 eniiuhutiliiatisrspers

1082 2845 1134 2870 est,
1150 2839 1221 2873 quod
1239 2839 1283 2866 hic
1304 2834 1378 2865 inest
1393 2842 1484 2872 caput,
1500 2837 1534 2864 de
1556 2835 1669 2863 muliere
1684 2834 1713 2861 in
1736 2834 1858 2862 adulterio

1083 2875 1290 2910 comprehensa.
